  <div class='ocr_page' id='page_1' title='image "/cluster/home/n/w/nwhite01/storage/ocr_20150623/131:no.4/coo.31924054870369/404.png"; bbox 0 0 4088 6426; ppageno 0'>
   <div class='ocr_carea' id='block_1_1' title="bbox 419 493 3662 586">
    <p class='ocr_par' dir='ltr' id='par_1_1' title="bbox 419 493 3662 586">
     <span class='ocr_line' id='line_1_1' title="bbox 419 493 3662 586; baseline 0.004 -31"><span class='ocrx_word' id='word_1_1' title='bbox 419 493 530 556; x_wconf 82' lang='lat'><strong>793</strong></span> <span class='ocrx_word' id='word_1_2' title='bbox 1635 501 2050 565; x_wconf 75' lang='lat' dir='ltr'><strong>ALEXIADIS</strong></span> <span class='ocrx_word' id='word_1_3' title='bbox 2077 507 2222 565; x_wconf 80' lang='lat' dir='ltr'><strong>LIB.</strong></span> <span class='ocrx_word' id='word_1_4' title='bbox 2267 507 2372 568; x_wconf 82' lang='lat' dir='ltr'><strong>XI.</strong></span> <span class='ocrx_word' id='word_1_5' title='bbox 3553 520 3662 586; x_wconf 68' lang='grc' dir='ltr'>ποι</span> 
     </span>
    </p>
   </div>
   <div class='ocr_carea' id='block_1_2' title="bbox 422 605 3666 693">
    <p class='ocr_par' dir='ltr' id='par_1_2' title="bbox 422 605 3666 693">
     <span class='ocr_line' id='line_1_2' title="bbox 422 605 3666 693; baseline 0.009 -35"><span class='ocrx_word' id='word_1_6' title='bbox 422 606 688 660; x_wconf 84' lang='lat' dir='ltr'><strong>involant.</strong></span> <span class='ocrx_word' id='word_1_7' title='bbox 721 605 1058 662; x_wconf 85' lang='lat' dir='ltr'><strong>Colliduntur</strong></span> <span class='ocrx_word' id='word_1_8' title='bbox 1086 605 1250 671; x_wconf 81' lang='lat' dir='ltr'><strong>acies,</strong></span> <span class='ocrx_word' id='word_1_9' title='bbox 1290 607 1421 672; x_wconf 86' lang='lat' dir='ltr'><strong>acri,</strong></span> <span class='ocrx_word' id='word_1_10' title='bbox 1486 609 1530 662; x_wconf 85' lang='lat' dir='ltr'><strong>si</strong></span> <span class='ocrx_word' id='word_1_11' title='bbox 1577 624 1809 678; x_wconf 86' lang='lat' dir='ltr'><strong>unquam</strong></span> <span class='ocrx_word' id='word_1_12' title='bbox 1865 614 1999 669; x_wconf 84' lang='lat' dir='ltr'><strong>alias</strong></span> <span class='ocrx_word' id='word_1_13' title='bbox 2050 626 2143 670; x_wconf 89' lang='lat' dir='ltr'><strong>aut</strong></span> <span class='ocrx_word' id='word_1_14' title='bbox 2186 617 2334 683; x_wconf 90' lang='lat' dir='ltr'><strong>alibi,</strong></span> <span class='ocrx_word' id='word_1_15' title='bbox 2385 620 2533 688; x_wconf 83' lang='lat' dir='ltr'><strong>gravi</strong></span> <span class='ocrx_word' id='word_1_16' title='bbox 2593 631 2646 676; x_wconf 91' lang='lat' dir='ltr'><strong>et</strong></span> <span class='ocrx_word' id='word_1_17' title='bbox 2685 623 2852 676; x_wconf 82' lang='lat' dir='ltr'><strong>atroci</strong></span> <span class='ocrx_word' id='word_1_18' title='bbox 2900 626 3106 693; x_wconf 72' lang='lat' dir='ltr'><strong>prtelio,</strong></span> <span class='ocrx_word' id='word_1_19' title='bbox 3152 644 3254 683; x_wconf 87' lang='lat' dir='ltr'><strong>nec</strong></span> <span class='ocrx_word' id='word_1_20' title='bbox 3310 633 3486 689; x_wconf 88' lang='lat' dir='ltr'><strong>minus</strong></span> <span class='ocrx_word' id='word_1_21' title='bbox 3544 637 3666 690; x_wconf 85' lang='lat' dir='ltr'><strong>din-</strong></span> 
     </span>
    </p>
   </div>
   <div class='ocr_carea' id='block_1_3' title="bbox 424 702 3665 799">
    <p class='ocr_par' dir='ltr' id='par_1_3' title="bbox 424 702 3665 799">
     <span class='ocr_line' id='line_1_3' title="bbox 424 702 3665 799; baseline 0.01 -46"><span class='ocrx_word' id='word_1_22' title='bbox 424 710 643 799; x_wconf 29' lang='lat' dir='ltr'><strong>turno;</strong></span> <span class='ocrx_word' id='word_1_23' title='bbox 674 702 1000 799; x_wconf 58' lang='lat' dir='ltr'><strong>natnpartis</strong></span> <span class='ocrx_word' id='word_1_24' title='bbox 1037 702 1316 771; x_wconf 83' lang='lat' dir='ltr'><strong>utriusque</strong></span> <span class='ocrx_word' id='word_1_25' title='bbox 1344 704 1578 757; x_wconf 79' lang='lat' dir='ltr'><strong>obnoxia</strong></span> <span class='ocrx_word' id='word_1_26' title='bbox 1606 705 1901 772; x_wconf 74' lang='lat' dir='ltr'><strong>pertinacia</strong></span> <span class='ocrx_word' id='word_1_27' title='bbox 1933 707 1986 761; x_wconf 92' lang='lat' dir='ltr'><strong>in</strong></span> <span class='ocrx_word' id='word_1_28' title='bbox 2020 709 2326 777; x_wconf 72' lang='lat' dir='ltr'><strong>aequilibrio</strong></span> <span class='ocrx_word' id='word_1_29' title='bbox 2384 713 2613 769; x_wconf 76' lang='lat' dir='ltr'><strong>fortuna:</strong></span> <span class='ocrx_word' id='word_1_30' title='bbox 2666 717 2896 782; x_wconf 90' lang='lat' dir='ltr'><strong>quodam</strong></span> <span class='ocrx_word' id='word_1_31' title='bbox 2946 728 3058 772; x_wconf 90' lang='lat' dir='ltr'><strong>toto</strong></span> <span class='ocrx_word' id='word_1_32' title='bbox 3119 719 3288 776; x_wconf 80' lang='lat' dir='ltr'><strong>ferme</strong></span> <span class='ocrx_word' id='word_1_33' title='bbox 3345 727 3429 780; x_wconf 88' lang='lat' dir='ltr'><strong>die</strong></span> <span class='ocrx_word' id='word_1_34' title='bbox 3491 744 3665 799; x_wconf 75' lang='lat' dir='ltr'><strong>pugna</strong></span> 
     </span>
    </p>
   </div>
   <div class='ocr_carea' id='block_1_4' title="bbox 422 797 3668 889">
    <p class='ocr_par' dir='ltr' id='par_1_4' title="bbox 422 797 3668 889">
     <span class='ocr_line' id='line_1_4' title="bbox 422 797 3668 889; baseline 0.008 -41"><span class='ocrx_word' id='word_1_35' title='bbox 422 797 695 850; x_wconf 88' lang='lat' dir='ltr'><strong>constitit.</strong></span> <span class='ocrx_word' id='word_1_36' title='bbox 730 797 840 852; x_wconf 86' lang='lat' dir='ltr'><strong>Sub</strong></span> <span class='ocrx_word' id='word_1_37' title='bbox 878 797 1008 851; x_wconf 91' lang='lat' dir='ltr'><strong>solis</strong></span> <span class='ocrx_word' id='word_1_38' title='bbox 1034 806 1210 852; x_wconf 88' lang='lat' dir='ltr'><strong>tamen</strong></span> <span class='ocrx_word' id='word_1_39' title='bbox 1237 813 1491 852; x_wconf 90' lang='lat' dir='ltr'><strong>occasum</strong></span> <span class='ocrx_word' id='word_1_40' title='bbox 1525 809 1812 855; x_wconf 88' lang='lat' dir='ltr'><strong>vertuntur</strong></span> <span class='ocrx_word' id='word_1_41' title='bbox 1835 802 1888 855; x_wconf 89' lang='lat' dir='ltr'><strong>in</strong></span> <span class='ocrx_word' id='word_1_42' title='bbox 1917 802 2095 873; x_wconf 82' lang='lat' dir='ltr'><strong>fugam</strong></span> <span class='ocrx_word' id='word_1_43' title='bbox 2154 804 2351 871; x_wconf 87' lang='lat' dir='ltr'><strong>Turci;</strong></span> <span class='ocrx_word' id='word_1_44' title='bbox 2412 809 2806 877; x_wconf 84' lang='lat' dir='ltr'><strong>intempestivis</strong></span> <span class='ocrx_word' id='word_1_45' title='bbox 2869 813 3061 868; x_wconf 88' lang='lat' dir='ltr'><strong>victori</strong></span> <span class='ocrx_word' id='word_1_46' title='bbox 3129 815 3354 881; x_wconf 77' lang='lat' dir='ltr'><strong>sciliCeI,</strong></span> <span class='ocrx_word' id='word_1_47' title='bbox 3412 797 3668 889; x_wconf 76' lang='lat' dir='ltr'><strong>opportu-</strong></span> 
     </span>
    </p>
   </div>
   <div class='ocr_carea' id='block_1_5' title="bbox 423 888 3665 976">
    <p class='ocr_par' dir='ltr' id='par_1_5' title="bbox 423 888 3665 976">
     <span class='ocr_line' id='line_1_5' title="bbox 423 888 3665 976; baseline 0.007 -33"><span class='ocrx_word' id='word_1_48' title='bbox 423 891 511 944; x_wconf 91' lang='lat' dir='ltr'><strong>nis</strong></span> <span class='ocrx_word' id='word_1_49' title='bbox 580 890 746 952; x_wconf 84' lang='lat' dir='ltr'><strong>victo,</strong></span> <span class='ocrx_word' id='word_1_50' title='bbox 805 888 1042 942; x_wconf 89' lang='lat' dir='ltr'><strong>tenebris</strong></span> <span class='ocrx_word' id='word_1_51' title='bbox 1097 889 1528 952; x_wconf 83' lang='lat' dir='ltr'><strong>prohibentibus,</strong></span> <span class='ocrx_word' id='word_1_52' title='bbox 1588 907 1655 945; x_wconf 91' lang='lat' dir='ltr'><strong>ne</strong></span> <span class='ocrx_word' id='word_1_53' title='bbox 1709 891 1986 961; x_wconf 82' lang='lat' dir='ltr'><strong>fugacibus</strong></span> <span class='ocrx_word' id='word_1_54' title='bbox 2040 894 2411 965; x_wconf 82' lang='lat' dir='ltr'><strong>insequendis,</strong></span> <span class='ocrx_word' id='word_1_55' title='bbox 2460 915 2744 955; x_wconf 76' lang='lat' dir='ltr'><strong>sur-cessus</strong></span> <span class='ocrx_word' id='word_1_56' title='bbox 2816 903 3048 959; x_wconf 82' lang='lat' dir='ltr'><strong>fructum</strong></span> <span class='ocrx_word' id='word_1_57' title='bbox 3120 909 3359 976; x_wconf 79' lang='lat' dir='ltr'><strong>pernicie</strong></span> <span class='ocrx_word' id='word_1_58' title='bbox 3431 888 3665 968; x_wconf 88' lang='lat' dir='ltr'><strong>hostium</strong></span> 
     </span>
    </p>
   </div>
   <div class='ocr_carea' id='block_1_6' title="bbox 420 981 3664 1063">
    <p class='ocr_par' dir='ltr' id='par_1_6' title="bbox 420 981 3664 1063">
     <span class='ocr_line' id='line_1_6' title="bbox 420 981 3664 1063; baseline 0.007 -32"><span class='ocrx_word' id='word_1_59' title='bbox 420 981 561 1038; x_wconf 74' lang='grc' dir='ltr'><strong>0.ι11ἰ</strong></span> <span class='ocrx_word' id='word_1_60' title='bbox 603 983 972 1035; x_wconf 74' lang='lat' dir='ltr'><strong>extenderent.</strong></span> <span class='ocrx_word' id='word_1_61' title='bbox 1021 981 1179 1050; x_wconf 75' lang='lat'><strong>311</strong></span> <span class='ocrx_word' id='word_1_62' title='bbox 1237 982 1335 1047; x_wconf 88' lang='lat' dir='ltr'><strong>Qui</strong></span> <span class='ocrx_word' id='word_1_63' title='bbox 1388 983 1683 1048; x_wconf 70' lang='lat' dir='ltr'><strong>splendidre</strong></span> <span class='ocrx_word' id='word_1_64' title='bbox 1763 987 2004 1041; x_wconf 70' lang='lat' dir='ltr'><strong>victoria:</strong></span> <span class='ocrx_word' id='word_1_65' title='bbox 2029 1000 2306 1055; x_wconf 76' lang='lat' dir='ltr'><strong>compotes</strong></span> <span class='ocrx_word' id='word_1_66' title='bbox 2365 993 2798 1056; x_wconf 83' lang='lat' dir='ltr'><strong>tritnnphalnnnli</strong></span> <span class='ocrx_word' id='word_1_67' title='bbox 2871 998 3279 1051; x_wconf 71' lang='lat' dir='ltr'><strong>revertebantur</strong></span> <span class='ocrx_word' id='word_1_68' title='bbox 3340 1005 3393 1052; x_wconf 91' lang='lat' dir='ltr'><strong>in</strong></span> <span class='ocrx_word' id='word_1_69' title='bbox 3461 1013 3664 1063; x_wconf 78' lang='lat' dir='ltr'><strong>castra,</strong></span> 
     </span>
    </p>
   </div>
   <div class='ocr_carea' id='block_1_7' title="bbox 419 1073 3664 1150">
    <p class='ocr_par' dir='ltr' id='par_1_7' title="bbox 419 1073 3664 1150">
     <span class='ocr_line' id='line_1_7' title="bbox 419 1073 3664 1150; baseline 0.005 -25"><span class='ocrx_word' id='word_1_70' title='bbox 419 1079 602 1140; x_wconf 76' lang='lat' dir='ltr'><strong>capita</strong></span> <span class='ocrx_word' id='word_1_71' title='bbox 654 1088 914 1126; x_wconf 62' lang='lat' dir='ltr'><strong>cursorum</strong></span> <span class='ocrx_word' id='word_1_72' title='bbox 970 1074 1204 1126; x_wconf 88' lang='lat' dir='ltr'><strong>hostium</strong></span> <span class='ocrx_word' id='word_1_73' title='bbox 1265 1073 1437 1143; x_wconf 79' lang='lat' dir='ltr'><strong>longis</strong></span> <span class='ocrx_word' id='word_1_74' title='bbox 1482 1075 1767 1130; x_wconf 90' lang='lat' dir='ltr'><strong>hastilibus</strong></span> <span class='ocrx_word' id='word_1_75' title='bbox 1845 1078 2008 1133; x_wconf 77' lang='lat' dir='ltr'><strong>infixa</strong></span> <span class='ocrx_word' id='word_1_76' title='bbox 2069 1084 2452 1150; x_wconf 62' lang='lat' dir='ltr'><strong>praeferentes.</strong></span> <span class='ocrx_word' id='word_1_77' title='bbox 2506 1086 2572 1139; x_wconf 84' lang='lat' dir='ltr'><strong>ad</strong></span> <span class='ocrx_word' id='word_1_78' title='bbox 2640 1095 2900 1138; x_wconf 86' lang='lat' dir='ltr'><strong>terrorem</strong></span> <span class='ocrx_word' id='word_1_79' title='bbox 2958 1089 3208 1142; x_wconf 80' lang='lat' dir='ltr'><strong>videlicet</strong></span> <span class='ocrx_word' id='word_1_80' title='bbox 3289 1093 3664 1147; x_wconf 76' lang='lat' dir='ltr'><strong>obsessorum.</strong></span> 
     </span>
    </p>
   </div>
   <div class='ocr_carea' id='block_1_8' title="bbox 417 1165 3662 1253">
    <p class='ocr_par' dir='ltr' id='par_1_8' title="bbox 417 1165 3662 1253">
     <span class='ocr_line' id='line_1_8' title="bbox 417 1165 3662 1253; baseline 0.007 -39"><span class='ocrx_word' id='word_1_81' title='bbox 417 1183 558 1236; x_wconf 82' lang='lat' dir='ltr'><strong>quos</strong></span> <span class='ocrx_word' id='word_1_82' title='bbox 589 1168 676 1219; x_wconf 84' lang='lat' dir='ltr'><strong>ille</strong></span> <span class='ocrx_word' id='word_1_83' title='bbox 709 1174 1029 1228; x_wconf 52' lang='lat' dir='ltr'><strong>conspectus</strong></span> <span class='ocrx_word' id='word_1_84' title='bbox 1059 1167 1124 1216; x_wconf 84' lang='lat' dir='ltr'><strong>de</strong></span> <span class='ocrx_word' id='word_1_85' title='bbox 1155 1165 1306 1218; x_wconf 83' lang='lat' dir='ltr'><strong>clade</strong></span> <span class='ocrx_word' id='word_1_86' title='bbox 1351 1181 1571 1218; x_wconf 87' lang='lat' dir='ltr'><strong>suorum</strong></span> <span class='ocrx_word' id='word_1_87' title='bbox 1606 1166 1981 1224; x_wconf 87' lang='lat' dir='ltr'><strong>admoniturus</strong></span> <span class='ocrx_word' id='word_1_88' title='bbox 2007 1181 2144 1235; x_wconf 81' lang='lat' dir='ltr'><strong>erat,</strong></span> <span class='ocrx_word' id='word_1_89' title='bbox 2201 1185 2595 1244; x_wconf 74' lang='lat' dir='ltr'><strong>ert-.ptnrusque</strong></span> <span class='ocrx_word' id='word_1_90' title='bbox 2641 1179 2844 1232; x_wconf 79' lang='lat' dir='ltr'><strong>eisdem</strong></span> <span class='ocrx_word' id='word_1_91' title='bbox 2927 1195 3139 1233; x_wconf 86' lang='lat' dir='ltr'><strong>onmem</strong></span> <span class='ocrx_word' id='word_1_92' title='bbox 3217 1183 3430 1235; x_wconf 84' lang='lat' dir='ltr'><strong>demum</strong></span> <span class='ocrx_word' id='word_1_93' title='bbox 3513 1202 3662 1253; x_wconf 79' lang='lat' dir='ltr'><strong>spent</strong></span> 
     </span>
    </p>
   </div>
   <div class='ocr_carea' id='block_1_9' title="bbox 415 1258 3664 1334">
    <p class='ocr_par' dir='ltr' id='par_1_9' title="bbox 415 1258 3664 1334">
     <span class='ocr_line' id='line_1_9' title="bbox 415 1258 3664 1334; baseline 0.003 -22"><span class='ocrx_word' id='word_1_94' title='bbox 415 1277 580 1332; x_wconf 88' lang='lat' dir='ltr'><strong>quam</strong></span> <span class='ocrx_word' id='word_1_95' title='bbox 614 1262 663 1312; x_wconf 91' lang='lat' dir='ltr'><strong>in</strong></span> <span class='ocrx_word' id='word_1_96' title='bbox 696 1259 926 1312; x_wconf 76' lang='lat' dir='ltr'><strong>sultanis</strong></span> <span class='ocrx_word' id='word_1_97' title='bbox 960 1258 1162 1310; x_wconf 76' lang='lat' dir='ltr'><strong>auxilio</strong></span> <span class='ocrx_word' id='word_1_98' title='bbox 1181 1259 1610 1321; x_wconf 74' lang='lat' dir='ltr'><strong>constituerant;</strong></span> <span class='ocrx_word' id='word_1_99' title='bbox 1646 1275 1672 1310; x_wconf 91' lang='lat' dir='ltr'><strong>a</strong></span> <span class='ocrx_word' id='word_1_100' title='bbox 1699 1275 1982 1328; x_wconf 89' lang='lat' dir='ltr'><strong>quoquam</strong></span> <span class='ocrx_word' id='word_1_101' title='bbox 2020 1263 2155 1316; x_wconf 88' lang='lat' dir='ltr'><strong>nihil</strong></span> <span class='ocrx_word' id='word_1_102' title='bbox 2197 1269 2618 1333; x_wconf 72' lang='lat' dir='ltr'><strong>exspectandum</strong></span> <span class='ocrx_word' id='word_1_103' title='bbox 2688 1271 2845 1334; x_wconf 87' lang='lat' dir='ltr'><strong>foret,</strong></span> <span class='ocrx_word' id='word_1_104' title='bbox 2925 1273 3058 1326; x_wconf 78' lang='lat' dir='ltr'><strong>Satis</strong></span> <span class='ocrx_word' id='word_1_105' title='bbox 3141 1283 3286 1327; x_wconf 81' lang='lat' dir='ltr'><strong>esset</strong></span> <span class='ocrx_word' id='word_1_106' title='bbox 3345 1275 3497 1328; x_wconf 74' lang='lat' dir='ltr'><strong>clade</strong></span> <span class='ocrx_word' id='word_1_107' title='bbox 3562 1279 3664 1330; x_wconf 68' lang='lat' dir='ltr'><strong>ista</strong></span> 
     </span>
    </p>
   </div>
   <div class='ocr_carea' id='block_1_10' title="bbox 421 1348 3666 1431">
    <p class='ocr_par' dir='ltr' id='par_1_10' title="bbox 421 1348 3666 1431">
     <span class='ocr_line' id='line_1_10' title="bbox 421 1348 3666 1431; baseline 0.007 -31"><span class='ocrx_word' id='word_1_108' title='bbox 421 1370 594 1422; x_wconf 68' lang='lat' dir='ltr'><strong>pruna</strong></span> <span class='ocrx_word' id='word_1_109' title='bbox 633 1364 686 1406; x_wconf 90' lang='lat' dir='ltr'><strong>et</strong></span> <span class='ocrx_word' id='word_1_110' title='bbox 711 1351 864 1419; x_wconf 88' lang='lat' dir='ltr'><strong>quasi</strong></span> <span class='ocrx_word' id='word_1_111' title='bbox 898 1352 963 1404; x_wconf 89' lang='lat' dir='ltr'><strong>ad</strong></span> <span class='ocrx_word' id='word_1_112' title='bbox 1003 1350 1165 1404; x_wconf 89' lang='lat' dir='ltr'><strong>limen</strong></span> <span class='ocrx_word' id='word_1_113' title='bbox 1197 1348 1496 1404; x_wconf 75' lang='lat' dir='ltr'><strong>offensione</strong></span> <span class='ocrx_word' id='word_1_114' title='bbox 1554 1353 1907 1417; x_wconf 74' lang='lat' dir='ltr'><strong>declaratum,</strong></span> <span class='ocrx_word' id='word_1_115' title='bbox 1973 1370 2039 1408; x_wconf 81' lang='lat' dir='ltr'><strong>ex</strong></span> <span class='ocrx_word' id='word_1_116' title='bbox 2092 1358 2284 1426; x_wconf 88' lang='lat' dir='ltr'><strong>quibus</strong></span> <span class='ocrx_word' id='word_1_117' title='bbox 2334 1362 2649 1431; x_wconf 83' lang='lat' dir='ltr'><strong>colligerent</strong></span> <span class='ocrx_word' id='word_1_118' title='bbox 2702 1361 2904 1417; x_wconf 79' lang='lat' dir='ltr'><strong>frustra</strong></span> <span class='ocrx_word' id='word_1_119' title='bbox 2977 1367 3157 1418; x_wconf 83' lang='lat' dir='ltr'><strong>vexari</strong></span> <span class='ocrx_word' id='word_1_120' title='bbox 3221 1382 3278 1420; x_wconf 89' lang='lat' dir='ltr'><strong>se</strong></span> <span class='ocrx_word' id='word_1_121' title='bbox 3331 1383 3487 1424; x_wconf 85' lang='lat' dir='ltr'><strong>casso</strong></span> <span class='ocrx_word' id='word_1_122' title='bbox 3583 1371 3666 1424; x_wconf 80' lang='lat' dir='ltr'><strong>la-</strong></span> 
     </span>
    </p>
   </div>
   <div class='ocr_carea' id='block_1_11' title="bbox 419 1444 2104 1515">
    <p class='ocr_par' dir='ltr' id='par_1_11' title="bbox 419 1444 2104 1515">
     <span class='ocr_line' id='line_1_11' title="bbox 419 1444 2104 1515; baseline 0.004 -17"><span class='ocrx_word' id='word_1_123' title='bbox 419 1445 557 1499; x_wconf 86' lang='lat' dir='ltr'><strong>bore</strong></span> <span class='ocrx_word' id='word_1_124' title='bbox 594 1447 962 1515; x_wconf 85' lang='lat' dir='ltr'><strong>repugnandi,</strong></span> <span class='ocrx_word' id='word_1_125' title='bbox 1019 1454 1073 1499; x_wconf 89' lang='lat' dir='ltr'><strong>et</strong></span> <span class='ocrx_word' id='word_1_126' title='bbox 1125 1445 1478 1512; x_wconf 79' lang='lat' dir='ltr'><strong>pertinaciam</strong></span> <span class='ocrx_word' id='word_1_127' title='bbox 1538 1444 1690 1499; x_wconf 80' lang='lat' dir='ltr'><strong>fracti</strong></span> <span class='ocrx_word' id='word_1_128' title='bbox 1747 1448 2104 1504; x_wconf 86' lang='lat' dir='ltr'><strong>remitterent.</strong></span> 
     </span>
    </p>
   </div>
   <div class='ocr_carea' id='block_1_12' title="bbox 487 1532 1985 1616">
    <p class='ocr_par' dir='ltr' id='par_1_12' title="bbox 487 1532 1985 1606">
     <span class='ocr_line' id='line_1_12' title="bbox 487 1532 1985 1606; baseline 0.001 -16"><span class='ocrx_word' id='word_1_129' title='bbox 487 1538 727 1591; x_wconf 83' lang='grc' dir='ltr'><strong>Τοιαῦτα</strong></span> <span class='ocrx_word' id='word_1_130' title='bbox 779 1537 880 1606; x_wconf 71' lang='grc' dir='ltr'>μὲν</span> <span class='ocrx_word' id='word_1_131' title='bbox 932 1532 1026 1591; x_wconf 81' lang='grc' dir='ltr'>οὖν</span> <span class='ocrx_word' id='word_1_132' title='bbox 1059 1538 1107 1591; x_wconf 75' lang='grc' dir='ltr'>οἱ</span> <span class='ocrx_word' id='word_1_133' title='bbox 1168 1539 1387 1591; x_wconf 83' lang='grc' dir='ltr'>Λατῖνοι</span> <span class='ocrx_word' id='word_1_134' title='bbox 1441 1538 1758 1606; x_wconf 81' lang='grc' dir='ltr'>πεπράχασί</span> <span class='ocrx_word' id='word_1_135' title='bbox 1803 1556 1862 1591; x_wconf 90' lang='grc' dir='ltr'><strong>τε</strong></span> <span class='ocrx_word' id='word_1_136' title='bbox 1895 1540 1985 1593; x_wconf 65' lang='grc' dir='ltr'>καὶ</span> 
     </span>
    </p>
   </div>
   <div class='ocr_carea' id='block_1_13' title="bbox 2087 1532 3666 1616">
    <p class='ocr_par' dir='ltr' id='par_1_13' title="bbox 2169 1545 3666 1616">
     <span class='ocr_line' id='line_1_13' title="bbox 2169 1545 3666 1616; baseline 0.006 -18"><span class='ocrx_word' id='word_1_137' title='bbox 2169 1545 2284 1598; x_wconf 84' lang='lat' dir='ltr'><strong>Tali</strong></span> <span class='ocrx_word' id='word_1_138' title='bbox 2306 1561 2398 1614; x_wconf 89' lang='lat' dir='ltr'><strong>spe</strong></span> <span class='ocrx_word' id='word_1_139' title='bbox 2421 1561 2482 1599; x_wconf 86' lang='lat' dir='ltr'><strong>ac</strong></span> <span class='ocrx_word' id='word_1_140' title='bbox 2500 1546 2727 1600; x_wconf 89' lang='lat' dir='ltr'><strong>consilio</strong></span> <span class='ocrx_word' id='word_1_141' title='bbox 2752 1545 2925 1599; x_wconf 86' lang='lat' dir='ltr'><strong>Latini</strong></span> <span class='ocrx_word' id='word_1_142' title='bbox 2950 1547 3071 1601; x_wconf 89' lang='lat' dir='ltr'><strong>talia</strong></span> <span class='ocrx_word' id='word_1_143' title='bbox 3103 1549 3382 1616; x_wconf 78' lang='lat' dir='ltr'><strong>gerebant.</strong></span> <span class='ocrx_word' id='word_1_144' title='bbox 3411 1550 3666 1608; x_wconf 86' lang='lat' dir='ltr'><strong>Snltanes</strong></span> 
     </span>
    </p>
   </div>
   <div class='ocr_carea' id='block_1_14' title="bbox 413 1629 1993 1698">
    <p class='ocr_par' dir='ltr' id='par_1_14' title="bbox 413 1629 1993 1698">
     <span class='ocr_line' id='line_1_14' title="bbox 413 1629 1993 1698; baseline 0 -15"><span class='ocrx_word' id='word_1_145' title='bbox 413 1631 808 1698; x_wconf 81' lang='grc' dir='ltr'>διελογίσαντο.</span> <span class='ocrx_word' id='word_1_146' title='bbox 855 1629 916 1683; x_wconf 84' lang='grc' dir='ltr'><strong>Ὀ</strong></span> <span class='ocrx_word' id='word_1_147' title='bbox 965 1629 1023 1682; x_wconf 80' lang='grc' dir='ltr'><strong>δὲ</strong></span> <span class='ocrx_word' id='word_1_148' title='bbox 1070 1630 1380 1695; x_wconf 84' lang='grc' dir='ltr'>σουλτάνος,</span> <span class='ocrx_word' id='word_1_149' title='bbox 1407 1631 1474 1682; x_wconf 76' lang='grc' dir='ltr'>τὰ</span> <span class='ocrx_word' id='word_1_150' title='bbox 1522 1630 1724 1698; x_wconf 80' lang='grc' dir='ltr'>ἄπειρα</span> <span class='ocrx_word' id='word_1_151' title='bbox 1787 1631 1993 1684; x_wconf 87' lang='grc' dir='ltr'>τούτων</span> 
     </span>
    </p>
   </div>
   <div class='ocr_carea' id='block_1_15' title="bbox 416 1721 1993 1790">
    <p class='ocr_par' dir='ltr' id='par_1_15' title="bbox 416 1721 1993 1790">
     <span class='ocr_line' id='line_1_15' title="bbox 416 1721 1993 1790; baseline 0.001 -18"><span class='ocrx_word' id='word_1_152' title='bbox 416 1722 757 1788; x_wconf 75' lang='grc' dir='ltr'>θεασάμενος</span> <span class='ocrx_word' id='word_1_153' title='bbox 807 1721 1007 1790; x_wconf 75' lang='grc' dir='ltr'>πλήθη,</span> <span class='ocrx_word' id='word_1_154' title='bbox 1063 1721 1160 1774; x_wconf 75' lang='grc' dir='ltr'><strong>καὶ</strong></span> <span class='ocrx_word' id='word_1_155' title='bbox 1202 1721 1302 1790; x_wconf 87' lang='grc' dir='ltr'><strong>τὴν</strong></span> <span class='ocrx_word' id='word_1_156' title='bbox 1349 1722 1649 1774; x_wconf 82' lang='grc' dir='ltr'>ἀκάθεκτον</span> <span class='ocrx_word' id='word_1_157' title='bbox 1681 1722 1890 1790; x_wconf 84' lang='grc' dir='ltr'>τόλμαν</span> <span class='ocrx_word' id='word_1_158' title='bbox 1935 1721 1993 1786; x_wconf 80' lang='grc' dir='ltr'>ἐξ</span> 
     </span>
    </p>
   </div>
   <div class='ocr_carea' id='block_1_16' title="bbox 413 1810 1992 1882">
    <p class='ocr_par' dir='ltr' id='par_1_16' title="bbox 413 1810 1992 1882">
     <span class='ocr_line' id='line_1_16' title="bbox 413 1810 1992 1882; baseline 0 -18"><span class='ocrx_word' id='word_1_159' title='bbox 413 1812 588 1879; x_wconf 76' lang='grc' dir='ltr'>αὐτῆς</span> <span class='ocrx_word' id='word_1_160' title='bbox 620 1810 926 1879; x_wconf 79' lang='grc' dir='ltr'>προσϐολῆς</span> <span class='ocrx_word' id='word_1_161' title='bbox 955 1810 1233 1878; x_wconf 70' lang='grc' dir='ltr'>ἐγνωκὼς,</span> <span class='ocrx_word' id='word_1_162' title='bbox 1260 1814 1372 1872; x_wconf 80' lang='grc' dir='ltr'>τοῖς</span> <span class='ocrx_word' id='word_1_163' title='bbox 1395 1813 1546 1874; x_wconf 79' lang='grc' dir='ltr'>ὲντὺς</span> <span class='ocrx_word' id='word_1_164' title='bbox 1569 1812 1804 1874; x_wconf 79' lang='grc' dir='ltr'><strong>Νικαίας</strong></span> <span class='ocrx_word' id='word_1_165' title='bbox 1827 1813 1992 1882; x_wconf 88' lang='grc' dir='ltr'>Τούρ-</span> 
     </span>
    </p>
   </div>
   <div class='ocr_carea' id='block_1_17' title="bbox 417 1898 1987 1969">
    <p class='ocr_par' dir='ltr' id='par_1_17' title="bbox 417 1898 1987 1969">
     <span class='ocr_line' id='line_1_17' title="bbox 417 1898 1987 1969; baseline 0.003 -19"><span class='ocrx_word' id='word_1_166' title='bbox 417 1915 540 1958; x_wconf 88' lang='grc' dir='ltr'>κοις</span> <span class='ocrx_word' id='word_1_167' title='bbox 573 1898 632 1950; x_wconf 82' lang='grc' dir='ltr'>τὸ</span> <span class='ocrx_word' id='word_1_168' title='bbox 684 1899 965 1967; x_wconf 74' lang='grc' dir='ltr'>ἐνδόσιμον</span> <span class='ocrx_word' id='word_1_169' title='bbox 1023 1900 1233 1961; x_wconf 84' lang='grc' dir='ltr'>δίδωσι,</span> <span class='ocrx_word' id='word_1_170' title='bbox 1287 1901 1564 1969; x_wconf 86' lang='grc' dir='ltr'>Πράσσετε</span> <span class='ocrx_word' id='word_1_171' title='bbox 1617 1903 1711 1955; x_wconf 82' lang='grc' dir='ltr'>τοῦ</span> <span class='ocrx_word' id='word_1_172' title='bbox 1777 1903 1987 1967; x_wconf 82' lang='grc' dir='ltr'><strong>λοιποῦ,</strong></span> 
     </span>
    </p>
   </div>
   <div class='ocr_carea' id='block_1_18' title="bbox 415 1990 1993 2064">
    <p class='ocr_par' dir='ltr' id='par_1_18' title="bbox 415 1990 1993 2064">
     <span class='ocr_line' id='line_1_18' title="bbox 415 1990 1993 2064; baseline 0.004 -24"><span class='ocrx_word' id='word_1_173' title='bbox 415 1990 618 2055; x_wconf 83' lang='grc' dir='ltr'>λέγων,</span> <span class='ocrx_word' id='word_1_174' title='bbox 652 1991 758 2042; x_wconf 81' lang='grc' dir='ltr'><strong>πᾶν</strong></span> <span class='ocrx_word' id='word_1_175' title='bbox 783 1991 878 2042; x_wconf 86' lang='grc' dir='ltr'>ὅτι</span> <span class='ocrx_word' id='word_1_176' title='bbox 911 1990 1119 2060; x_wconf 83' lang='grc' dir='ltr'>βέλτιον</span> <span class='ocrx_word' id='word_1_177' title='bbox 1151 1991 1388 2063; x_wconf 75' lang='grc' dir='ltr'><strong>κρίνετε·</strong></span> <span class='ocrx_word' id='word_1_178' title='bbox 1421 1994 1540 2064; x_wconf 66' lang='grc' dir='ltr'><strong>⁴ᾔδει</strong></span> <span class='ocrx_word' id='word_1_179' title='bbox 1579 1995 1687 2062; x_wconf 84' lang='grc' dir='ltr'>γὰρ</span> <span class='ocrx_word' id='word_1_180' title='bbox 1718 1995 1824 2064; x_wconf 79' lang='grc' dir='ltr'>πρὸ</span> <span class='ocrx_word' id='word_1_181' title='bbox 1868 1995 1993 2048; x_wconf 89' lang='grc' dir='ltr'>πολ-</span> 
     </span>
    </p>
   </div>
   <div class='ocr_carea' id='block_1_19' title="bbox 411 2080 1988 2156">
    <p class='ocr_par' dir='ltr' id='par_1_19' title="bbox 411 2080 1988 2156">
     <span class='ocr_line' id='line_1_19' title="bbox 411 2080 1988 2156; baseline 0.004 -24"><span class='ocrx_word' id='word_1_182' title='bbox 411 2080 511 2132; x_wconf 80' lang='grc' dir='ltr'>λοῦ</span> <span class='ocrx_word' id='word_1_183' title='bbox 591 2081 668 2149; x_wconf 78' lang='grc' dir='ltr'>τῷ</span> <span class='ocrx_word' id='word_1_184' title='bbox 717 2081 930 2150; x_wconf 72' lang='grc' dir='ltr'>βασιλεῖ</span> <span class='ocrx_word' id='word_1_185' title='bbox 1005 2083 1208 2149; x_wconf 84' lang='grc' dir='ltr'>μᾶλλον</span> <span class='ocrx_word' id='word_1_186' title='bbox 1266 2086 1744 2153; x_wconf 74' lang='grc' dir='ltr'><strong>προαιρουμένους</strong></span> <span class='ocrx_word' id='word_1_187' title='bbox 1809 2104 1988 2156; x_wconf 83' lang='grc' dir='ltr'>παρα-</span> 
     </span>
    </p>
   </div>
   <div class='ocr_carea' id='block_1_20' title="bbox 407 2171 1992 2242">
    <p class='ocr_par' dir='ltr' id='par_1_20' title="bbox 407 2171 1992 2242">
     <span class='ocr_line' id='line_1_20' title="bbox 407 2171 1992 2242; baseline 0.004 -18"><span class='ocrx_word' id='word_1_188' title='bbox 407 2171 602 2224; x_wconf 64' lang='grc' dir='ltr'>δοῦναι</span> <span class='ocrx_word' id='word_1_189' title='bbox 630 2173 728 2240; x_wconf 81' lang='grc' dir='ltr'><strong>τὴν</strong></span> <span class='ocrx_word' id='word_1_190' title='bbox 761 2173 974 2242; x_wconf 79' lang='grc' dir='ltr'>πόλινῆ</span> <span class='ocrx_word' id='word_1_191' title='bbox 1010 2175 1158 2241; x_wconf 73' lang='grc' dir='ltr'>παρὰ</span> <span class='ocrx_word' id='word_1_192' title='bbox 1187 2175 1294 2228; x_wconf 83' lang='grc' dir='ltr'>τῶν</span> <span class='ocrx_word' id='word_1_193' title='bbox 1325 2176 1544 2229; x_wconf 81' lang='grc' dir='ltr'><strong>Κελτῶν</strong></span> <span class='ocrx_word' id='word_1_194' title='bbox 1569 2178 1789 2231; x_wconf 82' lang='grc' dir='ltr'>ἁλῶναι.</span> <span class='ocrx_word' id='word_1_195' title='bbox 1837 2181 1894 2230; x_wconf 88' lang='lat'><strong>&#39;0</strong></span> <span class='ocrx_word' id='word_1_196' title='bbox 1935 2178 1992 2232; x_wconf 80' lang='grc' dir='ltr'><strong>δέ.</strong></span> 
     </span>
    </p>
   </div>
   <div class='ocr_carea' id='block_1_21' title="bbox 411 2265 1990 2338">
    <p class='ocr_par' dir='ltr' id='par_1_21' title="bbox 411 2265 1990 2338">
     <span class='ocr_line' id='line_1_21' title="bbox 411 2265 1990 2338; baseline 0.004 -22"><span class='ocrx_word' id='word_1_197' title='bbox 411 2283 478 2334; x_wconf 86' lang='grc' dir='ltr'><strong>γε</strong></span> <span class='ocrx_word' id='word_1_198' title='bbox 520 2267 825 2332; x_wconf 82' lang='grc' dir='ltr'>Σαγγέλης,</span> <span class='ocrx_word' id='word_1_199' title='bbox 856 2265 950 2319; x_wconf 80' lang='grc' dir='ltr'>τοῦ</span> <span class='ocrx_word' id='word_1_200' title='bbox 984 2267 1343 2335; x_wconf 82' lang='grc' dir='ltr'>προκειμένου</span> <span class='ocrx_word' id='word_1_201' title='bbox 1379 2269 1631 2337; x_wconf 75' lang='grc' dir='ltr'><strong>ἐχόμενος</strong></span> <span class='ocrx_word' id='word_1_202' title='bbox 1677 2269 1861 2336; x_wconf 78' lang='grc' dir='ltr'>ἔργου,</span> <span class='ocrx_word' id='word_1_203' title='bbox 1898 2271 1990 2338; x_wconf 79' lang='lat' dir='ltr'><strong>p.6-</strong></span> 
     </span>
    </p>
   </div>
   <div class='ocr_carea' id='block_1_22' title="bbox 412 2356 1988 2428">
    <p class='ocr_par' dir='ltr' id='par_1_22' title="bbox 412 2356 1988 2428">
     <span class='ocr_line' id='line_1_22' title="bbox 412 2356 1988 2428; baseline 0.003 -20"><span class='ocrx_word' id='word_1_204' title='bbox 412 2373 555 2408; x_wconf 87' lang='grc' dir='ltr'>συνα</span> <span class='ocrx_word' id='word_1_205' title='bbox 610 2356 915 2425; x_wconf 80' lang='grc' dir='ltr'>κυκλοτερῆ</span> <span class='ocrx_word' id='word_1_206' title='bbox 976 2359 1412 2428; x_wconf 82' lang='grc' dir='ltr'>τεκτηνάμενος,</span> <span class='ocrx_word' id='word_1_207' title='bbox 1467 2359 1560 2412; x_wconf 79' lang='grc' dir='ltr'>καὶ</span> <span class='ocrx_word' id='word_1_208' title='bbox 1617 2359 1674 2424; x_wconf 85' lang='grc' dir='ltr'>ἐξ</span> <span class='ocrx_word' id='word_1_209' title='bbox 1728 2361 1988 2427; x_wconf 80' lang='grc' dir='ltr'>ἐκατέρου</span> 
     </span>
    </p>
   </div>
   <div class='ocr_carea' id='block_1_23' title="bbox 415 2449 1986 2520">
    <p class='ocr_par' dir='ltr' id='par_1_23' title="bbox 415 2449 1986 2520">
     <span class='ocr_line' id='line_1_23' title="bbox 415 2449 1986 2520; baseline 0.003 -18"><span class='ocrx_word' id='word_1_210' title='bbox 415 2449 622 2518; x_wconf 78' lang='grc' dir='ltr'>μέρους</span> <span class='ocrx_word' id='word_1_211' title='bbox 669 2449 896 2519; x_wconf 76' lang='grc' dir='ltr'>βύρσαις</span> <span class='ocrx_word' id='word_1_212' title='bbox 916 2451 962 2483; x_wconf 75' lang='grc'><strong>⁸³</strong></span> <span class='ocrx_word' id='word_1_213' title='bbox 1021 2451 1187 2503; x_wconf 73' lang='grc' dir='ltr'>αὐτὸν</span> <span class='ocrx_word' id='word_1_214' title='bbox 1235 2451 1604 2520; x_wconf 75' lang='grc' dir='ltr'>περιστείλας,</span> <span class='ocrx_word' id='word_1_215' title='bbox 1652 2455 1793 2506; x_wconf 74' lang='grc' dir='ltr'>κατὰ</span> <span class='ocrx_word' id='word_1_216' title='bbox 1825 2453 1879 2504; x_wconf 87' lang='grc' dir='ltr'><strong>δὲ</strong></span> <span class='ocrx_word' id='word_1_217' title='bbox 1924 2453 1986 2506; x_wconf 80' lang='grc' dir='ltr'>τὸ</span> 
     </span>
    </p>
   </div>
   <div class='ocr_carea' id='block_1_24' title="bbox 418 2541 1988 2615">
    <p class='ocr_par' dir='ltr' id='par_1_24' title="bbox 418 2541 1988 2615">
     <span class='ocr_line' id='line_1_24' title="bbox 418 2541 1988 2615; baseline 0.004 -23"><span class='ocrx_word' id='word_1_218' title='bbox 418 2543 588 2610; x_wconf 77' lang='grc' dir='ltr'>μέσον</span> <span class='ocrx_word' id='word_1_219' title='bbox 606 2541 789 2608; x_wconf 79' lang='grc' dir='ltr'>λύγοις</span> <span class='ocrx_word' id='word_1_220' title='bbox 818 2542 1118 2606; x_wconf 79' lang='grc' dir='ltr'>διαπλέξας</span> <span class='ocrx_word' id='word_1_221' title='bbox 1151 2547 1244 2596; x_wconf 71' lang='grc' dir='ltr'>καὶ</span> <span class='ocrx_word' id='word_1_222' title='bbox 1276 2544 1544 2597; x_wconf 78' lang='grc' dir='ltr'>πάντοθεν</span> <span class='ocrx_word' id='word_1_223' title='bbox 1576 2548 1988 2615; x_wconf 83' lang='grc' dir='ltr'>κατοχυρὼσας,</span> 
     </span>
    </p>
   </div>
   <div class='ocr_carea' id='block_1_25' title="bbox 415 2636 1989 2705">
    <p class='ocr_par' dir='ltr' id='par_1_25' title="bbox 415 2636 1989 2705">
     <span class='ocr_line' id='line_1_25' title="bbox 415 2636 1989 2705; baseline 0.002 -17"><span class='ocrx_word' id='word_1_224' title='bbox 415 2639 484 2705; x_wconf 83' lang='grc' dir='ltr'>τῇ</span> <span class='ocrx_word' id='word_1_225' title='bbox 538 2636 748 2704; x_wconf 81' lang='grc' dir='ltr'>πλευρᾷ</span> <span class='ocrx_word' id='word_1_226' title='bbox 769 2636 814 2667; x_wconf 71' lang='grc'>⁸⁸</span> <span class='ocrx_word' id='word_1_227' title='bbox 861 2637 1237 2701; x_wconf 75' lang='grc' dir='ltr'>προσεπέλασε</span> <span class='ocrx_word' id='word_1_228' title='bbox 1271 2638 1365 2690; x_wconf 84' lang='grc' dir='ltr'>τοῦ</span> <span class='ocrx_word' id='word_1_229' title='bbox 1419 2638 1713 2704; x_wconf 81' lang='grc' dir='ltr'>λεγομένου</span> <span class='ocrx_word' id='word_1_230' title='bbox 1758 2639 1989 2692; x_wconf 86' lang='grc' dir='ltr'>Γονάτου</span> 
     </span>
    </p>
   </div>
   <div class='ocr_carea' id='block_1_26' title="bbox 422 2726 1986 2798">
    <p class='ocr_par' dir='ltr' id='par_1_26' title="bbox 422 2726 1986 2798">
     <span class='ocr_line' id='line_1_26' title="bbox 422 2726 1986 2798; baseline 0.002 -19"><span class='ocrx_word' id='word_1_231' title='bbox 422 2726 664 2796; x_wconf 85' lang='grc' dir='ltr'>πύργου.</span> <span class='ocrx_word' id='word_1_232' title='bbox 722 2729 819 2790; x_wconf 72' lang='lat' dir='ltr'><strong>“Oc</strong></span> <span class='ocrx_word' id='word_1_233' title='bbox 876 2728 976 2796; x_wconf 87' lang='grc' dir='ltr'><strong>τὴν</strong></span> <span class='ocrx_word' id='word_1_234' title='bbox 1035 2729 1358 2795; x_wconf 73' lang='grc' dir='ltr'>ἐπωνυμίαν</span> <span class='ocrx_word' id='word_1_235' title='bbox 1407 2729 1762 2798; x_wconf 79' lang='grc' dir='ltr'>ἐκληρώσατο</span> <span class='ocrx_word' id='word_1_236' title='bbox 1794 2731 1986 2795; x_wconf 85' lang='grc' dir='ltr'>πάλαι,</span> 
     </span>
    </p>
   </div>
   <div class='ocr_carea' id='block_1_27' title="bbox 416 2821 1991 2893">
    <p class='ocr_par' dir='ltr' id='par_1_27' title="bbox 416 2821 1991 2893">
     <span class='ocr_line' id='line_1_27' title="bbox 416 2821 1991 2893; baseline 0 -17"><span class='ocrx_word' id='word_1_237' title='bbox 416 2821 662 2889; x_wconf 77' lang='grc' dir='ltr'>ὁπηνίκα</span> <span class='ocrx_word' id='word_1_238' title='bbox 690 2822 953 2887; x_wconf 84' lang='grc' dir='ltr'>Μανουὴλ</span> <span class='ocrx_word' id='word_1_239' title='bbox 985 2823 1097 2889; x_wconf 80' lang='lat'><strong>(85)</strong></span> <span class='ocrx_word' id='word_1_240' title='bbox 1127 2824 1337 2886; x_wconf 68' lang='grc' dir='ltr'>ἐκεῖνος</span> <span class='ocrx_word' id='word_1_241' title='bbox 1367 2823 1394 2874; x_wconf 76' lang='grc' dir='ltr'>ὁ</span> <span class='ocrx_word' id='word_1_242' title='bbox 1421 2824 1519 2876; x_wconf 84' lang='grc' dir='ltr'>τοῦ</span> <span class='ocrx_word' id='word_1_243' title='bbox 1562 2824 1991 2893; x_wconf 76' lang='grc' dir='ltr'>προϐεϐασιλευ-</span> 
     </span>
    </p>
   </div>
   <div class='ocr_carea' id='block_1_28' title="bbox 422 2915 1988 2987">
    <p class='ocr_par' dir='ltr' id='par_1_28' title="bbox 422 2915 1988 2987">
     <span class='ocr_line' id='line_1_28' title="bbox 422 2915 1988 2987; baseline 0.001 -19"><span class='ocrx_word' id='word_1_244' title='bbox 422 2915 580 2978; x_wconf 70' lang='grc' dir='ltr'>κύτος</span> <span class='ocrx_word' id='word_1_245' title='bbox 619 2915 892 2968; x_wconf 80' lang='grc' dir='ltr'>Ἶσαακίου</span> <span class='ocrx_word' id='word_1_246' title='bbox 935 2915 1030 2968; x_wconf 80' lang='grc' dir='ltr'>τοῦ</span> <span class='ocrx_word' id='word_1_247' title='bbox 1079 2918 1365 2984; x_wconf 80' lang='grc' dir='ltr'>Κομνηνοῡ</span> <span class='ocrx_word' id='word_1_248' title='bbox 1390 2918 1475 2971; x_wconf 81' lang='grc' dir='ltr'><strong>ὁ⁸⁶¹</strong></span> <span class='ocrx_word' id='word_1_249' title='bbox 1523 2918 1730 2987; x_wconf 83' lang='grc' dir='ltr'>πατὴρ,</span> <span class='ocrx_word' id='word_1_250' title='bbox 1769 2919 1864 2971; x_wconf 70' lang='grc' dir='ltr'><strong>καὶ</strong></span> <span class='ocrx_word' id='word_1_251' title='bbox 1893 2917 1988 2970; x_wconf 79' lang='grc' dir='ltr'>τοῦ</span> 
     </span>
    </p>
   </div>
   <div class='ocr_carea' id='block_1_29' title="bbox 420 3006 1987 3080">
    <p class='ocr_par' dir='ltr' id='par_1_29' title="bbox 420 3006 1987 3080">
     <span class='ocr_line' id='line_1_29' title="bbox 420 3006 1987 3080; baseline 0.004 -21"><span class='ocrx_word' id='word_1_252' title='bbox 420 3007 649 3071; x_wconf 68' lang='grc' dir='ltr'>ἀδελφοῦ</span> <span class='ocrx_word' id='word_1_253' title='bbox 666 3008 713 3039; x_wconf 81' lang='grc'><strong>’⁸</strong></span> <span class='ocrx_word' id='word_1_254' title='bbox 745 3006 912 3059; x_wconf 80' lang='grc' dir='ltr'>αὐτοῦ</span> <span class='ocrx_word' id='word_1_255' title='bbox 983 3007 1230 3061; x_wconf 76' lang='grc' dir='ltr'>Ἰωάννου</span> <span class='ocrx_word' id='word_1_256' title='bbox 1279 3009 1373 3061; x_wconf 82' lang='grc' dir='ltr'><strong>τοῦ</strong></span> <span class='ocrx_word' id='word_1_257' title='bbox 1425 3010 1560 3079; x_wconf 76' lang='grc' dir='ltr'>πρὸς</span> <span class='ocrx_word' id='word_1_258' title='bbox 1601 3011 1807 3080; x_wconf 71' lang='grc' dir='ltr'>πατρὸς</span> <span class='ocrx_word' id='word_1_259' title='bbox 1852 3011 1987 3080; x_wconf 80' lang='grc' dir='ltr'>ἐμοῦ</span> 
     </span>
    </p>
   </div>
   <div class='ocr_carea' id='block_1_30' title="bbox 412 3101 1984 3172">
    <p class='ocr_par' dir='ltr' id='par_1_30' title="bbox 412 3101 1984 3172">
     <span class='ocr_line' id='line_1_30' title="bbox 412 3101 1984 3172; baseline 0.001 -19"><span class='ocrx_word' id='word_1_260' title='bbox 412 3103 667 3158; x_wconf 75' lang='grc' dir='ltr'>πάππου.</span> <span class='ocrx_word' id='word_1_261' title='bbox 691 3101 1000 3172; x_wconf 79' lang='grc' dir='ltr'>στρατηγὸς</span> <span class='ocrx_word' id='word_1_262' title='bbox 1024 3101 1382 3171; x_wconf 82' lang='grc' dir='ltr'>αὐτοκράτωρ</span> <span class='ocrx_word' id='word_1_263' title='bbox 1430 3105 1530 3169; x_wconf 80' lang='grc' dir='ltr'>τῆς</span> <span class='ocrx_word' id='word_1_264' title='bbox 1570 3105 1712 3172; x_wconf 78' lang='grc' dir='ltr'>ἑῴας</span> <span class='ocrx_word' id='word_1_265' title='bbox 1741 3104 1984 3170; x_wconf 82' lang='grc' dir='ltr'>ἀπάσης,</span> 
     </span>
    </p>
   </div>
   <div class='ocr_carea' id='block_1_31' title="bbox 413 3192 1984 3265">
    <p class='ocr_par' dir='ltr' id='par_1_31' title="bbox 413 3192 1984 3265">
     <span class='ocr_line' id='line_1_31' title="bbox 413 3192 1984 3265; baseline 0.003 -21"><span class='ocrx_word' id='word_1_266' title='bbox 413 3195 566 3259; x_wconf 75' lang='grc' dir='ltr'>παρὰ</span> <span class='ocrx_word' id='word_1_267' title='bbox 594 3192 683 3245; x_wconf 78' lang='grc' dir='ltr'>τοῦ</span> <span class='ocrx_word' id='word_1_268' title='bbox 711 3194 830 3245; x_wconf 85' lang='grc' dir='ltr'>τότε</span> <span class='ocrx_word' id='word_1_269' title='bbox 859 3192 1109 3261; x_wconf 78' lang='grc' dir='ltr'>βασιλεύο</span> <span class='ocrx_word' id='word_1_270' title='bbox 1130 3210 1233 3253; x_wconf 85' lang='grc' dir='ltr'>ιτος</span> <span class='ocrx_word' id='word_1_271' title='bbox 1268 3193 1548 3245; x_wconf 75' lang='grc' dir='ltr'>Βατιλείου</span> <span class='ocrx_word' id='word_1_272' title='bbox 1580 3194 1984 3265; x_wconf 74' lang='grc' dir='ltr'>προὺϐέσλητο’</span> 
     </span>
    </p>
   </div>
   <div class='ocr_carea' id='block_1_32' title="bbox 411 3278 1982 3360">
    <p class='ocr_par' dir='ltr' id='par_1_32' title="bbox 411 3278 1982 3360">
     <span class='ocr_line' id='line_1_32' title="bbox 411 3278 1982 3360; baseline 0.002 -24"><span class='ocrx_word' id='word_1_273' title='bbox 411 3285 501 3350; x_wconf 82' lang='grc' dir='ltr'><strong>ἐφ’</strong></span> <span class='ocrx_word' id='word_1_274' title='bbox 644 3284 743 3350; x_wconf 74' lang='grc' dir='ltr'><strong>τὴν</strong></span> <span class='ocrx_word' id='word_1_275' title='bbox 800 3283 938 3351; x_wconf 86' lang='grc' dir='ltr'>μετὰ</span> <span class='ocrx_word' id='word_1_276' title='bbox 979 3283 1073 3337; x_wconf 81' lang='grc' dir='ltr'>τοῦ</span> <span class='ocrx_word' id='word_1_277' title='bbox 1106 3283 1350 3352; x_wconf 81' lang='grc' dir='ltr'>Σκληροῢ</span> <span class='ocrx_word' id='word_1_278' title='bbox 1399 3284 1601 3354; x_wconf 78' lang='grc' dir='ltr'>ἔχθραν</span> <span class='ocrx_word' id='word_1_279' title='bbox 1645 3286 1914 3347; x_wconf 81' lang='grc' dir='ltr'>διαλῦσαι,</span> <span class='ocrx_word' id='word_1_280' title='bbox 1950 3291 1982 3360; x_wconf 80' lang='grc' dir='ltr'><strong>ἦ</strong></span> 
     </span>
    </p>
   </div>
   <div class='ocr_carea' id='block_1_33' title="bbox 406 3379 1985 3452">
    <p class='ocr_par' dir='ltr' id='par_1_33' title="bbox 406 3379 1985 3452">
     <span class='ocr_line' id='line_1_33' title="bbox 406 3379 1985 3452; baseline -0.001 -19"><span class='ocrx_word' id='word_1_281' title='bbox 406 3381 560 3449; x_wconf 76' lang='grc' dir='ltr'>χειρὶ</span> <span class='ocrx_word' id='word_1_282' title='bbox 624 3379 763 3449; x_wconf 73' lang='grc' dir='ltr'>πρὸς</span> <span class='ocrx_word' id='word_1_283' title='bbox 827 3379 1014 3433; x_wconf 77' lang='grc' dir='ltr'>τοῦτον</span> <span class='ocrx_word' id='word_1_284' title='bbox 1072 3380 1476 3440; x_wconf 82' lang='grc' dir='ltr'>ἀντικαταστάς</span> <span class='ocrx_word' id='word_1_285' title='bbox 1535 3381 1566 3448; x_wconf 81' lang='grc' dir='ltr'>ἢ</span> <span class='ocrx_word' id='word_1_286' title='bbox 1614 3379 1806 3452; x_wconf 76' lang='grc' dir='ltr'>γνώμῃ</span> <span class='ocrx_word' id='word_1_287' title='bbox 1850 3383 1985 3450; x_wconf 79' lang='grc' dir='ltr'>πρὸς</span> 
     </span>
    </p>
   </div>
   <div class='ocr_carea' id='block_1_34' title="bbox 405 3471 1986 3537">
    <p class='ocr_par' dir='ltr' id='par_1_34' title="bbox 405 3471 1986 3537">
     <span class='ocr_line' id='line_1_34' title="bbox 405 3471 1986 3537; baseline 0.001 -13"><span class='ocrx_word' id='word_1_288' title='bbox 405 3471 698 3537; x_wconf 58' lang='grc' dir='ltr'>είργανικας</span> <span class='ocrx_word' id='word_1_289' title='bbox 758 3472 990 3533; x_wconf 74' lang='grc' dir='ltr'>σπονδὰς</span> <span class='ocrx_word' id='word_1_290' title='bbox 1041 3473 1230 3523; x_wconf 81' lang='grc' dir='ltr'>τοῦτον</span> <span class='ocrx_word' id='word_1_291' title='bbox 1277 3472 1599 3532; x_wconf 80' lang='grc' dir='ltr'>συνελάσας.</span> <span class='ocrx_word' id='word_1_292' title='bbox 1666 3472 1818 3524; x_wconf 70' lang='grc' dir='ltr'>Ἐπεὶ</span> <span class='ocrx_word' id='word_1_293' title='bbox 1864 3473 1908 3524; x_wconf 83' lang='grc' dir='ltr'><strong>δ’</strong></span> <span class='ocrx_word' id='word_1_294' title='bbox 1958 3475 1986 3525; x_wconf 79' lang='grc' dir='ltr'><strong>ὁ</strong></span> 
     </span>
    </p>
   </div>
   <div class='ocr_carea' id='block_1_35' title="bbox 404 3561 1984 3632">
    <p class='ocr_par' dir='ltr' id='par_1_35' title="bbox 404 3561 1984 3632">
     <span class='ocr_line' id='line_1_35' title="bbox 404 3561 1984 3632; baseline 0.001 -18"><span class='ocrx_word' id='word_1_295' title='bbox 404 3562 657 3628; x_wconf 76' lang='grc' dir='ltr'>Σκληρὺς</span> <span class='ocrx_word' id='word_1_296' title='bbox 696 3562 1084 3631; x_wconf 74' lang='grc' dir='ltr'>μαχιμώτατος</span> <span class='ocrx_word' id='word_1_297' title='bbox 1122 3561 1196 3613; x_wconf 80' lang='grc' dir='ltr'><strong>ὢν</strong></span> <span class='ocrx_word' id='word_1_298' title='bbox 1219 3563 1264 3594; x_wconf 76' lang='grc'><strong>⁸³</strong></span> <span class='ocrx_word' id='word_1_299' title='bbox 1295 3564 1491 3627; x_wconf 78' lang='grc' dir='ltr'>αἵμασι</span> <span class='ocrx_word' id='word_1_300' title='bbox 1525 3562 1730 3632; x_wconf 87' lang='grc' dir='ltr'>χαίρων</span> <span class='ocrx_word' id='word_1_301' title='bbox 1760 3563 1846 3614; x_wconf 77' lang='grc' dir='ltr'><strong>ἀεὶ</strong></span> <span class='ocrx_word' id='word_1_302' title='bbox 1885 3563 1984 3632; x_wconf 76' lang='grc' dir='ltr'><strong>τὴν</strong></span> 
     </span>
    </p>
   </div>
   <div class='ocr_carea' id='block_1_36' title="bbox 410 3653 1984 3723">
    <p class='ocr_par' dir='ltr' id='par_1_36' title="bbox 410 3653 1984 3723">
     <span class='ocr_line' id='line_1_36' title="bbox 410 3653 1984 3723; baseline -0.001 -17"><span class='ocrx_word' id='word_1_303' title='bbox 410 3656 598 3722; x_wconf 64' lang='grc' dir='ltr'>μάχην</span> <span class='ocrx_word' id='word_1_304' title='bbox 655 3653 754 3716; x_wconf 73' lang='grc' dir='ltr'>τῆς</span> <span class='ocrx_word' id='word_1_305' title='bbox 819 3655 1045 3722; x_wconf 82' lang='grc' dir='ltr'>εἰρήνης</span> <span class='ocrx_word' id='word_1_306' title='bbox 1111 3653 1315 3721; x_wconf 83' lang='grc' dir='ltr'>μᾶλλον</span> <span class='ocrx_word' id='word_1_307' title='bbox 1368 3655 1688 3723; x_wconf 78' lang='grc' dir='ltr'>ἠσπάσατο,</span> <span class='ocrx_word' id='word_1_308' title='bbox 1731 3655 1984 3722; x_wconf 77' lang='grc' dir='ltr'>πολέμων</span> 
     </span>
    </p>
   </div>
   <div class='ocr_carea' id='block_1_37' title="bbox 411 3747 1982 3818">
    <p class='ocr_par' dir='ltr' id='par_1_37' title="bbox 411 3747 1982 3818">
     <span class='ocr_line' id='line_1_37' title="bbox 411 3747 1982 3818; baseline 0.001 -18"><span class='ocrx_word' id='word_1_309' title='bbox 411 3748 669 3816; x_wconf 77' lang='grc' dir='ltr'>μεγάλων</span> <span class='ocrx_word' id='word_1_310' title='bbox 727 3747 853 3799; x_wconf 78' lang='grc' dir='ltr'>καθ’</span> <span class='ocrx_word' id='word_1_311' title='bbox 912 3747 1151 3815; x_wconf 79' lang='grc' dir='ltr'>ἑκάστην</span> <span class='ocrx_word' id='word_1_312' title='bbox 1209 3747 1703 3818; x_wconf 74' lang='grc' dir='ltr'>συρρηγνυμένων,</span> <span class='ocrx_word' id='word_1_313' title='bbox 1760 3748 1832 3811; x_wconf 81' lang='grc' dir='ltr'>ὡς</span> <span class='ocrx_word' id='word_1_314' title='bbox 1887 3749 1982 3801; x_wconf 83' lang='grc' dir='ltr'><strong>τοῦ</strong></span> 
     </span>
    </p>
   </div>
   <div class='ocr_carea' id='block_1_38' title="bbox 407 3839 1985 3910">
    <p class='ocr_par' dir='ltr' id='par_1_38' title="bbox 407 3839 1985 3910">
     <span class='ocr_line' id='line_1_38' title="bbox 407 3839 1985 3910; baseline 0 -16"><span class='ocrx_word' id='word_1_315' title='bbox 407 3841 658 3907; x_wconf 78' lang='grc' dir='ltr'>Σκληροῦ</span> <span class='ocrx_word' id='word_1_316' title='bbox 713 3842 784 3910; x_wconf 84' lang='grc' dir='ltr'>μὴ</span> <span class='ocrx_word' id='word_1_317' title='bbox 837 3841 998 3909; x_wconf 87' lang='grc' dir='ltr'>μόνον</span> <span class='ocrx_word' id='word_1_318' title='bbox 1037 3842 1135 3909; x_wconf 84' lang='grc' dir='ltr'>τὴν</span> <span class='ocrx_word' id='word_1_319' title='bbox 1180 3842 1403 3907; x_wconf 73' lang='grc' dir='ltr'>εἰρήνην</span> <span class='ocrx_word' id='word_1_320' title='bbox 1439 3841 1512 3908; x_wconf 86' lang='grc' dir='ltr'><strong>μὴ</strong></span> <span class='ocrx_word' id='word_1_321' title='bbox 1547 3839 1814 3903; x_wconf 81' lang='grc' dir='ltr'>θέλοντος,</span> <span class='ocrx_word' id='word_1_322' title='bbox 1850 3842 1985 3894; x_wconf 79' lang='grc' dir='ltr'>ἀλλὰ</span> 
     </span>
    </p>
   </div>
   <div class='ocr_carea' id='block_1_39' title="bbox 402 3930 1983 4003">
    <p class='ocr_par' dir='ltr' id='par_1_39' title="bbox 402 3930 1983 4003">
     <span class='ocr_line' id='line_1_39' title="bbox 402 3930 1983 4003; baseline 0.001 -17"><span class='ocrx_word' id='word_1_323' title='bbox 402 3933 472 3986; x_wconf 73' lang='grc' dir='ltr'><strong>δι’</strong></span> <span class='ocrx_word' id='word_1_324' title='bbox 505 3933 806 3986; x_wconf 81' lang='grc' dir='ltr'>ὲλεπὸλεων</span> <span class='ocrx_word' id='word_1_325' title='bbox 854 3931 1122 4001; x_wconf 79' lang='grc' dir='ltr'>γενναίων</span> <span class='ocrx_word' id='word_1_326' title='bbox 1171 3930 1577 4000; x_wconf 75' lang='grc' dir='ltr'>ἀγωνιζομένου</span> <span class='ocrx_word' id='word_1_327' title='bbox 1618 3931 1716 4003; x_wconf 83' lang='grc' dir='ltr'>τὴν</span> <span class='ocrx_word' id='word_1_328' title='bbox 1746 3935 1983 3987; x_wconf 82' lang='grc' dir='ltr'>Νίκαιαν</span> 
     </span>
    </p>
   </div>
   <div class='ocr_carea' id='block_1_40' title="bbox 403 4022 1984 4097">
    <p class='ocr_par' dir='ltr' id='par_1_40' title="bbox 403 4022 1984 4097">
     <span class='ocr_line' id='line_1_40' title="bbox 403 4022 1984 4097; baseline -0.003 -17"><span class='ocrx_word' id='word_1_329' title='bbox 403 4027 569 4092; x_wconf 80' lang='grc' dir='ltr'>ἑλεῖν,</span> <span class='ocrx_word' id='word_1_330' title='bbox 593 4025 1040 4097; x_wconf 79' lang='grc' dir='ltr'>καταρῤάξαντος</span> <span class='ocrx_word' id='word_1_331' title='bbox 1065 4023 1134 4078; x_wconf 86' lang='grc' dir='ltr'>τὰ</span> <span class='ocrx_word' id='word_1_332' title='bbox 1153 4025 1306 4095; x_wconf 82' lang='grc' dir='ltr'>τείχη</span> <span class='ocrx_word' id='word_1_333' title='bbox 1340 4022 1434 4077; x_wconf 82' lang='grc' dir='ltr'>τοῦ</span> <span class='ocrx_word' id='word_1_334' title='bbox 1485 4024 1732 4088; x_wconf 85' lang='grc' dir='ltr'>πλείονος</span> <span class='ocrx_word' id='word_1_335' title='bbox 1783 4026 1984 4096; x_wconf 84' lang='grc' dir='ltr'>μέρους</span> 
     </span>
    </p>
   </div>
   <div class='ocr_carea' id='block_1_41' title="bbox 398 4117 1981 4189">
    <p class='ocr_par' dir='ltr' id='par_1_41' title="bbox 398 4117 1981 4189">
     <span class='ocr_line' id='line_1_41' title="bbox 398 4117 1981 4189; baseline 0.001 -20"><span class='ocrx_word' id='word_1_336' title='bbox 398 4117 501 4170; x_wconf 81' lang='grc' dir='ltr'>τοῦ</span> <span class='ocrx_word' id='word_1_337' title='bbox 537 4117 748 4184; x_wconf 83' lang='grc' dir='ltr'>πύργου</span> <span class='ocrx_word' id='word_1_338' title='bbox 786 4117 1251 4186; x_wconf 82' lang='grc' dir='ltr'>ποδοκοπηθὲντος</span> <span class='ocrx_word' id='word_1_339' title='bbox 1285 4117 1552 4180; x_wconf 82' lang='grc' dir='ltr'>κάτωθεν,</span> <span class='ocrx_word' id='word_1_340' title='bbox 1590 4118 1790 4189; x_wconf 77' lang='grc' dir='ltr'>συνέϐη</span> <span class='ocrx_word' id='word_1_341' title='bbox 1821 4118 1981 4184; x_wconf 82' lang='grc' dir='ltr'>σάξαι</span> 
     </span>
    </p>
   </div>
   <div class='ocr_carea' id='block_1_42' title="bbox 1959 2883 2063 2937">
    <p class='ocr_par' dir='ltr' id='par_1_42' title="bbox 1959 2883 2063 2937">
     <span class='ocr_line' id='line_1_42' title="bbox 1959 2883 2063 2937; baseline 0 0"><span class='ocrx_word' id='word_1_342' title='bbox 1959 2883 2063 2937; x_wconf 56' lang='grc' dir='ltr'><strong>,Β</strong></span> 
     </span>
    </p>
   </div>
   <div class='ocr_carea' id='block_1_43' title="bbox 2097 1637 3662 1708">
    <p class='ocr_par' dir='ltr' id='par_1_43' title="bbox 2097 1637 3662 1708">
     <span class='ocr_line' id='line_1_43' title="bbox 2097 1637 3662 1708; baseline 0.004 -20"><span class='ocrx_word' id='word_1_343' title='bbox 2097 1651 2245 1702; x_wconf 88' lang='lat' dir='ltr'><strong>vero,</strong></span> <span class='ocrx_word' id='word_1_344' title='bbox 2277 1637 2620 1690; x_wconf 78' lang='lat' dir='ltr'><strong>multitudine</strong></span> <span class='ocrx_word' id='word_1_345' title='bbox 2652 1637 2862 1690; x_wconf 89' lang='lat' dir='ltr'><strong>illorum</strong></span> <span class='ocrx_word' id='word_1_346' title='bbox 2919 1639 3297 1692; x_wconf 86' lang='lat' dir='ltr'><strong>innumerabili</strong></span> <span class='ocrx_word' id='word_1_347' title='bbox 3349 1651 3662 1708; x_wconf 81' lang='lat' dir='ltr'><strong>conspecta,</strong></span> 
     </span>
    </p>
   </div>
   <div class='ocr_carea' id='block_1_44' title="bbox 2094 1729 3664 1798">
    <p class='ocr_par' dir='ltr' id='par_1_44' title="bbox 2094 1729 3664 1798">
     <span class='ocr_line' id='line_1_44' title="bbox 2094 1729 3664 1798; baseline 0.004 -19"><span class='ocrx_word' id='word_1_348' title='bbox 2094 1729 2200 1780; x_wconf 85' lang='lat' dir='ltr'><strong>vim</strong></span> <span class='ocrx_word' id='word_1_349' title='bbox 2236 1744 2420 1783; x_wconf 90' lang='lat' dir='ltr'><strong>eorum</strong></span> <span class='ocrx_word' id='word_1_350' title='bbox 2450 1731 2668 1797; x_wconf 88' lang='lat' dir='ltr'><strong>insuper</strong></span> <span class='ocrx_word' id='word_1_351' title='bbox 2697 1738 2858 1795; x_wconf 87' lang='lat' dir='ltr'><strong>atque</strong></span> <span class='ocrx_word' id='word_1_352' title='bbox 2890 1732 3170 1783; x_wconf 79' lang='lat' dir='ltr'><strong>audaciam</strong></span> <span class='ocrx_word' id='word_1_353' title='bbox 3211 1732 3368 1798; x_wconf 88' lang='lat' dir='ltr'><strong>plane</strong></span> <span class='ocrx_word' id='word_1_354' title='bbox 3401 1733 3664 1785; x_wconf 77' lang='lat' dir='ltr'><strong>inelucta—</strong></span> 
     </span>
    </p>
   </div>
   <div class='ocr_carea' id='block_1_45' title="bbox 2095 1820 3658 1890">
    <p class='ocr_par' dir='ltr' id='par_1_45' title="bbox 2095 1820 3658 1890">
     <span class='ocr_line' id='line_1_45' title="bbox 2095 1820 3658 1890; baseline 0.004 -18"><span class='ocrx_word' id='word_1_355' title='bbox 2095 1820 2254 1873; x_wconf 91' lang='lat' dir='ltr'><strong>bilem</strong></span> <span class='ocrx_word' id='word_1_356' title='bbox 2289 1830 2450 1888; x_wconf 83' lang='lat' dir='ltr'><strong>atque</strong></span> <span class='ocrx_word' id='word_1_357' title='bbox 2483 1823 2738 1874; x_wconf 76' lang='lat' dir='ltr'><strong>invictam</strong></span> <span class='ocrx_word' id='word_1_358' title='bbox 2770 1835 3024 1888; x_wconf 82' lang='lat' dir='ltr'><strong>expertus</strong></span> <span class='ocrx_word' id='word_1_359' title='bbox 3052 1824 3103 1876; x_wconf 93' lang='lat' dir='ltr'><strong>in</strong></span> <span class='ocrx_word' id='word_1_360' title='bbox 3128 1839 3442 1890; x_wconf 78' lang='lat' dir='ltr'><strong>congressu,</strong></span> <span class='ocrx_word' id='word_1_361' title='bbox 3469 1824 3658 1878; x_wconf 87' lang='lat' dir='ltr'><strong>Turcis</strong></span> 
     </span>
    </p>
   </div>
   <div class='ocr_carea' id='block_1_46' title="bbox 2093 1910 3656 1982">
    <p class='ocr_par' dir='ltr' id='par_1_46' title="bbox 2093 1910 3656 1982">
     <span class='ocr_line' id='line_1_46' title="bbox 2093 1910 3656 1982; baseline 0.003 -18"><span class='ocrx_word' id='word_1_362' title='bbox 2093 1912 2181 1978; x_wconf 88' lang='lat' dir='ltr'><strong>qui</strong></span> <span class='ocrx_word' id='word_1_363' title='bbox 2217 1910 2446 1965; x_wconf 71' lang='lat' dir='ltr'><strong>Nicaeam</strong></span> <span class='ocrx_word' id='word_1_364' title='bbox 2483 1914 2896 1981; x_wconf 83' lang='lat' dir='ltr'><strong>propugnabant</strong></span> <span class='ocrx_word' id='word_1_365' title='bbox 2948 1915 3235 1982; x_wconf 74' lang='lat' dir='ltr'><strong>significari</strong></span> <span class='ocrx_word' id='word_1_366' title='bbox 3268 1916 3495 1975; x_wconf 87' lang='lat' dir='ltr'><strong>curavit,</strong></span> <span class='ocrx_word' id='word_1_367' title='bbox 3532 1931 3656 1982; x_wconf 58' lang='lat' dir='ltr'><strong>per.</strong></span> 
     </span>
    </p>
   </div>
   <div class='ocr_carea' id='block_1_47' title="bbox 2093 2004 3660 2072">
    <p class='ocr_par' dir='ltr' id='par_1_47' title="bbox 2093 2004 3660 2072">
     <span class='ocr_line' id='line_1_47' title="bbox 2093 2004 3660 2072; baseline 0.004 -18"><span class='ocrx_word' id='word_1_368' title='bbox 2093 2004 2310 2056; x_wconf 76' lang='lat' dir='ltr'><strong>mittere</strong></span> <span class='ocrx_word' id='word_1_369' title='bbox 2344 2019 2400 2056; x_wconf 90' lang='lat' dir='ltr'><strong>se</strong></span> <span class='ocrx_word' id='word_1_370' title='bbox 2437 2004 2540 2056; x_wconf 91' lang='lat' dir='ltr'><strong>illis</strong></span> <span class='ocrx_word' id='word_1_371' title='bbox 2571 2015 2623 2054; x_wconf 91' lang='lat' dir='ltr'><strong>nl</strong></span> <span class='ocrx_word' id='word_1_372' title='bbox 2661 2004 2761 2056; x_wconf 72' lang='lat' dir='ltr'><strong>sibi</strong></span> <span class='ocrx_word' id='word_1_373' title='bbox 2813 2020 2912 2072; x_wconf 82' lang='lat' dir='ltr'><strong>pro</strong></span> <span class='ocrx_word' id='word_1_374' title='bbox 2964 2006 3227 2057; x_wconf 87' lang='lat' dir='ltr'><strong>arbitratu</strong></span> <span class='ocrx_word' id='word_1_375' title='bbox 3290 2008 3660 2062; x_wconf 67' lang='lat' dir='ltr'><strong>censnlvrent.</strong></span> 
     </span>
    </p>
   </div>
   <div class='ocr_carea' id='block_1_48' title="bbox 2094 2095 3658 2151">
    <p class='ocr_par' dir='ltr' id='par_1_48' title="bbox 2094 2095 3658 2151">
     <span class='ocr_line' id='line_1_48' title="bbox 2094 2095 3658 2151; baseline 0.003 -5"><span class='ocrx_word' id='word_1_376' title='bbox 2094 2095 2403 2148; x_wconf 80' lang='lat' dir='ltr'><strong>Consensus</strong></span> <span class='ocrx_word' id='word_1_377' title='bbox 2433 2096 2517 2147; x_wconf 92' lang='lat' dir='ltr'><strong>hic</strong></span> <span class='ocrx_word' id='word_1_378' title='bbox 2550 2105 2669 2148; x_wconf 88' lang='lat' dir='ltr'><strong>erat</strong></span> <span class='ocrx_word' id='word_1_379' title='bbox 2697 2097 2748 2148; x_wconf 90' lang='lat' dir='ltr'><strong>in</strong></span> <span class='ocrx_word' id='word_1_380' title='bbox 2782 2095 3187 2150; x_wconf 69' lang='lat' dir='ltr'><strong>conclusionem</strong></span> <span class='ocrx_word' id='word_1_381' title='bbox 3223 2099 3510 2151; x_wconf 69' lang='lat' dir='ltr'><strong>deditionis</strong></span> <span class='ocrx_word' id='word_1_382' title='bbox 3562 2101 3658 2151; x_wconf 80' lang='lat' dir='ltr'><strong>int-</strong></span> 
     </span>
    </p>
   </div>
   <div class='ocr_carea' id='block_1_49' title="bbox 2095 2187 3664 2258">
    <p class='ocr_par' dir='ltr' id='par_1_49' title="bbox 2095 2187 3664 2258">
     <span class='ocr_line' id='line_1_49' title="bbox 2095 2187 3664 2258; baseline 0.001 -16"><span class='ocrx_word' id='word_1_383' title='bbox 2095 2189 2326 2257; x_wconf 79' lang='lat' dir='ltr'><strong>peratori</strong></span> <span class='ocrx_word' id='word_1_384' title='bbox 2363 2187 2638 2252; x_wconf 60' lang='lat' dir='ltr'><strong>faciendae,</strong></span> <span class='ocrx_word' id='word_1_385' title='bbox 2675 2189 2739 2240; x_wconf 90' lang='lat' dir='ltr'><strong>ad</strong></span> <span class='ocrx_word' id='word_1_386' title='bbox 2774 2205 2930 2252; x_wconf 79' lang='lat' dir='ltr'><strong>quem</strong></span> <span class='ocrx_word' id='word_1_387' title='bbox 2963 2190 3139 2257; x_wconf 80' lang='lat' dir='ltr'><strong>potius</strong></span> <span class='ocrx_word' id='word_1_388' title='bbox 3174 2206 3334 2258; x_wconf 89' lang='lat' dir='ltr'><strong>quam</strong></span> <span class='ocrx_word' id='word_1_389' title='bbox 3387 2192 3450 2242; x_wconf 90' lang='lat' dir='ltr'><strong>ad</strong></span> <span class='ocrx_word' id='word_1_390' title='bbox 3481 2191 3664 2245; x_wconf 83' lang='lat' dir='ltr'><strong>Gallos</strong></span> 
     </span>
    </p>
   </div>
   <div class='ocr_carea' id='block_1_50' title="bbox 2093 2281 3660 2350">
    <p class='ocr_par' dir='ltr' id='par_1_50' title="bbox 2093 2281 3660 2350">
     <span class='ocr_line' id='line_1_50' title="bbox 2093 2281 3660 2350; baseline 0.001 -17"><span class='ocrx_word' id='word_1_391' title='bbox 2093 2284 2427 2349; x_wconf 75' lang='lat' dir='ltr'><strong>propendere</strong></span> <span class='ocrx_word' id='word_1_392' title='bbox 2457 2282 2761 2335; x_wconf 70' lang='lat' dir='ltr'><strong>Nic-menses</strong></span> <span class='ocrx_word' id='word_1_393' title='bbox 2788 2281 2997 2335; x_wconf 81' lang='lat' dir='ltr'><strong>Turcns</strong></span> <span class='ocrx_word' id='word_1_394' title='bbox 3046 2285 3263 2344; x_wconf 82' lang='lat' dir='ltr'><strong>animis,</strong></span> <span class='ocrx_word' id='word_1_395' title='bbox 3315 2298 3601 2350; x_wconf 75' lang='lat' dir='ltr'><strong>pchpectu</strong></span> <span class='ocrx_word' id='word_1_396' title='bbox 3632 2303 3660 2334; x_wconf 76' lang='grc' dir='ltr'><strong>ει</strong></span> 
     </span>
    </p>
   </div>
   <div class='ocr_carea' id='block_1_51' title="bbox 2091 2373 3662 2442">
    <p class='ocr_par' dir='ltr' id='par_1_51' title="bbox 2091 2373 3662 2442">
     <span class='ocr_line' id='line_1_51' title="bbox 2091 2373 3662 2442; baseline 0.001 -14"><span class='ocrx_word' id='word_1_397' title='bbox 2091 2374 2284 2428; x_wconf 86' lang='lat' dir='ltr'><strong>snltani</strong></span> <span class='ocrx_word' id='word_1_398' title='bbox 2315 2373 2420 2437; x_wconf 85' lang='lat' dir='ltr'><strong>iam</strong></span> <span class='ocrx_word' id='word_1_399' title='bbox 2452 2377 2658 2440; x_wconf 80' lang='lat' dir='ltr'><strong>pridem</strong></span> <span class='ocrx_word' id='word_1_400' title='bbox 2711 2385 2847 2428; x_wconf 88' lang='lat' dir='ltr'><strong>erat.</strong></span> <span class='ocrx_word' id='word_1_401' title='bbox 2885 2377 3150 2428; x_wconf 72' lang='lat' dir='ltr'><strong>Caeterum</strong></span> <span class='ocrx_word' id='word_1_402' title='bbox 3186 2376 3442 2442; x_wconf 81' lang='lat' dir='ltr'><strong>Sangeles</strong></span> <span class='ocrx_word' id='word_1_403' title='bbox 3474 2391 3662 2430; x_wconf 29' lang='lat' dir='ltr'><strong>susces</strong></span> 
     </span>
    </p>
   </div>
   <div class='ocr_carea' id='block_1_52' title="bbox 2092 2467 3662 2536">
    <p class='ocr_par' dir='ltr' id='par_1_52' title="bbox 2092 2467 3662 2536">
     <span class='ocr_line' id='line_1_52' title="bbox 2092 2467 3662 2536; baseline 0.001 -18"><span class='ocrx_word' id='word_1_404' title='bbox 2092 2477 2182 2530; x_wconf 89' lang='lat' dir='ltr'><strong>pto</strong></span> <span class='ocrx_word' id='word_1_405' title='bbox 2212 2469 2418 2519; x_wconf 83' lang='lat' dir='ltr'><strong>instans</strong></span> <span class='ocrx_word' id='word_1_406' title='bbox 2455 2469 2629 2533; x_wconf 79' lang='lat' dir='ltr'><strong>aperi,</strong></span> <span class='ocrx_word' id='word_1_407' title='bbox 2679 2479 2878 2519; x_wconf 89' lang='lat' dir='ltr'><strong>turrem</strong></span> <span class='ocrx_word' id='word_1_408' title='bbox 2938 2467 3169 2536; x_wconf 86' lang='lat' dir='ltr'><strong>ligneam</strong></span> <span class='ocrx_word' id='word_1_409' title='bbox 3206 2469 3443 2519; x_wconf 62' lang='lat' dir='ltr'><strong>rotondaa</strong></span> <span class='ocrx_word' id='word_1_410' title='bbox 3477 2467 3662 2521; x_wconf 80' lang='lat' dir='ltr'><strong>formae</strong></span> 
     </span>
    </p>
   </div>
   <div class='ocr_carea' id='block_1_53' title="bbox 2092 2556 3646 2625">
    <p class='ocr_par' dir='ltr' id='par_1_53' title="bbox 2092 2556 3646 2625">
     <span class='ocr_line' id='line_1_53' title="bbox 2092 2556 3646 2625; baseline -0.001 -15"><span class='ocrx_word' id='word_1_411' title='bbox 2092 2557 2503 2620; x_wconf 84' lang='lat' dir='ltr'><strong>architectatus,</strong></span> <span class='ocrx_word' id='word_1_412' title='bbox 2537 2572 2651 2608; x_wconf 87' lang='lat' dir='ltr'><strong>eam</strong></span> <span class='ocrx_word' id='word_1_413' title='bbox 2685 2556 2887 2610; x_wconf 86' lang='lat' dir='ltr'><strong>bubulo</strong></span> <span class='ocrx_word' id='word_1_414' title='bbox 2912 2557 3058 2607; x_wconf 89' lang='lat' dir='ltr'><strong>corio</strong></span> <span class='ocrx_word' id='word_1_415' title='bbox 3080 2556 3317 2622; x_wconf 85' lang='lat' dir='ltr'><strong>undique</strong></span> <span class='ocrx_word' id='word_1_416' title='bbox 3344 2566 3646 2625; x_wconf 79' lang='lat' dir='ltr'><strong>prolectant</strong></span> 
     </span>
    </p>
   </div>
   <div class='ocr_carea' id='block_1_54' title="bbox 2091 2644 3658 2709">
    <p class='ocr_par' dir='ltr' id='par_1_54' title="bbox 2091 2644 3658 2709">
     <span class='ocr_line' id='line_1_54' title="bbox 2091 2644 3658 2709; baseline -0.003 -9"><span class='ocrx_word' id='word_1_417' title='bbox 2091 2662 2155 2700; x_wconf 86' lang='lat' dir='ltr'><strong>ac</strong></span> <span class='ocrx_word' id='word_1_418' title='bbox 2189 2648 2332 2700; x_wconf 81' lang='lat' dir='ltr'><strong>circa</strong></span> <span class='ocrx_word' id='word_1_419' title='bbox 2380 2646 2610 2698; x_wconf 89' lang='lat' dir='ltr'><strong>medium</strong></span> <span class='ocrx_word' id='word_1_420' title='bbox 2659 2649 2915 2698; x_wconf 76' lang='lat' dir='ltr'><strong>viminum</strong></span> <span class='ocrx_word' id='word_1_421' title='bbox 2959 2644 3354 2709; x_wconf 62' lang='lat' dir='ltr'><strong>ranraliumqne</strong></span> <span class='ocrx_word' id='word_1_422' title='bbox 3411 2646 3658 2698; x_wconf 70' lang='lat' dir='ltr'><strong>ﬁsSornnt</strong></span> 
     </span>
    </p>
   </div>
   <div class='ocr_carea' id='block_1_55' title="bbox 2092 2735 3659 2801">
    <p class='ocr_par' dir='ltr' id='par_1_55' title="bbox 2092 2735 3659 2801">
     <span class='ocr_line' id='line_1_55' title="bbox 2092 2735 3659 2801; baseline -0.002 -11"><span class='ocrx_word' id='word_1_423' title='bbox 2092 2739 2250 2792; x_wconf 67' lang='lat' dir='ltr'><strong>lentis</strong></span> <span class='ocrx_word' id='word_1_424' title='bbox 2301 2738 2577 2790; x_wconf 87' lang='lat' dir='ltr'><strong>astrictam</strong></span> <span class='ocrx_word' id='word_1_425' title='bbox 2617 2737 2972 2801; x_wconf 72' lang='lat' dir='ltr'><strong>amplexibus,</strong></span> <span class='ocrx_word' id='word_1_426' title='bbox 3021 2746 3348 2801; x_wconf 56' lang='lat' dir='ltr'><strong>ca’teraqne,</strong></span> <span class='ocrx_word' id='word_1_427' title='bbox 3395 2735 3541 2788; x_wconf 81' lang='grc' dir='ltr'>οηιηί</span> <span class='ocrx_word' id='word_1_428' title='bbox 3592 2748 3659 2787; x_wconf 73' lang='lat' dir='ltr'><strong>ex</strong></span> 
     </span>
    </p>
   </div>
   <div class='ocr_carea' id='block_1_56' title="bbox 2093 2827 3659 2899">
    <p class='ocr_par' dir='ltr' id='par_1_56' title="bbox 2093 2827 3659 2899">
     <span class='ocr_line' id='line_1_56' title="bbox 2093 2827 3659 2899; baseline -0.003 -15"><span class='ocrx_word' id='word_1_429' title='bbox 2093 2841 2263 2897; x_wconf 83' lang='lat' dir='ltr'><strong>parte,</strong></span> <span class='ocrx_word' id='word_1_430' title='bbox 2289 2847 2406 2899; x_wconf 60' lang='lat' dir='ltr'><strong>quae</strong></span> <span class='ocrx_word' id='word_1_431' title='bbox 2437 2831 2677 2883; x_wconf 88' lang='lat' dir='ltr'><strong>adhiberi</strong></span> <span class='ocrx_word' id='word_1_432' title='bbox 2711 2845 2939 2894; x_wconf 88' lang='lat' dir='ltr'><strong>cumque</strong></span> <span class='ocrx_word' id='word_1_433' title='bbox 2966 2831 3134 2894; x_wconf 73' lang='lat' dir='ltr'><strong>potuit</strong></span> <span class='ocrx_word' id='word_1_434' title='bbox 3159 2843 3282 2879; x_wconf 81' lang='lat' dir='ltr'><strong>cura</strong></span> <span class='ocrx_word' id='word_1_435' title='bbox 3315 2842 3375 2878; x_wconf 86' lang='lat' dir='ltr'><strong>ac</strong></span> <span class='ocrx_word' id='word_1_436' title='bbox 3408 2827 3659 2880; x_wconf 83' lang='lat' dir='ltr'><strong>cautione</strong></span> 
     </span>
    </p>
   </div>
   <div class='ocr_carea' id='block_1_57' title="bbox 2095 2912 3659 2987">
    <p class='ocr_par' dir='ltr' id='par_1_57' title="bbox 2095 2912 3659 2987">
     <span class='ocr_line' id='line_1_57' title="bbox 2095 2912 3659 2987; baseline -0.004 -8"><span class='ocrx_word' id='word_1_437' title='bbox 2095 2926 2502 2985; x_wconf 79' lang='lat' dir='ltr'><strong>communitam,</strong></span> <span class='ocrx_word' id='word_1_438' title='bbox 2545 2923 2777 2976; x_wconf 77' lang='lat' dir='ltr'><strong>admovit</strong></span> <span class='ocrx_word' id='word_1_439' title='bbox 2833 2922 3009 2974; x_wconf 89' lang='lat' dir='ltr'><strong>hostili</strong></span> <span class='ocrx_word' id='word_1_440' title='bbox 3046 2920 3178 2973; x_wconf 84' lang='lat' dir='ltr'><strong>turri</strong></span> <span class='ocrx_word' id='word_1_441' title='bbox 3215 2935 3333 2987; x_wconf 62' lang='lat' dir='ltr'><strong>qua!</strong></span> <span class='ocrx_word' id='word_1_442' title='bbox 3363 2912 3659 2973; x_wconf 77' lang='lat' dir='ltr'><strong>vocabatur</strong></span> 
     </span>
    </p>
   </div>
   <div class='ocr_carea' id='block_1_58' title="bbox 2091 3010 3656 3083">
    <p class='ocr_par' dir='ltr' id='par_1_58' title="bbox 2091 3010 3656 3083">
     <span class='ocr_line' id='line_1_58' title="bbox 2091 3010 3656 3083; baseline -0.003 -15"><span class='ocrx_word' id='word_1_443' title='bbox 2091 3014 2343 3077; x_wconf 76' lang='lat' dir='ltr'><strong>Conatus,</strong></span> <span class='ocrx_word' id='word_1_444' title='bbox 2394 3015 2550 3083; x_wconf 64' lang='lat' dir='ltr'><strong>quasi</strong></span> <span class='ocrx_word' id='word_1_445' title='bbox 2609 3015 2837 3077; x_wconf 81' lang='lat' dir='ltr'><strong>diceres,</strong></span> <span class='ocrx_word' id='word_1_446' title='bbox 2877 3030 3009 3082; x_wconf 78' lang='lat' dir='ltr'><strong>genu</strong></span> <span class='ocrx_word' id='word_1_447' title='bbox 3057 3013 3192 3081; x_wconf 73' lang='lat' dir='ltr'><strong>ﬂexo</strong></span> <span class='ocrx_word' id='word_1_448' title='bbox 3232 3011 3561 3064; x_wconf 81' lang='lat' dir='ltr'><strong>inclinatam.</strong></span> <span class='ocrx_word' id='word_1_449' title='bbox 3599 3010 3656 3063; x_wconf 62' lang='grc' dir='ltr'><strong>ιιι</strong></span> 
     </span>
    </p>
   </div>
   <div class='ocr_carea' id='block_1_59' title="bbox 2090 3102 3655 3172">
    <p class='ocr_par' dir='ltr' id='par_1_59' title="bbox 2090 3102 3655 3172">
     <span class='ocr_line' id='line_1_59' title="bbox 2090 3102 3655 3172; baseline -0.002 -15"><span class='ocrx_word' id='word_1_450' title='bbox 2090 3122 2150 3158; x_wconf 86' lang='lat' dir='ltr'><strong>ca</strong></span> <span class='ocrx_word' id='word_1_451' title='bbox 2190 3109 2356 3159; x_wconf 85' lang='lat' dir='ltr'><strong>turris</strong></span> <span class='ocrx_word' id='word_1_452' title='bbox 2407 3120 2598 3158; x_wconf 86' lang='lat' dir='ltr'><strong>nomen</strong></span> <span class='ocrx_word' id='word_1_453' title='bbox 2643 3105 2768 3158; x_wconf 87' lang='lat' dir='ltr'><strong>olim</strong></span> <span class='ocrx_word' id='word_1_454' title='bbox 2825 3105 3131 3158; x_wconf 85' lang='lat' dir='ltr'><strong>obtinuerat</strong></span> <span class='ocrx_word' id='word_1_455' title='bbox 3179 3106 3392 3172; x_wconf 88' lang='lat' dir='ltr'><strong>quando</strong></span> <span class='ocrx_word' id='word_1_456' title='bbox 3430 3103 3519 3154; x_wconf 83' lang='lat' dir='ltr'><strong>ille</strong></span> <span class='ocrx_word' id='word_1_457' title='bbox 3555 3102 3655 3154; x_wconf 83' lang='lat' dir='ltr'><strong>Mi-</strong></span> 
     </span>
    </p>
   </div>
   <div class='ocr_carea' id='block_1_60' title="bbox 2089 3190 3658 3262">
    <p class='ocr_par' dir='ltr' id='par_1_60' title="bbox 2089 3190 3658 3262">
     <span class='ocr_line' id='line_1_60' title="bbox 2089 3190 3658 3262; baseline -0.004 -13"><span class='ocrx_word' id='word_1_458' title='bbox 2089 3196 2268 3258; x_wconf 80' lang='lat' dir='ltr'><strong>chael.</strong></span> <span class='ocrx_word' id='word_1_459' title='bbox 2301 3197 2470 3248; x_wconf 85' lang='lat' dir='ltr'><strong>lsaaci</strong></span> <span class='ocrx_word' id='word_1_460' title='bbox 2497 3196 2753 3249; x_wconf 86' lang='lat' dir='ltr'><strong>Contneni</strong></span> <span class='ocrx_word' id='word_1_461' title='bbox 2794 3194 3160 3262; x_wconf 68' lang='lat' dir='ltr'><strong>imperatoris,</strong></span> <span class='ocrx_word' id='word_1_462' title='bbox 3197 3206 3245 3244; x_wconf 86' lang='lat' dir='ltr'><strong>et</strong></span> <span class='ocrx_word' id='word_1_463' title='bbox 3278 3190 3500 3245; x_wconf 83' lang='lat' dir='ltr'><strong>Joannis</strong></span> <span class='ocrx_word' id='word_1_464' title='bbox 3547 3190 3658 3244; x_wconf 62' lang='lat' dir='ltr'><strong>fra-</strong></span> 
     </span>
    </p>
   </div>
   <div class='ocr_carea' id='block_1_61' title="bbox 2092 3283 3657 3357">
    <p class='ocr_par' dir='ltr' id='par_1_61' title="bbox 2092 3283 3657 3357">
     <span class='ocr_line' id='line_1_61' title="bbox 2092 3283 3657 3357; baseline -0.004 -17"><span class='ocrx_word' id='word_1_465' title='bbox 2092 3291 2189 3340; x_wconf 85' lang='lat' dir='ltr'><strong>tris</strong></span> <span class='ocrx_word' id='word_1_466' title='bbox 2242 3287 2360 3357; x_wconf 90' lang='lat' dir='ltr'><strong>ejns</strong></span> <span class='ocrx_word' id='word_1_467' title='bbox 2411 3289 2620 3356; x_wconf 74' lang='lat' dir='ltr'><strong>paterni</strong></span> <span class='ocrx_word' id='word_1_468' title='bbox 2669 3287 2770 3339; x_wconf 88' lang='lat' dir='ltr'><strong>mei</strong></span> <span class='ocrx_word' id='word_1_469' title='bbox 2821 3288 2926 3348; x_wconf 83' lang='lat' dir='ltr'><strong>avi,</strong></span> <span class='ocrx_word' id='word_1_470' title='bbox 2985 3297 3156 3351; x_wconf 81' lang='lat' dir='ltr'><strong>pater,</strong></span> <span class='ocrx_word' id='word_1_471' title='bbox 3198 3283 3484 3352; x_wconf 64' lang='lat' dir='ltr'><strong>prarfeetus</strong></span> <span class='ocrx_word' id='word_1_472' title='bbox 3537 3299 3657 3336; x_wconf 83' lang='lat' dir='ltr'><strong>cunt</strong></span> 
     </span>
    </p>
   </div>
   <div class='ocr_carea' id='block_1_62' title="bbox 2091 3375 3658 3447">
    <p class='ocr_par' dir='ltr' id='par_1_62' title="bbox 2091 3375 3658 3447">
     <span class='ocr_line' id='line_1_62' title="bbox 2091 3375 3658 3447; baseline -0.004 -14"><span class='ocrx_word' id='word_1_473' title='bbox 2091 3396 2300 3433; x_wconf 88' lang='lat' dir='ltr'><strong>summa</strong></span> <span class='ocrx_word' id='word_1_474' title='bbox 2335 3390 2603 3447; x_wconf 62' lang='lat' dir='ltr'><strong>poti-stato</strong></span> <span class='ocrx_word' id='word_1_475' title='bbox 2635 3379 2900 3433; x_wconf 55' lang='lat' dir='ltr'><strong>universae</strong></span> <span class='ocrx_word' id='word_1_476' title='bbox 2935 3377 3184 3430; x_wconf 86' lang='lat' dir='ltr'><strong>orientali</strong></span> <span class='ocrx_word' id='word_1_477' title='bbox 3221 3377 3424 3428; x_wconf 85' lang='lat' dir='ltr'><strong>militia-</strong></span> <span class='ocrx_word' id='word_1_478' title='bbox 3447 3375 3564 3440; x_wconf 86' lang='lat' dir='ltr'><strong>fuit,</strong></span> <span class='ocrx_word' id='word_1_479' title='bbox 3593 3376 3658 3428; x_wconf 88' lang='lat' dir='ltr'><strong>ab</strong></span> 
     </span>
    </p>
   </div>
   <div class='ocr_carea' id='block_1_63' title="bbox 2087 3465 3653 3539">
    <p class='ocr_par' dir='ltr' id='par_1_63' title="bbox 2087 3465 3653 3539">
     <span class='ocr_line' id='line_1_63' title="bbox 2087 3465 3653 3539; baseline -0.004 -13"><span class='ocrx_word' id='word_1_480' title='bbox 2087 3489 2154 3526; x_wconf 91' lang='lat' dir='ltr'><strong>eo</strong></span> <span class='ocrx_word' id='word_1_481' title='bbox 2195 3474 2282 3539; x_wconf 90' lang='lat' dir='ltr'><strong>qni</strong></span> <span class='ocrx_word' id='word_1_482' title='bbox 2321 3483 2430 3524; x_wconf 88' lang='lat' dir='ltr'><strong>tum</strong></span> <span class='ocrx_word' id='word_1_483' title='bbox 2466 3473 2705 3524; x_wconf 65' lang='lat' dir='ltr'><strong>habenas</strong></span> <span class='ocrx_word' id='word_1_484' title='bbox 2739 3471 3124 3524; x_wconf 84' lang='lat' dir='ltr'><strong>moderabatur</strong></span> <span class='ocrx_word' id='word_1_485' title='bbox 3164 3470 3374 3537; x_wconf 75' lang='lat' dir='ltr'><strong>imperii</strong></span> <span class='ocrx_word' id='word_1_486' title='bbox 3431 3465 3653 3519; x_wconf 87' lang='lat' dir='ltr'><strong>Basilio.</strong></span> 
     </span>
    </p>
   </div>
   <div class='ocr_carea' id='block_1_64' title="bbox 2088 3555 3660 3622">
    <p class='ocr_par' dir='ltr' id='par_1_64' title="bbox 2088 3555 3660 3622">
     <span class='ocr_line' id='line_1_64' title="bbox 2088 3555 3660 3622; baseline -0.006 -4"><span class='ocrx_word' id='word_1_487' title='bbox 2088 3563 2137 3618; x_wconf 87' lang='lat' dir='ltr'><strong>Is</strong></span> <span class='ocrx_word' id='word_1_488' title='bbox 2169 3564 2312 3617; x_wconf 89' lang='lat' dir='ltr'><strong>enim</strong></span> <span class='ocrx_word' id='word_1_489' title='bbox 2350 3562 2585 3615; x_wconf 82' lang='lat' dir='ltr'><strong>Manueli</strong></span> <span class='ocrx_word' id='word_1_490' title='bbox 2629 3577 2814 3613; x_wconf 83' lang='lat' dir='ltr'><strong>curant</strong></span> <span class='ocrx_word' id='word_1_491' title='bbox 2874 3563 3094 3613; x_wconf 87' lang='lat' dir='ltr'><strong>dederat</strong></span> <span class='ocrx_word' id='word_1_492' title='bbox 3154 3555 3478 3610; x_wconf 72' lang='lat' dir='ltr'><strong>terntinandi</strong></span> <span class='ocrx_word' id='word_1_493' title='bbox 3525 3571 3660 3622; x_wconf 84' lang='lat' dir='ltr'><strong>quo-</strong></span> 
     </span>
    </p>
   </div>
   <div class='ocr_carea' id='block_1_65' title="bbox 2087 3650 3656 3725">
    <p class='ocr_par' dir='ltr' id='par_1_65' title="bbox 2087 3650 3656 3725">
     <span class='ocr_line' id='line_1_65' title="bbox 2087 3650 3656 3725; baseline -0.004 -15"><span class='ocrx_word' id='word_1_494' title='bbox 2087 3658 2461 3725; x_wconf 83' lang='lat' dir='ltr'><strong>modocunqne</strong></span> <span class='ocrx_word' id='word_1_495' title='bbox 2528 3657 2606 3706; x_wconf 86' lang='lat' dir='ltr'><strong>vel</strong></span> <span class='ocrx_word' id='word_1_496' title='bbox 2664 3655 2985 3708; x_wconf 84' lang='lat' dir='ltr'><strong>tractatione</strong></span> <span class='ocrx_word' id='word_1_497' title='bbox 3036 3654 3239 3714; x_wconf 88' lang='lat' dir='ltr'><strong>sedata,</strong></span> <span class='ocrx_word' id='word_1_498' title='bbox 3306 3650 3386 3701; x_wconf 82' lang='lat' dir='ltr'><strong>vel</strong></span> <span class='ocrx_word' id='word_1_499' title='bbox 3434 3659 3656 3703; x_wconf 86' lang='lat' dir='ltr'><strong>cruenta</strong></span> 
     </span>
    </p>
   </div>
   <div class='ocr_carea' id='block_1_66' title="bbox 2089 3741 3652 3815">
    <p class='ocr_par' dir='ltr' id='par_1_66' title="bbox 2089 3741 3652 3815">
     <span class='ocr_line' id='line_1_66' title="bbox 2089 3741 3652 3815; baseline -0.008 -13"><span class='ocrx_word' id='word_1_500' title='bbox 2089 3749 2336 3813; x_wconf 78' lang='lat' dir='ltr'><strong>victoria,</strong></span> <span class='ocrx_word' id='word_1_501' title='bbox 2383 3747 2591 3800; x_wconf 85' lang='lat' dir='ltr'><strong>dissidii</strong></span> <span class='ocrx_word' id='word_1_502' title='bbox 2631 3751 2770 3815; x_wconf 63' lang='lat' dir='ltr'><strong>quod</strong></span> <span class='ocrx_word' id='word_1_503' title='bbox 2821 3746 2895 3798; x_wconf 94' lang='lat' dir='ltr'><strong>illi</strong></span> <span class='ocrx_word' id='word_1_504' title='bbox 2945 3759 3106 3814; x_wconf 85' lang='lat' dir='ltr'><strong>grave</strong></span> <span class='ocrx_word' id='word_1_505' title='bbox 3167 3758 3228 3797; x_wconf 89' lang='lat' dir='ltr'><strong>ac</strong></span> <span class='ocrx_word' id='word_1_506' title='bbox 3287 3741 3652 3810; x_wconf 83' lang='lat' dir='ltr'><strong>perniciosum</strong></span> 
     </span>
    </p>
   </div>
   <div class='ocr_carea' id='block_1_67' title="bbox 2087 3836 3652 3903">
    <p class='ocr_par' dir='ltr' id='par_1_67' title="bbox 2087 3836 3652 3903">
     <span class='ocr_line' id='line_1_67' title="bbox 2087 3836 3652 3903; baseline -0.006 -7"><span class='ocrx_word' id='word_1_507' title='bbox 2087 3845 2452 3897; x_wconf 86' lang='lat' dir='ltr'><strong>intercedebat</strong></span> <span class='ocrx_word' id='word_1_508' title='bbox 2483 3859 2601 3894; x_wconf 91' lang='lat' dir='ltr'><strong>cum</strong></span> <span class='ocrx_word' id='word_1_509' title='bbox 2632 3841 2794 3895; x_wconf 81' lang='lat' dir='ltr'><strong>Dum.</strong></span> <span class='ocrx_word' id='word_1_510' title='bbox 2832 3841 2898 3892; x_wconf 81' lang='lat' dir='ltr'><strong>At</strong></span> <span class='ocrx_word' id='word_1_511' title='bbox 2925 3839 3098 3892; x_wconf 82' lang='lat' dir='ltr'><strong>Durus</strong></span> <span class='ocrx_word' id='word_1_512' title='bbox 3127 3837 3280 3891; x_wconf 87' lang='lat' dir='ltr'><strong>alteri</strong></span> <span class='ocrx_word' id='word_1_513' title='bbox 3309 3836 3441 3902; x_wconf 84' lang='lat' dir='ltr'><strong>parti</strong></span> <span class='ocrx_word' id='word_1_514' title='bbox 3470 3836 3652 3903; x_wconf 84' lang='lat' dir='ltr'><strong>optio-</strong></span> 
     </span>
    </p>
   </div>
   <div class='ocr_carea' id='block_1_68' title="bbox 2089 3927 3653 4004">
    <p class='ocr_par' dir='ltr' id='par_1_68' title="bbox 2089 3927 3653 4004">
     <span class='ocr_line' id='line_1_68' title="bbox 2089 3927 3653 4004; baseline -0.006 -15"><span class='ocrx_word' id='word_1_515' title='bbox 2089 3937 2169 3989; x_wconf 90' lang='lat' dir='ltr'><strong>nis</strong></span> <span class='ocrx_word' id='word_1_516' title='bbox 2198 3935 2334 4002; x_wconf 82' lang='lat' dir='ltr'><strong>ejus,</strong></span> <span class='ocrx_word' id='word_1_517' title='bbox 2371 3935 2595 4004; x_wconf 70' lang='lat' dir='ltr'><strong>placidae</strong></span> <span class='ocrx_word' id='word_1_518' title='bbox 2626 3948 2818 4002; x_wconf 89' lang='lat' dir='ltr'><strong>nempe</strong></span> <span class='ocrx_word' id='word_1_519' title='bbox 2863 3932 3263 4000; x_wconf 76' lang='lat' dir='ltr'><strong>contpositioni,</strong></span> <span class='ocrx_word' id='word_1_520' title='bbox 3318 3931 3493 3984; x_wconf 87' lang='lat' dir='ltr'><strong>locum</strong></span> <span class='ocrx_word' id='word_1_521' title='bbox 3529 3927 3653 3981; x_wconf 82' lang='lat' dir='ltr'><strong>reli-</strong></span> 
     </span>
    </p>
   </div>
   <div class='ocr_carea' id='block_1_69' title="bbox 2085 4021 3650 4097">
    <p class='ocr_par' dir='ltr' id='par_1_69' title="bbox 2085 4021 3650 4097">
     <span class='ocr_line' id='line_1_69' title="bbox 2085 4021 3650 4097; baseline -0.003 -19"><span class='ocrx_word' id='word_1_522' title='bbox 2085 4029 2203 4097; x_wconf 90' lang='lat' dir='ltr'><strong>qnit</strong></span> <span class='ocrx_word' id='word_1_523' title='bbox 2231 4027 2471 4094; x_wconf 86' lang='lat' dir='ltr'><strong>nullum;</strong></span> <span class='ocrx_word' id='word_1_524' title='bbox 2509 4027 2668 4080; x_wconf 88' lang='lat' dir='ltr'><strong>homo</strong></span> <span class='ocrx_word' id='word_1_525' title='bbox 2699 4026 3039 4079; x_wconf 78' lang='lat' dir='ltr'><strong>abhorrentis</strong></span> <span class='ocrx_word' id='word_1_526' title='bbox 3069 4043 3097 4077; x_wconf 80' lang='grc' dir='ltr'><strong>ιι</strong></span> <span class='ocrx_word' id='word_1_527' title='bbox 3139 4039 3269 4091; x_wconf 86' lang='lat' dir='ltr'><strong>pace</strong></span> <span class='ocrx_word' id='word_1_528' title='bbox 3304 4033 3530 4085; x_wconf 69' lang='lat' dir='ltr'><strong>natura,</strong></span> <span class='ocrx_word' id='word_1_529' title='bbox 3559 4021 3650 4089; x_wconf 91' lang='lat' dir='ltr'><strong>qni</strong></span> 
     </span>
    </p>
   </div>
   <div class='ocr_carea' id='block_1_70' title="bbox 2089 4114 3652 4185">
    <p class='ocr_par' dir='ltr' id='par_1_70' title="bbox 2089 4114 3652 4185">
     <span class='ocr_line' id='line_1_70' title="bbox 2089 4114 3652 4185; baseline -0.004 -16"><span class='ocrx_word' id='word_1_530' title='bbox 2089 4117 2221 4170; x_wconf 85' lang='lat' dir='ltr'><strong>nihil</strong></span> <span class='ocrx_word' id='word_1_531' title='bbox 2267 4118 2366 4170; x_wconf 90' lang='lat' dir='ltr'><strong>nisi</strong></span> <span class='ocrx_word' id='word_1_532' title='bbox 2419 4117 2602 4185; x_wconf 55' lang='lat' dir='ltr'><strong>pra&#39;lia</strong></span> <span class='ocrx_word' id='word_1_533' title='bbox 2649 4117 2880 4182; x_wconf 87' lang='lat' dir='ltr'><strong>spiraret</strong></span> <span class='ocrx_word' id='word_1_534' title='bbox 2932 4130 2994 4168; x_wconf 88' lang='lat' dir='ltr'><strong>ac</strong></span> <span class='ocrx_word' id='word_1_535' title='bbox 3049 4114 3391 4178; x_wconf 76' lang='lat' dir='ltr'><strong>Sanguinem,</strong></span> <span class='ocrx_word' id='word_1_536' title='bbox 3439 4121 3493 4166; x_wconf 91' lang='lat' dir='ltr'><strong>et</strong></span> <span class='ocrx_word' id='word_1_537' title='bbox 3549 4126 3652 4164; x_wconf 93' lang='lat' dir='ltr'><strong>non</strong></span> 
     </span>
    </p>
   </div>
   <div class='ocr_carea' id='block_1_71' title="bbox 402 4208 1985 4286">
    <p class='ocr_par' dir='ltr' id='par_1_71' title="bbox 402 4211 1979 4286">
     <span class='ocr_line' id='line_1_71' title="bbox 402 4211 1979 4286; baseline 0.001 -22"><span class='ocrx_word' id='word_1_538' title='bbox 402 4211 498 4264; x_wconf 76' lang='grc' dir='ltr'><strong>τὸν</strong></span> <span class='ocrx_word' id='word_1_539' title='bbox 551 4211 761 4280; x_wconf 89' lang='grc' dir='ltr'>πύργον</span> <span class='ocrx_word' id='word_1_540' title='bbox 807 4213 884 4274; x_wconf 87' lang='grc' dir='ltr'>ὼς</span> <span class='ocrx_word' id='word_1_541' title='bbox 943 4212 1036 4264; x_wconf 77' lang='grc' dir='ltr'><strong>ἐπὶ</strong></span> <span class='ocrx_word' id='word_1_542' title='bbox 1087 4211 1218 4280; x_wconf 86' lang='grc' dir='ltr'>γόνυ</span> <span class='ocrx_word' id='word_1_543' title='bbox 1249 4212 1426 4264; x_wconf 84' lang='grc' dir='ltr'>δοκεῖν</span> <span class='ocrx_word' id='word_1_544' title='bbox 1470 4213 1836 4286; x_wconf 75' lang='grc' dir='ltr'>ὲπικλιθῆναι,</span> <span class='ocrx_word' id='word_1_545' title='bbox 1869 4215 1979 4266; x_wconf 74' lang='grc' dir='ltr'>κάκ</span> 
     </span>
    </p>
   </div>
   <div class='ocr_carea' id='block_1_72' title="bbox 2087 4208 3653 4286">
    <p class='ocr_par' dir='ltr' id='par_1_72' title="bbox 2087 4208 3653 4273">
     <span class='ocr_line' id='line_1_72' title="bbox 2087 4208 3653 4273; baseline -0.005 -11"><span class='ocrx_word' id='word_1_546' title='bbox 2087 4212 2224 4263; x_wconf 89' lang='lat' dir='ltr'><strong>viam</strong></span> <span class='ocrx_word' id='word_1_547' title='bbox 2260 4221 2352 4263; x_wconf 92' lang='lat' dir='ltr'><strong>aut</strong></span> <span class='ocrx_word' id='word_1_548' title='bbox 2404 4210 2832 4262; x_wconf 86' lang='lat' dir='ltr'><strong>instrumentum</strong></span> <span class='ocrx_word' id='word_1_549' title='bbox 2883 4208 3016 4273; x_wconf 82' lang='lat' dir='ltr'><strong>spei,</strong></span> <span class='ocrx_word' id='word_1_550' title='bbox 3066 4208 3159 4260; x_wconf 89' lang='lat' dir='ltr'><strong>sed</strong></span> <span class='ocrx_word' id='word_1_551' title='bbox 3217 4216 3460 4258; x_wconf 89' lang='lat' dir='ltr'><strong>votorum</strong></span> <span class='ocrx_word' id='word_1_552' title='bbox 3505 4217 3653 4257; x_wconf 87' lang='lat' dir='ltr'><strong>smn-</strong></span> 
     </span>
    </p>
   </div>
   <div class='ocr_carea' id='block_1_73' title="bbox 398 4301 1976 4374">
    <p class='ocr_par' dir='ltr' id='par_1_73' title="bbox 398 4301 1976 4374">
     <span class='ocr_line' id='line_1_73' title="bbox 398 4301 1976 4374; baseline 0.001 -18"><span class='ocrx_word' id='word_1_553' title='bbox 398 4301 597 4356; x_wconf 82' lang='grc' dir='ltr'>τούτου</span> <span class='ocrx_word' id='word_1_554' title='bbox 643 4305 739 4370; x_wconf 85' lang='grc' dir='ltr'>τῆς</span> <span class='ocrx_word' id='word_1_555' title='bbox 790 4303 1053 4365; x_wconf 79' lang='grc' dir='ltr'>τοιαύτης</span> <span class='ocrx_word' id='word_1_556' title='bbox 1129 4302 1512 4371; x_wconf 82' lang='grc' dir='ltr'>μετειληχέναι</span> <span class='ocrx_word' id='word_1_557' title='bbox 1575 4306 1976 4374; x_wconf 82' lang='grc' dir='ltr'>προσηγορίας.</span> 
     </span>
    </p>
   </div>
   <div class='ocr_carea' id='block_1_74' title="bbox 401 4389 1978 4464">
    <p class='ocr_par' dir='ltr' id='par_1_74' title="bbox 401 4389 1978 4464">
     <span class='ocr_line' id='line_1_74' title="bbox 401 4389 1978 4464; baseline 0.002 -17"><span class='ocrx_word' id='word_1_558' title='bbox 401 4394 562 4447; x_wconf 81' lang='grc' dir='ltr'>Οὕτω</span> <span class='ocrx_word' id='word_1_559' title='bbox 591 4392 688 4462; x_wconf 79' lang='grc' dir='ltr'>μὲν</span> <span class='ocrx_word' id='word_1_560' title='bbox 712 4389 805 4447; x_wconf 81' lang='grc' dir='ltr'><strong>οὖν</strong></span> <span class='ocrx_word' id='word_1_561' title='bbox 829 4394 898 4447; x_wconf 82' lang='grc' dir='ltr'>τὰ</span> <span class='ocrx_word' id='word_1_562' title='bbox 922 4396 1064 4447; x_wconf 83' lang='grc' dir='ltr'>κατὰ</span> <span class='ocrx_word' id='word_1_563' title='bbox 1088 4393 1179 4446; x_wconf 79' lang='grc' dir='ltr'>τὸν</span> <span class='ocrx_word' id='word_1_564' title='bbox 1212 4393 1450 4461; x_wconf 86' lang='grc' dir='ltr'>Γονάτην</span> <span class='ocrx_word' id='word_1_565' title='bbox 1476 4411 1626 4464; x_wconf 85' lang='grc' dir='ltr'>παρη</span> <span class='ocrx_word' id='word_1_566' title='bbox 1639 4395 1978 4464; x_wconf 83' lang='grc' dir='ltr'>κολουθήκει.</span> 
     </span>
    </p>
   </div>
   <div class='ocr_carea' id='block_1_75' title="bbox 413 4485 1982 4559">
    <p class='ocr_par' dir='ltr' id='par_1_75' title="bbox 413 4485 1982 4559">
     <span class='ocr_line' id='line_1_75' title="bbox 413 4485 1982 4559; baseline 0.003 -22"><span class='ocrx_word' id='word_1_567' title='bbox 413 4487 471 4537; x_wconf 89' lang='grc' dir='ltr'>Ὅ</span> <span class='ocrx_word' id='word_1_568' title='bbox 507 4486 565 4537; x_wconf 80' lang='grc' dir='ltr'><strong>δὲ</strong></span> <span class='ocrx_word' id='word_1_569' title='bbox 611 4485 890 4553; x_wconf 84' lang='grc' dir='ltr'>Σαγγέλης</span> <span class='ocrx_word' id='word_1_570' title='bbox 921 4487 1014 4537; x_wconf 80' lang='grc' dir='ltr'>τὸν</span> <span class='ocrx_word' id='word_1_571' title='bbox 1041 4486 1142 4554; x_wconf 71' lang='grc' dir='ltr'><strong>ἤδη</strong></span> <span class='ocrx_word' id='word_1_572' title='bbox 1190 4487 1427 4556; x_wconf 80' lang='grc' dir='ltr'>ῥηθέντα</span> <span class='ocrx_word' id='word_1_573' title='bbox 1458 4486 1667 4555; x_wconf 87' lang='grc' dir='ltr'>μόσυνα</span> <span class='ocrx_word' id='word_1_574' title='bbox 1699 4486 1982 4559; x_wconf 74' lang='grc' dir='ltr'>ἐμπείρως</span> 
     </span>
    </p>
   </div>
   <div class='ocr_carea' id='block_1_76' title="bbox 399 4575 1980 4645">
    <p class='ocr_par' dir='ltr' id='par_1_76' title="bbox 399 4575 1980 4645">
     <span class='ocr_line' id='line_1_76' title="bbox 399 4575 1980 4645; baseline 0 -16"><span class='ocrx_word' id='word_1_575' title='bbox 399 4577 546 4630; x_wconf 76' lang='grc' dir='ltr'>πάνυ</span> <span class='ocrx_word' id='word_1_576' title='bbox 598 4576 1047 4641; x_wconf 81' lang='grc' dir='ltr'>κατασκευάσας,</span> <span class='ocrx_word' id='word_1_577' title='bbox 1077 4577 1135 4628; x_wconf 83' lang='grc' dir='ltr'>ὃν</span> <span class='ocrx_word' id='word_1_578' title='bbox 1180 4577 1233 4628; x_wconf 77' lang='lat' dir='ltr'><strong>oi</strong></span> <span class='ocrx_word' id='word_1_579' title='bbox 1266 4575 1489 4628; x_wconf 83' lang='grc' dir='ltr'>πλείονα</span> <span class='ocrx_word' id='word_1_580' title='bbox 1538 4575 1832 4645; x_wconf 77' lang='grc' dir='ltr'>ἐμπειρίαν</span> <span class='ocrx_word' id='word_1_581' title='bbox 1873 4577 1980 4630; x_wconf 84' lang='grc' dir='ltr'>τῶν</span> 
     </span>
    </p>
   </div>
   <div class='ocr_carea' id='block_1_77' title="bbox 400 4666 1973 4737">
    <p class='ocr_par' dir='ltr' id='par_1_77' title="bbox 400 4666 1973 4737">
     <span class='ocr_line' id='line_1_77' title="bbox 400 4666 1973 4737; baseline 0.002 -19"><span class='ocrx_word' id='word_1_582' title='bbox 400 4668 725 4736; x_wconf 80' lang='grc' dir='ltr'>μηχανικῶν</span> <span class='ocrx_word' id='word_1_583' title='bbox 762 4668 1096 4734; x_wconf 80' lang='grc' dir='ltr'>κεκτημένοι</span> <span class='ocrx_word' id='word_1_584' title='bbox 1141 4666 1386 4736; x_wconf 81' lang='grc' dir='ltr'>χελώνην</span> <span class='ocrx_word' id='word_1_585' title='bbox 1418 4667 1530 4736; x_wconf 65' lang='grc'><strong>(84)</strong></span> <span class='ocrx_word' id='word_1_586' title='bbox 1569 4667 1973 4737; x_wconf 74' lang='grc' dir='ltr'>κατονομάζου-</span> 
     </span>
    </p>
   </div>
   <div class='ocr_carea' id='block_1_78' title="bbox 399 4760 1970 4829">
    <p class='ocr_par' dir='ltr' id='par_1_78' title="bbox 399 4760 1970 4829">
     <span class='ocr_line' id='line_1_78' title="bbox 399 4760 1970 4829; baseline -0.001 -17"><span class='ocrx_word' id='word_1_587' title='bbox 399 4777 508 4821; x_wconf 84' lang='grc' dir='ltr'>σιν,</span> <span class='ocrx_word' id='word_1_588' title='bbox 543 4762 698 4822; x_wconf 64' lang='grc' dir='ltr'>ἐκτῖς</span> <span class='ocrx_word' id='word_1_589' title='bbox 734 4760 926 4814; x_wconf 86' lang='grc' dir='ltr'>τούτου</span> <span class='ocrx_word' id='word_1_590' title='bbox 993 4761 1192 4828; x_wconf 81' lang='grc' dir='ltr'>ἄνδρας</span> <span class='ocrx_word' id='word_1_591' title='bbox 1238 4761 1574 4829; x_wconf 70' lang='grc' dir='ltr'>ὁπλοφόρους</span> <span class='ocrx_word' id='word_1_592' title='bbox 1614 4761 1970 4829; x_wconf 70' lang='grc' dir='ltr'>τειχεσιπλῆ-</span> 
     </span>
    </p>
   </div>
   <div class='ocr_carea' id='block_1_79' title="bbox 393 4849 1970 4920">
    <p class='ocr_par' dir='ltr' id='par_1_79' title="bbox 393 4849 1970 4920">
     <span class='ocr_line' id='line_1_79' title="bbox 393 4849 1970 4920; baseline -0.002 -15"><span class='ocrx_word' id='word_1_593' title='bbox 393 4853 572 4911; x_wconf 76' lang='grc' dir='ltr'>κταςί</span> <span class='ocrx_word' id='word_1_594' title='bbox 611 4852 812 4918; x_wconf 75' lang='grc' dir='ltr'>εἰσῆξε.</span> <span class='ocrx_word' id='word_1_595' title='bbox 861 4852 956 4903; x_wconf 76' lang='grc' dir='ltr'>καὶ</span> <span class='ocrx_word' id='word_1_596' title='bbox 1003 4852 1225 4920; x_wconf 78' lang='grc' dir='ltr'>ἐτέρους</span> <span class='ocrx_word' id='word_1_597' title='bbox 1256 4850 1382 4912; x_wconf 83' lang='grc' dir='ltr'>τοὺς</span> <span class='ocrx_word' id='word_1_598' title='bbox 1413 4851 1504 4903; x_wconf 75' lang='grc' dir='ltr'>τὸν</span> <span class='ocrx_word' id='word_1_599' title='bbox 1543 4849 1752 4918; x_wconf 78' lang='grc' dir='ltr'>πύργον</span> <span class='ocrx_word' id='word_1_600' title='bbox 1787 4851 1970 4902; x_wconf 83' lang='grc' dir='ltr'>κάτω-</span> 
     </span>
    </p>
   </div>
   <div class='ocr_carea' id='block_1_80' title="bbox 393 4937 1970 5012">
    <p class='ocr_par' dir='ltr' id='par_1_80' title="bbox 393 4937 1970 5012">
     <span class='ocr_line' id='line_1_80' title="bbox 393 4937 1970 5012; baseline -0.001 -14"><span class='ocrx_word' id='word_1_601' title='bbox 393 4947 492 4998; x_wconf 84' lang='grc' dir='ltr'>Θεν</span> <span class='ocrx_word' id='word_1_602' title='bbox 545 4944 857 4997; x_wconf 83' lang='grc' dir='ltr'>κατασείειν</span> <span class='ocrx_word' id='word_1_603' title='bbox 925 4944 1014 4995; x_wconf 82' lang='grc' dir='ltr'><strong>διὰ</strong></span> <span class='ocrx_word' id='word_1_604' title='bbox 1065 4944 1299 5012; x_wconf 75' lang='grc' dir='ltr'>σιδήριον</span> <span class='ocrx_word' id='word_1_605' title='bbox 1351 4944 1556 5003; x_wconf 71' lang='grc' dir='ltr'>είδότας</span> <span class='ocrx_word' id='word_1_606' title='bbox 1601 4943 1684 5007; x_wconf 71' lang='grc' dir='ltr'><strong>ἐφ’</strong></span> <span class='ocrx_word' id='word_1_607' title='bbox 1745 4937 1788 5009; x_wconf 81' lang='grc' dir='ltr'>ᾧ</span> <span class='ocrx_word' id='word_1_608' title='bbox 1842 4945 1970 5006; x_wconf 77' lang='grc' dir='ltr'>τοὺς</span> 
     </span>
    </p>
   </div>
   <div class='ocr_carea' id='block_1_81' title="bbox 397 5035 1969 5105">
    <p class='ocr_par' dir='ltr' id='par_1_81' title="bbox 397 5035 1969 5105">
     <span class='ocr_line' id='line_1_81' title="bbox 397 5035 1969 5105; baseline -0.001 -16"><span class='ocrx_word' id='word_1_609' title='bbox 397 5039 502 5104; x_wconf 83' lang='grc' dir='ltr'>μὲν</span> <span class='ocrx_word' id='word_1_610' title='bbox 541 5038 674 5105; x_wconf 81' lang='grc' dir='ltr'>πρὸς</span> <span class='ocrx_word' id='word_1_611' title='bbox 705 5038 830 5098; x_wconf 84' lang='grc' dir='ltr'>τοὺς</span> <span class='ocrx_word' id='word_1_612' title='bbox 861 5036 1065 5090; x_wconf 81' lang='grc' dir='ltr'>ἄνωθεν</span> <span class='ocrx_word' id='word_1_613' title='bbox 1091 5035 1184 5088; x_wconf 81' lang='grc' dir='ltr'>τοῦ</span> <span class='ocrx_word' id='word_1_614' title='bbox 1203 5036 1413 5103; x_wconf 84' lang='grc' dir='ltr'>τείχους</span> <span class='ocrx_word' id='word_1_615' title='bbox 1445 5036 1734 5104; x_wconf 66' lang='grc' dir='ltr'>μάχεσθαι,</span> <span class='ocrx_word' id='word_1_616' title='bbox 1759 5037 1883 5099; x_wconf 78' lang='grc' dir='ltr'>τοὺς</span> <span class='ocrx_word' id='word_1_617' title='bbox 1913 5038 1969 5088; x_wconf 73' lang='grc' dir='ltr'><strong>δὲ</strong></span> 
     </span>
    </p>
   </div>
   <div class='ocr_carea' id='block_1_82' title="bbox 391 5127 1973 5196">
    <p class='ocr_par' dir='ltr' id='par_1_82' title="bbox 391 5127 1973 5196">
     <span class='ocr_line' id='line_1_82' title="bbox 391 5127 1973 5196; baseline -0.001 -15"><span class='ocrx_word' id='word_1_618' title='bbox 391 5128 706 5196; x_wconf 77' lang='grc' dir='ltr'>ἐκεχειρίαν</span> <span class='ocrx_word' id='word_1_619' title='bbox 729 5128 874 5196; x_wconf 79' lang='grc' dir='ltr'>ἔχειν</span> <span class='ocrx_word' id='word_1_620' title='bbox 902 5127 1153 5179; x_wconf 76' lang='grc' dir='ltr'>ἐντεῦθεν</span> <span class='ocrx_word' id='word_1_621' title='bbox 1175 5131 1193 5160; x_wconf 80' lang='grc'>³</span> <span class='ocrx_word' id='word_1_622' title='bbox 1218 5127 1308 5179; x_wconf 78' lang='grc' dir='ltr'><strong>τὸν</strong></span> <span class='ocrx_word' id='word_1_623' title='bbox 1332 5127 1540 5196; x_wconf 81' lang='grc' dir='ltr'>πύργον</span> <span class='ocrx_word' id='word_1_624' title='bbox 1561 5127 1886 5191; x_wconf 85' lang='grc' dir='ltr'>διορύττειν.</span> <span class='ocrx_word' id='word_1_625' title='bbox 1909 5127 1973 5180; x_wconf 80' lang='grc' dir='ltr'><strong>Οἳ</strong></span> 
     </span>
    </p>
   </div>
   <div class='ocr_carea' id='block_1_83' title="bbox 391 5218 1977 5288">
    <p class='ocr_par' dir='ltr' id='par_1_83' title="bbox 391 5218 1977 5288">
     <span class='ocr_line' id='line_1_83' title="bbox 391 5218 1977 5288; baseline -0.001 -17"><span class='ocrx_word' id='word_1_626' title='bbox 391 5221 494 5271; x_wconf 73' lang='grc' dir='ltr'><strong>καὶ</strong></span> <span class='ocrx_word' id='word_1_627' title='bbox 526 5219 765 5288; x_wconf 79' lang='grc' dir='ltr'>κορμοὺς</span> <span class='ocrx_word' id='word_1_628' title='bbox 793 5218 970 5284; x_wconf 82' lang='grc' dir='ltr'>ξύλων</span> <span class='ocrx_word' id='word_1_629' title='bbox 997 5218 1216 5285; x_wconf 82' lang='grc' dir='ltr'>είσῆγον</span> <span class='ocrx_word' id='word_1_630' title='bbox 1247 5218 1366 5270; x_wconf 77' lang='grc' dir='ltr'>ἀντὶ</span> <span class='ocrx_word' id='word_1_631' title='bbox 1388 5219 1496 5270; x_wconf 82' lang='grc' dir='ltr'>τῶν</span> <span class='ocrx_word' id='word_1_632' title='bbox 1524 5218 1873 5285; x_wconf 77' lang='grc' dir='ltr'>ἐξαγομένων</span> <span class='ocrx_word' id='word_1_633' title='bbox 1897 5219 1977 5271; x_wconf 91' lang='grc' dir='ltr'>λί-</span> 
     </span>
    </p>
   </div>
   <div class='ocr_carea' id='block_1_84' title="bbox 390 5307 1977 5380">
    <p class='ocr_par' dir='ltr' id='par_1_84' title="bbox 390 5307 1977 5380">
     <span class='ocr_line' id='line_1_84' title="bbox 390 5307 1977 5380; baseline -0.003 -16"><span class='ocrx_word' id='word_1_634' title='bbox 390 5311 713 5380; x_wconf 74' lang='grc' dir='ltr'>Θ‹ι›ν.Μέχρι</span> <span class='ocrx_word' id='word_1_635' title='bbox 739 5310 797 5364; x_wconf 77' lang='grc' dir='ltr'><strong>δὲ</strong></span> <span class='ocrx_word' id='word_1_636' title='bbox 815 5311 912 5377; x_wconf 82' lang='grc' dir='ltr'><strong>τῆς</strong></span> <span class='ocrx_word' id='word_1_637' title='bbox 947 5307 1098 5372; x_wconf 73' lang='grc' dir='ltr'>ἐντὸς</span> <span class='ocrx_word' id='word_1_638' title='bbox 1124 5308 1446 5376; x_wconf 71' lang='grc' dir='ltr'>ἐπιφανείας</span> <span class='ocrx_word' id='word_1_639' title='bbox 1471 5307 1766 5375; x_wconf 80' lang='grc' dir='ltr'>ἐφθακότες</span> <span class='ocrx_word' id='word_1_640' title='bbox 1784 5309 1859 5371; x_wconf 83' lang='grc' dir='ltr'>ὡς</span> <span class='ocrx_word' id='word_1_641' title='bbox 1883 5309 1977 5362; x_wconf 80' lang='grc' dir='ltr'>καὶ</span> 
     </span>
    </p>
   </div>
   <div class='ocr_carea' id='block_1_85' title="bbox 2081 4298 3652 4368">
    <p class='ocr_par' dir='ltr' id='par_1_85' title="bbox 2081 4298 3652 4368">
     <span class='ocr_line' id='line_1_85' title="bbox 2081 4298 3652 4368; baseline -0.006 -12"><span class='ocrx_word' id='word_1_642' title='bbox 2081 4318 2221 4356; x_wconf 88' lang='lat' dir='ltr'><strong>mam</strong></span> <span class='ocrx_word' id='word_1_643' title='bbox 2257 4302 2453 4354; x_wconf 89' lang='lat' dir='ltr'><strong>bellum</strong></span> <span class='ocrx_word' id='word_1_644' title='bbox 2493 4303 2738 4355; x_wconf 88' lang='lat' dir='ltr'><strong>haberet.</strong></span> <span class='ocrx_word' id='word_1_645' title='bbox 2781 4302 2970 4368; x_wconf 86' lang='lat' dir='ltr'><strong>Itaque</strong></span> <span class='ocrx_word' id='word_1_646' title='bbox 3008 4298 3347 4352; x_wconf 85' lang='lat' dir='ltr'><strong>tractationis</strong></span> <span class='ocrx_word' id='word_1_647' title='bbox 3373 4311 3496 4362; x_wconf 91' lang='lat' dir='ltr'><strong>spes</strong></span> <span class='ocrx_word' id='word_1_648' title='bbox 3530 4310 3652 4347; x_wconf 87' lang='lat' dir='ltr'><strong>om-</strong></span> 
     </span>
    </p>
   </div>
   <div class='ocr_carea' id='block_1_86' title="bbox 2082 4385 3652 4459">
    <p class='ocr_par' dir='ltr' id='par_1_86' title="bbox 2082 4385 3652 4459">
     <span class='ocr_line' id='line_1_86' title="bbox 2082 4385 3652 4459; baseline -0.004 -13"><span class='ocrx_word' id='word_1_649' title='bbox 2082 4391 2166 4446; x_wconf 90' lang='lat' dir='ltr'><strong>nis</strong></span> <span class='ocrx_word' id='word_1_650' title='bbox 2192 4391 2560 4459; x_wconf 81' lang='lat' dir='ltr'><strong>abrumpitur.</strong></span> <span class='ocrx_word' id='word_1_651' title='bbox 2596 4389 2771 4444; x_wconf 69' lang='lat' dir='ltr'><strong>Nicaaa</strong></span> <span class='ocrx_word' id='word_1_652' title='bbox 2803 4391 2931 4458; x_wconf 88' lang='lat' dir='ltr'><strong>quin</strong></span> <span class='ocrx_word' id='word_1_653' title='bbox 2966 4390 3128 4443; x_wconf 90' lang='lat' dir='ltr'><strong>etiam</strong></span> <span class='ocrx_word' id='word_1_654' title='bbox 3163 4389 3216 4440; x_wconf 94' lang='lat' dir='ltr'><strong>in</strong></span> <span class='ocrx_word' id='word_1_655' title='bbox 3245 4403 3349 4456; x_wconf 86' lang='lat' dir='ltr'><strong>qua</strong></span> <span class='ocrx_word' id='word_1_656' title='bbox 3383 4396 3499 4440; x_wconf 90' lang='lat' dir='ltr'><strong>erat</strong></span> <span class='ocrx_word' id='word_1_657' title='bbox 3542 4385 3652 4440; x_wconf 73' lang='lat' dir='ltr'><strong>Ma-</strong></span> 
     </span>
    </p>
   </div>
   <div class='ocr_carea' id='block_1_87' title="bbox 2078 4477 3650 4550">
    <p class='ocr_par' dir='ltr' id='par_1_87' title="bbox 2078 4477 3650 4550">
     <span class='ocr_line' id='line_1_87' title="bbox 2078 4477 3650 4550; baseline -0.004 -13"><span class='ocrx_word' id='word_1_658' title='bbox 2078 4483 2225 4545; x_wconf 86' lang='lat' dir='ltr'><strong>nuel,</strong></span> <span class='ocrx_word' id='word_1_659' title='bbox 2255 4497 2285 4536; x_wconf 85' lang='lat' dir='ltr'><strong>a</strong></span> <span class='ocrx_word' id='word_1_660' title='bbox 2321 4484 2462 4536; x_wconf 91' lang='lat' dir='ltr'><strong>Duro</strong></span> <span class='ocrx_word' id='word_1_661' title='bbox 2487 4482 2717 4537; x_wconf 89' lang='lat' dir='ltr'><strong>summis</strong></span> <span class='ocrx_word' id='word_1_662' title='bbox 2751 4481 2943 4550; x_wconf 85' lang='lat' dir='ltr'><strong>Opibus</strong></span> <span class='ocrx_word' id='word_1_663' title='bbox 2990 4480 3361 4546; x_wconf 84' lang='lat' dir='ltr'><strong>machinisque</strong></span> <span class='ocrx_word' id='word_1_664' title='bbox 3395 4477 3650 4531; x_wconf 89' lang='lat' dir='ltr'><strong>omnibus</strong></span> 
     </span>
    </p>
   </div>
   <div class='ocr_carea' id='block_1_88' title="bbox 2081 4570 3650 4643">
    <p class='ocr_par' dir='ltr' id='par_1_88' title="bbox 2081 4570 3650 4643">
     <span class='ocr_line' id='line_1_88' title="bbox 2081 4570 3650 4643; baseline -0.003 -16"><span class='ocrx_word' id='word_1_665' title='bbox 2081 4575 2313 4628; x_wconf 89' lang='lat' dir='ltr'><strong>admotis</strong></span> <span class='ocrx_word' id='word_1_666' title='bbox 2359 4585 2723 4643; x_wconf 82' lang='lat' dir='ltr'><strong>oppugnatur.</strong></span> <span class='ocrx_word' id='word_1_667' title='bbox 2756 4576 2828 4626; x_wconf 80' lang='lat' dir='ltr'><strong>Ac</strong></span> <span class='ocrx_word' id='word_1_668' title='bbox 2877 4572 3014 4626; x_wconf 87' lang='lat' dir='ltr'><strong>forte</strong></span> <span class='ocrx_word' id='word_1_669' title='bbox 3049 4572 3288 4640; x_wconf 70' lang='lat' dir='ltr'><strong>incubuit</strong></span> <span class='ocrx_word' id='word_1_670' title='bbox 3329 4571 3375 4623; x_wconf 88' lang='lat' dir='ltr'><strong>is</strong></span> <span class='ocrx_word' id='word_1_671' title='bbox 3417 4570 3650 4637; x_wconf 89' lang='lat' dir='ltr'><strong>impetus</strong></span> 
     </span>
    </p>
   </div>
   <div class='ocr_carea' id='block_1_89' title="bbox 2083 4653 3652 4729">
    <p class='ocr_par' dir='ltr' id='par_1_89' title="bbox 2083 4653 3652 4729">
     <span class='ocr_line' id='line_1_89' title="bbox 2083 4653 3652 4729; baseline -0.007 -12"><span class='ocrx_word' id='word_1_672' title='bbox 2083 4665 2456 4719; x_wconf 81' lang='lat' dir='ltr'><strong>vehementior</strong></span> <span class='ocrx_word' id='word_1_673' title='bbox 2498 4667 2548 4716; x_wconf 91' lang='lat' dir='ltr'><strong>in</strong></span> <span class='ocrx_word' id='word_1_674' title='bbox 2584 4664 2740 4715; x_wconf 85' lang='lat' dir='ltr'><strong>istam</strong></span> <span class='ocrx_word' id='word_1_675' title='bbox 2788 4663 2852 4714; x_wconf 90' lang='lat' dir='ltr'><strong>de</strong></span> <span class='ocrx_word' id='word_1_676' title='bbox 2883 4676 2982 4726; x_wconf 87' lang='lat' dir='ltr'><strong>qua</strong></span> <span class='ocrx_word' id='word_1_677' title='bbox 3016 4662 3222 4729; x_wconf 80' lang='lat' dir='ltr'><strong>agimus</strong></span> <span class='ocrx_word' id='word_1_678' title='bbox 3253 4658 3466 4718; x_wconf 91' lang='lat' dir='ltr'><strong>turrim,</strong></span> <span class='ocrx_word' id='word_1_679' title='bbox 3500 4653 3652 4721; x_wconf 70' lang='lat' dir='ltr'><strong>citius</strong></span> 
     </span>
    </p>
   </div>
   <div class='ocr_carea' id='block_1_90' title="bbox 2085 4748 3650 4824">
    <p class='ocr_par' dir='ltr' id='par_1_90' title="bbox 2085 4748 3650 4824">
     <span class='ocr_line' id='line_1_90' title="bbox 2085 4748 3650 4824; baseline -0.01 -13"><span class='ocrx_word' id='word_1_680' title='bbox 2085 4757 2324 4812; x_wconf 81' lang='lat' dir='ltr'><strong>inferiori</strong></span> <span class='ocrx_word' id='word_1_681' title='bbox 2388 4769 2540 4824; x_wconf 84' lang='lat' dir='ltr'><strong>parte</strong></span> <span class='ocrx_word' id='word_1_682' title='bbox 2593 4755 2721 4807; x_wconf 92' lang='lat' dir='ltr'><strong>Duri</strong></span> <span class='ocrx_word' id='word_1_683' title='bbox 2789 4752 3149 4821; x_wconf 82' lang='lat' dir='ltr'><strong>oppugnantis</strong></span> <span class='ocrx_word' id='word_1_684' title='bbox 3203 4748 3466 4801; x_wconf 86' lang='lat' dir='ltr'><strong>machinis</strong></span> <span class='ocrx_word' id='word_1_685' title='bbox 3507 4762 3650 4799; x_wconf 83' lang='lat' dir='ltr'><strong>(‘Otlt-</strong></span> 
     </span>
    </p>
   </div>
   <div class='ocr_carea' id='block_1_91' title="bbox 2082 4839 3642 4916">
    <p class='ocr_par' dir='ltr' id='par_1_91' title="bbox 2082 4839 3642 4916">
     <span class='ocr_line' id='line_1_91' title="bbox 2082 4839 3642 4916; baseline -0.009 -12"><span class='ocrx_word' id='word_1_686' title='bbox 2082 4865 2258 4904; x_wconf 85' lang='lat' dir='ltr'><strong>mersa</strong></span> <span class='ocrx_word' id='word_1_687' title='bbox 2296 4850 2702 4916; x_wconf 87' lang='lat' dir='ltr'><strong>subtractaqne,</strong></span> <span class='ocrx_word' id='word_1_688' title='bbox 2738 4846 2960 4914; x_wconf 71' lang='lat' dir='ltr'><strong>conligit</strong></span> <span class='ocrx_word' id='word_1_689' title='bbox 3007 4841 3288 4896; x_wconf 83' lang='lat' dir='ltr'><strong>subsidere</strong></span> <span class='ocrx_word' id='word_1_690' title='bbox 3333 4849 3555 4907; x_wconf 86' lang='lat' dir='ltr'><strong>repente</strong></span> <span class='ocrx_word' id='word_1_691' title='bbox 3589 4839 3642 4891; x_wconf 91' lang='lat' dir='ltr'><strong>in</strong></span> 
     </span>
    </p>
   </div>
   <div class='ocr_carea' id='block_1_92' title="bbox 2082 4932 3644 5012">
    <p class='ocr_par' dir='ltr' id='par_1_92' title="bbox 2082 4932 3644 5012">
     <span class='ocr_line' id='line_1_92' title="bbox 2082 4932 3644 5012; baseline -0.006 -18"><span class='ocrx_word' id='word_1_692' title='bbox 2082 4942 2306 5010; x_wconf 81' lang='lat' dir='ltr'><strong>vestigio</strong></span> <span class='ocrx_word' id='word_1_693' title='bbox 2335 4942 2669 5007; x_wconf 88' lang='lat' dir='ltr'><strong>superiorem</strong></span> <span class='ocrx_word' id='word_1_694' title='bbox 2709 4940 2922 5001; x_wconf 82' lang='lat' dir='ltr'><strong>molem,</strong></span> <span class='ocrx_word' id='word_1_695' title='bbox 2955 4952 3076 5006; x_wconf 65' lang='lat' dir='ltr'><strong>quae</strong></span> <span class='ocrx_word' id='word_1_696' title='bbox 3126 4935 3402 5012; x_wconf 84' lang='lat' dir='ltr'><strong>inopinate</strong></span> <span class='ocrx_word' id='word_1_697' title='bbox 3428 4932 3644 5000; x_wconf 82' lang='lat' dir='ltr'><strong>fastigio</strong></span> 
     </span>
    </p>
   </div>
   <div class='ocr_carea' id='block_1_93' title="bbox 2079 5024 3645 5101">
    <p class='ocr_par' dir='ltr' id='par_1_93' title="bbox 2079 5024 3645 5101">
     <span class='ocr_line' id='line_1_93' title="bbox 2079 5024 3645 5101; baseline -0.004 -15"><span class='ocrx_word' id='word_1_698' title='bbox 2079 5033 2351 5087; x_wconf 85' lang='lat' dir='ltr'><strong>submisso</strong></span> <span class='ocrx_word' id='word_1_699' title='bbox 2376 5035 2522 5085; x_wconf 84' lang='lat' dir='ltr'><strong>velut</strong></span> <span class='ocrx_word' id='word_1_700' title='bbox 2551 5034 2601 5085; x_wconf 92' lang='lat' dir='ltr'><strong>in</strong></span> <span class='ocrx_word' id='word_1_701' title='bbox 2633 5047 2804 5101; x_wconf 84' lang='lat' dir='ltr'><strong>genua</strong></span> <span class='ocrx_word' id='word_1_702' title='bbox 2843 5029 3198 5098; x_wconf 88' lang='lat' dir='ltr'><strong>procumbere</strong></span> <span class='ocrx_word' id='word_1_703' title='bbox 3241 5026 3354 5080; x_wconf 85' lang='lat' dir='ltr'><strong>visa</strong></span> <span class='ocrx_word' id='word_1_704' title='bbox 3387 5034 3486 5088; x_wconf 90' lang='lat' dir='ltr'><strong>est,</strong></span> <span class='ocrx_word' id='word_1_705' title='bbox 3518 5024 3645 5079; x_wconf 89' lang='lat' dir='ltr'><strong>hinc</strong></span> 
     </span>
    </p>
   </div>
   <div class='ocr_carea' id='block_1_94' title="bbox 2074 5121 3651 5194">
    <p class='ocr_par' dir='ltr' id='par_1_94' title="bbox 2074 5121 3651 5194">
     <span class='ocr_line' id='line_1_94' title="bbox 2074 5121 3651 5194; baseline -0.006 -15"><span class='ocrx_word' id='word_1_706' title='bbox 2074 5123 2309 5179; x_wconf 87' lang='lat' dir='ltr'><strong>Gonatos</strong></span> <span class='ocrx_word' id='word_1_707' title='bbox 2339 5126 2636 5194; x_wconf 83' lang='lat' dir='ltr'><strong>appellata.</strong></span> <span class='ocrx_word' id='word_1_708' title='bbox 2681 5125 2846 5177; x_wconf 90' lang='lat' dir='ltr'><strong>Suum</strong></span> <span class='ocrx_word' id='word_1_709' title='bbox 2877 5123 2942 5176; x_wconf 90' lang='lat' dir='ltr'><strong>ad</strong></span> <span class='ocrx_word' id='word_1_710' title='bbox 2977 5123 3116 5176; x_wconf 88' lang='lat' dir='ltr'><strong>hanc</strong></span> <span class='ocrx_word' id='word_1_711' title='bbox 3160 5121 3408 5174; x_wconf 88' lang='lat' dir='ltr'><strong>eamdem</strong></span> <span class='ocrx_word' id='word_1_712' title='bbox 3455 5133 3651 5187; x_wconf 80' lang='lat' dir='ltr'><strong>sugge-</strong></span> 
     </span>
    </p>
   </div>
   <div class='ocr_carea' id='block_1_95' title="bbox 2076 5213 3654 5288">
    <p class='ocr_par' dir='ltr' id='par_1_95' title="bbox 2076 5213 3654 5288">
     <span class='ocr_line' id='line_1_95' title="bbox 2076 5213 3654 5288; baseline -0.007 -16"><span class='ocrx_word' id='word_1_713' title='bbox 2076 5228 2217 5272; x_wconf 87' lang='lat' dir='ltr'><strong>stum</strong></span> <span class='ocrx_word' id='word_1_714' title='bbox 2252 5218 2485 5288; x_wconf 82' lang='lat' dir='ltr'><strong>lignenm</strong></span> <span class='ocrx_word' id='word_1_715' title='bbox 2513 5227 2637 5285; x_wconf 88' lang='lat' dir='ltr'><strong>apte</strong></span> <span class='ocrx_word' id='word_1_716' title='bbox 2669 5215 2992 5269; x_wconf 83' lang='lat' dir='ltr'><strong>fabricatum</strong></span> <span class='ocrx_word' id='word_1_717' title='bbox 3024 5215 3235 5284; x_wconf 89' lang='lat' dir='ltr'><strong>(talium</strong></span> <span class='ocrx_word' id='word_1_718' title='bbox 3274 5213 3430 5282; x_wconf 89' lang='lat' dir='ltr'><strong>periti</strong></span> <span class='ocrx_word' id='word_1_719' title='bbox 3468 5221 3654 5266; x_wconf 24' lang='lat' dir='ltr'><strong>testu-4</strong></span> 
     </span>
    </p>
   </div>
   <div class='ocr_carea' id='block_1_96' title="bbox 2079 5301 3643 5379">
    <p class='ocr_par' dir='ltr' id='par_1_96' title="bbox 2079 5301 3643 5379">
     <span class='ocr_line' id='line_1_96' title="bbox 2079 5301 3643 5379; baseline -0.006 -15"><span class='ocrx_word' id='word_1_720' title='bbox 2079 5310 2258 5364; x_wconf 90' lang='lat' dir='ltr'><strong>dinem</strong></span> <span class='ocrx_word' id='word_1_721' title='bbox 2297 5309 2562 5378; x_wconf 77' lang='lat' dir='ltr'><strong>dicerent)</strong></span> <span class='ocrx_word' id='word_1_722' title='bbox 2606 5312 2742 5364; x_wconf 89' lang='lat' dir='ltr'><strong>scite</strong></span> <span class='ocrx_word' id='word_1_723' title='bbox 2772 5310 2931 5379; x_wconf 86' lang='lat' dir='ltr'><strong>plane</strong></span> <span class='ocrx_word' id='word_1_724' title='bbox 2961 5307 3220 5377; x_wconf 78' lang='lat' dir='ltr'><strong>Sangeles</strong></span> <span class='ocrx_word' id='word_1_725' title='bbox 3246 5306 3507 5360; x_wconf 82' lang='lat' dir='ltr'><strong>admovit.</strong></span> <span class='ocrx_word' id='word_1_726' title='bbox 3537 5301 3643 5355; x_wconf 82' lang='lat' dir='ltr'><strong>Nec</strong></span> 
     </span>
    </p>
   </div>
   <div class='ocr_carea' id='block_1_97' title="bbox 1476 5421 2593 5484">
    <p class='ocr_par' dir='ltr' id='par_1_97' title="bbox 1476 5421 2593 5484">
     <span class='ocr_line' id='line_1_97' title="bbox 1476 5421 2593 5484; baseline 0.001 -2"><span class='ocrx_word' id='word_1_727' title='bbox 1476 5421 1676 5482; x_wconf 61' lang='lat' dir='ltr'><strong>Varia;</strong></span> <span class='ocrx_word' id='word_1_728' title='bbox 1705 5421 2013 5484; x_wconf 84' lang='lat' dir='ltr'><strong>lectiones</strong></span> <span class='ocrx_word' id='word_1_729' title='bbox 2048 5439 2126 5483; x_wconf 77' lang='lat' dir='ltr'><strong>ex</strong></span> <span class='ocrx_word' id='word_1_730' title='bbox 2155 5422 2300 5484; x_wconf 89' lang='lat' dir='ltr'><strong>cod.</strong></span> <span class='ocrx_word' id='word_1_731' title='bbox 2335 5422 2593 5484; x_wconf 87' lang='lat' dir='ltr'><strong>Coislin.</strong></span> 
     </span>
    </p>
   </div>
   <div class='ocr_carea' id='block_1_98' title="bbox 469 5521 1418 5594">
    <p class='ocr_par' dir='ltr' id='par_1_98' title="bbox 469 5521 1418 5594">
     <span class='ocr_line' id='line_1_98' title="bbox 469 5521 1418 5594; baseline 0.001 -17"><span class='ocrx_word' id='word_1_732' title='bbox 469 5523 516 5594; x_wconf 46' lang='grc' dir='ltr'><strong>ξ’</strong></span> <span class='ocrx_word' id='word_1_733' title='bbox 545 5523 773 5594; x_wconf 81' lang='grc' dir='ltr'>βύρσας.</span> <span class='ocrx_word' id='word_1_734' title='bbox 907 5524 954 5561; x_wconf 76' lang='grc'><strong>’⁸</strong></span> <span class='ocrx_word' id='word_1_735' title='bbox 976 5525 1098 5588; x_wconf 77' lang='grc' dir='ltr'>ταῖς</span> <span class='ocrx_word' id='word_1_736' title='bbox 1131 5521 1418 5594; x_wconf 80' lang='grc' dir='ltr'>πλευραῖς.</span> 
     </span>
    </p>
   </div>
   <div class='ocr_carea' id='block_1_99' title="bbox 393 5592 614 5649">
    <p class='ocr_par' dir='ltr' id='par_1_99' title="bbox 393 5592 614 5649">
     <span class='ocr_line' id='line_1_99' title="bbox 393 5592 614 5649; baseline 0.009 -2"><span class='ocrx_word' id='word_1_737' title='bbox 393 5598 412 5628; x_wconf 83' lang='grc'><em>³</em></span> <span class='ocrx_word' id='word_1_738' title='bbox 447 5592 614 5649; x_wconf 83' lang='grc' dir='ltr'>ὥστε.</span> 
     </span>
    </p>
   </div>
   <div class='ocr_carea' id='block_1_100' title="bbox 1524 5523 2065 5580">
    <p class='ocr_par' dir='ltr' id='par_1_100' title="bbox 1524 5523 2065 5580">
     <span class='ocr_line' id='line_1_100' title="bbox 1524 5523 2065 5580; baseline 0.004 -4"><span class='ocrx_word' id='word_1_739' title='bbox 1524 5524 1572 5556; x_wconf 77' lang='grc'><strong>⁸⁷</strong></span> <span class='ocrx_word' id='word_1_740' title='bbox 1604 5523 1766 5580; x_wconf 87' lang='lat' dir='ltr'><strong>Deest</strong></span> <span class='ocrx_word' id='word_1_741' title='bbox 1795 5524 1985 5580; x_wconf 87' lang='lat' dir='ltr'><strong>vocula</strong></span> <span class='ocrx_word' id='word_1_742' title='bbox 2015 5525 2065 5578; x_wconf 83' lang='grc' dir='ltr'><strong>ὁ.</strong></span> 
     </span>
    </p>
   </div>
   <div class='ocr_carea' id='block_1_101' title="bbox 3151 5514 3636 5587">
    <p class='ocr_par' dir='ltr' id='par_1_101' title="bbox 3151 5514 3636 5587">
     <span class='ocr_line' id='line_1_101' title="bbox 3151 5514 3636 5587; baseline -0.016 -15"><span class='ocrx_word' id='word_1_743' title='bbox 3151 5523 3167 5554; x_wconf 81' lang='grc'>⁸</span> <span class='ocrx_word' id='word_1_744' title='bbox 3195 5514 3636 5587; x_wconf 72' lang='grc' dir='ltr'>τειχεσιπλῆτας.</span> 
     </span>
    </p>
   </div>
   <div class='ocr_carea' id='block_1_102' title="bbox 2176 5523 3040 5593">
    <p class='ocr_par' dir='ltr' id='par_1_102' title="bbox 2176 5523 3040 5593">
     <span class='ocr_line' id='line_1_102' title="bbox 2176 5523 3040 5593; baseline 0.001 -15"><span class='ocrx_word' id='word_1_745' title='bbox 2176 5525 2223 5556; x_wconf 77' lang='grc'><strong>’⁸</strong></span> <span class='ocrx_word' id='word_1_746' title='bbox 2266 5525 2627 5593; x_wconf 78' lang='grc' dir='ltr'>αὐταδέλφου.</span> <span class='ocrx_word' id='word_1_747' title='bbox 2737 5525 2785 5558; x_wconf 82' lang='grc'><strong>”</strong></span> <span class='ocrx_word' id='word_1_748' title='bbox 2815 5523 2892 5578; x_wconf 84' lang='grc' dir='ltr'>ὣν</span> <span class='ocrx_word' id='word_1_749' title='bbox 2925 5523 3040 5579; x_wconf 89' lang='grc' dir='ltr'>καί.</span> 
     </span>
    </p>
   </div>
   <div class='ocr_carea' id='block_1_103' title="bbox 1481 5731 2552 5810">
    <p class='ocr_par' dir='ltr' id='par_1_103' title="bbox 1481 5731 2552 5810">
     <span class='ocr_line' id='line_1_103' title="bbox 1481 5731 2552 5810; baseline -0.002 -15"><span class='ocrx_word' id='word_1_750' title='bbox 1481 5734 1614 5796; x_wconf 85' lang='lat' dir='ltr'><strong>Car.</strong></span> <span class='ocrx_word' id='word_1_751' title='bbox 1647 5732 1965 5796; x_wconf 85' lang='lat' dir='ltr'><strong>Dufresnii</strong></span> <span class='ocrx_word' id='word_1_752' title='bbox 1987 5734 2079 5796; x_wconf 92' lang='lat' dir='ltr'><strong>Du</strong></span> <span class='ocrx_word' id='word_1_753' title='bbox 2107 5731 2322 5810; x_wconf 83' lang='lat' dir='ltr'><strong>Cangii</strong></span> <span class='ocrx_word' id='word_1_754' title='bbox 2361 5737 2552 5794; x_wconf 65' lang='lat' dir='ltr'><strong>notat.</strong></span> 
     </span>
    </p>
   </div>
   <div class='ocr_carea' id='block_1_104' title="bbox 421 5851 1954 5931">
    <p class='ocr_par' dir='ltr' id='par_1_104' title="bbox 421 5851 1954 5931">
     <span class='ocr_line' id='line_1_104' title="bbox 421 5851 1954 5931; baseline -0.006 -9"><span class='ocrx_word' id='word_1_755' title='bbox 421 5851 582 5931; x_wconf 67' lang='grc'><strong>¹,(85)</strong></span> <span class='ocrx_word' id='word_1_756' title='bbox 625 5851 940 5931; x_wconf 53' lang='lat' dir='ltr'><strong>Mercury.</strong></span> <span class='ocrx_word' id='word_1_757' title='bbox 1007 5852 1142 5931; x_wconf 69' lang='lat' dir='ltr'><strong>Vide</strong></span> <span class='ocrx_word' id='word_1_758' title='bbox 1191 5853 1554 5922; x_wconf 84' lang='lat' dir='ltr'><strong>Nicephorum</strong></span> <span class='ocrx_word' id='word_1_759' title='bbox 1623 5858 1954 5931; x_wconf 86' lang='lat' dir='ltr'><strong>Bryenium,</strong></span> 
     </span>
    </p>
   </div>
   <div class='ocr_carea' id='block_1_105' title="bbox 396 5922 1360 5990">
    <p class='ocr_par' dir='ltr' id='par_1_105' title="bbox 396 5922 1360 5990">
     <span class='ocr_line' id='line_1_105' title="bbox 396 5922 1360 5990; baseline 0.004 -14"><span class='ocrx_word' id='word_1_760' title='bbox 396 5922 493 5978; x_wconf 77' lang='lat' dir='ltr'><strong>lib.</strong></span> <span class='ocrx_word' id='word_1_761' title='bbox 526 5937 563 5989; x_wconf 88' lang='lat' dir='ltr'><strong>t,</strong></span> <span class='ocrx_word' id='word_1_762' title='bbox 598 5939 655 5981; x_wconf 82' lang='grc' dir='ltr'><strong>η.</strong></span> <span class='ocrx_word' id='word_1_763' title='bbox 683 5923 732 5990; x_wconf 86' lang='lat' dir='ltr'><strong>l,</strong></span> <span class='ocrx_word' id='word_1_764' title='bbox 761 5933 813 5978; x_wconf 89' lang='lat' dir='ltr'><strong>et</strong></span> <span class='ocrx_word' id='word_1_765' title='bbox 843 5922 1080 5980; x_wconf 66' lang='lat' dir='ltr'><strong>Stentora</strong></span> <span class='ocrx_word' id='word_1_766' title='bbox 1099 5922 1360 5982; x_wconf 88' lang='lat' dir='ltr'><strong>Comnen.</strong></span> 
     </span>
    </p>
   </div>
   <div class='ocr_carea' id='block_1_106' title="bbox 2137 5847 3632 5924">
    <p class='ocr_par' dir='ltr' id='par_1_106' title="bbox 2137 5847 3632 5924">
     <span class='ocr_line' id='line_1_106' title="bbox 2137 5847 3632 5924; baseline -0.005 -14"><span class='ocrx_word' id='word_1_767' title='bbox 2137 5855 2247 5924; x_wconf 69' lang='grc'>(84)</span> <span class='ocrx_word' id='word_1_768' title='bbox 2273 5855 2573 5921; x_wconf 79' lang='grc' dir='ltr'>Χελώνην.</span> <span class='ocrx_word' id='word_1_769' title='bbox 2602 5855 2733 5909; x_wconf 85' lang='lat' dir='ltr'><strong>Vide</strong></span> <span class='ocrx_word' id='word_1_770' title='bbox 2759 5853 3112 5924; x_wconf 37' lang='lat' dir='ltr'><strong>AlbertLAq.</strong></span> <span class='ocrx_word' id='word_1_771' title='bbox 3144 5849 3234 5908; x_wconf 83' lang='lat' dir='ltr'><strong>lib.</strong></span> <span class='ocrx_word' id='word_1_772' title='bbox 3268 5865 3328 5918; x_wconf 85' lang='lat' dir='ltr'><strong>tt,</strong></span> <span class='ocrx_word' id='word_1_773' title='bbox 3375 5863 3494 5919; x_wconf 86' lang='lat' dir='ltr'><strong>cap.</strong></span> <span class='ocrx_word' id='word_1_774' title='bbox 3524 5847 3586 5904; x_wconf 81' lang='lat'><strong>5|</strong></span> <span class='ocrx_word' id='word_1_775' title='bbox 3616 5864 3632 5916; x_wconf 85' lang='grc'><strong>;</strong></span> 
     </span>
    </p>
   </div>
   <div class='ocr_carea' id='block_1_107' title="bbox 2073 5923 3032 5998">
    <p class='ocr_par' dir='ltr' id='par_1_107' title="bbox 2073 5923 3032 5998">
     <span class='ocr_line' id='line_1_107' title="bbox 2073 5923 3032 5998; baseline -0.006 -14"><span class='ocrx_word' id='word_1_776' title='bbox 2073 5940 2126 5984; x_wconf 87' lang='lat' dir='ltr'><strong>et</strong></span> <span class='ocrx_word' id='word_1_777' title='bbox 2148 5923 2351 5998; x_wconf 70' lang='lat' dir='ltr'><strong>Rigalt.</strong></span> <span class='ocrx_word' id='word_1_778' title='bbox 2382 5928 2449 5982; x_wconf 87' lang='lat' dir='ltr'><strong>ad</strong></span> <span class='ocrx_word' id='word_1_779' title='bbox 2483 5925 2756 5983; x_wconf 88' lang='lat' dir='ltr'><strong>Onosand.</strong></span> <span class='ocrx_word' id='word_1_780' title='bbox 2784 5938 2905 5996; x_wconf 89' lang='lat' dir='ltr'><strong>pag.</strong></span> <span class='ocrx_word' id='word_1_781' title='bbox 2942 5923 3032 5978; x_wconf 85' lang='lat'><strong>57.</strong></span> 
     </span>
    </p>
   </div>
  </div>
