4088 6408
483 449 596 514 799

1785 454 2007 514 ΑΝΝιΕ
2046 455 2427 516 ΟΟΜΝΕΝᾹεΞ

3635 457 3740 520 ὅθι)

485 559 644 624 plane
677 557 909 615 sultanis
937 559 1347 619 denuntiatione
1377 565 1568 634 ipsius,
1601 567 1856 620 auxilium
1894 567 1960 621 ab
1995 583 2060 621 eo

2163 571 2434 639 χομαχίαν
2465 569 2886 639 ἑτοιμάσασθαι.
2947 572 3128 642 Tauro
3182 572 3236 624 δὲ
3289 570 3450 625 τοῦτο
3503 573 3596 626 καὶ
3630 576 3746 636 τοῖς

485 646 640 712 cujus
671 648 860 703 ﬁducia
897 661 1161 706 steterant
1191 655 1604 723 desperassent;
1634 658 1917 712 consilium
1959 659 2060 714 de-

487 737 652 808 niqne
684 742 1020 809 conclusere,
1065 747 1212 799 serio
1259 747 1550 801 tractandae
1608 764 1729 802 cum
1787 749 2063 806 Butumile

425 847 442 855 ’ν
486 829 791 884 deditionis.
827 832 1092 888 Evocatus
1119 837 1205 889 ille
1235 837 1300 888 ad
1331 837 1651 907 colloquium
1677 840 1903 894 Auream
1930 843 2061 910 ipsis

488 921 687 974 bullam
717 925 782 975 ad
818 925 869 976 id
898 925 1068 990 ipsum
1097 929 1164 978 ab
1191 927 1435 998 Augusto
1460 931 1559 984 sibi
1593 932 1845 985 traditam
1875 942 2061 987 osten-

487 1014 587 1075 dit,
620 1032 721 1079 qua
758 1018 1142 1080 promissiones
1195 1036 1357 1088 supra
1408 1023 1624 1077 modum
1654 1024 1975 1092 expetibiles
2005 1031 2061 1078 et

487 1119 637 1170 spem
672 1107 954 1160 vincentes
982 1121 1182 1174 quanta
1205 1113 1437 1167 maxima
1466 1113 1723 1169 ﬁrmitate.
1753 1115 2063 1171 sancieban-

487 1205 592 1246 tur.
655 1195 915 1248 Nimirum
971 1198 1269 1264 imperator
1315 1219 1419 1256 non
1474 1207 1635 1260 modo
1682 1207 2058 1275 impunitatem

485 1285 948 1356 securitatemque
998 1293 1292 1359 praestabat
1345 1297 1596 1350 omnibus
1645 1298 2059 1354 certissimam:

479 1386 670 1427 verum
701 1377 864 1432 etiam
900 1389 954 1433 et
986 1383 1340 1448 pecuniarum
1365 1396 1420 1440 et
1445 1387 1712 1440 bonorum
1745 1387 2061 1457 largitiones

483 1466 698 1533 amplas
733 1469 1065 1527 decernebat
1114 1476 1292 1529 sorori
1327 1486 1384 1532 et
1436 1480 1590 1533 uxori
1627 1480 1878 1545 sultanis,
1915 1497 2056 1550 quae,

481 1564 542 1609 ut
572 1559 869 1628 ferebatur,
921 1562 1026 1617 ﬁlia
1062 1576 1180 1620 erat
1219 1568 1489 1624 Tzachae:
1519 1585 1694 1640 neque
1729 1571 1851 1625 huic
1882 1573 2058 1627 solum

480 1648 627 1716 ru-gia
661 1650 957 1708 liberalitas
975 1658 1371 1723 ostentabatur,
1407 1661 1502 1714 sed
1532 1670 1586 1716 et
1615 1662 1774 1729 plane
1805 1663 2060 1718 omnibus

484 1749 752 1810 quotquot
805 1757 963 1800 erant
1024 1748 1216 1804 Nicaea:
1276 1752 1528 1808 Barbaris
1583 1769 1776 1825 magna
1835 1756 2058 1824 praemia

479 1835 944 1900 proponebantur.
975 1838 1069 1895 His
1095 1850 1204 1895 tam
1235 1844 1558 1908 commodis,
1590 1855 1844 1913 tantaque
1874 1857 2059 1900 aucto-

482 1919 643 1974 ritate
671 1924 738 1975 ad
773 1923 932 1978 ﬁdem
962 1930 1184 1983 munitis
1202 1932 1646 1999 promissionibns
1669 1933 1827 1988 facile
1852 1937 2057 1990 assensi
2091 1921 2132 1975 Β

477 2009 786 2069 Nicaeenses
820 2016 982 2072 Turci
1017 2022 1168 2076 urbis
1211 2025 1516 2092 ingressum
1549 2029 1869 2094 permittunt
1898 2028 2060 2082 Butu-

481 2104 600 2155 rmti
641 2121 656 2158 :
694 2106 784 2174 qui
821 2110 1112 2165 confestim
1148 2113 1357 2169 litteras
1388 2117 1453 2168 ad
1479 2115 1748 2171 Taticium
1789 2121 1880 2172 dat
1919 2121 2058 2174 scri-

2165 661 2394 724 Κελτοῖς
2446 662 2869 730 παρασκευάσαι
2899 663 2990 715 καὶ
3024 663 3193 732 μηδὲν
3250 663 3412 716 πλέον
3440 664 3626 728 αύτοῖς
3651 683 3743 717 τε-

2164 752 2500 823 θαῤῥηκέναι
2553 755 2584 822 ἢ
2623 753 2721 822 τὴν
2752 755 3054 824 κυκλοτερῆ
3107 757 3494 826 τειχομαχίαν,
3543 757 3636 809 καὶ
3666 756 3744 820 ὡς

2163 845 2270 914 χρὴ
2303 845 2608 915 περιζῶσαι
2653 846 2722 898 τά
2773 844 2951 914 τείχη,
2985 846 3080 899 καὶ
3115 846 3212 915 τῆς
3258 847 3600 915 πολιορκίας,
3646 849 3742 900 ἀν-

2166 935 2407 1005 ίσχοντος
2437 936 2611 1006 ἡλίου,
2641 937 3071 1006 ἀποπειρᾶσθαι.
3098 938 3171 990 Τὸ
3196 938 3252 991 δὲ
3282 937 3389 1006 ἄρα
3410 940 3626 1010 μηχανή
3659 956 3745 1002 τις

2161 1023 2249 1098 ἦν,
2295 1029 2380 1080 ’ίνα
2400 1029 2525 1099 δόξῃ
2554 1031 2666 1090 τοῖς
2694 1027 2918 1092 Κελτοῖς
2949 1029 3170 1100 πολέμῳ
3193 1030 3425 1099 ταυτηνὶ
3455 1030 3554 1102 τὴν
3588 1031 3742 1084 πόλιν

2162 1120 2363 1174 ἁλῶναι
2387 1121 2538 1190 παρὰ
2557 1121 2651 1175 τοῦ
2682 1122 3050 1192 Βουτουμίτου
3086 1124 3182 1175 καὶ
3216 1123 3357 1194 λάθῃ
3401 1125 3463 1176 τὸ
3511 1123 3741 1195 μελετη-

2164 1212 2256 1266 θὲν
2285 1215 2437 1281 παρὰ
2463 1211 2557 1265 τοῦ
2589 1214 2992 1284 αὐτοκράτορος
3050 1215 3238 1284 δρᾶμα
3291 1214 3389 1284 τῆς
3425 1214 3742 1283 προδοσίας.

2175 1303 2489 1376 Ἀπὸρῤητα
2513 1304 2623 1376 γὰρ
2653 1308 2767 1369 τοῖς
2791 1307 3014 1368 Κελτοῖς
3039 1309 3066 1360 ὁ
3089 1305 3348 1376 βασιλεὺς
3374 1305 3568 1376 ἢθελεν
3600 1304 3742 1360 εἶναι

2161 1396 2231 1449 τὰ
2251 1397 2400 1466 παρὰ
2422 1395 2514 1448 τοῦ
2541 1397 2910 1466 Βουτουμίτου
2942 1396 3373 1466 οίκονομούμενα
3395 1414 3407 1426 ·
3435 1399 3500 1466 τῇ
3533 1398 3590 1450 δὲ
3623 1397 3744 1467 μετ’

2162 1486 2331 1556 αὐτὴν
2353 1487 2413 1540 τὸ
2461 1487 2706 1540 ἐνυάλιον
2746 1487 3119 1554 ἀλαλάξαντες
3149 1488 3208 1554 ἐξ
3234 1488 3501 1559 ἑκατέρου
3535 1489 3744 1558 μέρους

2160 1577 2261 1645 τῆς
2287 1576 2496 1638 πόλεως
2525 1577 2736 1630 ἐκεῖθεν
2765 1577 2864 1647 μὲν
2887 1576 2974 1631 διὰ
3003 1578 3104 1648 τῆς
3148 1578 3382 1648 ἠπείρου
3438 1577 3742 1648 ἐκθυμότε-

2163 1683 2256 1736 ρον
2295 1667 2345 1719 οἱ
2411 1667 2608 1721 Κελτοὶ
2639 1667 2739 1738 τῆς
2798 1668 3115 1737 πολιορκίας
3151 1669 3360 1738 εἴχοντο
3389 1683 3403 1698 ο
3441 1667 3597 1721 ἐνθεν
3645 1668 3690 1721 δ’
3715 1669 3744 1720 ὁ

2161 1758 2537 1828 Βουτουμίτης
2583 1761 2664 1822 είς
2709 1759 2811 1821 τὰς
2839 1758 3097 1826 ἐπάλξεις
3144 1757 3492 1828 ἀνεληλυθὼς
3538 1761 3631 1812 καὶ
3674 1759 3743 1812 τὰ

2165 1850 2422 1919 σκῆπτρα
2473 1850 2567 1903 καὶ
2596 1850 2696 1912 τὰς
2727 1849 2971 1920 σημαίας
3003 1849 3134 1920 περὶ
3167 1849 3235 1903 τά
3270 1849 3426 1920 τείχη
3455 1851 3741 1919 καταστή-

2165 1956 2264 2001 σας
2294 1938 2431 2007 μετὰ
2483 1937 2721 2008 βυκίνων
2780 1939 2878 1992 καὶ
2909 1939 3229 2007 σαλπίγγων
3284 1939 3593 2010 ἀνευφήμει
3651 1940 3747 1991 τὸν

2159 2030 2562 2101 αὐτοκράτορα,
2597 2032 2689 2084 καὶ
2724 2030 2897 2094 οὕτως
2927 2030 2987 2083 τὸ
3031 2031 3345 2100 Ῥωμαϊκὸν
3405 2030 3553 2085 ἅπαν
3584 2031 3748 2102 στρά-

2157 2136 2336 2189 τευμα
2363 2121 2496 2173 εἵσω
2519 2120 2757 2185 Νικαίας
2790 2121 2900 2191 (90)
2937 2120 3301 2192 είσεληλύθει.

477 2205 602 2262 ptas
626 2195 678 2248 in
719 2198 857 2254 hanc
887 2205 1214 2258 sententiam
1242 2223 1258 2260 :
1286 2207 1451 2279 314,
1487 2206 1736 2265 Prwaam
1763 2213 1819 2264 in
1855 2215 2095 2268 manibus
2126 2215 2413 2279 habemus;
2452 2215 2599 2269 uobis
2649 2216 2786 2285 quod
2849 2224 3012 2270 restat
3072 2216 3355 2270 indicendo
3391 2216 3744 2286 expedienda-

476 2301 577 2355 qtte
605 2297 867 2360 aggressio
897 2306 995 2350 est.
1037 2297 1173 2366 Fac,
1217 2303 1454 2368 inquam,
1507 2316 1563 2358 ut
1613 2315 1662 2360 et
1703 2307 1850 2362 Galli
1880 2311 2077 2363 circum
2109 2326 2287 2364 omnes
2311 2321 2359 2364 et
2395 2319 2451 2363 tu
2475 2309 2639 2364 nihilo
2696 2311 2905 2380 segnius
2951 2309 3021 2363 ad
3053 2311 3305 2364 insuitum
3374 2311 3746 2379 experiendum

476 2397 757 2456 murosque
802 2398 1207 2459 perrumpendos
1244 2405 1541 2468 exsurgatis
1593 2403 1835 2458 condicta
1891 2405 2054 2457 simul
2099 2411 2252 2468 hora,
2310 2422 2431 2459 cras
2481 2407 2682 2460 oriente
2751 2407 2881 2462 sole.
2939 2405 3066 2462 Haec
3119 2407 3193 2460 ita
3243 2408 3643 2462 mandabantur
3682 2414 3741 2461 ut

483 2479 706 2534 consilia
743 2483 1088 2552 imperatoris
1117 2501 1316 2545 etcum
1344 2491 1713 2551 Nicaeensibus
1761 2501 2054 2552 conventio
2089 2503 2139 2551 in
2195 2499 2408 2554 occulto
2463 2509 2665 2555 essent.
2745 2499 2835 2554 Sic
2891 2501 3034 2553 enim
3113 2501 3450 2566 decreverat,
3526 2503 3748 2571 suisque

477 2572 725 2638 impense
767 2589 1120 2647 praeceperat,
1158 2583 1291 2637 dare
1348 2596 1562 2642 cautam
1631 2603 1850 2658 operam
1900 2605 1967 2645 ne
2005 2589 2142 2660 quid
2177 2590 2296 2658 ejus
2330 2592 2408 2646 rei
2441 2591 2507 2645 ad
2545 2593 2788 2647 notitiam
2825 2593 3102 2647 Gallorum
3143 2603 3442 2648 emanaret.
3480 2593 3748 2650 Postridie

479 2665 644 2735 igitur
668 2683 790 2722 cum
819 2668 958 2724 Galli
991 2675 1121 2730 dato
1152 2677 1391 2748 undique
1437 2684 1860 2752 oppugnationis
1902 2685 2057 2756 signo
2084 2701 2278 2756 magno
2303 2688 2539 2742 tumultu
2572 2697 2735 2758 atque
2767 2689 2966 2757 impetu
3016 2705 3198 2745 muros
3244 2689 3480 2759 undique
3525 2704 3554 2743 a
3599 2701 3741 2744 terra

477 2769 772 2827 tentarent,
821 2763 1172 2838 Taticiu’sque
1203 2785 1324 2826 cum
1357 2775 1490 2843 ipsis
1522 2794 1769 2848 magnam
1814 2783 2050 2850 speciem
2082 2796 2370 2838 ascensum
2397 2784 2544 2839 serio
2581 2800 2679 2852 pro
2725 2799 2784 2839 se
2868 2787 3122 2841 conantis
3204 2787 3556 2840 ostenderet:
3611 2800 3742 2845 ecce

482 2847 784 2905 Butumitcs
822 2853 1006 2908 subito
1034 2871 1065 2910 e
1097 2865 1516 2931 propugnaculis
1555 2847 1712 2936 quasi
1757 2847 1954 2935 victor,
1994 2880 2048 2928 et
2077 2886 2109 2927 a
2147 2887 2247 2929 sua
2304 2883 2464 2942 parte
2532 2847 2741 2930 felicius
2795 2875 2945 2929 aditu
2975 2885 3181 2932 tentato
3217 2877 3327 2932 voti
3360 2892 3596 2946 compos,
3641 2894 3743 2949 ap.

480 2942 686 3010 paruit,
720 2944 1026 3015 vexillaque
1055 2947 1297 3007 Romana
1330 2954 1382 3008 in
1410 2958 1592 3024 pinnis
1668 2961 1876 3016 circum
1926 2979 2205 3019 murorum
2270 2965 2460 3036 ﬁgens,
2519 2981 2652 3023 voce
2705 2968 2904 3037 ingenti
2959 2967 3309 3025 buccinarum
3393 2970 3749 3038 tubarumque

478 3047 747 3092 concentu
801 3038 980 3107 adjuta
1033 3040 1416 3114 imperatorem
1494 3053 1865 3110 acclamavit:
1934 3057 2121 3126 sicque
2172 3058 2458 3116 universus
2521 3059 2800 3116 Romanus
2861 3061 3134 3117 exercitus
3200 3060 3434 3118 Nicaeam
3493 3064 3746 3119 introdu—

479 3134 602 3183 ctus
641 3140 746 3188 est.

557 3218 654 3275 llis
687 3237 751 3276 ex
777 3231 1042 3283 sententia
1069 3231 1148 3286 sic
1167 3232 1442 3302 perfectis,
1467 3237 1771 3301 Butumiles
1799 3261 1828 3300 a
1850 3247 2050 3315 duplici

2243 3241 2303 3297 Ὀ
2351 3242 2409 3297 δέ
2455 3242 2947 3313 Βουτουμίτης,τὰ
3009 3243 3188 3314 πλήθη
3237 3245 3348 3298 τῶν
3403 3245 3626 3300 Κελτῶν
3655 3265 3748 3317 γι-

478 3325 634 3379 aeque
658 3315 760 3368 sibi
786 3333 984 3385 genere
1013 3325 1313 3379 cavendum
1359 3331 1424 3383 de
1447 3341 1647 3388 caetero
1672 3339 1882 3392 statuit.
1917 3339 2050 3394 Nam

2162 3335 2401 3402 νώσκων,
2421 3336 2514 3388 καὶ
2530 3335 2618 3389 διὰ
2638 3335 2695 3388 τὸ
2719 3335 2816 3403 τῆς
2844 3335 3068 3406 γνώμης
3087 3334 3266 3389 αὐτῶν
3291 3335 3544 3392 ἀϐέϐαιον
3569 3315 3748 3392 καὶτὸ

478 3410 535 3457 et
575 3405 865 3462 multitudo
897 3409 1090 3479 ingens
1127 3423 1180 3470 et
1209 3416 1402 3474 levitas
1430 3423 1838 3498 vehemensque
1865 3443 2055 3489 natura

2162 3431 2258 3500 τῆς
2285 3429 2462 3500 ὁρμῆς
2486 3427 2790 3482 ἀκάθεκτον
2816 3405 3093 3491 ὑπόπτους
3126 3427 3264 3498 ἔχων
3292 3428 3494 3492 αὐτοὺς
3523 3429 3598 3500 μὴ
3625 3433 3746 3483 εἱσ-

485 3498 652 3558 atque
689 3495 921 3561 impetus
956 3499 1230 3557 Gallorum
1280 3519 1528 3577 suspecta
1585 3515 1658 3569 illi
1681 3495 1831 3582 erat,
1861 3537 2059 3577 caven-

2162 3495 2598 3583 e).06v'regvauroi
2651 3519 2712 3572 τὸ
2769 3519 3009 3590 κάστρον
3061 3495 3434 3589 κατάσχωσιν,
3493 3495 3638 3590 δρῶν
3686 3522 3749 3575 δὲ

477 3580 722 3650 dumque
757 3586 875 3641 ideo
907 3591 1131 3657 putabat
1160 3596 1302 3660 neii,
1336 3598 1380 3652 si
1403 3615 1584 3657 arcem
1621 3580 2055 3678 ingrederentur,

476 3686 597 3725 eam
653 3677 755 3730 sibi
822 3695 1157 3748 occuparent
1217 3705 1234 3743 :
1287 3705 1485 3749 rursus
1549 3712 1676 3753 vero
1754 3701 2059 3761 Turcorum

476 3772 727 3831 satrapas
763 3771 853 3836 qui
891 3787 1072 3829 secum
1122 3778 1260 3834 intra
1311 3783 1544 3841 Nicaeam
1579 3802 1758 3856 erant,
1810 3798 2058 3852 animad-

477 3858 726 3911 vertebat
758 3870 814 3915 et
852 3871 1002 3919 tanto
1035 3883 1157 3924 esse
1217 3889 1449 3933 numero
1477 3891 1530 3934 ct
1577 3884 1666 3936 tali
1702 3889 1974 3954 copiarum
2000 3909 2062 3948 ac

475 3946 676 4000 virium
707 3950 1000 4020 instructu,
1029 3969 1106 4025 ut,
1133 3962 1177 4017 si
1206 3969 1368 4022 modo
1397 3970 1621 4036 vellent,
1658 3974 1818 4033 facile
1854 3982 2060 4039 vincire

479 4047 830 4108 mactareque
861 4043 1131 4105 Romanos
1147 4067 1392 4122 possent.
1419 4060 1697 4119 Adversus
1726 4066 1829 4123 hoc
1856 4082 2062 4127 utrum-

479 4140 588 4212 que
639 4130 940 4195 periculum
977 4151 1138 4193 unam
1173 4151 1540 4204 communiter
1585 4158 1893 4214 cantionem
1931 4177 2060 4232 pro-

479 4217 615 4273 vidit
650 4226 898 4280 sumendi
943 4230 1046 4285 sibi
1109 4233 1289 4291 claves
1349 4255 1522 4309 portas
1555 4261 1674 4315 quae
1733 4259 1859 4304 tunc
1901 4217 2060 4308 tunica

480 4312 721 4377 patebat,
776 4316 896 4373 aliis
929 4322 1000 4376 ob
1035 4334 1235 4381 metum
1288 4329 1569 4391 Gallorum
1596 4350 1755 4395 antea
1800 4345 2056 4400 occlusis.

481 4401 558 4457 Eo
613 4407 775 4462 modo
809 4425 928 4468 sese
960 4417 1224 4475 arbitrum
1258 4421 1532 4493 ingressus
1565 4444 1888 4501 egressusve
1923 4454 2062 4504 quo-

2162 3611 2258 3666 καὶ
2284 3611 2410 3674 τοὺς
2432 3610 2582 3673 ἐντὸς
2613 3608 2900 3681 σατράπας
2932 3611 3156 3673 ἱκανοὺς
3185 3610 3345 3672 ὄντας
3375 3611 3511 3682 πρὸς
3545 3612 3611 3682 ἢν
3644 3611 3752 3663 αὖ-

2162 3703 2254 3766 τδς
2285 3698 2431 3772 εἶχεν
2459 3701 2714 3769 δύναμιν,
2751 3702 2798 3752 εἰ
2833 3702 2994 3770 μόνον
3044 3700 3352 3768 Θελήσαιεν,
3402 3702 3495 3754 καὶ
3524 3702 3750 3772 δεσμεῖν

2164 3795 2261 3847 καὶ
2289 3793 2546 3860 σφάττειν
2567 3790 2809 3854 δυνατῶς
2833 3789 3076 3858 ἔχοντας,
3113 3790 3213 3852 τὰς
3241 3789 3392 3854 κλεῖς
3421 3789 3583 3854 εὐθὺς
3612 3790 3750 3844 ἀνα-

2163 3884 2502 3953 λαμϐάνεται
2524 3882 2622 3952 τῆς
2645 3881 2842 3952 πύλης.
2865 3881 2981 3936 Μία
3005 3881 3115 3950 γὰρ
3131 3881 3268 3944 τέως
3294 3877 3363 3952 ἦν
3389 3883 3422 3952 ἠ
3446 3882 3750 3948 εἰσάγουσα

2165 3976 2258 4029 καὶ
2285 3973 2577 4042 ἐξάγουσα,
2621 3973 2734 4026 τῶν
2768 3972 2945 4026 ἄλλων
2994 3972 3512 4043 προκεκλεισμένων
3535 3975 3622 4028 διὰ
3651 3976 3750 4029 τὸν

2166 4065 2330 4134 φόϐον
2354 4065 2463 4118 τῶν
2494 4064 2921 4135 παρακειμένων
2968 4063 3211 4118 Κελτῶν.
3247 4065 3359 4129 τὰς
3385 4067 3533 4129 κλεῖς
3563 4067 3748 4121 τοίνυν

2163 4153 2394 4225 ταυτησὶ
2423 4155 2519 4224 τῆς
2558 4153 2733 4221 πύλης
2753 4153 2917 4216 αὐτὸς
2943 4153 3105 4223 ἔχων,
3164 4155 3276 4208 δεῖν
3308 4156 3592 4223 ἐλογίσατο
3616 4157 3748 4220 τοὺς·

2164 4251 2448 4320 σατράπας
2477 4249 2566 4304 διὰ
2606 4249 2889 4320 μεθοδείας
2911 4249 3242 4315 ἐλαττῶσαι,
3285 4250 3352 4303 ἶν’
3384 4250 3483 4322 ἔχῃ
3517 4252 3747 4316 τούτους

2168 4343 2364 4413 ῥᾳδίως
2388 4341 2879 4409 καταγωνίξεσθαι,
2914 4341 2990 4405 ὡς
3025 4343 3176 4412 μήτι
3207 4341 3383 4396 δεινὸν
3423 4344 3545 4396 κατ’
3571 4345 3743 4398 αὑτοῦ

2168 4432 2548 4501 μελετήσαιεν.
2573 4430 3091 4500 Μεταπεμπόμενος
3149 4430 3330 4485 τοίνυν
3378 4432 3578 4496 αὐτοὺς
3617 4450 3752 4486 συν-

479 4498 684 4552 rumvis
722 4501 918 4569 effecit;
950 4522 1054 4577 qua
1086 4524 1145 4564 re
1174 4513 1306 4568 satis
1332 4515 1548 4574 interim
1573 4498 1839 4580 adversus
1872 4525 2058 4585 Gallos

2163 4498 2414 4576 εὸούλευε
2439 4521 2574 4593 πρὸς
2601 4522 2692 4576 τὸν
2712 4498 3094 4592 αὐτοκράτορα
3125 4524 3493 4594 ἀπέρχεσθαι,
3528 4528 3578 4579 εί
3609 4525 3742 4597 βού-

482 4591 650 4685 tutus,
675 4588 993 4648 intestinum
1021 4612 1049 4650 a
1076 4596 1272 4656 Turcis
1302 4606 1602 4672 periculum
1628 4621 1688 4664 ut
1714 4613 2056 4684 amoliretur,

2164 4615 2341 4668 λοιντο
2385 4588 2556 4667 πολλά
2581 4631 2640 4667 τε
2670 4588 2931 4686 χρήματα
2967 4588 3181 4669 ἐκεῖθεν
3223 4588 3411 4671 λαϐεῖν
3449 4588 3544 4671 καὶ
3575 4588 3752 4688 τιμῆς

478 4673 726 4730 minuere
752 4689 1094 4752 satraparum
1117 4705 1401 4747 numerum
1424 4695 1528 4750 hac
1547 4708 1666 4753 arte
1690 4702 1922 4758 adorsus
1955 4715 2058 4761 est.

475 4761 776 4820 Accersivit
797 4769 1114 4839 singillatim
1147 4781 1385 4836 maxime
1413 4785 1648 4840 audaces
1681 4800 2063 4865 potentesque,

476 4851 599 4944 plus
643 4855 765 4911 ideo
790 4874 1075 4932 suspectos
1095 4904 1112 4931 ,
1144 4884 1583 4944 magnopereque
1642 4851 1708 4932 iis
1739 4892 1930 4937 auctor
1951 4851 2061 4942 fuit

476 4941 858 5012 imperatorem
890 4958 1124 5022 adirent,
1156 4965 1486 5035 praemiaque
1516 4967 1585 5022 ab
1617 4984 1683 5024 eo
1718 4984 1926 5030 navata!
1959 4978 2060 5047 ipsi

474 5049 652 5101 opera:
694 5046 912 5112 copiosa
945 5059 998 5103 et
1045 5056 1442 5120 perhonoriﬁca
1483 5075 1664 5118 coram
1716 5046 2050 5138 acciperent.

480 5127 875 5192 Snliostenlans
909 5141 1069 5197 etiam
1106 5161 1257 5216 spem
1287 5150 1559 5224 plerisque
1603 5157 1926 5226 impetrandi
1985 5165 2054 5218 ab

473 5220 715 5290 Augusto
761 5231 1109 5300 magistratus
1148 5253 1455 5313 censusque
1491 5262 1701 5305 annuos
1767 5267 1888 5306 cum
1935 5254 2058 5321 jure

2160 4706 2460 4776 ἀξιωθῆναι
2495 4706 2778 4777 μεγίστης,
2807 4709 2904 4761 καὶ
2927 4707 3179 4778 ἐτησίους
3212 4709 3537 4779 τυπωθῆναι
3594 4711 3756 4779 φιλο-

2159 4799 2372 4867 τιμίας,
2403 4798 2596 4851 πείθει
2619 4799 2748 4862 τοὺς
2782 4797 3081 4868 Τούρκους,
3114 4799 3211 4854 καὶ
3229 4799 3426 4864 νυκτὸς
3457 4801 3750 4868 διανοίγων

2161 4889 2454 4943 ἀπέστελλε
2510 4888 2736 4954 τούτους
2773 4889 2863 4942 διὰ
2919 4890 3018 4958 τῆς
3072 4892 3494 4962 παρακειμένης
3541 4891 3745 4962 λίμνης

2159 4981 2374 5050 ὀλίγους
2405 4980 2502 5033 καὶ
2538 4980 2796 5050 συχνάκις
2845 4982 2980 5052 πρός
3033 4999 3091 5034 τε
3127 4983 3220 5036 τὸν
3261 4983 3593 5054 Ῥοδομηρὸν
3645 4988 3746 5038 καὶ

2159 5074 2250 5125 τὸν
2275 5071 2678 5142 μιξοϐάρϐαρον
2693 5073 3019 5140 Μοναστρᾶν
3039 5075 3180 5143 ἀμφὶ
3197 5077 3256 5128 τὸ
3281 5077 3552 5148 πολίχνιον
3569 5077 3749 5130 ἐνδιαο

2159 5165 2446 5233 τρίὸοντας
2480 5165 2522 5196 ¹¹
2553 5162 2646 5218 τοῦ
2697 5165 2896 5218 οὑτωσί
2925 5184 3042 5230 πως
3085 5167 3178 5220 τοῦ
3236 5169 3406 5238 κυροῦ
3456 5169 3737 5240 Γεωργίου

2162 5255 2656 5325 ἐπονομαζόμενον,
2691 5256 3008 5327 ἐπισκήψας
3035 5259 3220 5323 αὐτοῖς
3241 5259 3339 5330 ὡς,
3361 5262 3600 5332 ὁπηνίκα
3625 5262 3738 5315 τῶν

1561 5363 1760 5426 Varias
1799 5365 2107 5433 lectiones
2139 5389 2217 5434 ex
2249 5371 2390 5434 cod.
2432 5369 2684 5433 Coislin.

548 5442 591 5475 “
625 5445 1024 5518 διατρίϐοντας.

1579 5574 1712 5636 Car.
1744 5575 2058 5641 Dufresnii
2088 5581 2183 5644 Du
2201 5584 2416 5663 Cangii
2445 5592 2640 5651 notae.

554 5685 662 5752 (90)
695 5688 856 5769 ῌῖσω
889 5692 1164 5769 Ινζικᾳιας.
1195 5693 1376 5769 Capta
1396 5706 1478 5753 est
1520 5698 1697 5756 Nicaza
1728 5716 1845 5769 post
1892 5707 1924 5761 7
1960 5707 2054 5763 be-

479 5754 806 5832 bdomadu‘m
843 5762 951 5832 et?)
980 5754 1192 5832 dierum
1228 5754 1614 5825 obsidionem.-
1641 5754 1864 5830 Roiiert.

481 5820 578 5876 lib.
625 5840 677 5892 ι,
737 5827 808 5882 eo
847 5827 990 5886 Junii
1043 5849 1132 5888 an.
1186 5820 2050 5915 ιον-ιίέίᾌιιὶὲὲὶ.““Ᾰὲῇἷ’“ῐίι›ῖ’”ι’ἱξ

2155 5727 2278 5839 gilii}.
2313 5714 2412 5786 37;
2445 5714 2731 5776 Tudebod.
2772 5719 2868 5777 lib.
2907 5737 2944 5777 ll
2969 5737 2984 5788 ;
3012 5719 3138 5795 Tyr.
3173 5723 3267 5782 lib.
3301 5741 3382 5793 In,
3417 5740 3535 5796 cap.
3574 5725 3660 5791 12,
3687 5738 3746 5783 et

2234 5801 2269 5840 ι.
