4088 6408
332 320 438 383 ιοι

1628 301 2041 364 ALEXIADIS
2076 300 2226 362 LIB.
2264 300 2366 363 Χῐ.

3490 294 3601 358 802

331 435 473 485 νεῶν
519 431 810 497 ἀηοᾰαῖεν,
877 426 1220 497 παραχρῆμα
1257 420 1642 492 ἐκπέμπεσθαι
1704 416 1925 476 τούτους

2046 428 2091 467 ιε
2120 414 2330 469 honore
2385 409 2673 482 imaginis,
2720 410 2920 482 quibus
2975 409 3054 466 illi
3106 409 3250 479 capti
3306 409 3504 478 spebus
3541 420 3599 465 et

336 524 477 593 πρὸς
510 523 603 576 τὸν
649 521 1041 591 αὐτοκράτορα
1070 518 1163 571 καὶ
1202 516 1335 587 μηδὲ
1370 512 1505 583 πρὸς
1541 509 1749 580 βραχύν
1796 523 1920 559 τινα

334 615 531 684 χρόνον
562 612 972 682 παρακατέχειν
1003 610 1219 672 αὐτοὺς,
1251 608 1335 659 ἵνα
1373 606 1468 674 μὴ,
1507 602 1645 673 μετὰ
1660 599 1771 652 τῶν
1794 598 1919 650 ὄπι-

336 706 468 757 σθεν
521 703 893 771 πεμπομένων
953 697 1214 768 Τούρκων
1270 694 1582 755 ἐνωθέντες,
1635 689 1825 743 σκαιόν
1866 703 1920 738 τι

336 790 463 842 κατ’
496 789 678 843 αὐτῶν
713 787 1092 861 μελετήσαιεν.
1143 784 1217 837 Τὸ
1248 784 1303 836 δὲ
1354 782 1463 852 ἄρα
1515 778 1826 850 προφητεία
1854 772 1922 845 ἦν

335 880 605 950 ἄντικρυς
624 896 638 911 '
672 879 883 949 καὶτῆς
913 878 1114 943 πολλῆς
1134 874 1228 929 τοῦ
1258 875 1449 943 ἀνδρὸς
1482 874 1694 926 ἐκείνου
1728 873 1923 939 ἐμπει-

339 978 465 1045 ρῐας
502 972 809 1042 στοχασμὸς
842 969 1259 1040 ἀναντίρρητος.
1291 968 1400 1020 Καὶ
1424 966 1533 1036 γὰρ
1558 960 1669 1017 ἐστ’
1691 962 1757 1015 ἂν
1785 961 1921 1031 ταχὺ

338 1068 480 1135 πρὸς
513 1065 607 1117 τὸν
639 1063 1024 1134 αὐτοκράτορα
1068 1063 1196 1124 τοὺς
1245 1056 1773 1125 καταλαμϐάνοντας
1839 1050 1926 1112 ἐξ·

339 1163 620 1228 ἔπεμπον,
652 1160 710 1211 ὲν
737 1156 1006 1227 ἀσφαλείᾳ
1032 1172 1091 1209 τε
1108 1151 1266 1226 ἦσαν,
1285 1153 1380 1207 καὶ
1398 1151 1573 1214 οὐδεὶς
1603 1150 1785 1213 αὐτοῖς
1806 1148 1924 1201 κιν-

337 1252 499 1312 δυνος
527 1246 861 1318 ἐφειστήκει.
908 1246 1079 1300 Ἑπὰν
1118 1246 1173 1298 δὲ
1200 1241 1690 1305 ἀναπεπτώκεσαν,
1720 1240 1750 1290 ὁ
1777 1238 1926 1306 παρὰ

337 1341 455 1393 τῶν
482 1337 783 1410 Βαρϐάρων
814 1336 907 1399 οὒς
953 1338 1062 1407 ἄρα
1114 1333 1538 1405 παρακατέσχον
1595 1331 1716 1384 κατ’
1746 1328 1926 1382 αὐτῶν

340 1431 645 1501 ἐξηρτύετο
681 1430 954 1495 κίνδυνος.
1001 1428 1109 1482 Καὶ
1161 1429 1272 1498 γὰρ
1319 1425 1720 1485 πλεονάσαντες
1773 1421 1927 1473 ἐϐου-

342 1523 569 1575 λεύοντο
612 1521 758 1574 δυεῖν
789 1519 1074 1590 θάτερονῆ
1120 1517 1316 1579 νυκτὸς
1354 1514 1669 1583 ἐπιθέμενοι
1713 1510 1927 1572 τούτοις

342 1616 689 1679 ἀποκτεῖναι,
722 1612 756 1682 ἢ
781 1610 1069 1682 δεσμώτας
1096 1610 1173 1678 τῷ
1210 1608 1488 1675 σουλτάνῳ
1514 1605 1924 1676 προσενεγκεῖν.

343 1706 711 1771 Συνδόεαντός
738 1720 798 1756 τε
831 1704 1023 1757 τούτου
1072 1703 1207 1755 πᾶσι
1239 1700 1533 1770 βελτίονος,
1593 1695 1788 1758 νυκτὸς
1832 1694 1929 1746 ab-

342 1796 464 1857 τοῖς
495 1792 810 1863 ἐπιθέμενοι
841 1791 1125 1861 δεσμώτας
1152 1788 1295 1845 κατὰ
1321 1788 1390 1841 τὰ
1418 1782 1930 1857 προϐεϐουλευμέυα

344 1881 745 1953 περιάγοντες,
777 1880 991 1934 ἐκεῖθεν
1013 1878 1244 1950 ἐξῄεσαν
1267 1893 1282 1909 ⁶
1316 1872 1439 1931 εἶτα
1472 1875 1537 1947 δὴ
1569 1875 1669 1945 τὴν
1703 1873 1933 1941 ἀκρολο-

347 1975 481 2044 φίαν
506 1972 602 2027 τοῦ
639 1973 836 2037 Ἀζαλᾶ
866 1972 1261 2040 κατειληφότες
1281 1987 1296 2002 ·
1332 1971 1497 2031 τόπος
1523 1968 1579 2020 δὲ
1613 1960 1769 2028 οὗτος
1796 1981 1931 2016 στα-

346 2066 500 2130 δίους
522 2105 536 2120 .
560 2101 576 2119 .
598 2102 614 2119 .
636 2102 652 2118 .
690 2064 800 2118 τῶν
831 2063 1028 2133 τειχῶν
1058 2062 1293 2124 Νικαίας
1326 2062 1545 2129 ἀπέχων
1568 2075 1581 2089 ·
1609 2057 1749 2110 κεῖθι
1779 2056 1930 2125 γοῦν,

348 2160 429 2221 ώς
455 2157 637 2225 λόγος,
670 2156 1107 2226 παραγενόμενοι
1141 2154 1246 2207 τῶν
1275 2155 1457 2206 ἵππων
1482 2151 1785 2211 ἀποϐάντες
1812 2148 1937 2202 τού-

348 2268 478 2313 τους
511 2249 798 2318 ἀνέψυχον.
844 2246 1001 2300 Ἐπεὶ
1032 2245 1079 2299 δ’
1105 2246 1134 2297 ὁ
1165 2244 1267 2314 μὲν
1318 2243 1644 2312 Μοναστρᾶς
1674 2240 1935 2311 μιξοὸάρ-

353 2342 529 2411 εαρος
560 2336 628 2411 ἦν
655 2341 747 2392 καὶ
772 2339 873 2410 τῆς
898 2337 1209 2409 Τουρκικῆς
1239 2337 1480 2408 εἰδήμων
1510 2336 1817 2400 διαλέκτου,
1840 2334 1933 2387 καὶ

353 2431 526 2493 αὐτὸς
555 2432 583 2481 ὁ
625 2428 947 2499 Ῥοδομηρδς
974 2427 1143 2480 πάλαι
1170 2425 1304 2497 πρὸς
1334 2426 1443 2478 τῶν
1468 2425 1732 2494 Τούρκων
1768 2440 1936 2478 κατα·

359 2520 581 2591 σχεθεὶς
611 2522 703 2574 καὶ
730 2519 922 2589 χρόνον
954 2519 1148 2589 συχνὸν
1197 2516 1316 2587 μετ’
1347 2514 1528 2569 αὐτῶν
1562 2514 1933 2586 ἐνδιατρίψας,

354 2613 473 2666 οὐδ’
502 2612 663 2674 αὐτὸς
710 2609 878 2679 ἀδαὴς
906 2610 1001 2679 τῆς
1028 2609 1286 2676 τοιαύτης
1316 2603 1385 2677 ἦν
1415 2605 1723 2671 διαλέκτου,
1779 2606 1939 2658 πιθα-

355 2705 485 2767 νοὺς
523 2702 653 2774 πρὸς
680 2701 872 2763 αὐτοὺς
906 2700 1113 2770 συχνῶς
1142 2698 1422 2752 άνεκίνουν
1447 2698 1657 2766 λόγους,
1691 2698 1825 2752 Ἵνα
1861 2697 1938 2764 τί,

357 2797 640 2863 λέγοντες,
675 2793 819 2863 ἡμῖν
841 2794 957 2861 μὲν
1003 2789 1265 2845 θανάτου
1325 2789 1617 2858 ποτήριον
1675 2789 1937 2858 κιρνᾶτε,

364 2882 508 2937 οὐδὲ
527 2878 751 2950 μικράν
792 2894 924 2931 τινα
979 2876 1094 2945 τὴν
1135 2875 1351 2943 ὄνησιν
1396 2876 1631 2942 ἑαυτοῖς
1662 2876 1942 2930 ἐντεῦθεν

372 2968 959 3037 πραγματευόμενοις
992 2963 1163 3033 ὑμεῖς
1209 2962 1277 3014 δὲ
1312 2963 1430 3016 τῶν
1461 2963 1666 3016 ἄλλων
1702 2963 1943 3017 πάντων

2024 505 2189 561 facile
2224 506 2433 560 assensi
2466 514 2627 559 noctu
2658 518 2755 574 per
2788 503 2965 558 lacum
2999 503 3229 560 subinde
3248 502 3409 558 simul
3440 502 3598 570 pauci

2024 597 2417 652 emittebantur
2452 596 2520 650 ad
2558 596 2960 650 Rhodomerum
2994 605 3049 648 et
3098 595 3375 664 hyhridam
3421 592 3600 645 Mona-

2023 698 2215 751 stram,
2238 688 2329 757 qui
2357 690 2501 741 circa
2527 688 2840 757 Oppidulum
2864 701 2893 739 a
2917 687 3134 740 domino
3156 684 3385 752 Georgio
3402 700 3598 738 nomen

2025 781 2312 841 obtinens,
2367 782 2739 833 morabantur.
2796 778 3007 844 Quibus
3037 779 3338 832 Bulumites
3384 778 3447 830 ad
3485 777 3602 829 sin-

2024 875 2176 943 gulas
2211 873 2656 927 transmissiones
2690 882 3027 939 satraparum
3060 872 3247 925 sedulo
3288 870 3598 931 mandabat,

2024 966 2172 1035 ipsos
2197 976 2256 1020 nt
2290 968 2407 1020 sine
2441 981 2609 1029 mura,
2643 966 2723 1018 sic
2755 979 2848 1032 per
2885 974 3090 1016 turmas
3111 965 3347 1016 modicas
3384 975 3603 1020 separa-

2028 1067 2110 1113 tos
2159 1060 2388 1112 seorsim
2438 1058 2505 1110 ad
2561 1058 2941 1126 imperatorem
3001 1056 3231 1110 subinde
3284 1052 3601 1117 inruerent“;

2027 1164 2365 1218 nequaquam
2417 1155 2808 1214 exspectantes
2861 1145 3038 1214 quoad
3090 1159 3228 1198 unus
3294 1144 3603 1210 manipulus

2027 1257 2209 1297 eorum
2237 1257 2358 1295 cum
2388 1249 2650 1309 sequente
2672 1239 2918 1307 conjungi
2955 1246 3139 1307 posset
3163 1254 3175 1288 :
3196 1235 3406 1304 quodisi
3426 1235 3601 1298 ﬁeret,

2027 1334 2325 1404 periculum
2381 1342 2499 1386 erat
2544 1348 2612 1386 ne
2664 1333 2737 1385 illi
2779 1330 3166 1399 conjunctione
3192 1328 3284 1381 tali
3327 1327 3602 1395 pra‘validi

2029 1428 2205 1479 audax
2259 1426 2535 1494 quippiam
2576 1426 2627 1478 in
2661 1423 2936 1477 Romanos
2972 1431 3322 1475 attentareut.
3363 1419 3604 1472 Prudens

2030 1519 2144 1573 hinc
2177 1518 2442 1586 sapientis
2495 1518 2597 1570 viri
2637 1516 2817 1570 cautio
2846 1515 3141 1585 prOphetim
3177 1514 3389 1581 pondus
3418 1511 3606 1565 habuit

2029 1610 2381 1665 Cassandreae
2402 1607 2683 1674 cujusdam
2705 1609 2817 1662 et's
2832 1621 2927 1660 ero
2952 1608 3187 1661 creditaa.
3216 1605 3407 1659 Primae
3433 1614 3611 1658 trans-

2034 1702 2321 1756 missiones
2357 1709 2484 1753 tuta:
2533 1706 2695 1767 atque
2738 1698 2969 1751 innoxiae
3019 1697 3273 1759 fuerunt,
3331 1709 3460 1748 cura
3503 1693 3608 1747 ista

2034 1810 2194 1864 quam
2226 1794 2462 1847 diximus
2515 1790 2677 1861 315
2719 1790 2984 1843 adhibita.
3021 1787 3249 1855 Deinde,
3280 1796 3342 1841 ut
3382 1787 3441 1841 [it
3488 1786 3609 1839 dili-

2033 1885 2211 1955 gentia
2262 1883 2680 1949 elauguescente
2702 1919 2718 1944 ,
2774 1877 3044 1933 conﬂuere
3074 1876 3323 1945 permissi
3355 1890 3514 1928 unam
3553 1875 3606 1926 in

2036 1991 2252 2029 manum
2293 1972 2718 2026 munerosiorem
2768 1985 2927 2038 quam
2977 1984 3073 2037 pro
3096 1969 3377 2021 ductorum
3425 1965 3611 2029 pauci.

2039 2079 2168 2129 tate,
2207 2064 2432 2118 Barbari
2458 2102 2473 2127 ,
2504 2078 2564 2116 se
2592 2060 3013 2128 circumspicere
3039 2059 3292 2126 viresque
3337 2056 3612 2112 aestimare

2037 2159 2309 2228 proprias,
2375 2153 2803 2222 ducentibusque
2834 2150 3092 2205 Romanis
3135 2161 3226 2203 aut
3273 2148 3471 2203 caedem
3519 2154 3614 2199 aut

2037 2251 2351 2306 servitutem
2382 2249 2679 2300 decernere
2708 2251 3022 2311 coeperunt,
3054 2242 3186 2296 satis
3215 2243 3363 2312 gnari
3397 2250 3613 2311 gratum

2037 2353 2097 2395 se
2145 2350 2341 2392 munus
2399 2336 2678 2389 oblaturos
2733 2333 2948 2387 sultano
2997 2332 3085 2386 sui
3132 2332 3175 2385 si
3206 2331 3477 2385 Romanos
3537 2330 3613 2384 illi

2039 2431 2177 2486 tales
2237 2438 2293 2484 et
2349 2436 2500 2481 tanto
2540 2438 2768 2480 numero
2800 2424 3043 2495 captivos
3081 2425 3433 2479 adducerent.
3471 2422 3614 2491 Ergo

2040 2525 2114 2577 ita
2149 2529 2465 2590 comparato
2520 2516 2748 2571 consilio
2793 2526 2853 2570 ut
2907 2530 3100 2583 capere
3130 2514 3405 2569 Romanos
3448 2528 3611 2582 quam

2040 2612 2292 2669 occidere
2324 2612 2498 2666 satius
2557 2609 2840 2672 ducerent,
2863 2614 3031 2661 noctu
3081 2605 3137 2659 in
3168 2619 3264 2660 eos
3288 2603 3612 2671 insurgunt,

2042 2705 2395 2771 vinciuntque
2422 2709 2683 2756 cunctos:
2702 2705 2758 2753 et
2778 2705 2987 2751 mutata
3006 2706 3226 2764 repente
3249 2695 3471 2763 regione
3492 2694 3618 2755 v'as,

2044 2796 2097 2849 in
2128 2808 2246 2849 eam
2283 2802 2493 2861 partem
2530 2790 2634 2844 iter
2664 2803 2784 2843 cum
2822 2788 2887 2841 iis
2925 2787 3213 2841 intendunt
3252 2799 3357 2851 qua
3392 2796 3617 2852 pergere

2044 2884 2332 2953 oportebat
2370 2881 2439 2935 ad
2471 2878 2741 2935 sultanem
2773 2878 2971 2931 ituros.
3016 2873 3109 2929 Sic
3136 2883 3326 2931 euntes
3358 2886 3619 2942 pervene-

2048 2983 2172 3029 runt
2218 2974 2273 3028 in
2304 2972 2559 3026 verticem
2614 2968 2795 3023 Azala:
2846 2967 3039 3035 (locus
3101 2966 3190 3020 hic
3250 2976 3332 3018 est
3383 2978 3415 3017 a
3477 2963 3619 3018 muri

359 3064 646 3131 μεγάλων
699 3054 1059 3125 δωρημάτων
1130 3052 1289 3122 παρὰ
1346 3053 1451 3108 τοῦ
1501 3056 1940 3123 αὐτοκράτορος

2048 3067 2363 3121 Nicaea..."
2397 3061 2586 3118 stadiis
2618 3058 2860 3130 dissitas)
2891 3058 2999 3112 illic
3025 3056 3453 3126 interquiescere
3482 3054 3619 3108 Bar-

362 3149 851 3208 ἀπολαυσὰντων
871 3147 970 3201 καὶ
990 3147 1248 3214 ἐτησίων
1261 3145 1581 3214 χρημάτων
1624 3147 1818 3215 λῆψιν
1846 3165 1943 3200 τυ-

362 3245 686 3297 πωθὲντων
704 3239 822 3293 τῶν
831 3237 1169 3307 βαρϐάρων,
1190 3238 1295 3302 οὓς
1327 3238 1437 3306 ἄρα
1459 3240 1942 3307 παρακατέσχον,

362 3336 625 3399 ἑαυτοὺς
672 3333 976 3386 τοσούτων
1020 3331 1062 3361 ¹¹
1116 3330 1520 3396 ἀποστερεῖτε.
1584 3330 1683 3399 Μὴ
1740 3331 1949 3383 τοίνυν

362 3431 527 3485 οὕτω
556 3424 688 3494 περὶ
712 3422 942 3478 ἑαυτῶν
977 3422 1283 3492 φρονεῖτε;
1315 3423 1419 3478 Καὶ
1443 3422 1586 3485 ἐξὸν
1615 3421 1948 3487 ἀκινδύνως

363 3519 665 3581 σώζεσθαι
697 3515 796 3570 καὶ
826 3515 1066 3578 πλούτῳ
1096 3511 1404 3583 κομῶντας
1452 3514 1540 3577 είς
1575 3516 1646 3567 τὰ
1689 3512 1949 3581 σφέτερα

363 3611 852 3678 ἐπαναστρέφειν
906 3607 949 3638 ¹³
1016 3605 1113 3659 καὶ
1179 3603 1386 3674 χωρῶν
1437 3603 1738 3673 ἐγκρατεῖς
1801 3606 1951 3669 ἴσως

369 3700 653 3773 γενέσθαι
670 3702 757 3766 εἰς
770 3694 1079 3769 προῦπτον
1094 3696 1345 3759 ἑαυτοὺς
1365 3697 1732 3765 ἐπιρῥίπτετε
1751 3696 1952 3750 κίνδυ-

370 3811 509 3848 νον.
572 3794 718 3855 ισως
755 3791 865 3858 γὰρ
885 3789 980 3842 καὶ
1008 3787 1132 3853 τοῖς
1155 3784 1424 3855 λοχῶσιν
1447 3786 1634 3840 αὑτοῦ
1657 3804 1773 3840 που
1813 3784 1955 3839 Ῥω-

369 3887 575 3959 palati;
623 3882 984 3950 ἐντυχόντες
1020 3881 1253 3948 ῥύακας
1310 3877 1444 3930 ταῖν
1500 3876 1701 3945 χεροῖν
1734 3876 1955 3930 ἐπιδεί-

377 3982 600 4047 ξαντες
620 3977 716 4030 καὶ
744 3974 987 4040 ἑλώδεις
1027 3973 1250 4037 τόπους
1294 3969 1792 4037 ἀναιρηθήσεσθε.
1846 3971 1954 4025 Καὶ

378 4061 494 4143 τὰρ
515 4069 937 4138 ἐνεδρεύουσιν
960 4061 1115 4133 ὑμᾶς
1132 4062 1297 4131 μάλα
1325 4078 1389 4128 γε
1421 4060 1695 4113 πλεῖστοι
1718 4061 1789 4114 οὐ
1807 4063 1957 4114 Κελ-

380 4168 474 4221 τοὶ
514 4162 611 4219 καὶ
666 4161 954 4228 Βάρϐᾱροι
984 4157 1217 4226 μόνον,
1276 4152 1437 4207 ἀλλὰ
1502 4152 1598 4205 καὶ
1663 4154 1963 4222 Ῥωμαίων

380 4257 620 4325 πλῆθος
646 4256 716 4308 οὐ
748 4249 1067 4320 μετρητόν.
1102 4250 1172 4300 El
1210 4246 1360 4314 γοῦν
1394 4243 1538 4312 ὑμῖν
1573 4245 1617 4275 ιδ
1660 4245 1957 4310 πείθεσθε,

382 4350 757 4418 στρέψαντες
780 4340 886 4406 τὰς
909 4339 1081 4408 ἡνίας
1107 4336 1254 4404 ὁμοῦ
1279 4332 1656 4403 φοιτήσωμεν
1683 4333 1829 4400 πρὸς
1856 4334 1963 4385 τὸν

2049 3160 2198 3214 buris
2228 3158 2423 3212 visum.
2448 3154 2548 3219 Qui
2577 3154 2741 3207 etiam
2769 3150 3079 3204 desilientes
3105 3164 3172 3203 ex
3202 3147 3355 3216 cquis
3379 3146 3619 3214 captivos

2049 3265 2177 3304 suos
2251 3246 2507 3301 nonnulla
2589 3242 2929 3297 humanitate
2990 3239 3432 3293 consolabantur.
3494 3235 3622 3288 Erat

2049 3340 2380 3399 Monastras,
2425 3345 2483 3388 ut
2542 3332 2694 3395 dixi,
2745 3346 2810 3384 cx
2869 3327 3059 3382 Turcis
3109 3324 3336 3395 hybrida
3391 3322 3624 3390 indeque

2051 3428 2248 3497 lingua:
2277 3424 2521 3493 ipsorum
2557 3419 2785 3474 callens.
2816 3415 3194 3469 Rhodomerus
3232 3427 3382 3475 vero,
3415 3410 3561 3478 quod
3589 3422 3622 3460 a

2052 3516 2246 3571 Turcis
2268 3514 2394 3569 olim
2424 3520 2615 3580 captus
2636 3508 2810 3563 multo
2837 3520 2958 3560 cum
3006 3504 3073 3557 iis
3118 3511 3361 3572 tempore
3403 3499 3621 3560 fuerat,

2054 3621 2152 3661 nec
2198 3606 2312 3674 ipse
2363 3602 2580 3671 ignarus
2620 3596 2893 3652 idiomatis
2952 3593 3193 3647 Turcici.
3244 3590 3417 3643 Ambo
3460 3587 3627 3657 igitur

2055 3699 2181 3752 data
2213 3692 2500 3748 occasione
2529 3688 2671 3742 haud
2711 3685 2812 3741 sibi
2851 3681 3071 3738 deluere
3094 3680 3385 3749 quominus
3412 3676 3626 3731 blandis

2054 3798 2108 3843 et
2146 3783 2526 3857 plausibilibus
2566 3775 2910 3834 sermonibus
2939 3789 3158 3830 causam
3201 3770 3342 3841 apud
3377 3778 3624 3837 satrapas

2057 3879 2376 3948 perorarent
2432 3885 2640 3926 suam:
2694 3865 2996 3931 Quorsum,
3052 3863 3395 3931 inquientes,
3440 3859 3627 3912 attinet

2058 3967 2249 4026 letltale
2283 3964 2431 4019 nobis
2455 3959 2697 4031 poculum
2728 3959 2841 4013 sine
2893 3956 3007 4009 ulla
3040 3954 3116 4010 uel
3148 3954 3367 4007 minima
3399 3950 3630 4003 utilitate

2060 4071 2231 4118 vestra
2257 4053 2514 4112 miscere?
2541 4053 2642 4105 into
2690 4065 2879 4119 magno
2922 4063 3039 4101 cum
3074 4049 3266 4100 damno
3290 4043 3627 4111 jacturaque.

2061 4153 2148 4209 Sic
2196 4152 2333 4204 enim
2365 4163 2452 4200 ros
2486 4144 2585 4198 soli
2622 4158 2686 4196 ea:
2712 4141 2950 4195 omnibus
2995 4139 3222 4204 satrapis
3248 4133 3549 4189 muneribus
3581 4140 3631 4185 et

2063 4243 2348 4298 honoribus
2374 4236 2597 4306 Augusti
2630 4233 2893 4294 carebitis,
2922 4231 3109 4299 quibus
3153 4229 3248 4281 alii
3273 4228 3360 4294 qui
3385 4226 3497 4293 iam
3528 4223 3634 4274 im-

2064 4344 2357 4406 peratorem
2383 4336 2756 4400 prwcesserunt
2786 4323 3166 4378 commilitones
3214 4318 3523 4386 collegaeque
3553 4328 3638 4365 ve-

386 4411 811 4505 αίῖτοκράτορα,
845 4431 941 4484 καί
973 4427 1122 4481 Θεὸν
1166 4424 1307 4494 ὑμῖν
1333 4424 1712 4491 ἐπομήμεθα
1736 4422 1943 4491 μυρίωι

2068 4429 2163 4483 stri
2188 4423 2395 4478 abunde
2427 4419 2782 4474 cumulantur.
2809 4416 2910 4481 Qui
2940 4429 3118 4477 nempe
3135 4412 3231 4464 hoc
3264 4411 3375 4476 ipso
3408 4418 3638 4474 tempore

384 4530 735 4589 ἀπολαῦσαι
769 4523 888 4578 τῶν
946 4520 1014 4584 ἐξ
1045 4516 1232 4572 αὺτοῦ
1277 4512 1671 4582 δωρημάτων,
1712 4512 1964 4565 κᾶπειτα

387 4626 513 4691 ὅπη
540 4618 855 4686 βουλητὸν
888 4613 1031 4684 ὑμῖν
1068 4610 1486 4665 ἀπελεύσεσθε
1538 4606 1764 4670 ἀνέτως
1796 4605 1838 4635 ’⁸
1886 4605 1966 4671 ὡς

386 4716 714 4779 ἐλεύθεροι.
758 4705 1040 4759 Πειθονται
1078 4704 1187 4763 τοῖς
1241 4698 1446 4752 τούτων
1476 4695 1657 4763 λόγοις
1715 4696 1766 4748 οἱ
1796 4693 1971 4766 Τοῦρ·

391 4823 505 4869 κοι,
536 4804 629 4857 καὶ
664 4800 879 4861 πίστεις
913 4795 1047 4866 πρὸς
1082 4792 1350 4862 ἀλλήλους
1390 4788 1577 4849 δόντες
1600 4786 1717 4857 ἅμα
1744 4792 1839 4840 καὶ
1871 4786 1968 4839 λα..

395 4900 581 4958 εόντες
612 4895 710 4965 τῆς
733 4891 868 4961 πρὸς
894 4888 986 4941 τὸν
1009 4885 1390 4955 αὐτοκράτορα
1436 4879 1712 4950 φερούσης
1736 4878 1966 4947 εἴχοντο.

396 4987 827 5045 Καταλαὸὀντων
856 4983 914 5036 δὲ
934 4980 1024 5033 τὸν
1048 4977 1373 5040 Πελεκάνον,
1397 4974 1473 5036 ὡς
1499 4971 1721 5033 τούτους
1747 4972 1774 5023 ὁ
1805 4973 1963 5023 αύτο-

397 5085 623 5154 κράτωρ
658 5077 943 5139 ἐθεάσατο,
1005 5072 1123 5144 μεθ’
1177 5067 1365 5138 ἱλαροῦ
1416 5067 1587 5119 πᾶσιν
1649 5063 1968 5125 ὲνατενίσας

404 5175 740 5247 βλέμματος,
791 5165 970 5221 καίτοι
1021 5162 1194 5217 πολλὰ
1224 5161 1315 5212 τὸν
1355 5155 1683 5225 Ῥοδομηρὸν
1729 5156 1824 5206 καὶ
1879 5154 1970 5207 τὸν

403 5245 727 5334 Μοναστρᾶν
754 5258 883 5330 παρ’
910 5255 1089 5326 ἑαυτῷ
1136 5250 1405 5323 νεμεσῶν,
1428 5249 1490 5302 τὸ
1520 5249 1617 5317 μὲν
1646 5245 1821 5316 παρὸν
1843 5246 1972 5298 ἀνα-

2064 4525 2113 4570 et
2145 4515 2281 4567 dona
2314 4511 2490 4578 utique
2514 4506 2746 4574 ingentia
2773 4505 2940 4570 primo
2962 4504 3143 4555 statim
3168 4498 3313 4549 aditu
3335 4507 3641 4561 congressu-

2067 4623 2163 4679 que
2188 4606 2250 4658 ab
2288 4603 2602 4669 imperatore
2629 4605 2872 4665 congestu
2902 4592 3135 4648 obtinent
3164 4604 3181 4641 :
3210 4598 3258 4641 et
3297 4588 3364 4639 ad
3405 4584 3643 4638 certissi-

2068 4675 2206 4753 mam
2239 4697 2539 4766 futurorum
2565 4705 2705 4759 spem
2736 4688 2951 4742 nomina
2982 4700 3079 4736 sua
3113 4680 3299 4750 referri
3324 4678 3559 4731 viderunt
3586 4675 3640 4726 in

2070 4764 2339 4854 catalovgbs
2370 4796 2550 4836 eorum
2579 4780 2768 4847 quibus
2810 4775 3078 4845 pensiones
3131 4783 3323 4823 annute
3370 4785 3402 4819 α
3425 4765 3552 4832 [isco
3586 4764 3643 4815 in

2072 4892 2223 4931 omne
2250 4886 2448 4940 tempus
2498 4871 2801 4923 constituta:
2832 4875 2972 4917 sunt.
3006 4862 3132 4915 Esto
3159 4874 3281 4926 ergo
3330 4855 3559 4910 sa'viatis
3588 4852 3645 4904 in

2074 4984 2166 5022 nos
2198 4978 2471 5033 utcumque
2497 4960 2709 5014 meritos
2733 4973 2753 5011 :
2782 4957 2924 5009 vobis
2954 4954 3077 5023 quid
3099 4951 3298 5021 fecistis
3324 4950 3421 5013 ipsi
3456 4959 3647 5014 quam-

2071 5058 2247 5111 obrem
2293 5065 2461 5107 vestro
2484 5052 2735 5119 ipsorum
2778 5063 2864 5100 vos
2889 5045 3091 5114 judicio
3122 5041 3348 5093 multare
3398 5046 3468 5090 tot
3497 5036 3645 5088 bonis

2075 5147 2324 5200 debeatis.
2371 5143 2574 5201 Etcum
2622 5145 2676 5192 in
2723 5154 2886 5191 manu
2937 5145 3132 5197 uestra,
3183 5135 3224 5185 si
3261 5130 3453 5188 velitis,
3485 5129 3548 5180 sit
3597 5135 3646 5178 et

2074 5238 2350 5308 pecuniam
2399 5236 2451 5285 in
2480 5248 2706 5301 pra'sens
2739 5232 2995 5299 ingentem
3047 5224 3309 5293 adipisci,
3358 5232 3405 5274 et
3446 5229 3647 5271 certum

405 5310 850 5423 οιταυθησιζμένουςξ
883 5348 927 5380 ³⁸
968 5310 1584 5417 τούτουςέξαπέστειλε.
1615 5310 1779 5413 Κατὰ.
1792 5335 1850 5387 δὲ
1877 5335 1942 5403 τὴ

2078 5332 2133 5383 in
2161 5329 2403 5397 futurum
2436 5323 2752 5392 con/innare
2782 5322 2922 5374 vobis
2951 5334 3159 5371 censum
3191 5326 3446 5373 annuum,
3470 5310 3646 5374 sicque

2121 5419 2132 5423 ’
2302 5418 2322 5423 “
2882 5411 2892 5421 ·
2992 5409 3002 5423 ³
3228 5421 3235 5423 Α
3264 5421 3276 5423 -
3318 5399 3500 5423 λεμμα-
3557 5398 3621 5423 ﬂ-

408 5410 672 5499 iniciam;
728 5410 918 5495 ὁπόσοι
982 5439 1083 5508 μὲν
1130 5434 1242 5489 τῶν
1273 5412 1538 5503 Τούρκών
1589 5426 1739 5498 αὐτῷ
1776 5410 1979 5496 ’θητεύ-

2084 5418 2500 5487 circumﬂucntes
2544 5428 2731 5467 secura
2778 5411 2949 5480 copia,
2984 5409 3180 5461 honore
3214 5421 3278 5459 ac
3309 5399 3501 5455 diuitiis
3550 5398 3648 5464 flo-

1477 5584 1686 5647 Varite
1722 5582 2031 5645 lectiones
2073 5594 2150 5639 ex
2188 5578 2330 5640 cod.
2371 5573 2623 5636 Coislin.

488 5725 529 5757 “
559 5721 838 5779 ἁπάντων.
918 5717 962 5750 ¹⁸
984 5710 1520 5788 ἐπαναστρέφεσθαι.
1598 5710 1641 5741 ⁸⁸
1663 5707 1808 5780 ἐμοί.
1888 5708 1928 5739 ¹⁸
1958 5705 2116 5762 Deest
2148 5719 2249 5759 vox
2277 5702 2506 5764 ἀνέτως.
2586 5698 2630 5731 ⁸⁸
2664 5688 3276 5773 αναπαυσθησομὲνους.
