4088 6408
459 248 569 317 8οἸ

1765 247 1993 308 ΑΝΝᾸΞ
2028 247 2408 308 COMNEN/E

3594 256 3700 320 £08

457 358 703 415 militiam
729 356 1070 423 Latinorum,
1097 365 1470 427 contempsere
1491 355 1694 410 scilicet
1714 357 2032 425 paucitatem

2139 357 2436 426 τολμήσας,
2495 356 2592 426 τῆς
2649 355 2745 410 τοῦ
2833 355 3233 432 αὐτοκράτορος
3314 363 3709 436 ἐπιλαθόμενος

457 450 766 516 invecdque
786 450 1044 502 audacter
1061 447 1300 514 praelium
1323 447 1556 499 invicere
1575 461 1696 500 cum
1713 445 2031 498 Baimundo.

457 539 554 595 llic
579 541 805 609 contigit
830 552 885 593 ut
917 540 1068 594 ferox
1095 548 1146 592 et
1169 548 1422 592 ventosus
1449 538 1669 592 Latinus
1701 537 1784 591 ille
1814 538 1902 603 qui
1947 551 2036 590 so-

457 629 584 683 lium
616 631 956 699 imperatoris
994 629 1228 684 insidere
1255 645 1439 692 ausus,
1464 629 1548 681 illa
1606 643 1765 695 qnam
1791 626 2037 693 superius

459 727 739 781 retulimus
792 741 909 779 sese
956 723 1210 792 iactantia
1278 719 1580 784 extulerat,
1635 719 1845 772 consilii
1924 728 2034 770 tum

455 817 654 870 oblitus
674 818 740 870 ab
760 816 1081 884 imperatore
1112 813 1371 881 suggesti,
1403 811 1574 877 prima
1601 810 1652 862 in
1689 809 1866 862 fronte
1895 806 2032 860 aciei

461 908 762 969 llannundi,
788 907 958 958 locum
993 902 1542 970 tueretur,clatusque
1567 901 1760 952 ardore
1783 898 2034 968 praecipi-

457 1000 496 1051 ti
527 1000 749 1051 ulterius
771 999 929 1048 etiam
949 1001 1260 1048 occurreret
1299 1001 1486 1044 contra
1514 990 1791 1044 ruentibus
1817 990 2030 1043 Turcis.

459 1089 752 1142 Successus
784 1085 971 1153 obtigit
997 1083 1298 1137 temeritate
1331 1083 1528 1150 incepti
1563 1082 1776 1151 dignus.
1804 1081 2034 1134 Amissis

458 1180 604 1234 caede
654 1180 904 1246 praesenti
938 1176 1294 1245 quadraginta
1327 1192 1355 1228 e
1383 1190 1604 1228 suorum
1636 1189 1885 1237 numero,
1918 1173 2034 1242 ipse

457 1273 697 1340 graviter
724 1273 941 1324 saucius
985 1281 1133 1336 terga
1179 1268 1419 1337 praebere
1447 1265 1696 1320 hostibus
1727 1274 1948 1318 coactus
1979 1265 2030 1318 in

460 1363 691 1415 mediam
740 1376 959 1415 suorum
1011 1361 1182 1413 aciem
1239 1375 1434 1427 magno
1487 1373 1653 1412 cursu
1685 1373 1742 1410 se
1773 1356 2026 1411 abdidit:

453 1453 598 1508 facto
620 1454 734 1520 ipso
759 1453 1078 1522 praedicans.
1104 1459 1376 1518 utcunque
1401 1465 1499 1501 vox
1521 1449 1724 1512 sileret,
1747 1457 2030 1500 veritatem

459 1544 907 1612 prudentiamque
947 1541 1294 1595 consiliorum
1344 1539 1708 1606 imperatoris.
1761 1540 2028 1592 Caeterum

458 1635 802 1688 Batmnndus‘
825 1647 1000 1687 acrem
1039 1643 1088 1684 et
1116 1629 1507 1684 formidabilem
1531 1630 1829 1684 Turcorum
1860 1633 2028 1697 impe-

2139 446 2478 516 ξυμϐουλῆς,
2515 447 2576 498 τὸ
2625 447 2795 517 ἄκρον
2831 442 2945 518 εἶχε
2975 451 3075 520 τῆς
3103 452 3198 504 τοῦ
3225 453 3562 522 Βαῖμούντου
3595 475 3704 510 πα·

2143 537 2419 604 ρατὰξεως
2453 555 2467 569 ·
2533 539 2626 590 καὶ
2663 540 3078 610 μικροψυχήσας
3103 541 3213 594 τῶν
3264 543 3468 597 λοιπῶν
3510 548 3708 616 προεξ-

2138 628 2364 696 έδραμε.
2394 629 2708 681 κτείνονται
2741 629 2840 698 μὲν
2860 629 2950 682 οὖν
2966 631 3269 700 τηνικαῦτα
3296 637 3709 704 τεσσαράκοντα

2136 720 2244 770 τῶν
2299 721 2417 788 μετ’
2446 721 2612 773 αὑτοῦ
2640 738 2653 751 °
2694 723 2900 784 ἐκεῖνος
2920 723 2978 776 δὲ
3014 720 3240 795 καιρίὼς
3270 726 3503 795 πληγεὶς
3558 728 3706 779 νῶτα.

2138 815 2264 874 τοῖς·
2284 813 2500 882 ὲχΟροῐς
2525 813 2776 882 ὑποσχὼν
2807 817 2886 877 εἱς
2915 815 2974 867 τὸ
3007 817 3172 884 μέσον
3205 816 3305 884 τῆς
3341 818 3709 884 παρατάξως

2136 905 2360 974 ἧλλατο,
2415 905 2562 973 ἔργῳ
2592 906 2682 956 τὸν
2729 907 3107 976 αὐτοκράτορα
3160 909 3344 969 ὁποῖος
3405 907 3710 976 ξύμϐουλός

2136 1001 2251 1050 ἐστι
2279 997 2692 1066 διακηρυκεύων
2721 995 2822 1049 κᾶν
2855 997 2929 1068 μὴ
2984 998 3163 1064 λόγοις
3222 1000 3502 1068 ὴῦούλετο.
3555 1002 3614 1053 '0
3653 1003 3710 1054 δὲ

2138 1086 2476 1156 Βαῖμοῦντος
2504 1089 2629 1150 τοὺς
2722 1086 3007 1156 Τούρκους
3051 1087 3307 1158 ἐκθύμως
3367 1093 3708 1159 μαχομένους

2135 1179 2276 1247 ὁρῶν
2325 1178 2676 1242 ἀποστείλας,
2701 1179 2798 1240 τὰς
2853 1177 3125 1237 Κελτικὰς
3164 1183 3548 1247 μετεπέμπετο
3595 1179 3704 1249 (97)

2135 1273 2418 1335 δυνάμεις.
2441 1271 2710 1324 Φθάνουσι
2732 1271 2788 1323 δὲ
2819 1271 3006 1340 τάχος,
3046 1271 3342 1324 κάντεῦθεν
3389 1273 3707 1326 συνίσταται

2136 1362 2374 1431 πόλεμος
2409 1363 2581 1432 βαρὺς
2614 1365 2706 1415 καὶ
2731 1362 2910 1423 δεινός
2943 1378 2959 1394 ⁸
3019 1364 3111 1415 καὶ
3158 1361 3255 1431 τὴν
3291 1363 3532 1415 νικῶσαν
3595 1363 3706 1433 (98)

2137 1455 2317 1523 εἴχετο
2376 1452 2682 1522 Ῥωμαϊκὸν
2747 1453 2842 1506 καὶ
2903 1453 3167 1504 Κελτικὸν
3229 1454 3568 1522 στράτευμα,
3609 1469 3709 1504 πο-

2140 1545 2451 1614 ρευομένων
2481 1545 2526 1598 δ’
2561 1543 2774 1598 ἐκεῖθεν
2803 1545 2980 1598 ἰλαδὸν
3002 1545 3111 1600 τῶν
3133 1546 3451 1613 ταγμάτων,
3481 1543 3706 1597 συνέλα-

2139 1655 2232 1708 χον
2288 1636 2502 1700 τούτοις
2557 1637 2695 1690 κατὰ
2741 1637 2869 1699 τοὺς
2945 1636 3269 1706 Ἐϐραῖιιοίις
3329 1635 3439 1704 (99)
3487 1636 3575 1688 ὅτε
3605 1636 3714 1687 Τα-

459 1735 570 1778 tum
589 1726 844 1785 sentiens,
862 1722 1108 1792 misitqui
1132 1722 1227 1774 Gal
1241 1721 1372 1774 licas
1385 1722 1568 1789 copias
1590 1735 1725 1786 pone
1744 1730 2032 1787 sequentes

2138 1725 2331 1780 νισκὰν
2363 1726 2440 1796 (1)
2473 1729 2501 1779 ὁ
2533 1726 2782 1793 σουλτὰν,
2804 1728 2898 1780 καὶ
2918 1729 2946 1780 ὁ
2993 1728 3154 1780 Ἀσὰν
3181 1727 3259 1796 (Ξ)
3292 1726 3352 1789 ὃς
3385 1727 3543 1795 μόνος
3570 1721 3710 1796 ἦρχε

456 1817 538 1868 sui
576 1815 798 1883 periculi
826 1813 1202 1868 admonerent.
1243 1813 1508 1865 Advolant
1540 1811 1642 1863 illae
1681 1826 1839 1874 quam
1866 1809 2034 1862 celer-

456 1905 609 1958 rime.
637 1905 894 1972 gravique
923 1921 1043 1957 cum
1072 1903 1262 1955 Turcis
1295 1901 1658 1967 redintegrato
1692 1899 1874 1967 pra-lio
1911 1914 2028 1952 tan‘

459 1999 577 2049 dem
605 2009 701 2047 eos
731 1995 857 2047 totis
881 1995 1092 2045 annixte
1120 1992 1347 2054 viribus,
1386 2005 1489 2042 non
1519 1990 1636 2042 sine
1670 1988 2030 2042 [tertianorum

457 2090 556 2140 sub
589 2085 794 2140 Taticio
817 2085 983 2154 318
1018 2084 1358 2137 militantium
1392 2079 1531 2134 fideli
1566 2089 1620 2133 et
1650 2078 1776 2133 forti
1811 2081 2031 2144 auxilio,

458 2188 738 2247 superant.
807 2175 1042 2230 Ulterius
1082 2185 1258 2229 tamen
1285 2171 1419 2225 Galli
1454 2186 1576 2224 cum
1607 2172 1880 2224 turmatim
1908 2187 2032 2240 per-

461 2280 649 2338 gerent
698 2267 980 2321 offendunt
1016 2266 1222 2320 Turcos
1251 2264 1445 2317 iterum
1471 2261 1535 2316 ad
1561 2261 1876 2314 llebraicam
1900 2302 1914 2327 ,
1945 2261 2033 2316 ubi

460 2365 726 2420 'l'aniscan
751 2364 925 2418 sultan
955 2403 968 2425 ,
996 2371 1049 2416 et
1079 2362 1222 2413 Asan
1255 2359 1345 2427 qui
1378 2357 1526 2410 solus
1563 2357 1818 2410 ductabat
1851 2371 2033 2408 arma-

460 2467 634 2510 torum
671 2453 943 2521 octoginta
979 2451 1165 2506 millia.
1223 2448 1515 2504 Couflictus
1547 2449 1606 2502 fit
1642 2464 1766 2502 acer
1791 2459 1844 2501 et
1873 2450 2035 2502 vehe-

459 2565 613 2602 mens
661 2557 847 2601 neutra
897 2545 1001 2599 sibi
1040 2551 1192 2611 parte
1225 2543 1518 2610 quidquam
1577 2539 1808 2593 faciente
1840 2538 2034 2607 reliqui

459 2639 748 2708 quominus
784 2652 944 2690 manu
995 2645 1158 2702 atque
1185 2634 1382 2701 impetu
1421 2645 1630 2685 summe
1655 2630 2031 2696 contenderet;

463 2729 672 2782 obnixae
696 2729 969 2781 instabant
998 2726 1144 2778 acies
1171 2724 1376 2776 neutris
1405 2731 1551 2790 terga
1578 2728 1787 2775 vertere
1815 2729 1907 2772 aut
1929 2719 2034 2774 ulla

465 2834 519 2872 re
553 2819 745 2872 cedere
769 2815 992 2884 paratis.
1017 2815 1210 2867 Curam
1251 2811 1552 2865 Baimundo
1570 2810 1750 2863 attulit
1778 2809 2028 2864 dextrum

461 2925 522 2962 ea
547 2909 630 2962 die
651 2923 817 2962 cornu
844 2905 1113 2970 ductanti,
1141 2913 1248 2957 tam
1275 2905 1544 2958 obstinata
1569 2905 1872 2957 constantia
1898 2901 2037 2958 Tur-

2134 1818 2394 1887 χιλιάδων
2418 1817 2629 1886 ἀνδρῶν
2660 1818 2898 1870 ὁπλιτῶν
2953 1818 3310 1886 ὁγδοήκοντα.
3367 1819 3564 1886 Μὰχης
3614 1817 3708 1870 οὖν

2136 1909 2436 1978 γενομένης
2465 1909 2737 1977 καρτερᾶς
2773 1910 2835 1959 ὲκ
2863 1907 3070 1961 πολλῶν
3098 1909 3273 1978 χερῶν
3303 1910 3395 1960 καὶ
3422 1908 3713 1978 δυνάμεων

2136 2004 2232 2055 κα)⁹
2263 2001 2399 2070 μηδὲ
2429 1999 2657 2069 θατέρου
2694 1999 2913 2066 μέρους,
2956 2001 3023 2050 τὰ
3076 1997 3223 2050 νῶτα
3285 1998 3502 2066 θατέρῳ
3539 1999 3712 2050 διδόν-

2135 2110 2225 2154 τος
2261 2092 2328 2156 ’⁷,
2369 2089 2491 2141 ἐπεὶ
2527 2086 2983 2158 θαρραλεώτερον
3031 2086 3080 2137 οἱ
3145 2083 3384 2154 Τοῦριιοι
3415 2085 3526 2145 τοῖς
3557 2085 3711 2135 ἐναν-

2135 2185 2269 2244 τίοις
2298 2183 2586 2252 ἐμάχοντο,
2617 2180 2773 2232 τοῦτο
2805 2178 3144 2246 Θεασάμενος
3171 2177 3199 2228 ὁ
3249 2174 3578 2244 Βαῖμοῦντος
3612 2174 3708 2227 τοῦ

2136 2269 2310 2332 δεξιοῦ
2378 2270 2555 2337 κέρως
2609 2267 2873 2335 ἐξάρχων,
2919 2266 3014 2315 τοῦ
3060 2262 3246 2314 λοιποῦ
3304 2263 3712 2332 στρατεύματος

2136 2360 2430 2430 διαιρεθεὶς
2459 2359 2583 2412 κατ’
2620 2357 2784 2410 αὐτοῦ
2841 2355 2938 2408 τοῦ
3005 2354 3410 2424 Κλιτζιαστρὰν
3480 2353 3711 2406 σουλτὰν

2142 2451 2348 2522 impii);
2377 2449 2691 2520 ἐξώρμησε,
2717 2448 2856 2501 λέων
2905 2447 2979 2509 ὣς
3035 2446 3160 2500 ἀλκὶ
3214 2441 3514 2507 πεποιθὼς,
3569 2443 3711 2496 κατὰ

2141 2544 2232 2596 τὸν
2261 2542 2491 2612 ποιητήν
2524 2540 2623 2610 (3).
2679 2537 2850 2591 Τοῦτο
2896 2538 3022 2599 τοὺς
3065 2535 3344 2604 Τούρκους
3378 2535 3714 2602 ὲκδειμὰτω-

2144 2648 2234 2684 σεν
2265 2632 2335 2695 ⁸⁸,
2362 2630 2432 2682 τὰ
2453 2629 2599 2682 νῶτα
2639 2631 2752 2691 τοῖς
2784 2627 3006 2689 Κελτοῖς
3031 2625 3220 2679 δοῦναι
3257 2626 3536 2692 ἐποίησεν.
3570 2622 3712 2674 Οἱδὲ

2138 2723 2237 2775 οὐκ
2255 2723 2347 2773 ἐπὶ
2385 2721 2521 2773 πολὺ
2559 2719 2782 2781 τούτους
2807 2717 3034 2770 ὲδῖωκον
3077 2716 3188 2768 τῶν
3218 2714 3313 2767 τοῦ
3381 2710 3716 2781 αὐτοκράτο-

2140 2831 2232 2885 ρος
2266 2812 2608 2884 μεμνημένοι
2635 2811 3133 2881 παραγγελμάτων,
3158 2808 3294 2860 ἀλλὰ
3327 2806 3428 2877 τὴν
3444 2803 3710 2874 ταφρείαν

2137 2908 2246 2960 τῶν
2279 2905 2534 2975 Τούρκων
2575 2903 2976 2963 καταλασόντες
2995 2903 3218 2954 κάκεῖσε
3255 2896 3452 2970 μικρὸν
3480 2897 3712 2956 ἑαυτοὺς

461 3015 670 3054 eorum.
720 2997 857 3067 Ergo
919 3011 1036 3050 eam
1073 3006 1130 3049 ut
1180 2995 1455 3065 frangeret
1485 3011 1513 3047 a
1557 2997 1791 3063 propriis
1831 2996 2032 3050 divisus

2149 2997 2624 3056 διαναπαύσαντες
2652 2994 2774 3056 τοὺς
2807 2993 3086 3062 Τούρκους
3141 2993 3285 3044 κατὰ
3331 2989 3718 3060 1hv_’Aypou-

2224 3089 2234 3097 .
2317 3089 2331 3097 ι
2437 3088 2447 3097 ι
2465 3087 2476 3097 α
2491 3088 2500 3097 ι
2584 3086 2644 3097 ολ
2902 3085 2918 3097 ι
3021 3085 3048 3097 υ
3067 3085 3079 3097 ι
3399 3082 3411 3097 \
3530 3096 3536 3097 κ
3593 3077 3646 3097 γε

463 3090 635 3158 cepiis
665 3089 840 3158 ipsum
870 3089 921 3141 in
958 3087 1221 3140 sultauem
1251 3087 1594 3139 Clitziastran
1643 3087 1840 3154 impetu
1889 3087 2036 3141 fero-

462 3181 686 3234 cissimo
715 3181 877 3247 cmpit
912 3180 1129 3243 invehi,
1166 3179 1321 3246 plane
1369 3187 1423 3230 ut
1466 3177 1544 3230 leo
1605 3177 1787 3230 robore
1839 3179 2037 3245 fretus,

2146 3089 2401 3141 στόπολιν
2431 3087 2507 3158 (4)
2545 3086 2701 3148 αὖθις
2757 3085 3276 3154 καταλαμὸἁνουσιν
3329 3082 3420 3134 καὶ
3469 3077 3715 3150 προσϐα-

2138 3180 2324 3242 λόντες
2360 3179 2627 3250 τρέπουσι
2654 3179 3008 3248 κατακράτος
3044 3191 3058 3204 ⁶
3094 3172 3392 3227 κάντεῦθεν
3437 3173 3625 3223 πίπτει
3652 3169 3714 3220 τὸ

455 3272 608 3340 juxta
665 3283 902 3341 poetam.
960 3269 1256 3324 Perterrnit
1303 3284 1364 3322 ea
1401 3285 1486 3322 res
1519 3267 1725 3321 Turcos
1758 3267 2032 3338 effecitque

2139 3269 2444 3340 Βάρὸαρον.
2489 3269 2550 3321 0t
2575 3269 2632 3322 δέ
2660 3285 2724 3336 γε
2748 3268 3013 3329 σωθέντες
3039 3250 3200 3325 ἄλλος
3243 3263 3440 3318 ἄλλοσε
3502 3260 3712 3329 ἀλλαχῆ

463 3362 714 3417 utGallis
764 3372 909 3431 terga
945 3359 1175 3424 darent,
1232 3360 1372 3413 hauri
1424 3359 1579 3429 longe
1610 3369 1784 3412 tamen
1835 3361 2032 3413 secutis

2139 3363 2522 3432 διεσπάρησαν
2543 3362 2642 3424 τάς
2672 3377 2732 3412 τε
2755 3361 3023 3427 γυναῖκας
3060 3359 3155 3410 καὶ
3201 3362 3326 3420 τοὺς
3385 3355 3585 3416 παῖδας
3614 3368 3721 3404 κα·

463 3455 765 3524 fugienles;
809 3457 1165 3508 meminerant
1189 3455 1330 3506 enim
1367 3455 1742 3505 mandatorum
1777 3463 1827 3505 et
1854 3453 2034 3508 consi-

461 3547 654 3600 liortun
689 3547 1052 3615 imperatoris.
1083 3543 1276 3598 Verum
1306 3544 1546 3598 contenti
1577 3558 1917 3613 expugnasse
1943 3544 2035 3600 die

462 3633 553 3688 illa
580 3645 757 3689 castra
791 3633 1090 3689 Turcorum
1123 3633 1212 3686 ubi
1244 3647 1362 3687 sese
1395 3633 1445 3686 in
1473 3633 1574 3686 illis
1600 3635 1872 3702 paulisper
1894 3635 2033 3690 refe-

2144 3455 2488 3518 ταλιπόντες,
2516 3454 2591 3516 ὼς
2613 3453 2709 3506 τοῦ
2787 3451 2976 3506 λοιποῦ
3044 3450 3168 3521 μηδ’
3227 3447 3549 3518 ἀντωπῆσαι
3600 3445 3716 3506 τοῖς

2143 3545 2398 3610 Λατίνοις
2425 3547 2724 3616 ἰσχύοντες,
2752 3545 2889 3600 ἀλλὰ
2916 3547 3064 3617 φυγῇ
3121 3543 3219 3616 τὴν
3272 3541 3485 3597 οἰκείαν
3564 3555 3711 3610 πρα-

2140 3639 2544 3711 γματευὸμενοι
2583 3641 2883 3710 σωτηρίαν.

463 3727 698 3790 cissent,
766 3726 959 3780 iterum
1013 3725 1094 3779 via
1127 3733 1402 3793 resumpta
1450 3723 1658 3780 Turcos
1706 3727 1773 3782 ad
1824 3726 2229 3798 Agrustopolim
2298 3731 2606 3799 reperiunt,
2657 3731 3045 3799 congressique
3127 3743 3315 3784 rursus
3387 3741 3600 3782 summa
3660 3726 3718 3776 vl

467 3822 694 3874 fundunt
728 3819 1042 3888 fugantque.
1092 3818 1168 3873 lbi
1216 3818 1314 3873 ﬂos
1356 3819 1624 3876 barbarici
1654 3822 1925 3876 exercitus
1951 3824 2143 3892 visque
2190 3831 2244 3879 et
2270 3825 2503 3879 audacia
2551 3823 2854 3878 'l'urcorum
2897 3822 3110 3880 cecidit.
3159 3822 3490 3892 Superstites
3531 3818 3718 3889 pauci,

463 3923 790 3984 sparguntur
822 3913 957 3966 alius
986 3912 1109 3974 alio,
1141 3927 1268 3966 cura
1298 3915 1444 3967 omni
1478 3931 1585 3968 non
1633 3914 1706 3966 rei
1757 3915 1929 3968 solum
1979 3916 2205 3985 publica:
2242 3918 2337 3972 sed
2387 3932 2618 3972 uxorum
2654 3916 3075 3986 liberorumque,
3097 3931 3234 3986 quos
3259 3917 3455 3981 passim
3495 3913 3719 3981 abjicie-

464 4009 614 4072 bant,
647 4006 868 4059 omissa.
898 4004 1008 4058 Nec
1039 4005 1104 4058 ab
1122 4019 1185 4058 eo
1205 4004 1290 4059 die
1312 4014 1497 4059 contra
1521 4007 1784 4060 obsistere
1823 4005 2032 4062 Latinis
2066 4010 2181 4069 ausi
2210 4018 2362 4076 sunt,
2407 4023 2572 4064 unam
2603 4011 2865 4066 adversus
2916 4026 3065 4065 arma
3121 4011 3337 4080 vimque
3392 4008 3605 4066 illorum
3659 4009 3712 4060 in

467 4096 594 4166 fuga
630 4096 732 4150 sibi
762 4095 1048 4163 repositam
1073 4109 1223 4164 spem
1248 4096 1438 4151 salutis
1467 4097 1818 4152 arbitrantes.

535 4193 675 4258 Quid
704 4192 929 4262 postea?
961 4192 1482 4252 PerveniuntLatini
1509 4210 1612 4248 una
1638 4210 1760 4250 cum
1787 4195 2036 4253 Romano

465 4283 709 4340 exercitu
741 4283 1102 4349 Antiochiam,
1125 4286 1284 4354 eique
1304 4300 1362 4342 se
1387 4285 1676 4342 admovent
1693 4288 1762 4343 ab
1791 4304 1851 4344 ea
1882 4300 2040 4360 parte

2221 4201 2286 4258 Ti
2301 4201 2362 4254 τὸ
2384 4203 2668 4270 ἐντεῦθενς
2694 4203 3223 4273 Καταλαμϐάνουσιν
3254 4201 3304 4252 οἱ
3326 4200 3543 4253 Λατῖνοι
3577 4197 3720 4267 μετὰ

2146 4295 2246 4363 τῆς
2288 4295 2602 4366 Ῥωμαῖκῆς
2628 4299 2908 4368 στρατιᾶς,
2935 4295 3033 4370 τὴν
3083 4294 3418 4363 Ἀντιόχειαν
3472 4291 3561 4344 διὰ
3619 4285 3718 4340 τοῦ

1530 4403 1732 4464 Varias
1765 4404 2081 4468 lectiones
2137 4425 2215 4469 ex
2244 4411 2390 4472 cod.
2421 4411 2679 4473 Coislin.

509 4501 582 4533 ~"
627 4500 946 4572 Ἐσραῖκήν.
1022 4468 1354 4566 vitam“.
1433 4502 1480 4536 ⁸⁸
1519 4503 1958 4566 ἐκδειματῶσανο

1535 4599 1672 4660 Car.
1710 4597 2042 4660 Dufresnii
2075 4604 2174 4662 Du
2224 4601 2445 4678 Cangii
2482 4612 2672 4664 notas.

543 4697 1153 4768 (97)_M£t£:~téﬁn'8to.
1209 4697 1466 4753 Albertus
1501 4699 1790 4763 Aquensis,
1838 4697 1927 4752 lib.
1974 4713 2032 4763 ιι,

2142 4715 2264 4767 cap.
2317 4699 2406 4760 55.
2460 4716 2569 4768 quo
2619 4700 2838 4766 quidem
2895 4693 3514 4768 Nixandrizevoeabulo
3571 4693 3718 4745 Neu-

468 4782 585 4835 c..p.
635 4766 721 4819 40.
757 4768 818 4819 tl
857 4778 908 4820 et
937 4769 1050 4822 alii.
1406 4810 1408 4814 ν

540 4838 651 4902 (98)
688 4835 809 4899 Τὴν
835 4835 1121 4891 νικῶσαν.
1174 4837 1424 4889 Albertus
1482 4835 1786 4903 Aqnensis,
1841 4837 1932 4890 lib.
1976 4853 2034 4900 tt,

469 4922 590 4971 cap.
615 4907 704 4970 42).,
728 4906 836 4969 43;
868 4905 1206 4964 Fulcherius.
1236 4907 1327 4958 lib.
1365 4921 1405 4966 ι,
1427 4921 1546 4967 cap.
1574 4904 1606 4957 5
1639 4920 1653 4968 ;
1688 4905 2032 4972 Τιιιιειιοιιιιε,

469 4975 563 5026 lih.
616 4992 676 5031 ιι.
739 4984 841 5027 etc.
902 4975 1261 5028 Commissum
1291 4977 1393 5027 hoc
1422 4975 1660 5042 ριίυιίιιιιι
1725 4973 1842 5026 Kal.
1902 4974 2032 5038 Jul.,

471 5061 556 5093 an.
615 5042 768 5102 1097,
818 5057 1006 5095 anetor
1034 5051 1115 5097 est
1155 5043 1466 5105 Baldricus,
1500 5043 1593 5100 lib.
1627 5058 1686 5106 tt,
1745 5054 1796 5094 et
1851 5043 2032 5100 Tude-

470 5111 662 5174 bodns,
705 5129 824 5177 pag.
852 5111 976 5165 785.

541 5181 651 5250 (99)
690 5180 850 5235 Κατὰ
889 5181 1029 5247 τοὺς
1097 5180 1462 5252 Ἑςραῒκούς.
1523 5179 1671 5234 Haud
1727 5181 1908 5252 procul
1956 5183 2024 5236 ab

467 5250 648 5303 Iconio
701 5252 922 5304 alteram
982 5254 1117 5305 hanc
1165 5251 1464 5304 Turcorum
1504 5250 2027 5306 t-Iadem'accidisse

471 5332 653 5372 narrat
696 5318 1040 5383 Tudebodus,
1102 5321 1195 5375 lib.
1230 5336 1287 5383 ιι,
1317 5337 1437 5389 pag.
1472 5319 1594 5374 784.
1627 5319 1699 5375 De
1749 5323 1908 5374 tertia
1963 5324 2029 5375 ad

468 5389 870 5458 Agrustopoliut
903 5391 1061 5444 silent
1096 5396 1411 5458 scriptores.

540 5458 616 5526 (l)
659 5458 979 5513 Τανισκάν.
1016 5461 1155 5514 Idem
1206 5463 1296 5527 qui
1359 5475 1482 5528 pag.
1535 5459 1659 5522 565,
1721 5461 2032 5529 Τανισμάν,

469 5528 781 5594 Solytnanni
821 5529 1006 5583 t\ic.e:e
1060 5532 1315 5598 priuetpis
1348 5533 1554 5598 frater.
1621 5529 1730 5584 Nec
1779 5528 1924 5583 enim
1959 5534 2041 5585 di-

468 5611 656 5677 versus
715 5609 794 5677 est
847 5615 875 5651 a
921 5603 1255 5677 Duttttttattttu
1315 5597 1619 5677 Nixan‘driae
1685 5601 1847 5677 urbis
1892 5601 2042 5668 ptin-

467 5668 620 5736 cipe,
651 5668 805 5738 cujus
859 5671 1102 5725 meminit
1157 5672 1408 5726 Albcrtus
1466 5670 1766 5740 Aquensis,
1817 5671 1909 5725 lib.
1948 5687 2038 5740 tx,

2142 4764 2434 4821 caesaream
2478 4764 2490 4768 ⁷
2523 4764 2852 4823 intellexisse
2907 4768 3154 4820 eumdem
3212 4764 3488 4817 Alberlum
3568 4777 3717 4818 recte

2140 4841 2406 4900 eonjectat
2435 4837 2785 4893 Reineccius.
2827 4837 3199 4888 Dalimannum
3233 4844 3389 4886 vocat
3418 4833 3712 4888 0r.lerictas

2143 4907 2280 4960 Vttal
2312 4947 2326 4970 ,
2359 4908 2451 4960 ιιι».
2493 4925 2544 4969 x,
2575 4925 2696 4977 pag.
2749 4907 2851 4960 796
2887 4916 2940 4958 et
2973 4920 3126 4977 seqq.
3166 4903 3459 4956 Danismau
3492 4902 3715 4977 Tyrius,

2140 4977 2233 5030 lib.
2287 4992 2359 5035 Ix.
2412 4993 2532 5044 cttp.
2578 4974 2668 5040 il,
2706 4989 2760 5028 et
2820 4986 3006 5028 auctor
3060 4974 3202 5029 Ceu.
3256 4990 3483 5040 expugn.
3534 4974 3716 5044 υἱέι,

2180 5062 2239 5078 -ιη
2325 5047 2424 5078 κ’το
2500 5046 2601 5078 ΚΟΩ
2675 5047 2730 5078 Ῑ.Ι
2786 5047 2946 5078 ali-un
3000 5060 3121 5078 nun:
3165 5044 3496 5078 'I‘onnicnnonn
3531 5044 3670 5078 Τηνί-

2140 5062 2260 5114 pug.
2321 5047 2449 5104 579.
2481 5042 2620 5100 i596.
2674 5047 2731 5100 ltl
2785 5047 2948 5101 etiam
3000 5060 3123 5099 cum
3165 5044 3496 5122 'l‘attismaue
3531 5042 3716 5096 Turt'u

2137 5131 2230 5168 seu
2258 5114 2654 5180 Persarmenio,
2685 5117 2776 5184 qui
2830 5125 2941 5167 tum
2999 5116 3336 5184 Cappadocta
3382 5113 3711 5184 potiebatur,

2221 5199 2327 5253 quo
2355 5185 2571 5239 Nicetas
2624 5188 2676 5240 in
2703 5182 2885 5239 'Joan.
2942 5201 2998 5240 n.
3036 5182 3090 5238 5‘
3115 5182 3176 5238 et
3225 5182 3278 5249 6,
3315 5194 3368 5238 et
3396 5182 3717 5244 Cinnamus.

2157 5269 2229 5305 I).
2269 5271 2303 5306 I.

2157 5269 2229 5305 ΙΙ).
2269 5271 2303 5306 Ι.

2211 5324 2288 5397 (2)
2331 5324 2514 5397 Ἀζάν.
2549 5323 2650 5390 Qui
2681 5324 2867 5397 Tyrio,
2893 5324 2986 5378 lib.
3028 5341 3082 5397 ν,
3117 5325 3375 5390 Axianus,
3408 5324 3715 5397 Raimundo

2138 5391 2207 5445 de
2227 5395 2405 5459 Agiles
2433 5407 2488 5447 et
2513 5400 2654 5454 aliis.
2680 5391 2988 5450 Cdssiunus.
3031 5395 3164 5450 Vide
3199 5399 3436 5461 Annam,
3472 5396 3566 5448 lib.
3599 5409 3710 5446 xii.

2220 5464 2296 5530 (δ)
2345 5463 2550 5519 Ἰλιάδ.
2585 5469 2665 5526 ι),
2691 5483 2830 5521 vers.
2863 5467 2991 5520 229.

2221 5534 2297 5602 (4)
2375 5537 2897 5604 Ἀγρουστόπολιν.
2965 5537 3043 5589 lta
3108 5535 3274 5590 editio
3331 5535 3554 5591 Haesclt.
3628 5545 3712 5588 An

2148 5601 2607 5682 ébyouwco'ﬁoktv,
2668 5623 2830 5682 quam
2885 5607 2938 5660 ιιι
2982 5606 3215 5678 Phrygia
3251 5609 3438 5663 statuit
3467 5606 3660 5660 Suitlas
3689 5606 3715 5659 τ

2154 5671 2283 5732 Vide
2308 5675 2542 5745 Annam,
2563 5671 2699 5747 ρας(
2719 5675 2844 5730 478.
