4088 6426
414 351 520 412 815
613 397 625 405 .

1729 343 1951 404 ANNrE
1987 343 2371 405 COMNEN/E

3579 348 3684 413 816

417 482 593 526 castra
628 468 766 531 tixit,
799 466 851 519 in
896 465 1072 534 iisque
1124 461 1271 516 fossa
1311 459 1553 530 undique
1598 459 1828 514 munitis
1877 474 1986 514 cun:

2107 458 2354 530 ἐπήξατο
2385 458 2482 516 καὶ
2513 462 2724 533 τάφρον
2778 462 3124 535 πεποιηκὼς,
3172 463 3268 518 καὶ
3327 464 3426 527 τὰς
3484 470 3688 532 σκευὰς

414 565 756 635 deposuisset
813 559 1085 622 sarcinas,
1155 555 1503 611 consultabat
1548 553 1676 623 quid
1737 560 1923 622 ageret
1979 571 1994 609 :

418 676 522 713 non
566 671 754 725 parum
791 652 1137 722 propendens
1190 649 1244 704 in
1297 647 1627 704 sententiam
1680 645 1997 703 obsidenda

413 744 898 814 tippuguanquue
940 739 1196 794 civitatis.
1249 736 1354 793 Sed
1385 752 1510 793 eum
1545 736 1724 791 adhuc
1770 737 1822 790 in
1872 752 2000 806 pro-

415 838 594 893 cinctu
636 846 870 892 stantem
902 832 1188 902 occupavit.
1215 830 1505 901 impressio
1523 830 1821 885 vehemens
1852 829 1998 885 fero-

413 931 550 986 citer
602 927 1003 997 erumpentium
1063 924 1339 980 Gallorum
1382 941 1399 979 :
1444 923 1538 992 qui
1591 932 1771 978 tamen
1836 924 1917 979 sic
1966 941 1994 977 ιι

414 1022 605 1077 Turcis
633 1020 847 1089 excepti
877 1027 1003 1073 sunt
1033 1025 1093 1071 ut
1142 1025 1267 1085 post
1306 1030 1542 1087 pugnam
1589 1013 1994 1076 atrocissimam

412 1114 630 1170 tandem
662 1111 804 1166 intra
831 1110 1107 1165 civitatem
1138 1107 1637 1177 compingerentur,
1671 1108 1761 1162 ubi
1793 1107 1993 1161 nullam

411 1205 480 1261 iis
511 1203 711 1274 quietis
734 1212 943 1272 partem
974 1200 1192 1257 assidua
1221 1209 1276 1255 et
1322 1215 1556 1255 concors
1594 1200 1792 1255 intenti
1834 1200 1995 1255 simul

411 1298 733 1363 externique
760 1296 932 1351 hostis
964 1294 1142 1351 dabat
1170 1293 1532 1364 impugnatio.
1579 1293 1711 1347 Nam
1745 1302 1802 1348 ct
1847 1300 1993 1348 stre-

409 1406 515 1446 nue
550 1390 868 1447 obsidentes
899 1388 1089 1444 urbem
1130 1385 1354 1442 Barbari
1393 1383 1856 1458 oppugnationem
1901 1400 1995 1441 ur-

410 1485 611 1553 gebant
643 1501 656 1537 :
688 1491 745 1537 et
785 1479 1092 1549 quiﬂulam
1125 1479 1448 1535 obtinebant
1476 1477 1639 1533 Turci
1673 1478 1991 1549 praesidiarii

410 1586 672 1649 perpetuo
696 1574 1031 1632 infestabant
1059 1588 1155 1630 eos
1182 1573 1274 1644 qui
1316 1573 1483 1628 clausi
1525 1582 1579 1628 et
1631 1572 1990 1629 circumventi

407 1671 736 1725 tenebantur
784 1667 1005 1723 civitate
1052 1666 1236 1722 verius
1289 1680 1452 1736 quam
1511 1665 1767 1720 tenebant
1817 1666 1987 1720 illam.

407 1758 511 1814 ilic
543 1773 732 1814 rursus
761 1755 1095 1813 Baimundus
1127 1756 1382 1810 versutia:
1438 1769 1546 1810 non
1598 1755 1801 1811 oblitus
1854 1772 1987 1822 suae,

2101 555 2160 606 ἐν
2209 554 2349 625 αὐτῇ
2401 556 2804 626 καταθέμενος,
2833 555 3159 610 ὲόουλεύετο
3205 553 3521 628 πολιορκεῖν
3573 560 3690 631 (i6)

2100 645 2202 715 τὴν
2246 644 2424 699 πόλιν.
2470 645 2614 700 Ἀλλ’
2662 644 2819 701 οὔπω
2869 647 3035 718 [non
3089 645 3371 717 ἁψάμενος
3416 647 3691 704 ἐπικατα-

2100 736 2481 806 λαμϐἁνουσιν
2525 737 2691 793 αὐτὸν
2731 737 3042 804 ἐξελθόντες
3073 742 3121 793 οἱ
3158 738 3356 793 Κελτοὶ
3406 742 3501 795 καὶ
3534 759 3690 813 τηνι-

2100 830 2280 884 καῦτα
2330 830 2510 899 μέγας
2539 829 2862 901 ἀναμεταξὺ
2908 833 3292 902 ἁναρήγνυται
3333 833 3380 865 ⁵⁸
3419 834 3682 904 πόλεμος.

2100 917 2261 991 Εἶχον
2293 920 2474 991 δὲτὴν
2513 922 2757 975 νικῶσαν
2788 921 2902 991 (l7)
2932 924 2983 975 οἱ
3015 922 3250 992 Τοῦρκοι
3273 937 3291 955 ο
3323 924 3420 976 καλ⁸
3441 925 3491 977 oi
3521 926 3685 979 Λατῖ-

2098 1028 2180 1066 νοι
2212 1012 2348 1066 εἴσω
2378 1011 2489 1067 τῶν
2532 1012 2720 1067 πυλῶν
2750 1013 3132 1067 συνεκλείοντο
3162 1014 3256 1068 τὸν
3288 1015 3455 1084 μόθον
3485 1016 3688 1070 ἐκατὲα

2100 1105 2276 1176 ρωθεν
2304 1106 2543 1176 ἔχοντες,
2572 1106 2683 1160 ἀπό
2712 1124 2775 1160 τε
2804 1106 2916 1159 τῶν
2936 1105 3031 1159 τὸν
3061 1105 3109 1137 ⁸⁸
3144 1105 3332 1159 Κουλᾶ
3366 1107 3481 1180 (18)
3516 1125 3687 1176 φρου-

2100 1197 2342 1269 ρούντων
2383 1198 2487 1269 (ἔτι
2519 1201 2629 1271 γὰρ
2654 1198 2815 1253 τοῦτο
2847 1201 3105 1269 κατεῖχον
3138 1201 3189 1253 οἱ
3233 1200 3536 1271 Βάρόαροι)
3576 1201 3685 1254 ἀπό

2096 1305 2156 1342 τε
2182 1288 2291 1341 τῶν
2330 1288 2535 1354 ἔξωθεν
2566 1291 3057 1362 παρακαθημένων
3090 1291 3376 1363 Τούρκων.
3407 1291 3596 1355 Aemo;
3621 1292 3680 1345 δὲ

2094 1380 2235 1453 ἀνὴρ
2283 1380 2361 1436 ὣν
2403 1384 2432 1436 ὁ
2480 1382 2840 1451 Βαῖμοῦντος,
2879 1386 2976 1437 καὶ
3033 1384 3134 1456 τὴν
3185 1386 3288 1454 τῆς
3346 1384 3684 1455 Ἀντιοχείας

2094 1475 2272 1546 ἀρχὴν
2324 1474 2757 1547 σφετερίσασθαι
2809 1475 2980 1530 θέλων
3029 1478 3088 1530 ὲν
3134 1478 3380 1549 σχήματι
3430 1477 3681 1547 συμϐου-

2093 1568 2192 1639 λῆς
2244 1564 2427 1636 αὖθις,
2489 1570 2567 1625 Οὐ
2636 1572 2767 1641 χρὴ,
2827 1570 2964 1642 φησι
3031 1571 3171 1641 πρὸς
3225 1573 3354 1633 τοὺς
3403 1571 3680 1640 κόμητας,

2093 1661 2236 1728 τοὺς
2285 1661 2513 1729 αὐτοὺς
2568 1662 2699 1719 καθ’
2748 1662 2957 1732 ἕτερον
3005 1661 3048 1694 ⁸⁷
3097 1661 3281 1732 μέρος
3333 1663 3405 1716 ἐν
3458 1658 3678 1727 tavris,

2086 1753 2242 1824 μετά
2298 1771 2366 1825 γε
2456 1752 2576 1809 τῶν
2649 1754 2826 1821 ἐντὸς
2906 1752 3012 1808 καὶ
3095 1754 3273 1819 ἐκτὸς
3353 1753 3677 1823 μάχεσθαι,

408 1854 582 1907 locum
605 1851 810 1907 invenit
829 1847 1216 1905 macltinatioui
1237 1863 1412 1915 novre,
1435 1848 1500 1901 ad
1512 1848 1815 1904 Antiochia:
1838 1850 1986 1918 prin-

2089 1818 2255 1902 tilla
2297 1818 2441 1917 διχῆ
2491 1818 2904 1915 διαιρεθέντας
2967 1847 3039 1900 ἐν
3093 1818 3367 1913 ἀνίσοις-
3405 1818 3717 1915 τμήμασι

404 1945 643 2014 cipatum
680 1942 783 1998 sibi
813 1942 1020 1998 certius
1050 1940 1431 1997 asserendum.
1483 1937 1696 1994 Etenim
1741 1940 1807 1994 ad
1856 1956 1989 1995 con-

404 2048 655 2108 gregatos
694 2033 911 2090 consilii
965 2046 1132 2088 causa
1170 2031 1421 2096 comites,
1466 2031 1589 2085 Non
1634 2039 1732 2097 est,
1784 2032 1983 2100 inquit,

403 2139 813 2183 consentaneum
841 2142 973 2179 unos
992 2122 1197 2180 eosdem
1224 2140 1329 2179 uno
1360 2125 1517 2177 simul
1545 2134 1774 2189 tempore
1798 2134 1985 2178 contra

402 2221 668 2283 duplicem
698 2234 935 2289 pugnare
964 2217 1189 2280 hostem,
1222 2223 1380 2283 prout
1414 2232 1514 2270 usu
1548 2215 1683 2268 venit
1725 2216 1985 2270 hactenus

401 2313 549 2367 nobis
598 2313 833 2365 internas
872 2320 1219 2378 externosque
1265 2309 1439 2361 hostes
1480 2308 1640 2378 321
1700 2308 1984 2361 indiscrete

396 2403 801 2459 sustinentibus.
831 2401 994 2471 Atqui
1035 2401 1175 2455 ratio
1221 2401 1512 2469 pra’scribit
1542 2410 1726 2454 contra
1753 2401 1856 2454 vim
1893 2401 1979 2452 tli-

398 2512 603 2549 eerscm
654 2494 842 2547 dit-isis
886 2493 1084 2546 viribus
1135 2507 1429 2546 occurrere.
1484 2489 1553 2544 Et
1600 2491 1807 2560 quidem
1861 2507 1981 2546 cum

394 2603 587 2656 magna
616 2586 686 2640 sit
718 2585 1058 2652 inaequalitas
1101 2582 1516 2652 oppugnantium
1550 2599 1644 2637 nos
1676 2584 1976 2651 copiarum,

395 2693 577 2731 censeo
619 2686 664 2729 et
701 2693 733 2729 a
775 2674 924 2728 nobis
954 2674 1509 2728 uostrum‘exercitum
1549 2675 1604 2727 in
1643 2683 1817 2741 partes
1841 2679 1979 2729 duas

394 2767 682 2838 inazquales
713 2766 1073 2837 partiendum,
1109 2783 1335 2837 quorum
1364 2768 1539 2835 major
1597 2779 1648 2821 et
1676 2770 1849 2837 potior
1878 2771 1979 2823 im-

394 2860 752 2931 pugnautibus
773 2859 1005 2914 exterius
1027 2856 1282 2913 Barbaris
1318 2874 1468 2913 uutce
1492 2859 1753 2928 inuigilet,
1779 2862 1979 2915 interni

313 3010 316 3014 λ
394 2969 579 3008 secura
631 2953 796 3018 mali;
832 2950 1004 3005 altera
1051 2951 1296 3005 similiter
1335 2954 1543 3008 externi
1573 2955 1796 3021 periculi
1843 2973 1976 3009 cura

2088 1939 2241 2008 πρὸς
2266 1940 2457 2009 λόγον
2488 1939 2608 1993 τῶν
2636 1939 3009 2008 ἑκατέρωθεν
3042 1940 3187 2007 πρὸς
3221 1937 3382 2008 ἡμᾶς
3407 1939 3673 2008 μαχομέ-

2089 2049 2213 2087 νων
2241 2030 2493 2102 ἐχθρῶν,
2522 2032 2676 2087 οὕτω
2707 2033 2822 2100 τὴν
2845 2031 2997 2101 πρὸς
3016 2031 3241 2097 αὐτοὺς
3269 2031 3674 2101 ἀναδέχεσθαι

2083 2127 2309 2196 μάχην.
2377 2126 2537 2194 Ἐμοὶ
2586 2124 2706 2195 μὲν
2746 2121 2862 2179 οὖν
2908 2124 3151 2189 ἐξέσται
3197 2123 3351 2193 μετὰ
3392 2122 3513 2178 τῶν
3559 2123 3680 2193 τὴν

2087 2219 2423 2288 ἀκρόπολιν
2470 2220 2820 2287 τηρούντων
2865 2216 3197 2286 μάχεσθαι,
3252 2220 3304 2272 ei
3362 2217 3460 2272 καὶ
3527 2217 3674 2286 ὑμῖν

2086 2312 2264 2365 τοῦτο
2315 2310 2637 2374 συνδόξειε
2658 2327 2673 2342 ’
2708 2309 2835 2375 τοῖς
2882 2307 2952 2362 δέ
3005 2325 3069 2377 γε
3096 2308 3336 2373 λοιποῖς
3363 2306 3517 2376 μετὰ
3549 2306 3671 2358 τῶν

2085 2402 2310 2466 ἔξωθεν
2328 2402 2586 2471 μελήσει
2621 2398 2920 2469 καρτερῶς
2953 2397 3436 2469 συμπλέκεσθαι.
3476 2396 3668 2450 Συντξ-

2085 2493 2272 2546 θενται
2326 2495 2569 2555 ἆπαντες
2616 2496 2681 2562 τῇ
2724 2492 2819 2545 τοῦ
2866 2489 3207 2562 Βαιμούντου
3249 2486 3468 2561 γνώμῃ.
3520 2489 3580 2541 '0
3620 2488 3667 2541 δ’

2085 2584 2253 2647 εὐθὺς
2305 2584 2474 2656 ἔργου
2514 2583 2713 2654 ἥψατο,
2749 2585 2847 2637 καὶ
2889 2582 3240 2655 παραχρῆμα
3281 2580 3482 2650 τειχίον
3523 2578 3674 2633 ἀντί-

2086 2678 2244 2733 θετον
2289 2679 2592 2750 ἐγκάρσιον
2638 2676 3000 2748 ἁποδιαιροῦν
3040 2677 3141 2747 τῆς
3168 2675 3298 2745 ὅλης
3330 2671 3673 2743 ’Δντιοχείας

2084 2772 2184 2843 τὴν
2226 2772 2524 2843 ἀκρόπολιν
2567 2771 2850 2842 ἐδείματο,
2894 2770 3078 2842 ἔρυμα
3114 2768 3536 2841 καρτερώτατον
3567 2784 3668 2819 πο-

2084 2864 2254 2935 λέμου
2285 2865 2645 2936 ἀποχρῶντος
2670 2881 2684 2897 ·
2714 2860 2840 2936 κᾷθ’
2884 2863 3060 2927 οὕτως
3106 2862 3452 2926 ἁνύστακτος
3491 2860 3671 2929 φύλαξ

2081 2958 2178 3012 τοῦ
2209 2960 2455 3012 τοιούτου
2500 2961 2718 3028 τείχους
2756 2957 3057 3011 καθίστατο
3105 2955 3401 3019 διαπαντὸς
3442 2957 3667 3024 ἀπομα-

396 3046 656 3115 deposita,
703 3053 812 3097 tota
862 3043 929 3096 sit
977 3044 1029 3097 in
1073 3044 1428 3112 prasidiatiis
1481 3046 1621 3101 arcis
1667 3048 1975 3114 repellendis

2089 3052 2339 3123 χόμενος,
2376 3053 2619 3121 ὁπηνίκα
2676 3053 2870 3124 καιρὸς
2922 3053 3097 3107 ἐδίδου
3150 3052 3292 3120 πρὸς
3344 3047 3474 3111 τοὺς
3515 3048 3667 3111 ivro;

393 3138 825 3208 impeteudisque.
882 3138 1053 3206 Atque
1102 3139 1172 3191 ad
1222 3141 1360 3191 hanc
1404 3151 1607 3208 partem
1656 3144 1830 3211 operis
1875 3159 1979 3198 non

2089 3147 2466 3215 γενναιότατα.
2510 3145 2575 3198 Οἱ
2613 3144 2658 3198 δ’
2694 3144 2847 3198 ἄλλοι
2892 3145 3138 3216 κόμητες
3178 3142 3383 3213 πολλὴν
3421 3140 3518 3194 τοῦ
3573 3139 3669 3191 λά-

391 3231 705 3301 facillimam
725 3246 820 3302 ego
859 3246 942 3284 me
968 3230 1204 3286 arbitror
1230 3232 1485 3301 sufﬁcere.
1510 3231 1579 3287 In
1608 3251 1708 3301 me,
1737 3238 1978 3305 inquam,

2076 3257 2206 3311 χους
2242 3239 2424 3293 αὐτῶν
2474 3239 2807 3309 ἐπεποίηντο
2841 3236 2941 3308 τὴν
2980 3236 3266 3306 φροντίδα,
3299 3231 3668 3304 φρουροῦντες

389 3325 437 3379 si
473 3325 554 3378 ita
606 3325 831 3390 videtur,
901 3339 1065 3378 unum
1131 3339 1263 3378 ouus
1313 3324 1515 3394 rejicite
1570 3330 1977 3381 coercendorum

2089 3332 2179 3401 μὲν
2204 3331 2305 3400 τὴν
2346 3330 2506 3384 πόλιν
2536 3329 2835 3391 διαπαντὸς
2882 3329 2978 3382 καὶ
3009 3327 3055 3360 ⁵⁸
3090 3323 3579 3385 κατασκοποῦντες
3607 3321 3666 3375 δὲ

393 3414 620 3472 militum
652 3416 744 3486 qui
781 3431 956 3470 arcem
986 3424 1215 3469 servant.
1265 3412 1419 3468 Faxo
1471 3423 1528 3468 ut
1572 3416 1823 3477 respicere
1874 3422 1976 3472 non

2089 3424 2173 3486 εέις
2205 3419 2460 3487 ἐπάλξεις
2490 3423 2585 3475 καὶ
2631 3422 2698 3474 τὶ
2738 3419 3026 3491 κρήδεμνα
3072 3418 3184 3471 τῶν
3216 3415 3416 3488 τειχῶν
3467 3416 3665 3485 μήπως

388 3506 651 3576 cogamiui
705 3522 884 3560 muros
933 3506 1071 3560 inter
1124 3506 1511 3576 defensandos.
1569 3509 1659 3562 sed
1707 3510 1881 3563 securi
1924 3521 1975 3564 et

2089 3515 2126 3566 si
2154 3511 2432 3582 Baip6aput
2458 3511 2661 3576 ἔξωθεν
2688 3511 2885 3574 νυκτὸς
2910 3510 3002 3563 διὰ
3023 3509 3315 3579 κλιμάκων
3342 3505 3665 3568 ἀνελθόντες

388 3599 591 3653 alacres
639 3607 856 3653 steteras
886 3613 1080 3653 omnes
1130 3612 1328 3674 vestras
1377 3600 1554 3668 copias
1605 3598 1825 3655 educere
1860 3612 1971 3656 tuto

2089 3607 2174 3674 τὴν
2227 3603 2383 3658 πόλιν
2441 3602 2794 3672 κατάσχωσιν
2850 3602 2926 3672 μὴ
2967 3600 3107 3671 λάθῃ
3160 3600 3205 3633 ’⁸⁸
3235 3616 3321 3663 τις
3368 3597 3478 3651 τῶν
3510 3596 3663 3658 ἐντὸς

385 3690 636 3744 Itabereve
666 3691 877 3759 possitis
910 3692 979 3743 ad
1010 3706 1224 3743 manum
1262 3691 1332 3743 ad
1360 3693 1459 3744 vim
1484 3691 1616 3760 foris
1642 3692 1968 3762 ingruentem

2089 3696 2282 3751 ἱνωθεν
2314 3694 2410 3749 τοῦ
2438 3695 2657 3765 τείχους
2686 3693 2945 3762 γενέσθαι
3005 3689 3128 3764 κᾷθ’
3173 3689 3349 3754 οὕτως
3388 3689 3664 3760 ὁμιλήσας

383 3783 559 3855 quoad
602 3799 903 3838 successum
963 3797 1091 3853 opus
1142 3792 1218 3838 est
1255 3784 1448 3839 ardore
1492 3793 1787 3856 conataque
1817 3788 1966 3859 refu-

2089 3792 2185 3853 ςοῖς
2215 3789 2529 3862 Βαρϐάροις
2564 3766 2861 3858 προδοσίας
2887 3788 3020 3857 πέρι
3050 3784 3236 3856 προδῷ
3275 3783 3375 3855 τὴν
3407 3781 3592 3837 πόλιν.

384 3878 908 3935 taudam.Persuasi
974 3891 1104 3935 tunc
1163 3895 1379 3950 quoque
1443 3882 1674 3935 comites
1744 3894 1891 3940 sunt.
1931 3883 2181 3957 lpsisque
2236 3884 2447 3956 prolixe
2497 3884 2931 3940 concedentibus
2962 3879 3166 3949 _moliri
3217 3877 3495 3946 extemplo
3542 3874 3665 3929 Bai-

386 3971 623 4025 mundus
654 3972 795 4041 cepit
827 3987 1042 4025 murum
1078 3986 1184 4040 quo
1219 3972 1454 4026 mediam
1504 3972 1847 4029 Antiochiam
1923 3977 1980 4032 in
2041 3980 2320 4048 obliquum
2386 3977 2666 4038 scindens,
2739 3989 2922 4029 arcem
2994 3989 3023 4027 a
3082 3972 3276 4027 Turcis
3326 3971 3590 4025 insessam
3633 3986 3663 4025 a

356 4065 587 4134 ,reliqua
647 4068 779 4120 urbe
829 4073 1133 4133 separaret.
1168 4063 1286 4118 Tali
1346 4062 1532 4135 specie
1578 4080 1643 4120 ac
1693 4078 1959 4135 praetextu
2003 4071 2424 4126 munitissimam
2453 4070 2747 4126 tediticavit
2821 4083 3025 4133 arcem,
3061 4068 3184 4122 belli
3230 4082 3392 4137 quam
3463 4068 3661 4138 longis-

384 4162 521 4215 sime
552 4157 783 4213 ducendi
838 4157 1241 4227 receptaculum
1292 4156 1778 4213 instructissimum
1824 4179 1839 4215 :
1900 4163 1988 4217 cui
2029 4165 2360 4218 acerrimum
2393 4178 2453 4217 se
2489 4163 2606 4232 ipse
2637 4161 2918 4217 custodem
2950 4160 3239 4230 imposuit,
3272 4174 3378 4212 non
3443 4157 3530 4212 die
3552 4174 3656 4212 non

313 4270 329 4286 ο
386 4262 545 4307 nocte
569 4249 890 4312 connivens,
923 4249 1017 4303 sed
1049 4248 1197 4304 horis
1248 4258 1601 4319 experrectus
1656 4254 1908 4308 omnibus
1958 4255 2011 4309 in
2054 4255 2277 4324 quasvis
2297 4255 2617 4312 occasiones
2651 4252 3233 4324 autgsustinendorum
3281 4258 3376 4303 aut
3422 4251 3658 4304 vicissim

384 4343 747 4398 Ledendorum
799 4342 1034 4396 hostium
1076 4343 1164 4410 qui
1211 4356 1392 4396 arcem
1443 4341 1701 4397 tenebant
1759 4345 2208 4413 Antiocliensem,
2243 4363 2406 4418 quos,
2475 4357 2534 4401 ut
2594 4345 2730 4410 dixi,
2799 4345 2901 4400 sibi
2943 4345 3160 4415 proprie
3243 4342 3658 4414 depoposcerat.

380 4439 493 4497 Nec
527 4442 705 4495 minus
752 4439 843 4493 alii
894 4439 1121 4493 comites
1169 4435 1420 4508 Spartam
1468 4454 1624 4494 suam
1668 4442 1956 4507 curabant,
1991 4444 2306 4499 insistentes
2350 4442 2769 4514 prapuguaculis
2792 4441 3039 4511 pervigili
3090 4438 3360 4503 custodia,
3420 4452 3487 4492 ne
3550 4452 3658 4506 qua

382 4535 463 4591 vel
494 4534 634 4589 clam
668 4531 897 4595 falleret,
928 4532 1013 4587 vel
1057 4530 1233 4603 palam
1277 4542 1654 4602 perrumperet
1723 4536 1993 4603 grassatio
2068 4539 2313 4592 exterius
2353 4538 2757 4593 imminentium
2786 4535 3045 4590 hostium.
3079 4534 3217 4600 Quin
3245 4533 3410 4587 etiam
3445 4541 3655 4601 partem

382 4628 485 4683 sibi
517 4639 659 4680 curre
693 4625 818 4679 talis
841 4622 1237 4678 Antiochenses
1258 4624 1358 4692 ipsi
1387 4625 1758 4693 deposcebaut
1797 4626 1969 4690 cives,
2009 4643 2242 4697 quorum
2275 4644 2341 4684 ne
2373 4631 2494 4701 quis
2523 4645 2713 4686 muros
2742 4633 3008 4686 accedens
3038 4630 3164 4683 inde
3223 4643 3345 4682 cmn
3402 4627 3657 4681 obsiden-

383 4718 524 4773 tibus
574 4716 826 4772 Barbaris
873 4715 939 4770 de
986 4715 1294 4785 proditione
1345 4717 1690 4784 transigeret,
1758 4728 1817 4773 ut
1883 4720 2181 4788 periculum
2239 4730 2392 4785 erat.
2461 4721 2537 4776 ita
2585 4720 2692 4775 sibi
2769 4720 3043 4790 uegetiuin
3121 4718 3432 4787 impositum
3510 4714 3651 4771 Galli

381 4817 544 4869 duces
596 4814 858 4882 putabant
911 4813 1023 4867 acri
1088 4812 1266 4882 vigilia
1319 4812 1543 4867 cavendi
1603 4827 1670 4868 ne
1727 4814 1779 4869 id
1851 4815 1967 4870 lieri
1994 4826 2201 4887 posset.
3138 4826 3147 4833 '

453 4905 569 4960 'l‘ali
601 4906 717 4959 loco
779 4920 867 4960 res
916 4915 1077 4960 erant
1134 4905 1272 4975 apud
1327 4906 1699 4972 Antiochiam,
1745 4912 1967 4978 quando

2157 4911 2319 4966 ’Λλλὰ
2354 4911 2529 4966 ταῦτα
2571 4911 2673 4982 μὲν
2719 4912 2788 4966 τὰ
2834 4910 2976 4965 κατά
3020 4909 3119 4981 τὴν
3168 4909 3508 4979 Ἀντιοχειαν
3548 4905 3652 4960 ἔτι.

380 4997 676 5068 imperator
703 5011 903 5067 magno
951 4996 1226 5052 interdum
1278 4997 1587 5068 agitabatur
1634 4998 1838 5067 impetu
1894 5016 1959 5055 eo

2089 5004 2141 5057 '0
2166 5005 2222 5057 δέ
2253 5022 2317 5074 γε
2359 5006 2724 5076 αὐτοκράτωρ
2757 5004 2960 5076 πολλὴν
3001 5003 3098 5074 μὲν
3148 4998 3261 5073 εἶχε
3305 5001 3403 5074 τὴν
3447 4999 3654 5071 προθυ-

378 5104 501 5145 cum
526 5089 689 5160 justis
716 5088 889 5158 copiis
910 5088 1071 5144 eundi
1113 5088 1169 5142 iu
1199 5089 1460 5143 auxilium
1483 5087 1787 5148 Gallorum.
1852 5091 1955 5146 Ve--

2089 5097 2202 5151 ιίαν
2236 5098 2397 5162 αὐτὸς
2433 5102 2514 5162 εἰς
2540 5097 2802 5171 ἀρῤωγὴν
2827 5097 2874 5130 ⁸⁸
2935 5097 3045 5150 τῶν
3083 5094 3304 5151 Κελτῶν
3370 5092 3647 5165 γενέσθαι.

1446 5225 1643 5287 Variae
1687 5227 1999 5292 lectiones
2042 5246 2121 5291 ex
2151 5220 2296 5293 cod.
2330 5229 2587 5293 Coislin.

448 5331 495 5367 ⁸⁵
528 5331 966 5405 ἁναρῥήγνυται.
1046 5330 1093 5363 ⁸⁸
1123 5330 1212 5385 τό.
1289 5328 1336 5361 ⁸⁷
1365 5330 1487 5385 καθ’
1525 5332 1808 5404 ἑκάτερον.
1888 5333 1933 5367 ⁸⁸
1958 5334 2118 5391 Deest
2138 5335 2330 5391 vocula
2359 5338 2473 5391 καί.
2552 5335 2598 5368 δ’
2636 5334 2815 5391 λάθοι.
2893 5336 2941 5369 ⁸ο
2964 5335 3215 5407 ἀρωγήν.

1452 5468 1591 5529 Car.
1636 5468 1961 5533 Dufresnii
1998 5473 2088 5534 Du
2130 5473 2354 5553 Cangii
2382 5481 2575 5536 nota).

2133 5603 2247 5676 (l8)
2285 5604 2509 5659 Κουλά.
2550 5603 2715 5672 Capta
2748 5603 2893 5657 enim
2940 5601 3092 5676 urbe,
3135 5597 3385 5676 Turci__in
3417 5608 3651 5676 θεωρο-

2060 5668 2152 5728 lini
2177 5668 2452 5744 fugerant,
2483 5692 2510 5726 a
2547 5668 2651 5745 qua
2687 5690 2791 5729 non
2822 5688 2991 5743 pauca
3015 5668 3245 5726 Francis
3280 5670 3426 5724 illata
3450 5668 3645 5723 damna

2059 5747 2127 5799 ab
2153 5746 2548 5801 obsidentibus.

444 5598 559 5671 (16)
593 5596 968 5679 Πολιορκεῒν,
995 5596 1070 5652 De
1104 5595 1327 5652 obsessa
1360 5614 1389 5653 a
1430 5598 1627 5654 Turcis
1662 5599 1950 5655 Antiochia

374 5683 541 5738 agunt
566 5682 860 5738 scriptores
880 5682 1097 5738 omnes.

374 5738 729 5876 ca‘gl7é71'iir
759 5737 1051 5795 νικῶσαν.
1076 5738 1328 5794 Albertus
1348 5738 1730 5809 Aquileiensis,
1753 5740 1846 5796 lib.
1873 5755 1947 5808 tv,
