4088 6402
379 424 483 483 817

1664 429 2078 494 ALEXlADIS
2122 435 2268 499 LIB.
2294 439 2399 500 XI.

3532 451 3635 514 SIS

391 539 647 606 ’Λπετργε
684 537 729 590 δ’
758 538 923 591 αὐτὸν
951 540 1156 611 καίπερ
1196 544 1561 610 σφαδάζοντα,
1603 547 1631 614 ἡ
1666 547 1775 598 τῶν
1819 550 1943 602 κατε

2068 563 2184 605 rum
2233 564 2507 625 utcunque
2590 560 2894 627 cupientem
2957 561 3199 618 cohibuit
3239 564 3524 618 maritimae
3560 572 3632 618 rei

375 630 650 684 θάλατταν
682 634 1050 703 διακειμένων
1089 637 1295 691 πόλεών
1329 657 1386 691 τε
1421 641 1515 693 καὶ
1548 643 1743 710 χωρῶν
1767 642 1962 713 λεηλα-

375 723 471 775 σῐα
518 723 614 776 καὶ
668 726 938 794 παντελὴς
991 727 1284 797 ἐρείπωσις
1313 746 1325 760 ·
1357 731 1385 782 6
1438 730 1537 799 μὲν
1582 731 1692 804 γὰρ
1740 733 1961 804 Τζαχᾶς

369 819 474 883 τὴν
518 819 775 889 Σμύρνην
825 819 1015 891 ὥσπερ
1054 822 1182 876 ἴδιόν
1234 842 1288 876 τι
1337 825 1501 895 λάχος
1538 829 1811 895 κατεῖχεν,
1845 831 1872 881 ὁ
1903 829 1959 881 δέ

375 928 440 977 γε
471 913 911 985 Ταγγριπερμῆς
956 916 1297 985 καλούμενος
1333 920 1489 973 πόλιν
1518 921 1644 973 τινὰ
1689 923 1959 990 Ἐφεσίων

375 1006 549 1076 ἀγχοῦ
586 1009 682 1074 τῆς
714 1009 986 1078 Θαλάττης
1014 1012 1372 1084 διακειμένην
1402 1016 1461 1068 ἐν
1576 1017 1742 1070 πάλαι
1796 1018 1958 1086 τέμε-

371 1115 465 1159 νος
499 1100 586 1151 ἐπ’
614 1100 837 1168 ὀνόματι
868 1103 913 1134 ⁸¹
958 1104 1206 1158 Ἰωάννου
1244 1107 1545 1161 ἀποστόλου
1574 1110 1666 1161 τοῦ
1700 1109 1955 1177 θεολόγου

372 1189 583 1259 ἵδρυτο.
641 1192 750 1245 Καὶ
810 1194 969 1256 ἄλλος
1024 1197 1158 1249 ἄλλα
1212 1198 1449 1269 φρούρια
1503 1202 1613 1255 τῶν
1665 1206 1957 1273 σατραπῶν

369 1282 720 1352 κατέχοντες,
785 1286 860 1350 ὡς
926 1291 1348 1359 ἀργυρωνήτοις
1419 1296 1532 1355 τοῖς
1600 1296 1955 1365 Χριστιανοῖς

369 1375 677 1445 ἐκέχρηντο
722 1377 938 1434 ἅπαντα
968 1382 1302 1453 ληϊζόμενοι.
1344 1386 1505 1441 ’Λλλά
1552 1388 1648 1441 καὶ
1686 1390 1855 1452 αὐτὰς
1889 1390 1953 1461 δὴ

367 1468 476 1522 τὰς
508 1472 704 1535 νῆσους
732 1473 864 1525 Χίον
894 1493 953 1526 τε
987 1478 1081 1530 καὶ
1127 1479 1328 1543 Ῥόδον,
1364 1481 1459 1533 καὶ
1507 1483 1607 1545 τὰς
1636 1483 1954 1542 ἐπιλοίπους

371 1561 562 1623 πάσας
593 1563 873 1634 κατέσχον,
910 1569 1169 1638 λῃστικὰς
1201 1572 1412 1624 ἐκεῖθεν
1441 1575 1953 1640 κατασκευάσαντες

368 1654 532 1717 ναῦς.
566 1655 663 1710 Διά
719 1673 799 1709 τοι
828 1658 1004 1711 ταῦτα
1038 1660 1149 1713 δεῖν
1183 1662 1506 1731 ὲλογίσαντο
1538 1669 1811 1738 πρότερον
1840 1671 1950 1722 τῶν

363 1746 512 1798 κατὰ
548 1746 817 1799 θάλατταν
847 1751 942 1802 καὶ
995 1751 1091 1803 τὸν
1128 1753 1369 1823 -Τζαχᾶν
1406 1757 1666 1826 πρόνοιαν
1711 1763 1949 1832 ποιήσας

2065 646 2380 715 proﬂigatus
2449 660 2625 707 status
2688 660 2742 707 ct
2789 654 3086 709 insularum
3138 656 3638 723 maritimarumque

2063 756 2280 795 orarum
2320 752 2483 812 atque
2522 745 2732 800 urbium
2768 747 3070 803 miserrima
3103 752 3354 816 vastatio,
3413 764 3501 806 aut
3542 754 3635 807 dc-

2063 835 2292 889 structio
2354 837 2532 903 potius
2579 846 2634 892 et
2699 839 2975 894 dcsolatio
3036 851 3299 899 extrema.
3373 844 3634 899 Nimirum

2065 929 2354 1003 Smyrnam
2395 934 2640 995 Tzachas
2671 950 2729 995 ut
2761 949 2965 997 sortem
3018 951 3070 994 et
3115 941 3483 995 hmreditatem
3515 959 3639 1010 pru-

2064 1028 2235 1095 priam
2268 1032 2505 1087 tenebat.
2559 1033 2786 1100 Quidam
2830 1035 2968 1089 alius
2998 1033 3418 1104 Tangripermes
3461 1034 3638 1088 dictus

2065 1121 2251 1174 urbem
2293 1124 2579 1191 quamdam
2637 1125 2991 1193 Ephesiorum
3029 1143 3195 1196 prepe
3250 1144 3401 1182 ma-e
3449 1129 3632 1193 sitam,

2062 1213 2115 1265 in
2163 1229 2269 1282 qua
2329 1216 2459 1270 olim
2513 1226 2845 1272 exstructum
2871 1219 3124 1288 templum
3176 1230 3256 1274 est
3312 1221 3364 1273 in
3421 1224 3635 1275 nomine

2062 1307 2233 1361 sancti
2279 1305 2505 1363 Joannis
2548 1310 2775 1380 apostoli
2825 1310 3117 1382 Theolngi;
3161 1313 3251 1366 alii
3300 1313 3508 1368 similes
3555 1315 3634 1367 la-

2063 1400 2293 1456 truncnli
2364 1403 2496 1457 alias
2553 1405 2874 1474 opportunis
2934 1404 3070 1460 locis
3118 1420 3272 1460 arces
3328 1406 3633 1460 invaserant

2060 1495 2433 1564 praesidiisque
2488 1497 2832 1565 occupabant
2887 1516 2901 1553 :
2952 1513 2982 1554 e
3037 1500 3235 1569 quibus
3289 1512 3633 1566 erumpentes

2060 1586 2254 1641 infesta
2298 1587 2404 1641 late
2440 1590 2713 1644 habebant
2741 1591 2944 1655 omnia,
2978 1590 3306 1647 Christianis
3351 1608 3487 1663 quos
3528 1608 3637 1646 ma»

2062 1694 2169 1746 gno
2200 1680 2548 1749 captivabant
2575 1698 2802 1737 numero
2836 1685 2888 1738 in
2922 1685 3237 1739 vilissimum
3271 1696 3323 1740 et
3369 1702 3637 1740 aerumno—

2058 1775 2330 1830 sissimam
2366 1778 2680 1834 servitutem
2731 1781 3125 1849 mancipandis.
3177 1780 3281 1836 Sed
3335 1792 3389 1836 et
3427 1782 3633 1836 insulas

369 1839 521 1901 σθαι,
554 1840 647 1893 καὶ
672 1841 931 1910 δυνάμεις
957 1843 1044 1896 διὰ
1077 1834 1570 1918 ξηρᾶςάρκούσας
1622 1854 1717 1905 καὶ
1762 1855 1943 1910 στόλον

2056 1867 2275 1935 Chium,
2311 1869 2562 1926 Rhodum
2597 1887 2662 1927 ac
2697 1873 2982 1943 plerasque
3027 1884 3255 1929 caeteras
3296 1874 3630 1935 insederant,

369 1929 561 1981 ἱκανὸν
610 1931 970 1985 καταλιπεῖν·
1020 1930 1143 1988 εἶτα
1175 1937 1244 1990 δι’
1281 1940 1486 2005 αὐτῶν,
1514 1944 1614 2006 τὰς
1656 1945 1766 1997 τῶν
1809 1948 1949 2018 Βαρ-

366 2018 559 2088 δὰρων
633 2022 1005 2089 ἀναχαιτίζειν
1064 2025 1240 2094 όρμάς
1298 2030 1392 2083 καὶ
1459 2032 1950 2090 ἀντικαθίστασθαι

367 2112 582 2173 αὐτοῖς,
619 2107 739 2183 κᾷθ’
774 2113 947 2180 οὕτως
993 2119 1130 2185 μετά
1159 2120 1255 2172 τοῦ
1299 2120 1490 2175 λοιποῦ
1530 2127 1951 2196 στρατεύματος

364 2202 471 2269 τῆς
498 2204 635 2272 πρὸς
682 2204 1015 2275 Ἀντιόχειαν
1052 2211 1329 2282 φερούσης
1372 2215 1634 2285 ἅψασθαι,
1671 2222 1812 2290 μετά
1843 2224 1951 2277 τῶν

364 2295 687 2363 ἀναμεταξῦ
718 2298 1023 2370 Βαρϐάρων
1079 2303 1155 2366 ὡς
1211 2305 1333 2358 ἐνὸν
1388 2310 1723 2381 μαχόμενος.
1765 2316 1951 2370 Μετα-

360 2386 731 2455 πεμψάμενος
758 2391 937 2444 τοίνυν
981 2392 1235 2464 Ἰωάννην
1267 2396 1358 2449 τὸν
1390 2399 1600 2453 Δούκαν
1624 2403 1720 2456 καὶ
1755 2422 1947 2468 γυναι-

356 2475 632 2542 κάδελιρον
662 2479 851 2545 αὐτοῦ,
891 2483 1229 2551 παραδίδωσι
1260 2486 1526 2558 δυνάμεις
1562 2493 1629 2546 ὲκ
1665 2493 1946 2565 διαφόρων

357 2569 792 2638 συνειλεγμένας
831 2577 1048 2644 χωρῶν,
1088 2580 1179 2632 καὶ
1212 2581 1400 2635 στόλον
1436 2584 1771 2655 ἀποχρῶντα
1808 2592 1946 2661 πρὸς

351 2662 461 2730 τὴν
508 2664 619 2716 τῶν
655 2668 936 2736 παραλίων
984 2670 1192 2725 πόλεων
1244 2675 1588 2747 πολιορκίαν,
1638 2684 1733 2737 καὶ
1770 2686 1945 2758 αὐτὴν

354 2756 414 2808 δὲ
480 2757 583 2824 τὴν
631 2758 726 2810 τοῦ
782 2761 970 2833 Τζαχᾶ
1000 2763 1278 2835 θυγατέρα
1318 2772 1751 2841 κατασχεθείσαν
1807 2756 1947 2849 μετὰ

356 2845 470 2899 τῶν
514 2846 691 2901 ἄλλων
735 2849 925 2903 ὀπόσοι
968 2854 1121 2917 ἐντὸς
1160 2857 1259 2926 τῆς
1310 2859 1549 2923 Νικαίας
1594 2866 1717 2918 τότε
1750 2845 1946 2940 ἔτυχον

368 2937 677 3010 ἐπισκήψας
718 2940 1139 3014 διακηρυκεύειν
1192 2948 1292 3018 μὲν
1336 2954 1617 3027 πανταχοῦ
1682 2959 1782 3030 τὴν
1844 2937 1945 3034 τῆς

362 3029 600 3095 Νικαίας
650 3033 891 3089 ἅλωσιν
927 3039 976 3092 εί
1029 3039 1087 3093 δὲ
1149 3041 1226 3114 μὴ
1269 3049 1619 3107 πιστεύοιντο
1669 3029 1945 3129 δ’,ίαύτην

357 3124 462 3195 τὴν
488 3125 586 3179 τοῦ
617 3128 807 3199 Τζαχᾶ
840 3130 1118 3205 θυγατέρα
1147 3137 1530 3198 ὑποδεικνύναι
1572 3150 1686 3209 τοῖς
1744 3124 1946 3222 σατρά-

2057 1976 2260 2034 easque
2292 1975 2405 2020 tum
2446 1981 2546 2035 pro
2577 1967 2862 2022 navalibus
2916 1968 3205 2030 habebant,
3241 1968 3328 2021 ubi
3374 1968 3631 2035 piratiras

2055 2057 2390 2112 aediﬁcarent
2424 2059 2647 2123 classes,
2682 2066 2796 2112 tum
2847 2074 2946 2128 pro
2994 2060 3121 2114 tutis
3162 2060 3517 2127 receptaculis
3571 2076 3630 2110 ar

2055 2150 2318 2215 portubus
2373 2151 2425 2203 in
2477 2151 2674 2217 quibus
2740 2151 2976 2219 praedam
3044 2152 3221 2205 onusti
3273 2152 3627 2217 deponerent.

2054 2241 2294 2296 Primum
2330 2242 2495 2312 igitur
2523 2243 2761 2296 omnium
2820 2242 3130 2297 faciendum
3191 2243 3295 2297 sibi
3355 2246 3632 2312 Augustus

2052 2331 2239 2384 statuit
2298 2342 2356 2384 ut
2420 2340 2475 2386 et
2529 2332 2662 2386 mari
2748 2334 2979 2387 classem
3063 2334 3363 2402 imponeret
3443 2335 3631 2388 idonee

2052 2424 2374 2479 instructam
2432 2426 2500 2478 ad
2554 2426 2914 2480 coercendum
2979 2424 3276 2489 Tzacham,
3331 2437 3385 2480 ct
3454 2428 3628 2481 conti-

2052 2517 2254 2580 nentis,
2307 2532 2410 2586 qua
2464 2532 2613 2570 mare
2675 2517 2915 2586 respicit,
2981 2518 3332 2586 disponendis
3391 2535 3485 2584 per
3544 2522 3630 2574 lit-

2052 2608 2275 2662 toralem
2341 2622 2492 2661 oram
2573 2622 2675 2676 qua
2754 2608 3102 2663 terrestribus
3171 2624 3275 2675 qua
3349 2610 3628 2662 navalibus

2051 2701 2316 2768 przesidiis
2371 2702 2550 2755 tutelae
2590 2702 2919 2769 provideret,
2979 2717 3082 2755 non
3142 2701 3313 2756 solum
3364 2712 3624 2766 quantum

2050 2805 2165 2847 erat
2215 2808 2349 2860 opus
2397 2792 2463 2846 ad
2520 2793 2891 2862 reprimendas
2956 2794 3291 2847 incursiones
3356 2793 3625 2848 Barbaro-

2050 2898 2204 2943 rum,
2260 2882 2422 2953 322
2483 2898 2671 2936 verum
2724 2884 2795 2936 ita
2854 2892 2913 2936 ut
2966 2883 3031 2937 ad
3086 2884 3229 2951 ipsos
3278 2899 3525 2953 quoque,
3577 2884 3621 2939 si

2051 2991 2138 3030 res
2202 2972 2409 3040 ferret,
2485 2975 2824 3030 lacessendos
2904 2975 3359 3042 debellandosque
3447 2976 3625 3031 missa:

2050 3077 2237 3123 contra
2286 3081 2378 3121 eos
2400 3067 2574 3137 copiae
2612 3066 2937 3122 subicerent.
2986 3064 3080 3121 lli's
3107 3069 3192 3121 ubi
3231 3066 3398 3138 magis
3428 3081 3626 3138 urgen-

2050 3162 2192 3216 tibus
2252 3161 2607 3215 satisfecisset
2660 3161 2804 3215 curis
2851 3160 3117 3230 reliqumn
3170 3175 3404 3225 omnem,
3463 3176 3625 3229 quam

352 3235 491 3282 παις
545 3220 654 3276 τῶν
711 3223 974 3295 Τούρκων
1021 3229 1115 3283 καὶ
1173 3233 1288 3297 τοῖς
1355 3236 1425 3289 τά
1474 3239 1608 3309 περὶ
1664 3218 1938 3300 θάλατταν

2048 3268 2237 3323 rogere
2309 3251 2811 3307 numerosissimum
2895 3260 3113 3321 posset,
3202 3253 3425 3306 ductare
3510 3254 3628 3321 ipse

349 3315 681 3407 νεμομένοις
716 3317 1061 3390 Βαρϐάροις,
1095 3323 1171 3386 ὡς
1201 3324 1269 3379 ἂν
1300 3328 1351 3380 ei
1391 3331 1491 3394 τάς
1540 3333 1640 3405 ἢδη
1675 3338 1940 3407 ῥηθείσας

350 3406 546 3468 πόλεις
592 3409 942 3479 κατέχοντες,
999 3414 1238 3483 ὁρῶντες
1283 3420 1492 3492 ταύτην
1535 3427 1631 3479 καὶ
1682 3406 1939 3498 βεϐαιού-

352 3501 646 3597 μενοιᾼτὴν
681 3501 783 3570 τῆς
814 3503 1051 3571 Νικαίας
1084 3508 1311 3577 ἅλωσιν,
1334 3513 1665 3583 ἀπογνόντες
1688 3521 1942 3597 ἀμαχητὶ

348 3591 655 3659 παραδοῖεν
698 3595 800 3660 τὰς
832 3598 1039 3662 πόλεις.
1080 3600 1406 3671 Ἐφοδιάσας
1453 3607 1545 3661 οὖν
1603 3591 1807 3676 ίκανιῖις
1834 3591 1943 3669 Ἴδιά

349 3684 629 3739 παντοίων
656 3686 749 3741 τὸν
797 3688 1049 3763 Ἰωάννην
1084 3695 1387 3764 ἐκπέμπει.

2038 3346 2316 3415 Augustus
2355 3359 2594 3412 praesens
2634 3344 2933 3399 exercitum
2978 3344 3294 3398 decreverat
3346 3345 3624 3413 suppetias

2039 3437 2282 3492 obsessis
2337 3437 2637 3490 Antiochia:
2688 3435 2914 3497 Latinis,
2976 3450 3098 3488 cum
3155 3449 3326 3502 eoque
3380 3448 3624 3503 pugnare

2040 3525 2168 3580 totis
2232 3525 2438 3578 viribus
2510 3526 2772 3579 adversus
2844 3522 3115 3577 Barbaros
3184 3523 3275 3591 qui
3349 3536 3443 3576 eos
3513 3521 3621 3575 illic

2039 3617 2444 3686 Oppugnabaut.
2488 3614 2611 3669 llaec
2678 3615 2843 3668 animi
2898 3614 3148 3668 consulta
3219 3628 3325 3683 quo
3386 3613 3439 3668 in
3506 3628 3621 3667 rem

2041 3710 2319 3764 conferret
2378 3708 2618 3763 accersit
2672 3705 2935 3763 Joannem
3002 3707 3202 3761 Ducam
3260 3707 3445 3761 uxoris
3512 3720 3623 3764 sua:

350 3779 602 3847 fratrem,
651 3786 806 3854 eique
839 3789 999 3841 tradit
1031 3791 1219 3859 cepias
1266 3807 1331 3846 ex
1388 3794 1618 3852 diversis
1664 3798 1925 3855 collectas
1964 3800 2301 3869 regionibus,
2330 3801 2670 3869 classemque
2695 3799 2828 3854 satis
2879 3798 3114 3852 validam
3175 3799 3242 3853 ad
3303 3814 3617 3869 oppugnan-

350 3876 448 3931 das
484 3877 748 3933 littorales
774 3894 928 3935 arces
958 3897 1077 3950 qua:
1142 3899 1173 3937 a
1219 3886 1411 3954 piratis
1492 3888 1803 3946 istiusmou.
1856 3894 2203 3949 tenebantur.
2275 3894 2431 3949 Dedit
2460 3894 2625 3948 etiam
2659 3892 2822 3946 ﬁliam
2855 3891 3085 3946 Tzaehte
3116 3908 3286 3961 nuper
3347 3908 3469 3947 cum
3501 3894 3622 3948 aliis

348 3983 384 4021 e
416 3969 697 4039 principali
731 3970 1034 4028 Turcorum
1068 3974 1270 4032 familia
1295 3978 1386 4047 qui
1434 3976 1631 4036 Nicreze
1674 3992 1800 4037 sunt
1844 3984 2067 4053 reperti,
2100 3986 2387 4041 occasione
2437 3984 2728 4039 deditionis
2766 3985 3005 4039 civitatis
3054 3982 3173 4052 eius
3229 3983 3337 4038 illic
3383 3996 3631 4054 captatur

348 4059 509 4113 Dedit
542 4071 717 4114 autem
744 4077 861 4116 eam
895 4063 947 4117 in
985 4080 1141 4146 usum
1171 4070 1549 4135 conﬁrmandi,
1602 4075 1917 4131 ostensione
1969 4078 2161 4144 puellae
2195 4077 2373 4141 istius,
2438 4091 2602 4146 quam
2658 4076 2864 4131 servari
2921 4075 3061 4146 apud
3110 4074 3345 4131 Nicaeam
3431 4087 3618 4132 notum

346 4160 473 4205 erat
520 4152 733 4220 Turcis,
786 4158 1022 4213 nondum
1076 4162 1212 4216 satis
1251 4164 1457 4234 vulgati
1516 4169 1695 4220 nuntii
1755 4178 2080 4239 expugnata:
2136 4166 2355 4226 'Nicteae.
2418 4171 2593 4235 Quem
2657 4170 2874 4237 quidem
2918 4170 3025 4225 late
3075 4170 3258 4239 spargi
3328 4184 3356 4222 a
3408 4168 3619 4224 Joanne

349 4244 645 4297 mandabat
685 4246 1021 4317 imperator:
1053 4260 1108 4305 et
1156 4256 1416 4321 satrapis,
1452 4257 1686 4328 aliisque
1734 4261 1925 4330 piratis
1969 4260 2250 4327 Barbaris,
2282 4262 2326 4315 si
2363 4276 2500 4329 quos
2529 4260 2596 4314 ad
2636 4269 2843 4314 tantam
2906 4275 3017 4314 rem
3087 4262 3415 4315 credendam
3468 4261 3620 4314 iuve-

346 4334 495 4389 airct
528 4339 716 4402 duros,
740 4341 847 4395 tale
878 4346 1149 4412 captivum
1224 4357 1386 4418 caput
1428 4348 1482 4403 in
1552 4351 1675 4405 tldei
1722 4364 2103 4423 argumentum
2192 4353 2537 4408 ineluctabile
2611 4352 2925 4407 monstrari.
2988 4352 3119 4406 Inde
3172 4353 3317 4406 enim
3371 4351 3615 4406 futurqu

346 4427 608 4494 sperabat
656 4439 727 4503 ut_
764 4431 902 4484 certi
956 4431 1051 4487 tali
1108 4436 1419 4493 testimonio
1456 4454 1523 4495 ac
1580 4442 1807 4512 pignore
1858 4445 1926 4500 de
1959 4445 2135 4500 Nicaea
2208 4447 2387 4500 dedita
2422 4446 2664 4500 latrones
2701 4443 2887 4510 Turci,
2924 4447 3087 4500 rebus
3116 4444 3228 4513 jam
3293 4445 3407 4499 suis
3479 4444 3617 4498 ditii-

346 4523 567 4585 dentes,
603 4537 739 4591 quas
791 4523 1111 4580 obtinebant
1162 4543 1317 4585 arces
1360 4548 1456 4600 pro
1487 4534 1593 4589 vita
1633 4546 1687 4590 et
1734 4554 1928 4593 securo
1959 4541 2107 4595 abitu
2139 4540 2423 4594 incruenta
2455 4538 2856 4607 compositione
2899 4535 3327 4606 paciscerentur.

434 4614 642 4666 Ὁπόσα
687 4614 744 4667 δὲ
793 4617 934 4669 κατά
980 4616 1074 4670 τοῦ
1104 4619 1296 4689 Τζαχᾶ
1328 4622 1563 4693 τρόπαια
1589 4619 1744 4691 οὗτος
1772 4629 1935 4700 ἐστή-

2114 4627 2233 4682 Jam
2261 4630 2517 4697 drinceps
2560 4627 2865 4683 faciendum
2916 4627 3045 4681 mihi
3103 4634 3281 4682 estut
3330 4642 3463 4695 quas
3508 4627 3617 4683 isto

345 4723 487 4759 σατο
522 4706 616 4759 καὶ
662 4708 810 4771 ὅπως
856 4707 1047 4762 τοῦτον
1103 4711 1315 4765 ἐκεῖθεν
1366 4716 1616 4785 ἀπήλασε
1659 4720 1868 4789 προιὼν
1901 4724 1929 4775 6

2048 4721 2181 4776 bello
2222 4722 2478 4775 victorias
2498 4719 2738 4773 Joannes
2781 4718 2953 4773 Ducas
2990 4719 3291 4788 reportavit
3343 4718 3445 4773 hoc
3480 4719 3616 4786 loco

340 4800 509 4866 λόγος
568 4799 883 4869 δηλώσειεν.
956 4802 1014 4853 '0
1071 4804 1173 4871 μὲν
1240 4822 1336 4858 ουν
1381 4808 1518 4875 Δοὺξ
1570 4811 1667 4864 καὶ
1709 4810 1852 4874 θεῖος
1901 4816 1928 4867 6

338 4890 482 4958 ἐμὸς
513 4890 578 4954 ⁸³,
606 4891 743 4960 πρὸς
777 4892 983 4961 μητρὸς
1013 4893 1092 4963 τῷ
1128 4894 1343 4963 βασιλεῖ
1383 4900 1788 4971 συνταξάμενος
1826 4908 1927 4975 τῆς

344 4981 1023 5053 μεγαλουπόλεως-ἕξεισι,
1052 4990 1145 5040 λαὶ
1186 4989 1527 5059 διαπεράσας
1558 4994 1657 5063 τὴν
1690 4996 1924 5049 ’Ἄϐυδον

346 5075 856 5145 μεταπεμψάμενος
886 5078 979 5131 τδν
1030 5080 1369 5150 καλούμενον
1417 5086 1697 5140 Κάσπακα
1729 5089 1829 5159 τήν
1862 5107 1923 5142 τε

335 5166 442 5219 τοῦ
508 5168 693 5221 στόλου
742 5170 994 5235 ἐξουσίαν
1047 5174 1144 5226 καὶ
1199 5175 1297 5245 τὴν
1351 5176 1448 5230 τοῦ
1505 5179 1670 5242 πλοὸς
1704 5180 1928 5235 ἃπασαν

336 5258 662 5326 οἰκονομίαν
692 5259 842 5331 αὑτῷ
871 5260 1115 5326 ἀνέθετο,
1146 5265 1524 5335 ὑποσχόμενος
1558 5269 1633 5333 ὡς
1657 5272 1705 5324 εί
1743 5272 1926 5338 καλῶς

335 5350 669 5418 ἀγωνίσοιτο
700 5353 941 5421 ὁπηνίκα
985 5357 1230 5428 συμϐαίη
1279 5358 1379 5429 τὴν
1414 5360 1671 5431 Σμύρνην
1716 5364 1922 5419 ἁλῶναι

336 5444 593 5512 ἡγεμόνα
648 5445 840 5499 τοῦτον
896 5448 1065 5518 αὐτῆς
1113 5468 1171 5503 τε
1224 5450 1323 5520 τῆς
1364 5452 1641 5525 Σμύρνης,
1682 5458 1774 5511 καὶ
1814 5459 1926 5514 τῶν

332 5534 696 5604 ὁμορούντων
728 5536 948 5590 πάντων
1001 5542 1138 5610 αὐτῇ
1199 5546 1564 5613 καταστῆσαι.
1609 5547 1920 5617 Ἐκπέμπει

331 5626 523 5680 τοίνυν
547 5627 712 5683 αὐτὸν
741 5630 1053 5685 διαπόντιον
1083 5632 1570 5707 θαλασσοκράτορα
1597 5638 1690 5691 τοῦ
1724 5641 1913 5693 στόλου

2038 4828 2353 4868 memorem.
2392 4812 2441 4867 Is
2473 4812 2604 4877 dux,
2636 4812 2939 4866 avunculus
2970 4826 3142 4876 meus,
3173 4812 3253 4866 sic
3295 4813 3610 4878 instruetus,

2036 4906 2113 4960 uti
2141 4906 2277 4969 dixi,
2312 4907 2431 4960 vale
2456 4905 2773 4976 imperatori
2807 4904 2974 4971 dicto,
3012 4920 3044 4960 e
3075 4920 3267 4973 magna
3312 4907 3443 4962 urbe
3492 4923 3615 4976 pro-

2036 4996 2305 5062 ﬁciscens,
2358 5014 2479 5051 cum
2535 4998 2839 5067 trajecisset
2892 4998 2943 5052 iu
3012 4998 3300 5069 Abydum,
3350 5000 3614 5054 accersito

2031 5087 2281 5157 Caspaci,
2334 5089 2526 5144 classis
2567 5091 2943 5160 praefecturam
2987 5104 3287 5159 curamque
3336 5105 3611 5149 commen-

2028 5181 2215 5248 davit;
2247 5183 2517 5251 promisso
2554 5183 2626 5247 ei,
2668 5182 2711 5237 si
2748 5192 3004 5238 navasset
3035 5182 3137 5237 ista
3175 5184 3228 5237 in
3280 5200 3339 5241 re
3361 5201 3604 5257 operam,

2028 5274 2337 5344 principatu
2399 5274 2636 5329 civitatis
2689 5274 2971 5346 Smyrnae,
3028 5278 3607 5346 conterminartnnqm:

2029 5366 2331 5435 regionum,
2366 5367 2455 5421 ubi
2489 5383 2551 5421 ea
2582 5383 2679 5437 per
2706 5381 2798 5423 eos
2828 5378 2985 5436 capta
3012 5369 3353 5439 imperioque
3398 5370 3604 5422 reddita

2027 5459 2220 5514 civitas
2271 5459 2429 5515 foret.
2463 5460 2596 5516 Cum
2656 5463 2757 5516 hac
2816 5476 2911 5531 spe
2966 5478 3031 5515 ac
3088 5462 3343 5515 mandato
3394 5461 3601 5527 Caspax

2029 5550 2254 5607 classem
2285 5553 2449 5606 solvit
2481 5552 2769 5624 Smyrnam
2817 5569 3028 5616 versus,
3061 5552 3268 5607 Jonune
3318 5556 3604 5604 terrestres

2024 5643 2208 5713 copias
2240 5660 2335 5713 per
2372 5646 2740 5702 continentem
2765 5646 2951 5701 eodem
2988 5660 3085 5716 per
3112 5659 3171 5699 se
3196 5642 3467 5697 ductante.
3490 5637 3602 5695 Nec

1424 5773 1626 5835 Variae
1670 5774 1986 5842 lectiones
2029 5796 2110 5841 ex
2151 5780 2293 5844 cod.
2330 5782 2574 5846 Coislin

441 5885 484 5917 "
522 5887 729 5945 Desunt
770 5906 930 5949 voces
965 5894 1051 5947 ἐπ’
1086 5895 1333 5957 ὀνόματι.
1413 5899 1457 5932 ⁸²
1485 5900 1818 5959 πιστεύοιτο.

1901 5905 1947 5937 ⁵³
1974 5904 2163 5969 οὑμός.
