4088 6408
475 419 582 478 8i9

1789 421 2016 481 ANNtE
2058 419 2442 484 COMNEN'xE

3629 426 3736 491 8Ξο

480 539 570 588 uin
625 540 744 604 pnst
800 538 892 606 qui
963 537 1251 609 Smyrnam
1307 539 1562 594 tenebant
1622 537 1819 596 Turei,
1883 534 2043 589 simul

2173 536 2227 598 ὃς
2300 538 2535 606 εἴρηται.
2608 539 2848 593 Ἐκεῖνον
2900 539 2956 592 δὲ
3017 538 3424 611 ταγματάρχην
3496 534 3647 609 εἶχεν
3702 541 3738 607 ἡ

482 630 745 683 Joannem
778 629 980 685 Ducam
1019 646 1048 685 a
1103 640 1245 684 terra
1301 642 1487 685 contra
1540 643 1600 683 se.
1636 644 1756 681 eum
1809 627 2051 680 exercitu

483 726 813 786 venientem,
840 735 1004 794 atque
1035 725 1172 780 adeo
1192 725 1304 794 jam
1339 740 1443 777 non
1475 724 1632 790 longe.
1661 738 1690 776 ει
1724 725 1839 778 suis
1871 724 2059 776 mami-

484 819 585 872 bus
619 826 800 872 castra
829 817 1185 874 municntem.
1237 815 1458 870 simula
1508 815 1645 868 mari
1692 815 2052 883 appello-atem

481 927 604 963 cum
632 910 807 965 classe
838 910 1156 977 Caspacem,
1196 908 1481 976 pertuiqtte
1526 907 1882 975 applicantcm
1916 915 2055 959 atto-

483 1004 581 1057 niti
614 1020 734 1058 cttm
761 1002 1046 1058 vidissent.
1079 1001 1292 1069 vulgata
1335 1001 1450 1070 jam
1482 1015 1696 1071 quoque
1743 1009 1899 1054 antea
1934 1013 2057 1068 per-

481 1096 615 1151 culsi
677 1096 816 1149 fama
878 1093 1072 1150 Nica'ae
1117 1105 1315 1165 captaa,
1364 1109 1706 1164 nequaquam
1763 1093 2056 1148 obﬁrmare

479 1189 693 1243 animos
718 1189 783 1241 ad
810 1188 1171 1243 resistentium
1201 1198 1443 1255 patuere.
1469 1188 1698 1241 Ventum
1722 1201 1849 1255 ergo
1872 1186 2055 1239 statim

481 1282 547 1337 ad
599 1283 941 1335 tractandum
974 1291 1085 1345 est;
1146 1294 1380 1349 cumque
1430 1280 1563 1336 nihil
1616 1291 1863 1347 peterent
1913 1278 2056 1332 aliud

484 1372 587 1427 nisi
617 1372 719 1426 sibi
762 1370 935 1440 jnrari
990 1387 1017 1422 a
1054 1370 1262 1426 Joanne
1306 1371 1454 1424 Duca
1502 1385 1755 1424 securum
1811 1369 1947 1438 ipsis
2005 1378 2061 1422 et

482 1466 764 1519 innoxium
800 1480 895 1532 per
945 1462 1220 1518 Romanos
1264 1477 1536 1517 recessum
1590 1462 1642 1514 in
1700 1462 1887 1515 domos
1931 1476 2060 1513 suas

483 1559 620 1621 fore,
674 1572 881 1625 proque
932 1572 996 1611 eo
1043 1556 1288 1626 Smyrnae.
1346 1555 1672 1610 deditionem
1730 1565 2056 1621 praestantem

484 1655 908 1716 paciscerentur,
943 1653 1054 1706 visa
1083 1648 1277 1704 Joanui
1307 1658 1390 1705 est
1438 1665 1541 1701 non
1586 1648 1924 1715 aspernanda
1965 1661 2057 1699 oc-

480 1745 629 1799 casio
679 1754 839 1796 tanta-
893 1744 1044 1796 urbis
1088 1743 1320 1796 adveutu
1355 1740 1531 1810 primo
1569 1740 1687 1794 sine
1750 1752 1948 1792 cruore
1997 1751 2061 1791 ac

485 1837 727 1897 periculo
758 1837 1160 1902 recuperandae.
1191 1834 1490 1888 Pollicente
1542 1832 1706 1900 igitur
1740 1833 1860 1887 sine
1908 1845 2058 1883 mora

485 1931 627 1982 Duca
676 1944 796 1996 qua:
828 1928 1083 1998 pett-bant
1112 1925 1455 1981 Tzacltenses
1508 1923 1796 1995 Smyrurci,
1856 1923 2059 1977 abeunt

485 2021 559 2074 illi
587 2022 871 2081 continuo,
913 2021 1176 2087 urbisque
1208 2018 1528 2089 praefectura
1559 2018 1679 2085 ejus
1722 2032 1785 2071 ac
1810 2016 2057 2071 cuStotlia

483 2128 608 2167 cum
645 2114 747 2166 {ide
774 2113 935 2183 323
972 2112 1226 2183 Caspaci,
1281 2112 1369 2166 cui
1412 2120 1530 2165 erat
1584 2110 1877 2179 promissa,
1909 2123 2062 2162 com-

488 2207 745 2261 mittitur.
812 2205 1005 2260 Verum
1059 2206 1245 2261 incidit
1307 2220 1470 2260 casus
1528 2220 1637 2274 q.to
1697 2203 2061 2257 ittlcrversnm

481 2296 710 2367 Caspaci
736 2299 1044 2367 praemium,
1078 2298 1319 2352 oblatum
1351 2297 1577 2351 exitium
1612 2307 1711 2352 est.
1750 2295 2063 2350 Desinit-erat

481 2394 531 2447 is
569 2393 857 2446 abeuntem
888 2391 1168 2453 Joannem,
1200 2391 1357 2447 oliicii
1387 2405 1578 2447 causa.
1610 2389 1740 2445 lude
1773 2389 2060 2459 Smyrnam

485 2482 730 2536 redeunti
777 2481 1019 2536 occurrit
1063 2480 1376 2551 Smyrnzens
1423 2480 1642 2549 quidam
1716 2494 2064 2547 conquerens

490 2589 585 2642 per
625 2575 729 2626 vim
759 2573 861 2628 sibi
891 2573 1104 2627 ablatos
1133 2588 1162 2625 a
1219 2572 1496 2627 Saraccno
1529 2572 1785 2640 quopiam
1831 2582 2065 2625 statores

485 2680 682 2720 aureos
707 2666 1052 2734 quingentos.
1079 2664 1153 2718 Eo
1180 2663 1387 2732 Caspax
1413 2663 1599 2718 audito
1620 2663 1744 2717 dttci
1773 2672 2066 2732 utrumque

484 2772 707 2811 causam
758 2756 1029 2812 dicturum
1092 2757 1341 2825 imperat.
1391 2756 1448 2810 ιιι
1506 2772 1627 2811 cum
1685 2772 1805 2811 mos
1891 2758 2077 2820 ﬁeret,-

486 2848 686 2916 Syrus,
740 2862 891 2902 more
936 2848 1039 2901 sibi
1079 2847 1217 2903 male
1272 2849 1641 2913 consciorum,
1696 2850 1834 2904 trahi
1882 2865 1940 2903 se
1999 2850 2065 2902 ad

489 2941 814 3009 supplicium
845 2956 949 2995 non
982 2942 1047 2995 ad
1074 2941 1336 3015 judicium
1373 2951 1544 3002 rat-ts.
1579 2942 1815 3011 indeque
1847 2944 1897 2996 itt
1940 2943 2067 2998 des-

490 3034 825 3101 perationem
866 3034 1057 3089 salutis
1086 3043 1259 3099 artus,
1299 3035 1555 3090 strictum
1589 3034 1773 3090 rabide
1828 3035 2064 3103 gladium

490 3141 586 3192 per
633 3124 838 3178 viscera
882 3122 1141 3190 Caspacis
1197 3125 1384 3194 adigit,
1444 3124 1777 3195 fratremque
1824 3126 2065 3196 ejusdem

2158 627 2408 697 ἤπειρος.
2443 628 2559 697 ἅμα
2589 631 2773 685 τοίνυν
2805 632 2900 685 τόν
2928 650 2986 687 τε
3019 634 3301 687 Κάσπακα
3329 633 3417 686 διὰ
3460 632 3557 686 τοῦ
3610 636 3735 687 στο-

2158 718 2253 770 λου
2301 722 2396 772 καὶ
2444 721 2537 774 τὸν
2588 723 2766 776 Δοῦκα
2812 725 3069 795 Ἰωάννην
3098 725 3189 779 διὰ
3231 729 3331 797 τῆς
3375 726 3635 797 ἠπείρου.
3674 727 3739 779 Οἱ

2160 810 2309 875 ἐντος
2335 815 2401 881 τῇ
2433 812 2657 885 Σμύρνῃ
2704 815 2872 883 ἄμφω
2909 817 3403 886 προσπελάσαντας
3455 816 3738 885 θεασάμε-

2160 922 2265 967 νοι,
2300 906 2394 957 καὶ
2444 906 2536 958 τὸν
2576 907 2674 974 μὲν
2708 908 2918 959 Δςύκαν
2946 909 3011 961 ἐκ
3060 908 3438 978 διαστήματός
3466 925 3611 970 τινος
3647 908 3739 959 τὸν

2161 998 2330 1066 ἀγχοῦ
2365 998 2584 1069 χάρακα
2635 1000 2955 1071 πηξάμενον
2993 1000 3104 1054 τῶν
3126 1002 3326 1071 τειχῶν
3361 1002 3426 1065 ⁵⁸,
3463 1001 3556 1054 τὸν
3581 1001 3637 1053 δέ
3679 1018 3742 1066 γε

2163 1092 2202 1142 κ
2218 1092 2440 1143 ἀσπακα
2471 1092 2549 1162 τῷ
2580 1093 2759 1162 λιμένι
2810 1095 3270 1166 προσοκείλαντα,
3296 1095 3420 1148 ἐπεὶ
3449 1096 3545 1147 καὶ
3582 1095 3614 1161 ἡ
3643 1095 3743 1162 τῆς

2162 1184 2402 1248 Νικαίας
2461 1185 2666 1249 ἅλωσις
2724 1187 2825 1257 ἤδη
2883 1188 3132 1256 ἐγνώσθη
3186 1190 3392 1250 αὐτοῖς,
3448 1188 3558 1241 οὐδ’
3605 1188 3743 1251 ὅλως

2163 1279 2632 1350 ἀντικαταστῆναι
2675 1281 2894 1345 τούτοις
2939 1281 3237 1351 ἠθέλησαν.
3271 1282 3391 1335 ἀλλ’
3438 1283 3519 1342 εἰς
3548 1280 3741 1347 λόγους

2164 1372 2256 1422 καὶ
2295 1370 2526 1433 σπονδὰς
2571 1372 2859 1440 εἰρηνικὰς
2898 1372 3074 1426 ἐλθεῖν
3119 1373 3466 1443 ῄρετίσαντο.
3506 1372 3737 1440 ὑποσχό-

2173 1481 2348 1531 μενοι,
2386 1465 2544 1533 εἴπερ
2583 1466 2935 1535 ὀμωμοκέναι
2960 1466 3144 1528 αὐτοῖς
3173 1467 3201 1517 ὁ
3224 1466 3435 1527 Δούκας
3486 1466 3743 1535 Ἰωάννης

2165 1550 2404 1619 θελήσει,
2442 1551 2583 1605 ὥστε
2622 1556 3030 1625 παραχωρῆσαι
3073 1556 3306 1619 ἀπαθεῖς
3362 1556 3553 1608 κακῶν
3608 1554 3743 1623 πρλς

2166 1642 2230 1694 τά
2278 1644 2418 1696 οἴκοι
2468 1643 2694 1705 τούτους
2751 1645 3140 1710 ὲπαναζεῠξαι,
3178 1645 3444 1713 ἀναιματὶ
3487 1645 3582 1698 καὶ
3638 1647 3745 1713 μά-

2166 1751 2268 1803 χης
2292 1734 2424 1803 άτερ
2454 1735 2554 1803 τὴν
2577 1734 2835 1806 Σμύρνην
2867 1737 3012 1804 αύτῷ
3043 1736 3398 1804 παραδοῦναι.
3427 1736 3745 1789 Συντίοεται

2166 1826 2347 1880 τοίνυν
2399 1829 2428 1880 ὁ
2460 1828 2671 1890 Δούκας
2717 1828 3023 1895 τηνικαῦτα
3069 1832 3135 1898 τῇ
3171 1828 3267 1881 τοῦ
3316 1828 3505 1898 Τζαχᾶ
3550 1827 3747 1897 γνώμῃ

2162 1918 2233 1969 τὰ
2288 1917 2428 1971 κατὰ
2462 1919 2665 1972 σκοπὸν
2720 1920 2935 1972 ἅπαντα
2993 1919 3289 1989 πληρῶσαι
3341 1919 3743 1987 ὑποσχόμενος.

2163 2010 2299 2063 Μετ’
2382 2012 2608 2081 εἰρήνης
2678 2010 2776 2064 οὖν
2855 2010 3067 2063 ἐκεῖθεν
3146 2011 3347 2073 αὐτοὺς
3434 2010 3741 2075 ἀπελάσας,

2164 2104 2242 2172 τῷ
2301 2103 2570 2157 Κάσπακι
2620 2105 2721 2171 τὴν
2777 2107 2963 2157 πᾶσαν
3014 2105 3205 2158 οὐσίαν
3247 2106 3295 2137 ⁸⁸
3327 2105 3427 2172 τῆς
3480 2103 3739 2174 Σμύρνης

2166 2196 2410 2250 ἀνέθετο.
2446 2198 2662 2250 Γίνεται
2691 2198 2747 2250 δέ
2778 2214 2829 2249 τι
2851 2198 2988 2249 κατά
3011 2196 3306 2267 συντυχίαν
3328 2196 3590 2250 τοιοῦτον.
3635 2195 3744 2249 Τοῦ

2167 2290 2474 2350 Κάσπακος
2510 2290 2621 2341 ἀπὸ
2646 2289 2740 2341 τοῦ
2778 2288 2963 2341 Δούκα
3004 2289 3255 2343 Ἰωάννου
3298 2289 3743 2357 ὑποστρέφοντος

2168 2383 2477 2452 προσῆλθεν
2531 2384 2680 2453 αὐτῷ
2712 2387 3021 2452 Σμυρναῖος
3050 2403 3134 2448 τις
3163 2385 3465 2451 διεγκαλῶν
3506 2386 3741 2452 ἀφαιρε-

2170 2476 2334 2545 Θῆναι
2375 2477 2527 2547 πτρά
2561 2494 2655 2531 του
2690 2476 3015 2547 Σαρακηνοῦ
3055 2479 3313 2547 χρυσίους
3348 2479 3738 2539 πεντακοσίους

2172 2569 2472 2637 στατῆρας.
2544 2570 2605 2622 '0
2654 2570 2709 2622 δὲ
2748 2569 2985 2639 ἀχθῆναι
3031 2570 3257 2634 τούτους
3307 2570 3745 2639 κριθησομένους

2170 2660 2458 2726 ἐπέταξεν.
2504 2660 2593 2724 Ὠς
2625 2662 2685 2713 δὲ
2718 2664 2746 2715 ὁ
2782 2662 2960 2734 Σύρος
3005 2664 3220 2715 εἵλκετο
3252 2664 3488 2730 νομίσας
3527 2662 3604 2723 ὡς
3653 2662 3749 2713 ἐπὶ

2169 2754 2247 2821 τῷ
2277 2754 2632 2824 ἀναιρεθῆναι
2684 2755 2902 2820 ἄγεται,
2953 2757 3050 2809 καὶ
3101 2756 3371 2822 ἀπογνοὺς
3409 2757 3506 2822 τῆς
3551 2753 3749 2808 ἑαυτοῦ

2172 2847 2450 2916 σωτηρίας
2497 2846 2854 2917 σπασάμενος
2903 2845 3185 2917 μάχαιραν
3208 2848 3350 2900 κατὰ
3391 2845 3502 2901 τῶν
3535 2846 3752 2912 σπλάγ-

2170 2956 2312 3010 χνων
2352 2938 2448 2992 τοῦ
2494 2940 2798 3002 Κάσπακος
2826 2938 2986 3001 ὠθεῖ,
3028 2939 3398 3010 ἐπιστραφεὶς
3431 2940 3487 2993 δὲ
3519 2939 3753 3009 πλήττει

2171 3033 2267 3084 καὶ
2297 3031 2389 3085 τὸν
2419 3031 2617 3085 τούτου
2651 3034 2934 3102 ὁμαίμονα
2967 3034 3099 3103 περὶ
3132 3033 3224 3087 τδν
3262 3034 3436 3103 μηρόν
3479 3048 3494 3064 ⁸
3545 3032 3754 3101 συγχύο

2174 3142 2314 3188 σεως
2342 3125 2386 3177 δ’
2418 3125 2512 3178 ἐπὶ
2542 3123 2721 3193 τούτῳ
2745 3126 3052 3197 γενομένης
3090 3126 3294 3195 πολλῆς
3319 3167 3335 3191 ,
3365 3126 3394 3177 ὁ
3440 3126 3538 3196 μὲν
3567 3128 3755 3197 Σαρα-

492 3218 605 3282 pari
656 3216 841 3271 furore
875 3231 1176 3271 conversus
1229 3217 1280 3270 itt
1337 3218 1542 3273 femore
1586 3220 1843 3288 percutit.
1900 3218 2063 3273 Multa

2173 3217 2340 3285 κηνὸς
2374 3217 2792 3287 ἀποδιδράσκει.
2824 3219 2887 3271 Ol
2923 3217 2980 3271 δὲ
3013 3216 3112 3271 τοῦ
3141 3218 3335 3271 στόλου
3368 3218 3612 3281 ἅπαντες
3652 3218 3753 3272 σὺν

492 3312 619 3364 hinc
643 3310 847 3364 circum
876 3310 1277 3377 perturbatione
1297 3321 1439 3375 orta,
1460 3311 1768 3366 Saracenus
1791 3311 2022 3367 elabitur
2045 3327 2061 3379 ;

488 3412 544 3454 at
610 3399 876 3454 classiarii
928 3399 1375 3469 passimﬁmnes
1443 3401 1615 3454 atroci
1673 3402 1837 3456 exciti
1899 3402 2064 3467 fama,

489 3494 667 3547 ruistis
710 3506 820 3547 uno
867 3492 1100 3546 tumultu
1151 3492 1356 3557 nautis,
1417 3493 1703 3557 militibus.
1750 3496 2066 3562 remigibus,

493 3589 681 3641 urbem
714 3585 896 3640 infesti
937 3594 1129 3655 petunt
1154 3585 1299 3641 caede
1327 3601 1422 3655 per
1462 3601 1622 3641 omne
1654 3598 1815 3655 caput
1866 3587 2068 3642 crude-

492 3679 695 3731 lissitna
729 3689 1039 3746 grassantes
1067 3699 1080 3733 :
1108 3675 1372 3746 brevique
1420 3677 1651 3746 lugubre
1698 3678 2065 3748 spectaculum

489 3786 665 3825 caecus
707 3772 754 3822 is
790 3768 939 3824 furor
973 3769 1140 3831 dedit.
1195 3770 1470 3824 hominum
1525 3770 1832 3825 atl'decent
1880 3771 2069 3835 millia,

494 3879 602 3915 uno
636 3871 908 3914 momento
935 3869 1098 3928 atque
1132 3861 1330 3929 impetu
1363 3862 1781 3917 trucidatorum.
1818 3861 2074 3918 Graviter

497 3958 672 4009 Ducas
704 3954 910 4023 accepit
943 3955 1187 4006 nuntium
1212 3953 1424 4007 interici
1445 3954 1482 4006 ti
1506 3953 1785 4023 Caspacis,
1820 3956 2073 4025 luctuque

494 4047 561 4098 ad
590 4055 793 4097 tantam
833 4044 1106 4110 iacturam
1158 4042 1472 4113 aliquandiu
1518 4055 1711 4110 tracto,
1764 4063 1952 4100 curam
2004 4048 2073 4102 de

496 4153 636 4191 noro
666 4138 898 4192 intendit
925 4151 1139 4191 omnem
1177 4138 1228 4190 in
1276 4137 1418 4191 arcis
1444 4147 1606 4205 atque
1653 4140 1804 4192 urbis
1844 4139 2072 4209 Caspaci

497 4231 648 4298 prius
698 4228 1090 4284 comntendatte
1133 4228 1407 4293 ﬁrmanda
1468 4232 1731 4285 custodia.
1804 4230 2076 4285 Lustratis

492 4337 624 4392 ergo
653 4337 749 4388 per
784 4336 843 4376 se
869 4320 1038 4375 nutris
1070 4322 1572 4391 munitionibusque
1597 4323 1856 4389 civitatis,
1888 4323 2075 4393 cxploo

497 4428 721 4483 rataqtte
784 4430 880 4484 per
934 4414 1159 4469 idoneos
1216 4414 1465 4470 homines
1518 4416 1622 4469 (ide
1670 4426 1833 4484 atque
1876 4433 2074 4472 arcana

494 4507 766 4562 Sententia
826 4507 1023 4560 civium
1095 4505 1520 4576 colonorumque
1576 4509 1988 4579 Smyrtteusiutu
2058 4527 2072 4565 :

2173 3311 2359 3371 αὐτοῖς
2387 3311 2604 3379 ἐρέταις
2637 3312 2716 3372 είς
2748 3310 2847 3381 τὴν
2872 3309 3027 3363 πόλιν
3058 3310 3315 3374 ἀτάκτως
3344 3312 3626 3382 εἰσῄεσαν.
3656 3310 3755 3363 καὶ

2172 3402 2383 3464 πάντας
2424 3401 2670 3471 ἀνηλεῶς
2718 3403 3061 3456 ἀπέκτεινον.
3117 3403 3228 3455 Καὶ
3267 3398 3338 3472 ἦν
3385 3403 3518 3456 ἰδεῖν
3576 3402 3755 3469 θέαμα

2173 3495 2407 3547 ἐλεεινὸν
2438 3494 2570 3547 ὡσεὶ
2599 3493 2730 3547 δέκα
2763 3493 3010 3564 χιλιάδας
3036 3494 3484 3557 ἀποκτανθέντας
3517 3495 3574 3547 ὲν
3605 3491 3755 3564 ὀξείᾳ

2173 3588 2372 3657 καιροῦ
2406 3590 2570 3658 ῥοπῇ.
2613 3588 2674 3640 '0
2724 3588 2782 3640 δὲ
2819 3589 3032 3651 Δούκας
3076 3588 3336 3657 Ἰωάννης
3379 3586 3756 3657 περιαλγήσας

2174 3678 2271 3729 ἐπὶ
2297 3679 2363 3747 τῇ
2396 3676 2490 3729 τοῦ
2530 3677 2834 3740 Κάσπακος
2887 3676 3174 3746 ἀναιρέσει
3228 3675 3314 3745 ἐφ’
3365 3675 3574 3736 ἰκανὸν.
3617 3674 3757 3736 ὅλως

2175 3767 2334 3834 αὖθις
2360 3770 2459 3838 τῆς
2482 3769 2577 3823 τοῦ
2612 3771 2857 3839 κάστρου
2885 3771 2931 3802 ⁸⁸
2962 3769 3246 3839 φροντίδος
3273 3766 3757 3839 ὲγεγόνει.Ὲξελ-

2175 3864 2285 3927 θὼν
2326 3863 2510 3917 τοίνυν
2552 3864 2647 3916 καὶ
2690 3862 3079 3932 περιαθρήσας
3107 3862 3177 3915 τὰ
3201 3861 3380 3932 τείχη,
3424 3863 3524 3923 τάς
3552 3877 3613 3912 τε
3647 3858 3757 3912 τῶν

2175 3957 2417 4010 ἐποίκων
2444 3955 2672 4026 γνώμας
2706 3955 2861 4024 παρὰ
2880 3956 2992 4009 τῶν
3016 3955 3243 4008 εἰδότων
3273 3953 3756 4024 ἀκριϐωσάμενος.

2174 4048 2300 4100 ἐπεὶ
2333 4048 2494 4116 χρεία
2524 4043 2593 4115 ἦν
2620 4048 2873 4115 γενναίου
2905 4047 3120 4116 ἀνδρὸς,
3159 4046 3469 4099 τδνὙαλέα
3501 4046 3758 4116 φέριστον

2175 4140 2286 4193 τῶν
2316 4141 2495 4194 ἀλλων
2526 4140 2707 4203 εἰδὼς,
2750 4139 2923 4194 δοῦκα
2952 4143 3054 4209 τῆς
3092 4139 3351 4210 Σμύρνης
3399 4139 3759 4206 κατέστησεν.

2190 4233 2356 4306 Ἀνὴρ
2399 4234 2463 4305 δὴ
2511 4228 2665 4297 οὗτος
2711 4233 3054 4303 ἀρειμάνιος.
3109 4230 3446 4285 Καταλιπὼν
3475 4230 3533 4283 δὲ
3563 4230 3658 4282 καὶ
3697 4227 3758 4283 τὸ

2179 4331 2438 4384 ναυτικὸν
2468 4328 2616 4384 ἅπαν
2643 4331 2724 4393 είς
2755 4327 3003 4400 φυλακὴν
3031 4329 3131 4398 τῆς
3161 4326 3442 4398 Σμύρνης,
3466 4325 3630 4388 αὐτὸς
3657 4324 3760 4388 τάς

2178 4422 2442 4492 δυνάμεις
2490 4422 2903 4490 ἀναλαϐόμενος
2945 4419 3083 4489 πρὸς
3125 4419 3224 4488 τὴν
3263 4419 3527 4488 Ἐφεσίων
3559 4416 3759 4488 ἤλαυνε

2185 4516 2337 4584 παρὰ
2367 4514 2461 4568 τοῦ
2494 4514 2906 4582 Ταγγριπερμῆ
2963 4514 3056 4566 καὶ
3085 4511 3182 4565 τοῦ
3229 4511 3475 4581 Μαράκη
3520 4508 3630 4561 τῶν
3663 4524 3760 4560 σα·

495 4600 749 4668 qnoniam
781 4614 917 4667 opus
945 4614 1063 4653 esse
1091 4597 1305 4653 videbat
1321 4599 1440 4655 viro
1472 4599 1619 4665 forti,
1649 4615 1808 4670 quem
1827 4602 2066 4659 omnium

2178 4571 2415 4676 ’τράπῶν
2451 4571 2853 4674 κατεχομένη-ν..
2891 4571 3100 4656 Ϋοῦτον
3139 4571 3475 4672 θεασάμενοί
3519 4603 3566 4654 oi
3616 4600 3758 4671 Γάρ-

498 4691 1009 4756 praestantissimum
1053 4690 1153 4744 sibi
1185 4700 1534 4759 persttectum
1578 4695 1645 4746 ad
1695 4709 1916 4747 manum
1964 4704 2075 4749 tum

500 4781 690 4837 habuit
720 4780 978 4850 Hyaleum
1029 4779 1274 4852 Smyrnae
1301 4780 1614 4849 praefectum
1641 4782 1963 4850 declaravit,
1994 4788 2076 4840 vi-

499 4891 619 4928 rum
667 4874 807 4929 bello
854 4874 1233 4929 fortissimum.
1288 4874 1403 4943 Ipse
1453 4872 1739 4931 navalibus
1792 4878 1963 4947 copiis
2013 4880 2081 4935 ad

500 4967 748 5038 Smyrnae
779 4966 1003 5021 tutelam
1050 4965 1280 5032 relictis,
1319 4974 1615 5021 terrestres
1666 4981 1849 5023 secum
1880 4969 2079 5024 adver-

501 5076 594 5115 sus
634 5059 1080 5129 Tangripermem
1114 5068 1167 5112 et
1189 5057 1442 5113 Maracen
1480 5058 1728 5128 Ephesiis
1759 5060 2079 5118 incubantes

502 5153 668 5222 rapit.
724 5151 881 5207 ilunc
943 5151 1242 5219 conspicati
1284 5150 1476 5221 procul
1522 5151 1629 5207 duo
1676 5154 1764 5206 isti
1823 5161 2079 5223 satrapae,

504 5246 773 5312 prodeunt
803 5246 921 5300 acie
951 5244 1139 5299 statim
1169 5243 1465 5307 instructa,
1499 5259 1846 5315 pugnamque
1887 5243 2081 5300 Joanni

504 5340 739 5395 oti‘erunt
790 5339 844 5393 in
891 5338 1117 5410 planitie
1171 5340 1283 5393 arci
1325 5338 1594 5406 subiecta.
1633 5338 1933 5393 Cunctatus
1984 5354 2084 5408 pa-

508 5450 725 5499 rumper
755 5434 951 5500 Ducas,
1008 5447 1134 5488 mox
1168 5442 1349 5490 tamen
1392 5434 1607 5503 agmine
1665 5440 1719 5488 et
1778 5434 1893 5503 ipse
1921 5448 2081 5500 quam

508 5525 835 5591 peritissime
862 5534 1091 5590 structo,
1130 5525 1359 5593 impigre
1394 5526 1448 5579 in
1477 5539 1571 5579 eos
1600 5536 1796 5579 movet.
1848 5525 2089 5579 Dimica-

2186 4702 2347 4768 ὄαροι
2377 4696 2501 4749 κατ’
2533 4695 2714 4748 αὐτῶν
2747 4698 2965 4764 ἱέμενον
2994 4734 3008 4758 ,
3052 4694 3414 4765 ὁπλισάμενοι
3446 4695 3543 4747 καὶ
3577 4692 3761 4762 σχῆμα

2185 4790 2429 4859 πολέμου
2460 4790 2589 4860 περὶ
2621 4790 2721 4857 τὴν
2758 4788 2865 4853 ἔξω
2903 4788 2998 4841 τοῦ
3036 4787 3278 4859 κάστρου
3313 4787 3538 4841 πεδιάδα
3580 4787 3801 4838 etate-'-

2186 4883 2470 4945 πώσαντες
2494 4882 2595 4943 τὰς
2622 4883 2916 4950 φάλαγγας
2961 4878 3220 4947 ἔστησαν.
3255 4883 3316 4934 Ὀ
3359 4879 3418 4933 δὲ
3468 4878 3597 4943 δοὺς
3632 4878 3762 4949 μηδὲ

2193 4975 2392 5046 μικρὸν
2418 4990 2471 5026 τι
2509 4972 2787 5043 μελλήσας
2825 4973 2924 5025 σὺν
2958 4970 3189 5041 εὐταξίᾳ
3227 4972 3598 5040 στρατιωτικῇ
3641 4969 3762 5019 κατ’

2188 5067 2368 5121 αὐτῶν
2393 5065 2685 5137 ὲξώρμηκε
2706 5065 2751 5096 ⁵⁷
2776 5081 2790 5093 ·
2814 5062 2914 5133 τῆς
2944 5063 3078 5133 γοῦν
3111 5080 3173 5117 συ
3183 5063 3388 5133 μὸολῆς
3405 5062 3500 5115 τοῦ
3522 5062 3764 5128 πολέμου

2188 5159 2478 5229 γεγονυίας
2505 5158 2566 5209 τὸ
2598 5157 2781 5211 πλεῖον
2809 5157 2910 5225 τῆς
2940 5157 3160 5226 ἡμέρας
3204 5155 3548 5226 παρῳχήκει.
3580 5155 3775 5225 M110-

2192 5254 2373 5325 μένων
2412 5254 2457 5307 δ’
2502 5253 2836 5323 ἀμφοτέρων
2889 5252 2999 5304 τῶν
3049 5250 3238 5320 μερῶν
3289 5249 3386 5305 καὶ
3435 5250 3539 5318 τῆς
3586 5251 3777 5319 μάχης

2189 5345 2358 5415 οὔσης
2395 5343 2809 5416 ἀμφιρῤεποῦς,
2843 5344 2896 5397 οἱ
2940 5343 3178 5413 Toupth
3221 5341 3293 5395 τὰ
3322 5343 3471 5398 νῶτα
3505 5342 3780 5412 ὑποσχόν-

2193 5455 2284 5502 τες
2308 5438 2354 5470 ⁸⁸
2390 5437 2687 5509 τρέπονται
2726 5436 3102 5509 κατακράτος.
3150 5436 3473 5487 κτείνονται
3514 5435 3580 5487 δὲ
3623 5450 3777 5501 τηνι-

2198 5529 2375 5584 καῦτα
2407 5530 2592 5582 πολλοί
2616 5547 2630 5562 ·
2655 5529 2973 5584 ἁλίσκονται
3006 5527 3061 5580 δὲ
3093 5527 3152 5579 ού
3184 5527 3294 5579 τῶν
3319 5527 3559 5597 τυχαίων
3588 5526 3775 5595 μόνον,

1586 5663 1785 5725 Variae
1830 5663 2149 5729 lectiones
2179 5684 2256 5730 ex
2290 5668 2431 5731 cod.
2478 5667 2741 5729 Coisiin.

581 5794 640 5867 "_
677 5795 766 5846 :‘w
796 5796 1015 5864 χάρακα
1052 5796 1363 5867 πηξάμενον
1394 5793 1566 5866 ἀγχοῦ
1605 5794 1710 5848 τῶν
1747 5795 1963 5866 τειχῶν.

515 5865 870 5932 στρένᾷαντες.

2044 5798 2088 5830 ⁵⁸
2123 5798 2389 5866 ἐξουσῖσν.

2472 5802 2514 5833 ⁸⁸⁸
2539 5798 2973 5857 Κωνσταντίνου.
3052 5796 3096 5827 ⁸⁷
3128 5796 3472 5866 ἐξώρμησεν.
3554 5792 3599 5825 ⁸⁸
3633 5793 3775 5846 ὑπο-
