  <div class='ocr_page' id='page_1' title='image "/cluster/home/n/w/nwhite01/storage/ocr_20150623/131:no.4/coo.31924054870369/418.png"; bbox 0 0 4088 6406; ppageno 0'>
   <div class='ocr_carea' id='block_1_1' title="bbox 429 406 534 470">
    <p class='ocr_par' dir='ltr' id='par_1_1' title="bbox 429 406 534 470">
     <span class='ocr_line' id='line_1_1' title="bbox 429 406 534 470; baseline 0 -1"><span class='ocrx_word' id='word_1_1' title='bbox 429 406 534 470; x_wconf 77' lang='lat'><strong>821</strong></span> 
     </span>
    </p>
   </div>
   <div class='ocr_carea' id='block_1_2' title="bbox 1704 403 2448 471">
    <p class='ocr_par' dir='ltr' id='par_1_2' title="bbox 1704 403 2448 471">
     <span class='ocr_line' id='line_1_2' title="bbox 1704 403 2448 471; baseline 0.007 -7"><span class='ocrx_word' id='word_1_2' title='bbox 1704 403 2118 465; x_wconf 83' lang='lat' dir='ltr'><strong>ALEXIADIS</strong></span> <span class='ocrx_word' id='word_1_3' title='bbox 2158 405 2307 471; x_wconf 69' lang='lat' dir='ltr'><strong>LIB.</strong></span> <span class='ocrx_word' id='word_1_4' title='bbox 2337 407 2448 469; x_wconf 82' lang='lat' dir='ltr'><strong>XI.</strong></span> 
     </span>
    </p>
   </div>
   <div class='ocr_carea' id='block_1_3' title="bbox 3581 417 3694 477">
    <p class='ocr_par' dir='ltr' id='par_1_3' title="bbox 3581 417 3694 477">
     <span class='ocr_line' id='line_1_3' title="bbox 3581 417 3694 477; baseline 0.035 -4"><span class='ocrx_word' id='word_1_5' title='bbox 3581 417 3694 477; x_wconf 60' lang='lat'><strong>8‘2&quot;.</strong></span> 
     </span>
    </p>
   </div>
   <div class='ocr_carea' id='block_1_4' title="bbox 432 517 2013 597">
    <p class='ocr_par' dir='ltr' id='par_1_4' title="bbox 432 517 2012 592">
     <span class='ocr_line' id='line_1_4' title="bbox 432 517 2012 592; baseline 0 -20"><span class='ocrx_word' id='word_1_6' title='bbox 432 519 574 573; x_wconf 78' lang='grc' dir='ltr'>ἀλλὰ</span> <span class='ocrx_word' id='word_1_7' title='bbox 618 519 714 572; x_wconf 70' lang='grc' dir='ltr'><strong>καὶ</strong></span> <span class='ocrx_word' id='word_1_8' title='bbox 769 518 952 574; x_wconf 74' lang='grc' dir='ltr'>αὑτων</span> <span class='ocrx_word' id='word_1_9' title='bbox 1004 536 1114 575; x_wconf 88' lang='grc' dir='ltr'><strong>των</strong></span> <span class='ocrx_word' id='word_1_10' title='bbox 1178 519 1482 592; x_wconf 82' lang='grc' dir='ltr'><strong>σατραπῶν</strong></span> <span class='ocrx_word' id='word_1_11' title='bbox 1530 519 1580 572; x_wconf 86' lang='lat' dir='ltr'><strong>oi</strong></span> <span class='ocrx_word' id='word_1_12' title='bbox 1638 517 1884 585; x_wconf 86' lang='grc' dir='ltr'>πλείους,</span> <span class='ocrx_word' id='word_1_13' title='bbox 1935 521 2012 582; x_wconf 83' lang='grc' dir='ltr'><strong>ὡς</strong></span> 
     </span>
    </p>
   </div>
   <div class='ocr_carea' id='block_1_5' title="bbox 2117 517 3694 597">
    <p class='ocr_par' dir='ltr' id='par_1_5' title="bbox 2117 523 3694 597">
     <span class='ocr_line' id='line_1_5' title="bbox 2117 523 3694 597; baseline 0.003 -20"><span class='ocrx_word' id='word_1_14' title='bbox 2117 531 2203 577; x_wconf 87' lang='lat' dir='ltr'><strong>tur</strong></span> <span class='ocrx_word' id='word_1_15' title='bbox 2225 523 2484 578; x_wconf 90' lang='lat' dir='ltr'><strong>atrociter</strong></span> <span class='ocrx_word' id='word_1_16' title='bbox 2507 531 2564 579; x_wconf 91' lang='lat' dir='ltr'><strong>et</strong></span> <span class='ocrx_word' id='word_1_17' title='bbox 2585 523 2700 590; x_wconf 87' lang='lat' dir='ltr'><strong>diu,</strong></span> <span class='ocrx_word' id='word_1_18' title='bbox 2718 523 2938 594; x_wconf 84' lang='lat' dir='ltr'><strong>vigente</strong></span> <span class='ocrx_word' id='word_1_19' title='bbox 2963 524 3016 579; x_wconf 94' lang='lat' dir='ltr'><strong>in</strong></span> <span class='ocrx_word' id='word_1_20' title='bbox 3047 525 3336 580; x_wconf 79' lang='lat' dir='ltr'><strong>maximam</strong></span> <span class='ocrx_word' id='word_1_21' title='bbox 3368 525 3468 581; x_wconf 91' lang='lat' dir='ltr'><strong>diei</strong></span> <span class='ocrx_word' id='word_1_22' title='bbox 3487 536 3694 597; x_wconf 88' lang='lat' dir='ltr'><strong>partem</strong></span> 
     </span>
    </p>
   </div>
   <div class='ocr_carea' id='block_1_6' title="bbox 435 610 2010 682">
    <p class='ocr_par' dir='ltr' id='par_1_6' title="bbox 435 610 2010 682">
     <span class='ocr_line' id='line_1_6' title="bbox 435 610 2010 682; baseline 0.001 -19"><span class='ocrx_word' id='word_1_23' title='bbox 435 610 860 681; x_wconf 84' lang='grc' dir='ltr'>συμποσοῦσθαι</span> <span class='ocrx_word' id='word_1_24' title='bbox 915 613 1046 676; x_wconf 80' lang='grc' dir='ltr'>τοὺς</span> <span class='ocrx_word' id='word_1_25' title='bbox 1095 611 1410 673; x_wconf 75' lang='grc' dir='ltr'><strong>ἑαλωκότας</strong></span> <span class='ocrx_word' id='word_1_26' title='bbox 1459 614 1539 675; x_wconf 80' lang='grc' dir='ltr'><strong>είς</strong></span> <span class='ocrx_word' id='word_1_27' title='bbox 1595 611 1846 682; x_wconf 81' lang='grc' dir='ltr'><strong>χιλιάδας</strong></span> <span class='ocrx_word' id='word_1_28' title='bbox 1897 611 2010 664; x_wconf 85' lang='grc' dir='ltr'>δύο.</span> 
     </span>
    </p>
   </div>
   <div class='ocr_carea' id='block_1_7' title="bbox 434 701 2012 775">
    <p class='ocr_par' dir='ltr' id='par_1_7' title="bbox 434 701 2012 775">
     <span class='ocr_line' id='line_1_7' title="bbox 434 701 2012 775; baseline 0 -19"><span class='ocrx_word' id='word_1_29' title='bbox 434 705 576 770; x_wconf 69' lang='grc' dir='ltr'>Περὶ</span> <span class='ocrx_word' id='word_1_30' title='bbox 649 701 725 757; x_wconf 83' lang='grc' dir='ltr'><strong>ὧν</strong></span> <span class='ocrx_word' id='word_1_31' title='bbox 791 705 1135 772; x_wconf 79' lang='grc' dir='ltr'>μεμαθηκὼς</span> <span class='ocrx_word' id='word_1_32' title='bbox 1211 707 1239 758; x_wconf 90' lang='grc' dir='ltr'><strong>ό</strong></span> <span class='ocrx_word' id='word_1_33' title='bbox 1306 704 1561 775; x_wconf 75' lang='grc' dir='ltr'>βασιλεὺς</span> <span class='ocrx_word' id='word_1_34' title='bbox 1641 703 2012 772; x_wconf 76' lang='grc' dir='ltr'><strong>διασπαρῆναι</strong></span> 
     </span>
    </p>
   </div>
   <div class='ocr_carea' id='block_1_8' title="bbox 432 796 2014 868">
    <p class='ocr_par' dir='ltr' id='par_1_8' title="bbox 432 796 2014 868">
     <span class='ocr_line' id='line_1_8' title="bbox 432 796 2014 868; baseline 0 -20"><span class='ocrx_word' id='word_1_35' title='bbox 432 796 665 860; x_wconf 89' lang='grc' dir='ltr'>τούτους</span> <span class='ocrx_word' id='word_1_36' title='bbox 689 799 770 859; x_wconf 83' lang='grc' dir='ltr'><strong>είς</strong></span> <span class='ocrx_word' id='word_1_37' title='bbox 794 797 894 860; x_wconf 83' lang='grc' dir='ltr'><strong>τὰς</strong></span> <span class='ocrx_word' id='word_1_38' title='bbox 919 799 1121 866; x_wconf 84' lang='grc' dir='ltr'>νήσους</span> <span class='ocrx_word' id='word_1_39' title='bbox 1155 797 1519 868; x_wconf 76' lang='grc' dir='ltr'>προσέταξεν.</span> <span class='ocrx_word' id='word_1_40' title='bbox 1553 797 1616 852; x_wconf 81' lang='grc' dir='ltr'>Οί</span> <span class='ocrx_word' id='word_1_41' title='bbox 1648 797 1707 849; x_wconf 79' lang='grc' dir='ltr'>δὲ</span> <span class='ocrx_word' id='word_1_42' title='bbox 1749 797 2014 849; x_wconf 88' lang='grc' dir='ltr'>καταλει-</span> 
     </span>
    </p>
   </div>
   <div class='ocr_carea' id='block_1_9' title="bbox 433 887 2012 959">
    <p class='ocr_par' dir='ltr' id='par_1_9' title="bbox 433 887 2012 959">
     <span class='ocr_line' id='line_1_9' title="bbox 433 887 2012 959; baseline 0.001 -20"><span class='ocrx_word' id='word_1_43' title='bbox 433 887 665 954; x_wconf 75' lang='grc' dir='ltr'>φθέντες</span> <span class='ocrx_word' id='word_1_44' title='bbox 698 888 806 940; x_wconf 82' lang='grc' dir='ltr'><strong>τῶν</strong></span> <span class='ocrx_word' id='word_1_45' title='bbox 837 888 1104 958; x_wconf 81' lang='grc' dir='ltr'>Τούρκων</span> <span class='ocrx_word' id='word_1_46' title='bbox 1138 890 1227 943; x_wconf 84' lang='grc' dir='ltr'>διὰ</span> <span class='ocrx_word' id='word_1_47' title='bbox 1258 891 1354 944; x_wconf 71' lang='grc' dir='ltr'>τοῦ</span> <span class='ocrx_word' id='word_1_48' title='bbox 1392 889 1645 958; x_wconf 76' lang='grc' dir='ltr'><strong>ποταμοῦ</strong></span> <span class='ocrx_word' id='word_1_49' title='bbox 1692 888 2012 959; x_wconf 83' lang='grc' dir='ltr'>Μαιάνδρου</span> 
     </span>
    </p>
   </div>
   <div class='ocr_carea' id='block_1_10' title="bbox 434 979 2015 1052">
    <p class='ocr_par' dir='ltr' id='par_1_10' title="bbox 434 979 2015 1052">
     <span class='ocr_line' id='line_1_10' title="bbox 434 979 2015 1052; baseline 0.001 -22"><span class='ocrx_word' id='word_1_50' title='bbox 434 979 576 1049; x_wconf 84' lang='grc' dir='ltr'>πρὸς</span> <span class='ocrx_word' id='word_1_51' title='bbox 621 979 681 1032; x_wconf 73' lang='grc' dir='ltr'>τὸ</span> <span class='ocrx_word' id='word_1_52' title='bbox 733 981 1040 1034; x_wconf 76' lang='grc' dir='ltr'>Πολυὸοτὸν</span> <span class='ocrx_word' id='word_1_53' title='bbox 1087 982 1464 1052; x_wconf 78' lang='grc' dir='ltr'><strong>ἀπερχόμενοι</strong></span> <span class='ocrx_word' id='word_1_54' title='bbox 1519 981 2015 1052; x_wconf 74' lang='grc' dir='ltr'><strong>καταφρονητικῶς</strong></span> 
     </span>
    </p>
   </div>
   <div class='ocr_carea' id='block_1_11' title="bbox 430 1071 2014 1143">
    <p class='ocr_par' dir='ltr' id='par_1_11' title="bbox 430 1071 2014 1143">
     <span class='ocr_line' id='line_1_11' title="bbox 430 1071 2014 1143; baseline 0.001 -20"><span class='ocrx_word' id='word_1_55' title='bbox 430 1071 778 1143; x_wconf 76' lang='grc' dir='ltr'><strong>διετέθησαν,</strong></span> <span class='ocrx_word' id='word_1_56' title='bbox 814 1075 906 1127; x_wconf 80' lang='grc' dir='ltr'><strong>τὸν</strong></span> <span class='ocrx_word' id='word_1_57' title='bbox 937 1073 1148 1127; x_wconf 87' lang='grc' dir='ltr'>Δούκαν</span> <span class='ocrx_word' id='word_1_58' title='bbox 1179 1074 1362 1126; x_wconf 82' lang='grc' dir='ltr'>τέλεον</span> <span class='ocrx_word' id='word_1_59' title='bbox 1393 1075 1799 1139; x_wconf 73' lang='grc' dir='ltr'>ἁπελπίξαντες</span> <span class='ocrx_word' id='word_1_60' title='bbox 1829 1075 1895 1129; x_wconf 76' lang='grc'>⁸⁵.</span> <span class='ocrx_word' id='word_1_61' title='bbox 1941 1075 2014 1128; x_wconf 84' lang='grc' dir='ltr'>Τὸ</span> 
     </span>
    </p>
   </div>
   <div class='ocr_carea' id='block_1_12' title="bbox 430 1162 2014 1237">
    <p class='ocr_par' dir='ltr' id='par_1_12' title="bbox 430 1162 2014 1237">
     <span class='ocr_line' id='line_1_12' title="bbox 430 1162 2014 1237; baseline 0.002 -21"><span class='ocrx_word' id='word_1_62' title='bbox 430 1165 490 1216; x_wconf 83' lang='grc' dir='ltr'>δὲ</span> <span class='ocrx_word' id='word_1_63' title='bbox 540 1165 639 1234; x_wconf 81' lang='grc' dir='ltr'>οὐχ</span> <span class='ocrx_word' id='word_1_64' title='bbox 695 1164 870 1229; x_wconf 81' lang='grc' dir='ltr'>οὕτως</span> <span class='ocrx_word' id='word_1_65' title='bbox 937 1162 1123 1237; x_wconf 79' lang='grc' dir='ltr'>εἶχεν·</span> <span class='ocrx_word' id='word_1_66' title='bbox 1162 1167 1299 1220; x_wconf 84' lang='grc' dir='ltr'><strong>ἀλλὰ</strong></span> <span class='ocrx_word' id='word_1_67' title='bbox 1357 1167 1451 1218; x_wconf 68' lang='grc' dir='ltr'>τὸν</span> <span class='ocrx_word' id='word_1_68' title='bbox 1512 1168 1755 1231; x_wconf 78' lang='grc' dir='ltr'>Πετζέαν</span> <span class='ocrx_word' id='word_1_69' title='bbox 1816 1167 2014 1220; x_wconf 79' lang='grc' dir='ltr'>δούκαν</span> 
     </span>
    </p>
   </div>
   <div class='ocr_carea' id='block_1_13' title="bbox 429 1257 2014 1324">
    <p class='ocr_par' dir='ltr' id='par_1_13' title="bbox 429 1257 2014 1324">
     <span class='ocr_line' id='line_1_13' title="bbox 429 1257 2014 1324; baseline 0.003 -17"><span class='ocrx_word' id='word_1_70' title='bbox 429 1257 674 1323; x_wconf 75' lang='grc' dir='ltr'>ταυτησὶ</span> <span class='ocrx_word' id='word_1_71' title='bbox 709 1257 811 1324; x_wconf 85' lang='grc' dir='ltr'>τῆς</span> <span class='ocrx_word' id='word_1_72' title='bbox 855 1257 1066 1319; x_wconf 85' lang='grc' dir='ltr'>πόλεως</span> <span class='ocrx_word' id='word_1_73' title='bbox 1110 1257 1472 1319; x_wconf 81' lang='grc' dir='ltr'>καταλιπὼν,</span> <span class='ocrx_word' id='word_1_74' title='bbox 1525 1259 1689 1321; x_wconf 74' lang='grc' dir='ltr'>αὐτὸς</span> <span class='ocrx_word' id='word_1_75' title='bbox 1732 1260 2014 1312; x_wconf 68' lang='grc' dir='ltr'>ὁπλιτικὸν</span> 
     </span>
    </p>
   </div>
   <div class='ocr_carea' id='block_1_14' title="bbox 430 1347 2014 1422">
    <p class='ocr_par' dir='ltr' id='par_1_14' title="bbox 430 1347 2014 1422">
     <span class='ocr_line' id='line_1_14' title="bbox 430 1347 2014 1422; baseline 0.003 -23"><span class='ocrx_word' id='word_1_76' title='bbox 430 1347 579 1399; x_wconf 77' lang='grc' dir='ltr'>ἅπαν</span> <span class='ocrx_word' id='word_1_77' title='bbox 627 1348 1037 1416; x_wconf 79' lang='grc' dir='ltr'>ἀναλαϐόμενος</span> <span class='ocrx_word' id='word_1_78' title='bbox 1085 1351 1399 1420; x_wconf 73' lang='grc' dir='ltr'>παραυτίκα</span> <span class='ocrx_word' id='word_1_79' title='bbox 1433 1350 1659 1404; x_wconf 72' lang='grc' dir='ltr'>ὄπισθεν</span> <span class='ocrx_word' id='word_1_80' title='bbox 1710 1353 1770 1403; x_wconf 84' lang='grc' dir='ltr'><strong>ού</strong></span> <span class='ocrx_word' id='word_1_81' title='bbox 1804 1351 2014 1422; x_wconf 78' lang='grc' dir='ltr'>φύρδην</span> 
     </span>
    </p>
   </div>
   <div class='ocr_carea' id='block_1_15' title="bbox 431 1437 2013 1515">
    <p class='ocr_par' dir='ltr' id='par_1_15' title="bbox 431 1437 2013 1515">
     <span class='ocr_line' id='line_1_15' title="bbox 431 1437 2013 1515; baseline 0.004 -25"><span class='ocrx_word' id='word_1_82' title='bbox 431 1437 554 1490; x_wconf 81' lang='grc' dir='ltr'>ἀλλ’</span> <span class='ocrx_word' id='word_1_83' title='bbox 573 1438 620 1469; x_wconf 83' lang='grc'><strong><em>⁶⁹</em></strong></span> <span class='ocrx_word' id='word_1_84' title='bbox 649 1439 928 1504; x_wconf 75' lang='grc' dir='ltr'><strong>εὐτάκτως</strong></span> <span class='ocrx_word' id='word_1_85' title='bbox 946 1442 1040 1495; x_wconf 73' lang='grc' dir='ltr'>καὶ</span> <span class='ocrx_word' id='word_1_86' title='bbox 1065 1442 1140 1504; x_wconf 82' lang='grc' dir='ltr'>ὡς</span> <span class='ocrx_word' id='word_1_87' title='bbox 1171 1443 1341 1512; x_wconf 81' lang='grc' dir='ltr'>ἐχρῆν</span> <span class='ocrx_word' id='word_1_88' title='bbox 1362 1443 1758 1513; x_wconf 79' lang='grc' dir='ltr'>ἐμπειρότατον</span> <span class='ocrx_word' id='word_1_89' title='bbox 1778 1462 2013 1515; x_wconf 73' lang='grc' dir='ltr'>στρατη-</span> 
     </span>
    </p>
   </div>
   <div class='ocr_carea' id='block_1_16' title="bbox 428 1527 2014 1604">
    <p class='ocr_par' dir='ltr' id='par_1_16' title="bbox 428 1527 2014 1604">
     <span class='ocr_line' id='line_1_16' title="bbox 428 1527 2014 1604; baseline 0.004 -24"><span class='ocrx_word' id='word_1_90' title='bbox 428 1527 530 1594; x_wconf 70' lang='grc' dir='ltr'><strong>γλν</strong></span> <span class='ocrx_word' id='word_1_91' title='bbox 551 1529 691 1593; x_wconf 75' lang='grc' dir='ltr'>κατὰ</span> <span class='ocrx_word' id='word_1_92' title='bbox 713 1527 822 1583; x_wconf 81' lang='grc' dir='ltr'><strong>τῶν</strong></span> <span class='ocrx_word' id='word_1_93' title='bbox 849 1531 1104 1584; x_wconf 78' lang='grc' dir='ltr'>ἐναντίων</span> <span class='ocrx_word' id='word_1_94' title='bbox 1131 1532 1285 1595; x_wconf 77' lang='grc' dir='ltr'>ἰέναι,</span> <span class='ocrx_word' id='word_1_95' title='bbox 1304 1535 1499 1604; x_wconf 71' lang='grc' dir='ltr'>ἤλαυνε</span> <span class='ocrx_word' id='word_1_96' title='bbox 1523 1535 1663 1588; x_wconf 77' lang='grc' dir='ltr'>κατὰ</span> <span class='ocrx_word' id='word_1_97' title='bbox 1685 1535 1782 1598; x_wconf 85' lang='grc' dir='ltr'>τὰς</span> <span class='ocrx_word' id='word_1_98' title='bbox 1812 1536 2014 1604; x_wconf 76' lang='grc' dir='ltr'>ὑποθη-</span> 
     </span>
    </p>
   </div>
   <div class='ocr_carea' id='block_1_17' title="bbox 428 1620 2014 1697">
    <p class='ocr_par' dir='ltr' id='par_1_17' title="bbox 428 1620 2014 1697">
     <span class='ocr_line' id='line_1_17' title="bbox 428 1620 2014 1697; baseline 0.005 -26"><span class='ocrx_word' id='word_1_99' title='bbox 428 1620 673 1688; x_wconf 76' lang='grc' dir='ltr'>μοσύνας</span> <span class='ocrx_word' id='word_1_100' title='bbox 699 1621 789 1675; x_wconf 66' lang='grc' dir='ltr'>τοῦ</span> <span class='ocrx_word' id='word_1_101' title='bbox 819 1624 1250 1694; x_wconf 76' lang='grc' dir='ltr'>αὐτοκράτορος.</span> <span class='ocrx_word' id='word_1_102' title='bbox 1290 1626 1352 1678; x_wconf 83' lang='lat' dir='ltr'><strong>Oi</strong></span> <span class='ocrx_word' id='word_1_103' title='bbox 1393 1627 1578 1694; x_wconf 78' lang='grc' dir='ltr'>μέντοι</span> <span class='ocrx_word' id='word_1_104' title='bbox 1603 1626 1838 1697; x_wconf 82' lang='grc' dir='ltr'>Τοῦρκοι</span> <span class='ocrx_word' id='word_1_105' title='bbox 1872 1627 2014 1679; x_wconf 83' lang='grc' dir='ltr'>καθοὶ</span> 
     </span>
    </p>
   </div>
   <div class='ocr_carea' id='block_1_18' title="bbox 425 1714 2014 1790">
    <p class='ocr_par' dir='ltr' id='par_1_18' title="bbox 425 1714 2014 1790">
     <span class='ocr_line' id='line_1_18' title="bbox 425 1714 2014 1790; baseline 0.006 -27"><span class='ocrx_word' id='word_1_106' title='bbox 425 1729 492 1778; x_wconf 77' lang='grc' dir='ltr'>γε</span> <span class='ocrx_word' id='word_1_107' title='bbox 530 1714 746 1783; x_wconf 71' lang='grc' dir='ltr'>εἴρηται</span> <span class='ocrx_word' id='word_1_108' title='bbox 774 1715 861 1770; x_wconf 82' lang='grc' dir='ltr'><strong>διά</strong></span> <span class='ocrx_word' id='word_1_109' title='bbox 893 1735 951 1769; x_wconf 87' lang='grc' dir='ltr'><strong>τε</strong></span> <span class='ocrx_word' id='word_1_110' title='bbox 971 1717 1292 1788; x_wconf 87' lang='grc' dir='ltr'>Μαιάνδρου</span> <span class='ocrx_word' id='word_1_111' title='bbox 1322 1721 1416 1772; x_wconf 71' lang='grc' dir='ltr'><strong>καὶ</strong></span> <span class='ocrx_word' id='word_1_112' title='bbox 1449 1721 1557 1773; x_wconf 78' lang='grc' dir='ltr'>τῶν</span> <span class='ocrx_word' id='word_1_113' title='bbox 1589 1722 2014 1790; x_wconf 73' lang='grc' dir='ltr'>παρακειμένων</span> 
     </span>
    </p>
   </div>
   <div class='ocr_carea' id='block_1_19' title="bbox 426 1804 2009 1879">
    <p class='ocr_par' dir='ltr' id='par_1_19' title="bbox 426 1804 2009 1879">
     <span class='ocr_line' id='line_1_19' title="bbox 426 1804 2009 1879; baseline 0.004 -21"><span class='ocrx_word' id='word_1_114' title='bbox 426 1804 586 1875; x_wconf 80' lang='grc' dir='ltr'>αὖτῷ</span> <span class='ocrx_word' id='word_1_115' title='bbox 619 1807 830 1861; x_wconf 87' lang='grc' dir='ltr'>πόλεων</span> <span class='ocrx_word' id='word_1_116' title='bbox 860 1809 1187 1874; x_wconf 79' lang='grc' dir='ltr'>ὁδεύσαντες</span> <span class='ocrx_word' id='word_1_117' title='bbox 1229 1811 1718 1879; x_wconf 76' lang='grc' dir='ltr'>καταλαμϐάνουσι</span> <span class='ocrx_word' id='word_1_118' title='bbox 1747 1814 1806 1864; x_wconf 73' lang='grc' dir='ltr'>τὸ</span> <span class='ocrx_word' id='word_1_119' title='bbox 1837 1815 2009 1865; x_wconf 82' lang='grc' dir='ltr'>Πολυ-</span> 
     </span>
    </p>
   </div>
   <div class='ocr_carea' id='block_1_20' title="bbox 2117 617 3677 688">
    <p class='ocr_par' dir='ltr' id='par_1_20' title="bbox 2117 617 3677 688">
     <span class='ocr_line' id='line_1_20' title="bbox 2117 617 3677 688; baseline 0.002 -18"><span class='ocrx_word' id='word_1_120' title='bbox 2117 617 2396 686; x_wconf 86' lang='lat' dir='ltr'><strong>utrimque</strong></span> <span class='ocrx_word' id='word_1_121' title='bbox 2438 618 2758 673; x_wconf 72' lang='lat' dir='ltr'><strong>certamine.</strong></span> <span class='ocrx_word' id='word_1_122' title='bbox 2784 617 3024 674; x_wconf 81' lang='lat' dir='ltr'><strong>Tandem</strong></span> <span class='ocrx_word' id='word_1_123' title='bbox 3084 629 3204 688; x_wconf 91' lang='lat' dir='ltr'><strong>post</strong></span> <span class='ocrx_word' id='word_1_124' title='bbox 3247 619 3460 687; x_wconf 73' lang='lat' dir='ltr'><strong>longum</strong></span> <span class='ocrx_word' id='word_1_125' title='bbox 3485 619 3677 686; x_wconf 80' lang='lat' dir='ltr'><strong>:equili-</strong></span> 
     </span>
    </p>
   </div>
   <div class='ocr_carea' id='block_1_21' title="bbox 2116 705 3696 778">
    <p class='ocr_par' dir='ltr' id='par_1_21' title="bbox 2116 705 3696 778">
     <span class='ocr_line' id='line_1_21' title="bbox 2116 705 3696 778; baseline 0.002 -18"><span class='ocrx_word' id='word_1_126' title='bbox 2116 705 2292 760; x_wconf 84' lang='lat' dir='ltr'>brium</span> <span class='ocrx_word' id='word_1_127' title='bbox 2321 707 2499 762; x_wconf 72' lang='lat' dir='ltr'><strong>dubiae</strong></span> <span class='ocrx_word' id='word_1_128' title='bbox 2547 705 2800 774; x_wconf 48' lang='lat' dir='ltr'><strong>fortunat,</strong></span> <span class='ocrx_word' id='word_1_129' title='bbox 2831 709 2996 763; x_wconf 82' lang='lat' dir='ltr'><strong>Turci</strong></span> <span class='ocrx_word' id='word_1_130' title='bbox 3053 709 3217 777; x_wconf 78' lang='lat' dir='ltr'><strong>tergis</strong></span> <span class='ocrx_word' id='word_1_131' title='bbox 3249 710 3492 778; x_wconf 60' lang='lat' dir='ltr'><strong>praebitis</strong></span> <span class='ocrx_word' id='word_1_132' title='bbox 3538 709 3696 777; x_wconf 92' lang='lat' dir='ltr'><strong>plane</strong></span> 
     </span>
    </p>
   </div>
   <div class='ocr_carea' id='block_1_22' title="bbox 2115 798 3694 869">
    <p class='ocr_par' dir='ltr' id='par_1_22' title="bbox 2115 798 3694 869">
     <span class='ocr_line' id='line_1_22' title="bbox 2115 798 3694 869; baseline 0.002 -16"><span class='ocrx_word' id='word_1_133' title='bbox 2115 798 2243 864; x_wconf 86' lang='lat' dir='ltr'><strong>fusi,</strong></span> <span class='ocrx_word' id='word_1_134' title='bbox 2297 799 2478 869; x_wconf 78' lang='lat' dir='ltr'><strong>fugam</strong></span> <span class='ocrx_word' id='word_1_135' title='bbox 2531 811 2812 856; x_wconf 85' lang='lat' dir='ltr'><strong>cruentam</strong></span> <span class='ocrx_word' id='word_1_136' title='bbox 2862 813 2915 856; x_wconf 88' lang='lat' dir='ltr'><strong>et</strong></span> <span class='ocrx_word' id='word_1_137' title='bbox 2966 803 3216 855; x_wconf 83' lang='lat' dir='ltr'><strong>infestam</strong></span> <span class='ocrx_word' id='word_1_138' title='bbox 3280 803 3694 869; x_wconf 83' lang='lat' dir='ltr'><strong>insequentibus</strong></span> 
     </span>
    </p>
   </div>
   <div class='ocr_carea' id='block_1_23' title="bbox 2117 892 3692 950">
    <p class='ocr_par' dir='ltr' id='par_1_23' title="bbox 2117 892 3692 950">
     <span class='ocr_line' id='line_1_23' title="bbox 2117 892 3692 950; baseline 0.004 -6"><span class='ocrx_word' id='word_1_139' title='bbox 2117 892 2316 946; x_wconf 78' lang='lat' dir='ltr'><strong>nostris</strong></span> <span class='ocrx_word' id='word_1_140' title='bbox 2348 907 2479 948; x_wconf 87' lang='lat' dir='ltr'><strong>nece</strong></span> <span class='ocrx_word' id='word_1_141' title='bbox 2502 907 2564 947; x_wconf 88' lang='lat' dir='ltr'><strong>ac</strong></span> <span class='ocrx_word' id='word_1_142' title='bbox 2595 894 2856 948; x_wconf 79' lang='lat' dir='ltr'><strong>servitute</strong></span> <span class='ocrx_word' id='word_1_143' title='bbox 2897 895 3188 948; x_wconf 84' lang='lat' dir='ltr'><strong>multorum</strong></span> <span class='ocrx_word' id='word_1_144' title='bbox 3218 912 3248 949; x_wconf 75' lang='grc' dir='ltr'>(ι</span> <span class='ocrx_word' id='word_1_145' title='bbox 3290 896 3401 948; x_wconf 85' lang='lat' dir='ltr'><strong>suis</strong></span> <span class='ocrx_word' id='word_1_146' title='bbox 3432 894 3692 950; x_wconf 82' lang='lat' dir='ltr'><strong>habuere.</strong></span> 
     </span>
    </p>
   </div>
   <div class='ocr_carea' id='block_1_24' title="bbox 2115 982 3692 1054">
    <p class='ocr_par' dir='ltr' id='par_1_24' title="bbox 2115 982 3692 1054">
     <span class='ocr_line' id='line_1_24' title="bbox 2115 982 3692 1054; baseline 0.001 -18"><span class='ocrx_word' id='word_1_147' title='bbox 2115 982 2263 1037; x_wconf 83' lang='lat' dir='ltr'><strong>Inter</strong></span> <span class='ocrx_word' id='word_1_148' title='bbox 2317 984 2584 1053; x_wconf 71' lang='lat' dir='ltr'><strong>captivos,</strong></span> <span class='ocrx_word' id='word_1_149' title='bbox 2639 999 2868 1054; x_wconf 90' lang='lat' dir='ltr'><strong>quorum</strong></span> <span class='ocrx_word' id='word_1_150' title='bbox 2921 987 3209 1040; x_wconf 81' lang='lat' dir='ltr'><strong>universus</strong></span> <span class='ocrx_word' id='word_1_151' title='bbox 3257 989 3322 1039; x_wconf 91' lang='lat' dir='ltr'><strong>ad</strong></span> <span class='ocrx_word' id='word_1_152' title='bbox 3372 987 3482 1041; x_wconf 87' lang='lat' dir='ltr'><strong>duo</strong></span> <span class='ocrx_word' id='word_1_153' title='bbox 3529 987 3692 1041; x_wconf 88' lang='lat' dir='ltr'><strong>millia</strong></span> 
     </span>
    </p>
   </div>
   <div class='ocr_carea' id='block_1_25' title="bbox 2117 1079 3696 1150">
    <p class='ocr_par' dir='ltr' id='par_1_25' title="bbox 2117 1079 3696 1150">
     <span class='ocr_line' id='line_1_25' title="bbox 2117 1079 3696 1150; baseline 0.001 -19"><span class='ocrx_word' id='word_1_154' title='bbox 2117 1093 2377 1133; x_wconf 89' lang='lat' dir='ltr'><strong>numerus</strong></span> <span class='ocrx_word' id='word_1_155' title='bbox 2429 1079 2696 1145; x_wconf 82' lang='lat' dir='ltr'><strong>ascendit,</strong></span> <span class='ocrx_word' id='word_1_156' title='bbox 2735 1079 2980 1149; x_wconf 88' lang='lat' dir='ltr'><strong>plerique</strong></span> <span class='ocrx_word' id='word_1_157' title='bbox 3028 1091 3260 1149; x_wconf 69' lang='lat' dir='ltr'><strong>satrapm</strong></span> <span class='ocrx_word' id='word_1_158' title='bbox 3302 1081 3502 1150; x_wconf 87' lang='lat' dir='ltr'><strong>reperti</strong></span> <span class='ocrx_word' id='word_1_159' title='bbox 3558 1099 3572 1135; x_wconf 89' lang='lat'><strong>:</strong></span> <span class='ocrx_word' id='word_1_160' title='bbox 3630 1081 3696 1133; x_wconf 85' lang='lat' dir='ltr'><strong>de</strong></span> 
     </span>
    </p>
   </div>
   <div class='ocr_carea' id='block_1_26' title="bbox 2117 1171 3697 1242">
    <p class='ocr_par' dir='ltr' id='par_1_26' title="bbox 2117 1171 3697 1242">
     <span class='ocr_line' id='line_1_26' title="bbox 2117 1171 3697 1242; baseline 0 -17"><span class='ocrx_word' id='word_1_161' title='bbox 2117 1171 2314 1241; x_wconf 86' lang='lat' dir='ltr'><strong>quibus</strong></span> <span class='ocrx_word' id='word_1_162' title='bbox 2341 1174 2622 1228; x_wconf 88' lang='lat' dir='ltr'><strong>consultus</strong></span> <span class='ocrx_word' id='word_1_163' title='bbox 2658 1173 2954 1242; x_wconf 84' lang='lat' dir='ltr'><strong>imperator</strong></span> <span class='ocrx_word' id='word_1_164' title='bbox 2986 1173 3165 1240; x_wconf 71' lang='lat' dir='ltr'><strong>spargi</strong></span> <span class='ocrx_word' id='word_1_165' title='bbox 3216 1189 3310 1227; x_wconf 89' lang='lat' dir='ltr'><strong>eos</strong></span> <span class='ocrx_word' id='word_1_166' title='bbox 3341 1189 3434 1241; x_wconf 87' lang='lat' dir='ltr'><strong>per</strong></span> <span class='ocrx_word' id='word_1_167' title='bbox 3491 1173 3697 1226; x_wconf 91' lang='lat' dir='ltr'><strong>insulas</strong></span> 
     </span>
    </p>
   </div>
   <div class='ocr_carea' id='block_1_27' title="bbox 2112 1264 3696 1335">
    <p class='ocr_par' dir='ltr' id='par_1_27' title="bbox 2112 1264 3696 1335">
     <span class='ocr_line' id='line_1_27' title="bbox 2112 1264 3696 1335; baseline -0.003 -16"><span class='ocrx_word' id='word_1_168' title='bbox 2112 1267 2295 1335; x_wconf 84' lang='lat' dir='ltr'><strong>jussit.</strong></span> <span class='ocrx_word' id='word_1_169' title='bbox 2333 1265 2550 1320; x_wconf 82' lang='lat' dir='ltr'><strong>Residui</strong></span> <span class='ocrx_word' id='word_1_170' title='bbox 2586 1264 2746 1320; x_wconf 90' lang='lat' dir='ltr'><strong>Turci</strong></span> <span class='ocrx_word' id='word_1_171' title='bbox 2796 1281 2891 1335; x_wconf 88' lang='lat' dir='ltr'><strong>per</strong></span> <span class='ocrx_word' id='word_1_172' title='bbox 2922 1266 3252 1319; x_wconf 71' lang='lat' dir='ltr'><strong>Mteandrum</strong></span> <span class='ocrx_word' id='word_1_173' title='bbox 3301 1281 3518 1319; x_wconf 89' lang='lat' dir='ltr'><strong>amnem</strong></span> <span class='ocrx_word' id='word_1_174' title='bbox 3569 1279 3696 1332; x_wconf 85' lang='lat' dir='ltr'><strong>pro-</strong></span> 
     </span>
    </p>
   </div>
   <div class='ocr_carea' id='block_1_28' title="bbox 2119 1358 3694 1428">
    <p class='ocr_par' dir='ltr' id='par_1_28' title="bbox 2119 1358 3694 1428">
     <span class='ocr_line' id='line_1_28' title="bbox 2119 1358 3694 1428; baseline -0.004 -16"><span class='ocrx_word' id='word_1_175' title='bbox 2119 1359 2244 1414; x_wconf 86' lang='lat' dir='ltr'><strong>fecti</strong></span> <span class='ocrx_word' id='word_1_176' title='bbox 2300 1358 2662 1428; x_wconf 87' lang='lat' dir='ltr'><strong>Polybotum,</strong></span> <span class='ocrx_word' id='word_1_177' title='bbox 2725 1359 2858 1413; x_wconf 84' lang='lat' dir='ltr'><strong>satis</strong></span> <span class='ocrx_word' id='word_1_178' title='bbox 2916 1359 3025 1412; x_wconf 89' lang='lat' dir='ltr'><strong>illic</strong></span> <span class='ocrx_word' id='word_1_179' title='bbox 3080 1372 3270 1412; x_wconf 87' lang='lat' dir='ltr'><strong>secure</strong></span> <span class='ocrx_word' id='word_1_180' title='bbox 3318 1361 3694 1417; x_wconf 79' lang='lat' dir='ltr'><strong>morabantur,</strong></span> 
     </span>
    </p>
   </div>
   <div class='ocr_carea' id='block_1_29' title="bbox 2118 1449 3689 1522">
    <p class='ocr_par' dir='ltr' id='par_1_29' title="bbox 2118 1449 3689 1522">
     <span class='ocr_line' id='line_1_29' title="bbox 2118 1449 3689 1522; baseline -0.003 -15"><span class='ocrx_word' id='word_1_181' title='bbox 2118 1453 2538 1522; x_wconf 81' lang='lat' dir='ltr'><strong>haudquaquam</strong></span> <span class='ocrx_word' id='word_1_182' title='bbox 2581 1452 2958 1506; x_wconf 79' lang='lat' dir='ltr'><strong>existimantes</strong></span> <span class='ocrx_word' id='word_1_183' title='bbox 3006 1449 3269 1505; x_wconf 86' lang='lat' dir='ltr'><strong>Joannem</strong></span> <span class='ocrx_word' id='word_1_184' title='bbox 3326 1466 3391 1505; x_wconf 88' lang='lat' dir='ltr'><strong>eo</strong></span> <span class='ocrx_word' id='word_1_185' title='bbox 3427 1451 3689 1518; x_wconf 69' lang='lat' dir='ltr'><strong>cogitatu-</strong></span> 
     </span>
    </p>
   </div>
   <div class='ocr_carea' id='block_1_30' title="bbox 2119 1541 3698 1613">
    <p class='ocr_par' dir='ltr' id='par_1_30' title="bbox 2119 1541 3698 1613">
     <span class='ocr_line' id='line_1_30' title="bbox 2119 1541 3698 1613; baseline -0.003 -14"><span class='ocrx_word' id='word_1_186' title='bbox 2119 1563 2258 1600; x_wconf 89' lang='lat' dir='ltr'><strong>rum.</strong></span> <span class='ocrx_word' id='word_1_187' title='bbox 2302 1545 2504 1600; x_wconf 77' lang='lat' dir='ltr'><strong>Verum</strong></span> <span class='ocrx_word' id='word_1_188' title='bbox 2541 1546 2653 1598; x_wconf 84' lang='lat' dir='ltr'><strong>haec</strong></span> <span class='ocrx_word' id='word_1_189' title='bbox 2715 1559 2809 1598; x_wconf 90' lang='lat' dir='ltr'><strong>eos</strong></span> <span class='ocrx_word' id='word_1_190' title='bbox 2862 1544 3079 1613; x_wconf 82' lang='lat' dir='ltr'><strong>quidem</strong></span> <span class='ocrx_word' id='word_1_191' title='bbox 3133 1544 3327 1597; x_wconf 85' lang='lat' dir='ltr'><strong>fiducia</strong></span> <span class='ocrx_word' id='word_1_192' title='bbox 3383 1543 3594 1597; x_wconf 74' lang='lat' dir='ltr'><strong>fefellit.</strong></span> <span class='ocrx_word' id='word_1_193' title='bbox 3647 1541 3698 1595; x_wconf 89' lang='lat' dir='ltr'><strong>Is</strong></span> 
     </span>
    </p>
   </div>
   <div class='ocr_carea' id='block_1_31' title="bbox 2117 1635 3696 1705">
    <p class='ocr_par' dir='ltr' id='par_1_31' title="bbox 2117 1635 3696 1705">
     <span class='ocr_line' id='line_1_31' title="bbox 2117 1635 3696 1705; baseline -0.002 -15"><span class='ocrx_word' id='word_1_194' title='bbox 2117 1640 2260 1691; x_wconf 86' lang='lat' dir='ltr'><strong>enim</strong></span> <span class='ocrx_word' id='word_1_195' title='bbox 2297 1639 2490 1691; x_wconf 87' lang='lat' dir='ltr'><strong>relicto</strong></span> <span class='ocrx_word' id='word_1_196' title='bbox 2521 1637 2715 1690; x_wconf 82' lang='lat' dir='ltr'><strong>Petzea</strong></span> <span class='ocrx_word' id='word_1_197' title='bbox 2753 1636 2843 1705; x_wconf 89' lang='lat' dir='ltr'><strong>qui</strong></span> <span class='ocrx_word' id='word_1_198' title='bbox 2882 1638 2999 1690; x_wconf 89' lang='lat' dir='ltr'><strong>urbi</strong></span> <span class='ocrx_word' id='word_1_199' title='bbox 3034 1637 3317 1705; x_wconf 65' lang='lat' dir='ltr'><strong>Ephesium</strong></span> <span class='ocrx_word' id='word_1_200' title='bbox 3366 1635 3522 1689; x_wconf 88' lang='lat' dir='ltr'><strong>ducis</strong></span> <span class='ocrx_word' id='word_1_201' title='bbox 3573 1635 3696 1701; x_wconf 82' lang='lat' dir='ltr'><strong>jure</strong></span> 
     </span>
    </p>
   </div>
   <div class='ocr_carea' id='block_1_32' title="bbox 2120 1726 3696 1800">
    <p class='ocr_par' dir='ltr' id='par_1_32' title="bbox 2120 1726 3696 1800">
     <span class='ocr_line' id='line_1_32' title="bbox 2120 1726 3696 1800; baseline -0.004 -15"><span class='ocrx_word' id='word_1_202' title='bbox 2120 1731 2442 1800; x_wconf 87' lang='lat' dir='ltr'><strong>unmineque</strong></span> <span class='ocrx_word' id='word_1_203' title='bbox 2463 1741 2744 1799; x_wconf 71' lang='lat' dir='ltr'><strong>prteesset,</strong></span> <span class='ocrx_word' id='word_1_204' title='bbox 2765 1731 3007 1782; x_wconf 79' lang='lat' dir='ltr'><strong>exercitu</strong></span> <span class='ocrx_word' id='word_1_205' title='bbox 3032 1737 3310 1797; x_wconf 87' lang='lat' dir='ltr'><strong>assumpto</strong></span> <span class='ocrx_word' id='word_1_206' title='bbox 3324 1742 3504 1780; x_wconf 90' lang='lat' dir='ltr'><strong>secum</strong></span> <span class='ocrx_word' id='word_1_207' title='bbox 3526 1726 3696 1785; x_wconf 87' lang='lat' dir='ltr'><strong>omni.</strong></span> 
     </span>
    </p>
   </div>
   <div class='ocr_carea' id='block_1_33' title="bbox 2117 1817 3693 1889">
    <p class='ocr_par' dir='ltr' id='par_1_33' title="bbox 2117 1817 3693 1889">
     <span class='ocr_line' id='line_1_33' title="bbox 2117 1817 3693 1889; baseline -0.004 -14"><span class='ocrx_word' id='word_1_208' title='bbox 2117 1839 2225 1875; x_wconf 88' lang='lat' dir='ltr'><strong>non</strong></span> <span class='ocrx_word' id='word_1_209' title='bbox 2252 1822 2604 1875; x_wconf 87' lang='lat' dir='ltr'><strong>tumultuario</strong></span> <span class='ocrx_word' id='word_1_210' title='bbox 2627 1836 2691 1875; x_wconf 90' lang='lat' dir='ltr'><strong>ac</strong></span> <span class='ocrx_word' id='word_1_211' title='bbox 2714 1821 2927 1889; x_wconf 76' lang='lat' dir='ltr'><strong>cupide,</strong></span> <span class='ocrx_word' id='word_1_212' title='bbox 2957 1821 3050 1874; x_wconf 88' lang='lat' dir='ltr'><strong>sed</strong></span> <span class='ocrx_word' id='word_1_213' title='bbox 3081 1828 3138 1873; x_wconf 92' lang='lat' dir='ltr'><strong>ut</strong></span> <span class='ocrx_word' id='word_1_214' title='bbox 3167 1817 3693 1886; x_wconf 76' lang='lat' dir='ltr'><strong>experientissimum</strong></span> 
     </span>
    </p>
   </div>
   <div class='ocr_carea' id='block_1_34' title="bbox 427 1899 2013 1980">
    <p class='ocr_par' dir='ltr' id='par_1_34' title="bbox 427 1899 2008 1971">
     <span class='ocr_line' id='line_1_34' title="bbox 427 1899 2008 1971; baseline 0.006 -23"><span class='ocrx_word' id='word_1_215' title='bbox 427 1899 591 1950; x_wconf 77' lang='grc' dir='ltr'>ϐοτόν</span> <span class='ocrx_word' id='word_1_216' title='bbox 617 1913 632 1928; x_wconf 90' lang='grc'><strong>·</strong></span> <span class='ocrx_word' id='word_1_217' title='bbox 659 1901 687 1952; x_wconf 87' lang='grc' dir='ltr'><strong>ό</strong></span> <span class='ocrx_word' id='word_1_218' title='bbox 715 1901 771 1953; x_wconf 84' lang='grc' dir='ltr'>δὲ</span> <span class='ocrx_word' id='word_1_219' title='bbox 821 1901 946 1966; x_wconf 82' lang='grc' dir='ltr'>δοὺξ</span> <span class='ocrx_word' id='word_1_220' title='bbox 977 1903 1038 1956; x_wconf 81' lang='grc' dir='ltr'><strong>οὐ</strong></span> <span class='ocrx_word' id='word_1_221' title='bbox 1085 1903 1401 1967; x_wconf 83' lang='grc' dir='ltr'>καταπόδας</span> <span class='ocrx_word' id='word_1_222' title='bbox 1435 1905 1636 1968; x_wconf 72' lang='grc' dir='ltr'>αὐτοὺς</span> <span class='ocrx_word' id='word_1_223' title='bbox 1681 1906 1722 1937; x_wconf 80' lang='grc'><strong>⁶¹</strong></span> <span class='ocrx_word' id='word_1_224' title='bbox 1763 1906 2008 1971; x_wconf 76' lang='grc' dir='ltr'>ἐδίωκεν,</span> 
     </span>
    </p>
   </div>
   <div class='ocr_carea' id='block_1_35' title="bbox 2117 1899 3696 1980">
    <p class='ocr_par' dir='ltr' id='par_1_35' title="bbox 2119 1911 3696 1980">
     <span class='ocr_line' id='line_1_35' title="bbox 2119 1911 3696 1980; baseline -0.003 -14"><span class='ocrx_word' id='word_1_225' title='bbox 2119 1916 2344 1968; x_wconf 71' lang='lat' dir='ltr'><strong>decebit</strong></span> <span class='ocrx_word' id='word_1_226' title='bbox 2378 1917 2587 1976; x_wconf 86' lang='lat' dir='ltr'><strong>ducem,</strong></span> <span class='ocrx_word' id='word_1_227' title='bbox 2616 1913 2944 1980; x_wconf 85' lang='lat' dir='ltr'><strong>pedetentim</strong></span> <span class='ocrx_word' id='word_1_228' title='bbox 2989 1913 3346 1980; x_wconf 91' lang='lat' dir='ltr'><strong>ordinateque</strong></span> <span class='ocrx_word' id='word_1_229' title='bbox 3398 1911 3450 1963; x_wconf 93' lang='lat' dir='ltr'><strong>in</strong></span> <span class='ocrx_word' id='word_1_230' title='bbox 3483 1911 3696 1964; x_wconf 84' lang='lat' dir='ltr'><strong>Turcos</strong></span> 
     </span>
    </p>
   </div>
   <div class='ocr_carea' id='block_1_36' title="bbox 427 1989 2014 2070">
    <p class='ocr_par' dir='ltr' id='par_1_36' title="bbox 427 1989 2014 2070">
     <span class='ocr_line' id='line_1_36' title="bbox 427 1989 2014 2070; baseline 0.009 -27"><span class='ocrx_word' id='word_1_231' title='bbox 427 1989 573 2043; x_wconf 72' lang='grc' dir='ltr'>ἀλλὰ</span> <span class='ocrx_word' id='word_1_232' title='bbox 602 1992 700 2062; x_wconf 78' lang='grc' dir='ltr'><strong>τὴν</strong></span> <span class='ocrx_word' id='word_1_233' title='bbox 727 1996 1146 2065; x_wconf 82' lang='grc' dir='ltr'>συντομωτέραν</span> <span class='ocrx_word' id='word_1_234' title='bbox 1181 1999 1407 2061; x_wconf 82' lang='grc' dir='ltr'>ὁδεύσας</span> <span class='ocrx_word' id='word_1_235' title='bbox 1437 2001 1532 2063; x_wconf 84' lang='grc' dir='ltr'><strong>τάς</strong></span> <span class='ocrx_word' id='word_1_236' title='bbox 1564 2019 1623 2053; x_wconf 88' lang='grc' dir='ltr'><strong>τε</strong></span> <span class='ocrx_word' id='word_1_237' title='bbox 1663 2003 1892 2070; x_wconf 70' lang='grc' dir='ltr'>Σὰρῖεις</span> <span class='ocrx_word' id='word_1_238' title='bbox 1920 2005 2014 2056; x_wconf 77' lang='grc' dir='ltr'>καὶ</span> 
     </span>
    </p>
   </div>
   <div class='ocr_carea' id='block_1_37' title="bbox 424 2085 2012 2164">
    <p class='ocr_par' dir='ltr' id='par_1_37' title="bbox 424 2085 2012 2164">
     <span class='ocr_line' id='line_1_37' title="bbox 424 2085 2012 2164; baseline 0.009 -30"><span class='ocrx_word' id='word_1_239' title='bbox 424 2085 530 2151; x_wconf 76' lang='grc' dir='ltr'><strong>τὴν</strong></span> <span class='ocrx_word' id='word_1_240' title='bbox 555 2085 921 2154; x_wconf 72' lang='grc' dir='ltr'>Φιλαδελφίαν</span> <span class='ocrx_word' id='word_1_241' title='bbox 944 2088 1004 2152; x_wconf 86' lang='grc' dir='ltr'>ἐξ</span> <span class='ocrx_word' id='word_1_242' title='bbox 1029 2091 1342 2160; x_wconf 75' lang='grc' dir='ltr'>ἐπιδρομῆς</span> <span class='ocrx_word' id='word_1_243' title='bbox 1379 2095 1638 2163; x_wconf 82' lang='grc' dir='ltr'>κατέσχε,</span> <span class='ocrx_word' id='word_1_244' title='bbox 1675 2095 1772 2164; x_wconf 78' lang='grc' dir='ltr'>τὴν</span> <span class='ocrx_word' id='word_1_245' title='bbox 1803 2096 2012 2149; x_wconf 80' lang='grc' dir='ltr'>τούτων</span> 
     </span>
    </p>
   </div>
   <div class='ocr_carea' id='block_1_38' title="bbox 425 2177 2014 2253">
    <p class='ocr_par' dir='ltr' id='par_1_38' title="bbox 425 2177 2014 2253">
     <span class='ocr_line' id='line_1_38' title="bbox 425 2177 2014 2253; baseline 0.008 -26"><span class='ocrx_word' id='word_1_246' title='bbox 425 2177 683 2246; x_wconf 70' lang='grc' dir='ltr'>φρουρὰν</span> <span class='ocrx_word' id='word_1_247' title='bbox 738 2179 958 2249; x_wconf 80' lang='grc' dir='ltr'><strong>Μιχαὴλ</strong></span> <span class='ocrx_word' id='word_1_248' title='bbox 985 2180 1062 2250; x_wconf 82' lang='grc' dir='ltr'><strong>τῷ</strong></span> <span class='ocrx_word' id='word_1_249' title='bbox 1093 2183 1438 2253; x_wconf 81' lang='grc' dir='ltr'>Κεκαυμένῳ</span> <span class='ocrx_word' id='word_1_250' title='bbox 1468 2185 1791 2249; x_wconf 76' lang='grc' dir='ltr'>πιστεύσας.</span> <span class='ocrx_word' id='word_1_251' title='bbox 1828 2189 2014 2239; x_wconf 79' lang='grc' dir='ltr'>Κατα-</span> 
     </span>
    </p>
   </div>
   <div class='ocr_carea' id='block_1_39' title="bbox 422 2269 2013 2348">
    <p class='ocr_par' dir='ltr' id='par_1_39' title="bbox 422 2269 2013 2348">
     <span class='ocr_line' id='line_1_39' title="bbox 422 2269 2013 2348; baseline 0.007 -28"><span class='ocrx_word' id='word_1_252' title='bbox 422 2269 617 2324; x_wconf 76' lang='grc' dir='ltr'>λαϐὼν</span> <span class='ocrx_word' id='word_1_253' title='bbox 663 2271 720 2324; x_wconf 83' lang='grc' dir='ltr'>δὲ</span> <span class='ocrx_word' id='word_1_254' title='bbox 767 2274 867 2341; x_wconf 81' lang='grc' dir='ltr'><strong>τήν</strong></span> <span class='ocrx_word' id='word_1_255' title='bbox 917 2273 1249 2330; x_wconf 79' lang='grc' dir='ltr'>Λαοδίκειαν</span> <span class='ocrx_word' id='word_1_256' title='bbox 1297 2278 1391 2329; x_wconf 77' lang='grc' dir='ltr'>καὶ</span> <span class='ocrx_word' id='word_1_257' title='bbox 1439 2277 1659 2331; x_wconf 82' lang='grc' dir='ltr'>πάντων</span> <span class='ocrx_word' id='word_1_258' title='bbox 1694 2279 2013 2348; x_wconf 79' lang='grc' dir='ltr'>παραυτίκα</span> 
     </span>
    </p>
   </div>
   <div class='ocr_carea' id='block_1_40' title="bbox 426 2364 2013 2440">
    <p class='ocr_par' dir='ltr' id='par_1_40' title="bbox 426 2364 2013 2440">
     <span class='ocr_line' id='line_1_40' title="bbox 426 2364 2013 2440; baseline 0.004 -25"><span class='ocrx_word' id='word_1_259' title='bbox 426 2364 925 2433; x_wconf 72' lang='grc' dir='ltr'>προσεληλυθότων</span> <span class='ocrx_word' id='word_1_260' title='bbox 971 2367 1142 2438; x_wconf 78' lang='grc' dir='ltr'>αὐτῷ,</span> <span class='ocrx_word' id='word_1_261' title='bbox 1199 2369 1386 2432; x_wconf 74' lang='grc' dir='ltr'>αὐτοῖς</span> <span class='ocrx_word' id='word_1_262' title='bbox 1438 2371 1536 2439; x_wconf 86' lang='grc' dir='ltr'><strong>μὲν</strong></span> <span class='ocrx_word' id='word_1_263' title='bbox 1585 2369 1660 2432; x_wconf 84' lang='grc' dir='ltr'>ὡς</span> <span class='ocrx_word' id='word_1_264' title='bbox 1691 2371 2013 2440; x_wconf 68' lang='grc' dir='ltr'>αὐτομόλοις</span> 
     </span>
    </p>
   </div>
   <div class='ocr_carea' id='block_1_41' title="bbox 423 2450 2014 2531">
    <p class='ocr_par' dir='ltr' id='par_1_41' title="bbox 423 2450 2014 2531">
     <span class='ocr_line' id='line_1_41' title="bbox 423 2450 2014 2531; baseline 0.005 -25"><span class='ocrx_word' id='word_1_265' title='bbox 423 2450 785 2526; x_wconf 80' lang='grc' dir='ltr'>χρησάμενος</span> <span class='ocrx_word' id='word_1_266' title='bbox 821 2461 918 2510; x_wconf 71' lang='grc' dir='ltr'>καὶ</span> <span class='ocrx_word' id='word_1_267' title='bbox 952 2458 1314 2531; x_wconf 71' lang='grc' dir='ltr'>τεθαρρηκὼς</span> <span class='ocrx_word' id='word_1_268' title='bbox 1341 2497 1356 2524; x_wconf 91' lang='grc'><strong>,</strong></span> <span class='ocrx_word' id='word_1_269' title='bbox 1396 2460 1604 2524; x_wconf 85' lang='grc' dir='ltr'>ἀνέτως</span> <span class='ocrx_word' id='word_1_270' title='bbox 1653 2460 1721 2513; x_wconf 75' lang='grc' dir='ltr'>τὰ</span> <span class='ocrx_word' id='word_1_271' title='bbox 1771 2461 2014 2531; x_wconf 82' lang='grc' dir='ltr'>σφέτερα</span> 
     </span>
    </p>
   </div>
   <div class='ocr_carea' id='block_1_42' title="bbox 425 2550 2011 2623">
    <p class='ocr_par' dir='ltr' id='par_1_42' title="bbox 425 2550 2011 2623">
     <span class='ocr_line' id='line_1_42' title="bbox 425 2550 2011 2623; baseline 0.005 -23"><span class='ocrx_word' id='word_1_272' title='bbox 425 2550 714 2601; x_wconf 82' lang='grc' dir='ltr'>κατοικεῖν</span> <span class='ocrx_word' id='word_1_273' title='bbox 791 2550 944 2603; x_wconf 84' lang='grc' dir='ltr'>εἴασε</span> <span class='ocrx_word' id='word_1_274' title='bbox 1021 2551 1157 2621; x_wconf 76' lang='grc' dir='ltr'>μηδὲ</span> <span class='ocrx_word' id='word_1_275' title='bbox 1234 2551 1514 2622; x_wconf 75' lang='grc' dir='ltr'>ἡγεμόνας</span> <span class='ocrx_word' id='word_1_276' title='bbox 1575 2554 1620 2585; x_wconf 82' lang='grc'><strong><em>⁶²</em></strong></span> <span class='ocrx_word' id='word_1_277' title='bbox 1683 2554 2011 2623; x_wconf 76' lang='grc' dir='ltr'>ἐπιστήσας.</span> 
     </span>
    </p>
   </div>
   <div class='ocr_carea' id='block_1_43' title="bbox 435 2638 2015 2714">
    <p class='ocr_par' dir='ltr' id='par_1_43' title="bbox 435 2638 2015 2714">
     <span class='ocr_line' id='line_1_43' title="bbox 435 2638 2015 2714; baseline 0.004 -22"><span class='ocrx_word' id='word_1_278' title='bbox 435 2638 693 2692; x_wconf 77' lang='grc' dir='ltr'>Ἐκεῖθεν</span> <span class='ocrx_word' id='word_1_279' title='bbox 745 2641 801 2694; x_wconf 79' lang='grc' dir='ltr'><strong>δὲ</strong></span> <span class='ocrx_word' id='word_1_280' title='bbox 848 2641 936 2694; x_wconf 77' lang='grc' dir='ltr'>διὰ</span> <span class='ocrx_word' id='word_1_281' title='bbox 989 2642 1085 2695; x_wconf 76' lang='grc' dir='ltr'>τοῦ</span> <span class='ocrx_word' id='word_1_282' title='bbox 1134 2642 1405 2713; x_wconf 81' lang='grc' dir='ltr'>Χώματος</span> <span class='ocrx_word' id='word_1_283' title='bbox 1457 2644 1684 2697; x_wconf 83' lang='grc' dir='ltr'>διελθὼν</span> <span class='ocrx_word' id='word_1_284' title='bbox 1732 2647 1834 2704; x_wconf 76' lang='grc' dir='ltr'>τὴν</span> <span class='ocrx_word' id='word_1_285' title='bbox 1861 2645 2015 2714; x_wconf 85' lang='grc' dir='ltr'>Λάμ-</span> 
     </span>
    </p>
   </div>
   <div class='ocr_carea' id='block_1_44' title="bbox 425 2733 2014 2809">
    <p class='ocr_par' dir='ltr' id='par_1_44' title="bbox 425 2733 2014 2809">
     <span class='ocr_line' id='line_1_44' title="bbox 425 2733 2014 2809; baseline 0.005 -25"><span class='ocrx_word' id='word_1_286' title='bbox 425 2752 545 2795; x_wconf 78' lang='grc' dir='ltr'>πην</span> <span class='ocrx_word' id='word_1_287' title='bbox 576 2733 691 2803; x_wconf 68' lang='lat' dir='ltr'><strong>(iii)</strong></span> <span class='ocrx_word' id='word_1_288' title='bbox 727 2735 1024 2798; x_wconf 72' lang='grc' dir='ltr'>κατέλαϐε,</span> <span class='ocrx_word' id='word_1_289' title='bbox 1073 2738 1178 2789; x_wconf 74' lang='grc' dir='ltr'><strong>κάν</strong></span> <span class='ocrx_word' id='word_1_290' title='bbox 1226 2738 1402 2809; x_wconf 76' lang='grc' dir='ltr'>ταύτῃ</span> <span class='ocrx_word' id='word_1_291' title='bbox 1447 2739 1541 2791; x_wconf 77' lang='grc' dir='ltr'><strong>καὶ</strong></span> <span class='ocrx_word' id='word_1_292' title='bbox 1585 2739 1676 2789; x_wconf 76' lang='grc' dir='ltr'><strong>τον</strong></span> <span class='ocrx_word' id='word_1_293' title='bbox 1723 2738 2014 2807; x_wconf 82' lang='grc' dir='ltr'>Καμύτζιν</span> 
     </span>
    </p>
   </div>
   <div class='ocr_carea' id='block_1_45' title="bbox 434 2813 2015 2900">
    <p class='ocr_par' dir='ltr' id='par_1_45' title="bbox 434 2813 2015 2900">
     <span class='ocr_line' id='line_1_45' title="bbox 434 2813 2015 2900; baseline 0.003 -22"><span class='ocrx_word' id='word_1_294' title='bbox 434 2813 746 2880; x_wconf 75' lang='grc' dir='ltr'>Εὐστάθιον</span> <span class='ocrx_word' id='word_1_295' title='bbox 774 2829 1085 2899; x_wconf 76' lang='grc' dir='ltr'>στρατηγὸν</span> <span class='ocrx_word' id='word_1_296' title='bbox 1121 2831 1450 2899; x_wconf 79' lang='grc' dir='ltr'>ἐπέστησεν.</span> <span class='ocrx_word' id='word_1_297' title='bbox 1496 2830 1786 2900; x_wconf 85' lang='grc' dir='ltr'>Ἐφθακὼς</span> <span class='ocrx_word' id='word_1_298' title='bbox 1828 2831 1885 2884; x_wconf 83' lang='grc' dir='ltr'>δὲ</span> <span class='ocrx_word' id='word_1_299' title='bbox 1934 2833 2015 2894; x_wconf 80' lang='grc' dir='ltr'><strong>εἰς</strong></span> 
     </span>
    </p>
   </div>
   <div class='ocr_carea' id='block_1_46' title="bbox 433 2919 2006 2992">
    <p class='ocr_par' dir='ltr' id='par_1_46' title="bbox 433 2919 2006 2992">
     <span class='ocr_line' id='line_1_46' title="bbox 433 2919 2006 2992; baseline 0.003 -23"><span class='ocrx_word' id='word_1_300' title='bbox 433 2919 498 2970; x_wconf 75' lang='grc' dir='ltr'><strong>τὸ</strong></span> <span class='ocrx_word' id='word_1_301' title='bbox 529 2919 833 2974; x_wconf 68' lang='grc' dir='ltr'>Πολυϐοτὶιν</span> <span class='ocrx_word' id='word_1_302' title='bbox 873 2921 1292 2991; x_wconf 83' lang='grc' dir='ltr'>καταλαμϐάνει</span> <span class='ocrx_word' id='word_1_303' title='bbox 1322 2921 1583 2992; x_wconf 85' lang='grc' dir='ltr'>Τούρκων</span> <span class='ocrx_word' id='word_1_304' title='bbox 1615 2922 1821 2988; x_wconf 82' lang='grc' dir='ltr'>πλῆθος</span> <span class='ocrx_word' id='word_1_305' title='bbox 1849 2923 2006 2975; x_wconf 82' lang='grc' dir='ltr'>πολύ·</span> 
     </span>
    </p>
   </div>
   <div class='ocr_carea' id='block_1_47' title="bbox 441 3011 2013 3084">
    <p class='ocr_par' dir='ltr' id='par_1_47' title="bbox 441 3011 2013 3084">
     <span class='ocr_line' id='line_1_47' title="bbox 441 3011 2013 3084; baseline 0.003 -22"><span class='ocrx_word' id='word_1_306' title='bbox 441 3013 535 3062; x_wconf 70' lang='grc' dir='ltr'><strong>καὶ</strong></span> <span class='ocrx_word' id='word_1_307' title='bbox 577 3011 930 3065; x_wconf 79' lang='grc' dir='ltr'>ἐπεισπεσὼν</span> <span class='ocrx_word' id='word_1_308' title='bbox 959 3014 1146 3076; x_wconf 84' lang='grc' dir='ltr'>αὐτοῖς</span> <span class='ocrx_word' id='word_1_309' title='bbox 1181 3015 1308 3084; x_wconf 79' lang='grc' dir='ltr'>ἄρτι</span> <span class='ocrx_word' id='word_1_310' title='bbox 1337 3015 1436 3076; x_wconf 82' lang='grc' dir='ltr'><strong>τὰς</strong></span> <span class='ocrx_word' id='word_1_311' title='bbox 1487 3015 1694 3077; x_wconf 80' lang='grc' dir='ltr'>σκευὰς</span> <span class='ocrx_word' id='word_1_312' title='bbox 1723 3015 2013 3068; x_wconf 86' lang='grc' dir='ltr'>κατατιθε-</span> 
     </span>
    </p>
   </div>
   <div class='ocr_carea' id='block_1_48' title="bbox 435 3102 2014 3177">
    <p class='ocr_par' dir='ltr' id='par_1_48' title="bbox 435 3102 2014 3177">
     <span class='ocr_line' id='line_1_48' title="bbox 435 3102 2014 3177; baseline 0.003 -23"><span class='ocrx_word' id='word_1_313' title='bbox 435 3102 623 3173; x_wconf 82' lang='grc' dir='ltr'>μένοις</span> <span class='ocrx_word' id='word_1_314' title='bbox 653 3104 948 3174; x_wconf 79' lang='grc' dir='ltr'>ξυμϐαλὼν</span> <span class='ocrx_word' id='word_1_315' title='bbox 973 3107 1294 3177; x_wconf 78' lang='grc' dir='ltr'>παραυτίκα</span> <span class='ocrx_word' id='word_1_316' title='bbox 1328 3108 1458 3177; x_wconf 83' lang='grc' dir='ltr'>νικᾷ</span> <span class='ocrx_word' id='word_1_317' title='bbox 1491 3107 1843 3176; x_wconf 83' lang='grc' dir='ltr'>κατακράτος</span> <span class='ocrx_word' id='word_1_318' title='bbox 1869 3124 1884 3138; x_wconf 83' lang='lat'><strong><em>°</em></strong></span> <span class='ocrx_word' id='word_1_319' title='bbox 1919 3108 2014 3160; x_wconf 76' lang='grc' dir='ltr'><strong>καὶ</strong></span> 
     </span>
    </p>
   </div>
   <div class='ocr_carea' id='block_1_49' title="bbox 2119 2001 3695 2072">
    <p class='ocr_par' dir='ltr' id='par_1_49' title="bbox 2119 2001 3695 2072">
     <span class='ocr_line' id='line_1_49' title="bbox 2119 2001 3695 2072; baseline -0.005 -12"><span class='ocrx_word' id='word_1_320' title='bbox 2119 2009 2308 2068; x_wconf 73' lang='lat' dir='ltr'><strong>movit,</strong></span> <span class='ocrx_word' id='word_1_321' title='bbox 2345 2005 2617 2059; x_wconf 84' lang='lat' dir='ltr'><strong>mandatis</strong></span> <span class='ocrx_word' id='word_1_322' title='bbox 2665 2005 2994 2072; x_wconf 80' lang='lat' dir='ltr'><strong>monitisque</strong></span> <span class='ocrx_word' id='word_1_323' title='bbox 3035 2003 3377 2072; x_wconf 76' lang='lat' dir='ltr'><strong>imperatoris</strong></span> <span class='ocrx_word' id='word_1_324' title='bbox 3429 2001 3517 2054; x_wconf 92' lang='lat' dir='ltr'><strong>tali</strong></span> <span class='ocrx_word' id='word_1_325' title='bbox 3566 2015 3695 2055; x_wconf 85' lang='lat' dir='ltr'><strong>cau-</strong></span> 
     </span>
    </p>
   </div>
   <div class='ocr_carea' id='block_1_50' title="bbox 2119 2094 3694 2168">
    <p class='ocr_par' dir='ltr' id='par_1_50' title="bbox 2119 2094 3694 2168">
     <span class='ocr_line' id='line_1_50' title="bbox 2119 2094 3694 2168; baseline -0.006 -14"><span class='ocrx_word' id='word_1_326' title='bbox 2119 2103 2265 2154; x_wconf 87' lang='lat' dir='ltr'><strong>tione</strong></span> <span class='ocrx_word' id='word_1_327' title='bbox 2313 2103 2572 2154; x_wconf 86' lang='lat' dir='ltr'><strong>adversus</strong></span> <span class='ocrx_word' id='word_1_328' title='bbox 2597 2097 2762 2168; x_wconf 55' lang='lat'><strong>324</strong></span> <span class='ocrx_word' id='word_1_329' title='bbox 2791 2111 2911 2149; x_wconf 90' lang='lat' dir='ltr'><strong>eam</strong></span> <span class='ocrx_word' id='word_1_330' title='bbox 2945 2105 3160 2165; x_wconf 72' lang='lat' dir='ltr'><strong>gentem</strong></span> <span class='ocrx_word' id='word_1_331' title='bbox 3222 2094 3419 2147; x_wconf 81' lang='lat' dir='ltr'><strong>bellum</strong></span> <span class='ocrx_word' id='word_1_332' title='bbox 3476 2107 3694 2161; x_wconf 69' lang='lat' dir='ltr'><strong>gerens.</strong></span> 
     </span>
    </p>
   </div>
   <div class='ocr_carea' id='block_1_51' title="bbox 2116 2185 3694 2258">
    <p class='ocr_par' dir='ltr' id='par_1_51' title="bbox 2116 2185 3694 2258">
     <span class='ocr_line' id='line_1_51' title="bbox 2116 2185 3694 2258; baseline -0.006 -12"><span class='ocrx_word' id='word_1_333' title='bbox 2116 2195 2508 2247; x_wconf 70' lang='grc' dir='ltr'>Ρνιιιορςςετιιιιι</span> <span class='ocrx_word' id='word_1_334' title='bbox 2543 2201 2601 2244; x_wconf 85' lang='grc' dir='ltr'><strong>ιιι</strong></span> <span class='ocrx_word' id='word_1_335' title='bbox 2631 2190 2866 2242; x_wconf 79' lang='lat' dir='ltr'><strong>diximus</strong></span> <span class='ocrx_word' id='word_1_336' title='bbox 2899 2187 3060 2242; x_wconf 89' lang='lat' dir='ltr'><strong>Turci</strong></span> <span class='ocrx_word' id='word_1_337' title='bbox 3104 2187 3450 2258; x_wconf 81' lang='lat' dir='ltr'><strong>Polybotum.</strong></span> <span class='ocrx_word' id='word_1_338' title='bbox 3491 2185 3694 2238; x_wconf 83' lang='lat' dir='ltr'><strong>Horum</strong></span> 
     </span>
    </p>
   </div>
   <div class='ocr_carea' id='block_1_52' title="bbox 2118 2277 3698 2351">
    <p class='ocr_par' dir='ltr' id='par_1_52' title="bbox 2118 2277 3698 2351">
     <span class='ocr_line' id='line_1_52' title="bbox 2118 2277 3698 2351; baseline -0.005 -14"><span class='ocrx_word' id='word_1_339' title='bbox 2118 2284 2242 2337; x_wconf 79' lang='lat' dir='ltr'><strong>illuc.</strong></span> <span class='ocrx_word' id='word_1_340' title='bbox 2277 2283 2676 2351; x_wconf 83' lang='lat' dir='ltr'><strong>properantium</strong></span> <span class='ocrx_word' id='word_1_341' title='bbox 2705 2280 2932 2348; x_wconf 82' lang='lat' dir='ltr'><strong>vestigia</strong></span> <span class='ocrx_word' id='word_1_342' title='bbox 2971 2294 3218 2348; x_wconf 87' lang='lat' dir='ltr'><strong>premere</strong></span> <span class='ocrx_word' id='word_1_343' title='bbox 3246 2279 3328 2331; x_wconf 87' lang='lat' dir='ltr'><strong>via</strong></span> <span class='ocrx_word' id='word_1_344' title='bbox 3380 2277 3568 2332; x_wconf 87' lang='lat' dir='ltr'><strong>eadem</strong></span> <span class='ocrx_word' id='word_1_345' title='bbox 3611 2290 3698 2331; x_wconf 88' lang='lat' dir='ltr'><strong>se-</strong></span> 
     </span>
    </p>
   </div>
   <div class='ocr_carea' id='block_1_53' title="bbox 2115 2367 3694 2446">
    <p class='ocr_par' dir='ltr' id='par_1_53' title="bbox 2115 2367 3694 2446">
     <span class='ocr_line' id='line_1_53' title="bbox 2115 2367 3694 2446; baseline -0.005 -18"><span class='ocrx_word' id='word_1_346' title='bbox 2115 2378 2326 2446; x_wconf 82' lang='lat' dir='ltr'><strong>quenda</strong></span> <span class='ocrx_word' id='word_1_347' title='bbox 2379 2373 2618 2427; x_wconf 79' lang='lat' dir='ltr'><strong>Joannes</strong></span> <span class='ocrx_word' id='word_1_348' title='bbox 2671 2373 2883 2433; x_wconf 84' lang='lat' dir='ltr'><strong>uoluit;</strong></span> <span class='ocrx_word' id='word_1_349' title='bbox 2939 2370 3043 2424; x_wconf 82' lang='lat' dir='ltr'><strong>sed</strong></span> <span class='ocrx_word' id='word_1_350' title='bbox 3075 2367 3531 2438; x_wconf 78' lang='lat' dir='ltr'><strong>compendiosiori</strong></span> <span class='ocrx_word' id='word_1_351' title='bbox 3589 2367 3694 2420; x_wconf 85' lang='lat' dir='ltr'><strong>alia</strong></span> 
     </span>
    </p>
   </div>
   <div class='ocr_carea' id='block_1_54' title="bbox 2117 2461 3696 2529">
    <p class='ocr_par' dir='ltr' id='par_1_54' title="bbox 2117 2461 3696 2529">
     <span class='ocr_line' id='line_1_54' title="bbox 2117 2461 3696 2529; baseline -0.007 -5"><span class='ocrx_word' id='word_1_352' title='bbox 2117 2479 2232 2524; x_wconf 91' lang='lat' dir='ltr'><strong>tuto</strong></span> <span class='ocrx_word' id='word_1_353' title='bbox 2268 2470 2514 2523; x_wconf 89' lang='lat' dir='ltr'><strong>invectus</strong></span> <span class='ocrx_word' id='word_1_354' title='bbox 2559 2465 2780 2520; x_wconf 85' lang='lat' dir='ltr'><strong>Sardeis</strong></span> <span class='ocrx_word' id='word_1_355' title='bbox 2817 2465 2999 2520; x_wconf 86' lang='lat' dir='ltr'><strong>obiter</strong></span> <span class='ocrx_word' id='word_1_356' title='bbox 3025 2473 3075 2517; x_wconf 91' lang='lat' dir='ltr'><strong>et</strong></span> <span class='ocrx_word' id='word_1_357' title='bbox 3133 2461 3561 2529; x_wconf 83' lang='lat' dir='ltr'><strong>Philadelphiam</strong></span> <span class='ocrx_word' id='word_1_358' title='bbox 3600 2474 3696 2514; x_wconf 87' lang='lat' dir='ltr'><strong>oc-</strong></span> 
     </span>
    </p>
   </div>
   <div class='ocr_carea' id='block_1_55' title="bbox 2114 2553 3696 2629">
    <p class='ocr_par' dir='ltr' id='par_1_55' title="bbox 2114 2553 3696 2629">
     <span class='ocr_line' id='line_1_55' title="bbox 2114 2553 3696 2629; baseline -0.006 -15"><span class='ocrx_word' id='word_1_359' title='bbox 2114 2560 2351 2629; x_wconf 85' lang='lat' dir='ltr'><strong>cupavit,</strong></span> <span class='ocrx_word' id='word_1_360' title='bbox 2407 2573 2634 2628; x_wconf 86' lang='lat' dir='ltr'><strong>quarum</strong></span> <span class='ocrx_word' id='word_1_361' title='bbox 2687 2556 2992 2611; x_wconf 87' lang='lat' dir='ltr'><strong>custodiam</strong></span> <span class='ocrx_word' id='word_1_362' title='bbox 3046 2553 3290 2608; x_wconf 76' lang='lat' dir='ltr'><strong>Mirhaeli</strong></span> <span class='ocrx_word' id='word_1_363' title='bbox 3351 2553 3696 2607; x_wconf 83' lang='lat' dir='ltr'><strong>Cecaumeuo</strong></span> 
     </span>
    </p>
   </div>
   <div class='ocr_carea' id='block_1_56' title="bbox 2115 2643 3695 2714">
    <p class='ocr_par' dir='ltr' id='par_1_56' title="bbox 2115 2643 3695 2714">
     <span class='ocr_line' id='line_1_56' title="bbox 2115 2643 3695 2714; baseline -0.007 -7"><span class='ocrx_word' id='word_1_364' title='bbox 2115 2653 2368 2714; x_wconf 84' lang='lat' dir='ltr'><strong>credidit.</strong></span> <span class='ocrx_word' id='word_1_365' title='bbox 2419 2652 2554 2705; x_wconf 88' lang='lat' dir='ltr'><strong>liinc</strong></span> <span class='ocrx_word' id='word_1_366' title='bbox 2591 2649 2913 2704; x_wconf 86' lang='lat' dir='ltr'><strong>Laodiceam</strong></span> <span class='ocrx_word' id='word_1_367' title='bbox 2965 2663 3086 2701; x_wconf 86' lang='lat' dir='ltr'><strong>eum</strong></span> <span class='ocrx_word' id='word_1_368' title='bbox 3137 2647 3460 2700; x_wconf 66' lang='lat' dir='ltr'><strong>accessisset</strong></span> <span class='ocrx_word' id='word_1_369' title='bbox 3506 2643 3695 2698; x_wconf 86' lang='lat' dir='ltr'><strong>obvios</strong></span> 
     </span>
    </p>
   </div>
   <div class='ocr_carea' id='block_1_57' title="bbox 2116 2735 3697 2806">
    <p class='ocr_par' dir='ltr' id='par_1_57' title="bbox 2116 2735 3697 2806">
     <span class='ocr_line' id='line_1_57' title="bbox 2116 2735 3697 2806; baseline -0.008 -7"><span class='ocrx_word' id='word_1_370' title='bbox 2116 2746 2286 2801; x_wconf 51' lang='lat' dir='ltr'><strong>effuso</strong></span> <span class='ocrx_word' id='word_1_371' title='bbox 2319 2759 2546 2798; x_wconf 90' lang='lat' dir='ltr'><strong>accursu</strong></span> <span class='ocrx_word' id='word_1_372' title='bbox 2575 2744 2722 2797; x_wconf 83' lang='lat' dir='ltr'><strong>cives</strong></span> <span class='ocrx_word' id='word_1_373' title='bbox 2764 2755 2954 2796; x_wconf 86' lang='lat' dir='ltr'><strong>omnes</strong></span> <span class='ocrx_word' id='word_1_374' title='bbox 3002 2740 3190 2793; x_wconf 80' lang='lat' dir='ltr'><strong>habuit</strong></span> <span class='ocrx_word' id='word_1_375' title='bbox 3233 2754 3293 2792; x_wconf 90' lang='lat' dir='ltr'><strong>se</strong></span> <span class='ocrx_word' id='word_1_376' title='bbox 3334 2752 3538 2806; x_wconf 87' lang='lat' dir='ltr'><strong>suaque</strong></span> <span class='ocrx_word' id='word_1_377' title='bbox 3583 2735 3697 2791; x_wconf 83' lang='lat' dir='ltr'><strong>aia-</strong></span> 
     </span>
    </p>
   </div>
   <div class='ocr_carea' id='block_1_58' title="bbox 2116 2832 3692 2901">
    <p class='ocr_par' dir='ltr' id='par_1_58' title="bbox 2116 2832 3692 2901">
     <span class='ocr_line' id='line_1_58' title="bbox 2116 2832 3692 2901; baseline -0.008 -9"><span class='ocrx_word' id='word_1_378' title='bbox 2116 2841 2281 2893; x_wconf 87' lang='lat' dir='ltr'><strong>criter</strong></span> <span class='ocrx_word' id='word_1_379' title='bbox 2309 2839 2608 2901; x_wconf 82' lang='lat' dir='ltr'><strong>dedentes;</strong></span> <span class='ocrx_word' id='word_1_380' title='bbox 2637 2836 2703 2888; x_wconf 82' lang='lat' dir='ltr'><strong>iis</strong></span> <span class='ocrx_word' id='word_1_381' title='bbox 2729 2835 2817 2888; x_wconf 90' lang='lat' dir='ltr'><strong>ille</strong></span> <span class='ocrx_word' id='word_1_382' title='bbox 2849 2833 3161 2888; x_wconf 85' lang='lat' dir='ltr'><strong>humaniter</strong></span> <span class='ocrx_word' id='word_1_383' title='bbox 3190 2832 3427 2900; x_wconf 84' lang='lat' dir='ltr'><strong>acceptis</strong></span> <span class='ocrx_word' id='word_1_384' title='bbox 3487 2839 3692 2883; x_wconf 89' lang='lat' dir='ltr'><strong>tantam</strong></span> 
     </span>
    </p>
   </div>
   <div class='ocr_carea' id='block_1_59' title="bbox 2120 2919 3693 2992">
    <p class='ocr_par' dir='ltr' id='par_1_59' title="bbox 2120 2919 3693 2992">
     <span class='ocr_line' id='line_1_59' title="bbox 2120 2919 3693 2992; baseline -0.006 -11"><span class='ocrx_word' id='word_1_385' title='bbox 2120 2928 2278 2981; x_wconf 85' lang='lat' dir='ltr'><strong>fidem</strong></span> <span class='ocrx_word' id='word_1_386' title='bbox 2310 2927 2500 2979; x_wconf 85' lang='lat' dir='ltr'><strong>habuit</strong></span> <span class='ocrx_word' id='word_1_387' title='bbox 2527 2934 2582 2977; x_wconf 91' lang='lat' dir='ltr'><strong>ut</strong></span> <span class='ocrx_word' id='word_1_388' title='bbox 2612 2925 2759 2978; x_wconf 92' lang='lat' dir='ltr'><strong>nullo</strong></span> <span class='ocrx_word' id='word_1_389' title='bbox 2790 2923 3042 2992; x_wconf 88' lang='lat' dir='ltr'><strong>imposito</strong></span> <span class='ocrx_word' id='word_1_390' title='bbox 3063 2921 3321 2991; x_wconf 79' lang='lat' dir='ltr'><strong>pnefecto</strong></span> <span class='ocrx_word' id='word_1_391' title='bbox 3352 2919 3693 2989; x_wconf 73' lang='lat' dir='ltr'><strong>prtcsidiove.</strong></span> 
     </span>
    </p>
   </div>
   <div class='ocr_carea' id='block_1_60' title="bbox 2117 3005 3698 3086">
    <p class='ocr_par' dir='ltr' id='par_1_60' title="bbox 2117 3005 3698 3086">
     <span class='ocr_line' id='line_1_60' title="bbox 2117 3005 3698 3086; baseline -0.009 -13"><span class='ocrx_word' id='word_1_392' title='bbox 2117 3035 2216 3073; x_wconf 83' lang='lat' dir='ltr'><strong>suo</strong></span> <span class='ocrx_word' id='word_1_393' title='bbox 2247 3021 2392 3086; x_wconf 88' lang='lat' dir='ltr'><strong>ipsos</strong></span> <span class='ocrx_word' id='word_1_394' title='bbox 2424 3017 2532 3085; x_wconf 90' lang='lat' dir='ltr'><strong>juri</strong></span> <span class='ocrx_word' id='word_1_395' title='bbox 2588 3015 2924 3082; x_wconf 88' lang='lat' dir='ltr'><strong>arbitrioque</strong></span> <span class='ocrx_word' id='word_1_396' title='bbox 2972 3011 3333 3082; x_wconf 87' lang='lat' dir='ltr'><strong>permitteret.</strong></span> <span class='ocrx_word' id='word_1_397' title='bbox 3381 3007 3510 3061; x_wconf 84' lang='lat' dir='ltr'><strong>inde</strong></span> <span class='ocrx_word' id='word_1_398' title='bbox 3555 3005 3698 3059; x_wconf 83' lang='lat' dir='ltr'><strong>Cho-</strong></span> 
     </span>
    </p>
   </div>
   <div class='ocr_carea' id='block_1_61' title="bbox 2120 3097 3700 3174">
    <p class='ocr_par' dir='ltr' id='par_1_61' title="bbox 2120 3097 3700 3174">
     <span class='ocr_line' id='line_1_61' title="bbox 2120 3097 3700 3174; baseline -0.009 -10"><span class='ocrx_word' id='word_1_399' title='bbox 2120 3120 2262 3165; x_wconf 87' lang='lat' dir='ltr'><strong>mate</strong></span> <span class='ocrx_word' id='word_1_400' title='bbox 2290 3111 2520 3164; x_wconf 88' lang='lat' dir='ltr'><strong>transito</strong></span> <span class='ocrx_word' id='word_1_401' title='bbox 2551 3107 2790 3173; x_wconf 87' lang='lat' dir='ltr'><strong>Lampen</strong></span> <span class='ocrx_word' id='word_1_402' title='bbox 2845 3105 3007 3174; x_wconf 81' lang='lat' dir='ltr'><strong>cepit,</strong></span> <span class='ocrx_word' id='word_1_403' title='bbox 3056 3105 3214 3172; x_wconf 90' lang='lat' dir='ltr'><strong>eique</strong></span> <span class='ocrx_word' id='word_1_404' title='bbox 3257 3099 3542 3172; x_wconf 80' lang='lat' dir='ltr'><strong>Camytzin</strong></span> <span class='ocrx_word' id='word_1_405' title='bbox 3590 3097 3700 3150; x_wconf 90' lang='lat' dir='ltr'><strong>Eu-</strong></span> 
     </span>
    </p>
   </div>
   <div class='ocr_carea' id='block_1_62' title="bbox 429 3192 2013 3270">
    <p class='ocr_par' dir='ltr' id='par_1_62' title="bbox 429 3195 2012 3270">
     <span class='ocr_line' id='line_1_62' title="bbox 429 3195 2012 3270; baseline 0.002 -22"><span class='ocrx_word' id='word_1_406' title='bbox 429 3195 639 3249; x_wconf 83' lang='grc' dir='ltr'>κτείνει</span> <span class='ocrx_word' id='word_1_407' title='bbox 673 3197 773 3265; x_wconf 81' lang='grc' dir='ltr'>μὲν</span> <span class='ocrx_word' id='word_1_408' title='bbox 805 3197 1037 3261; x_wconf 86' lang='grc' dir='ltr'>πολλούς</span> <span class='ocrx_word' id='word_1_409' title='bbox 1063 3215 1079 3230; x_wconf 88' lang='grc'><strong>·</strong></span> <span class='ocrx_word' id='word_1_410' title='bbox 1110 3199 1493 3269; x_wconf 77' lang='grc' dir='ltr'>ἀναλαμϐάνει</span> <span class='ocrx_word' id='word_1_411' title='bbox 1531 3199 1587 3252; x_wconf 84' lang='grc' dir='ltr'><strong>δὲ</strong></span> <span class='ocrx_word' id='word_1_412' title='bbox 1615 3198 1768 3252; x_wconf 90' lang='grc' dir='ltr'>λείαν</span> <span class='ocrx_word' id='word_1_413' title='bbox 1810 3198 2012 3270; x_wconf 85' lang='grc' dir='ltr'>πολλὴν</span> 
     </span>
    </p>
   </div>
   <div class='ocr_carea' id='block_1_63' title="bbox 2117 3192 3696 3270">
    <p class='ocr_par' dir='ltr' id='par_1_63' title="bbox 2120 3192 3696 3267">
     <span class='ocr_line' id='line_1_63' title="bbox 2120 3192 3696 3267; baseline -0.01 -11"><span class='ocrx_word' id='word_1_414' title='bbox 2120 3203 2382 3256; x_wconf 75' lang='lat' dir='ltr'><strong>statltium</strong></span> <span class='ocrx_word' id='word_1_415' title='bbox 2413 3202 2608 3254; x_wconf 91' lang='lat' dir='ltr'><strong>ducem</strong></span> <span class='ocrx_word' id='word_1_416' title='bbox 2649 3197 2932 3267; x_wconf 87' lang='lat' dir='ltr'><strong>imposuit.</strong></span> <span class='ocrx_word' id='word_1_417' title='bbox 2965 3195 3283 3266; x_wconf 84' lang='lat' dir='ltr'><strong>Polybotum</strong></span> <span class='ocrx_word' id='word_1_418' title='bbox 3323 3192 3558 3260; x_wconf 87' lang='lat' dir='ltr'><strong>denique</strong></span> <span class='ocrx_word' id='word_1_419' title='bbox 3589 3203 3696 3242; x_wconf 91' lang='lat' dir='ltr'><strong>non</strong></span> 
     </span>
    </p>
   </div>
   <div class='ocr_carea' id='block_1_64' title="bbox 425 3287 1234 3362">
    <p class='ocr_par' dir='ltr' id='par_1_64' title="bbox 425 3287 1234 3362">
     <span class='ocr_line' id='line_1_64' title="bbox 425 3287 1234 3362; baseline 0.005 -21"><span class='ocrx_word' id='word_1_420' title='bbox 425 3288 529 3341; x_wconf 76' lang='grc' dir='ltr'>καὶ</span> <span class='ocrx_word' id='word_1_421' title='bbox 559 3287 656 3340; x_wconf 79' lang='grc' dir='ltr'>τοῦ</span> <span class='ocrx_word' id='word_1_422' title='bbox 689 3288 934 3362; x_wconf 84' lang='grc' dir='ltr'>πλήθους</span> <span class='ocrx_word' id='word_1_423' title='bbox 965 3291 1234 3359; x_wconf 87' lang='grc' dir='ltr'>ἀνάλογον</span> 
     </span>
    </p>
   </div>
   <div class='ocr_carea' id='block_1_65' title="bbox 2117 3280 3697 3364">
    <p class='ocr_par' dir='ltr' id='par_1_65' title="bbox 2117 3280 3697 3364">
     <span class='ocr_line' id='line_1_65' title="bbox 2117 3280 3697 3364; baseline -0.011 -15"><span class='ocrx_word' id='word_1_424' title='bbox 2117 3296 2206 3349; x_wconf 88' lang='lat' dir='ltr'><strong>diu</strong></span> <span class='ocrx_word' id='word_1_425' title='bbox 2240 3303 2362 3364; x_wconf 90' lang='lat' dir='ltr'><strong>post</strong></span> <span class='ocrx_word' id='word_1_426' title='bbox 2395 3293 2604 3347; x_wconf 83' lang='lat' dir='ltr'><strong>Turcos</strong></span> <span class='ocrx_word' id='word_1_427' title='bbox 2632 3306 2698 3346; x_wconf 91' lang='lat' dir='ltr'><strong>eo</strong></span> <span class='ocrx_word' id='word_1_428' title='bbox 2749 3300 2998 3358; x_wconf 87' lang='lat' dir='ltr'><strong>receptos</strong></span> <span class='ocrx_word' id='word_1_429' title='bbox 3037 3287 3283 3357; x_wconf 84' lang='lat' dir='ltr'><strong>pervenit</strong></span> <span class='ocrx_word' id='word_1_430' title='bbox 3319 3302 3332 3339; x_wconf 93' lang='lat'><strong>:</strong></span> <span class='ocrx_word' id='word_1_431' title='bbox 3368 3297 3600 3353; x_wconf 86' lang='lat' dir='ltr'><strong>qu0rum</strong></span> <span class='ocrx_word' id='word_1_432' title='bbox 3642 3280 3697 3332; x_wconf 90' lang='lat' dir='ltr'><strong>in</strong></span> 
     </span>
    </p>
   </div>
   <div class='ocr_carea' id='block_1_66' title="bbox 425 3377 3702 3462">
    <p class='ocr_par' dir='ltr' id='par_1_66' title="bbox 425 3377 3702 3462">
     <span class='ocr_line' id='line_1_66' title="bbox 425 3377 3702 3462; baseline -0.003 -22"><span class='ocrx_word' id='word_1_433' title='bbox 425 3385 647 3440; x_wconf 87' lang='lat' dir='ltr'><strong>turbam</strong></span> <span class='ocrx_word' id='word_1_434' title='bbox 677 3402 740 3439; x_wconf 81' lang='lat' dir='ltr'><strong>ex</strong></span> <span class='ocrx_word' id='word_1_435' title='bbox 777 3387 970 3442; x_wconf 85' lang='lat' dir='ltr'><strong>itinere</strong></span> <span class='ocrx_word' id='word_1_436' title='bbox 1003 3403 1198 3443; x_wconf 89' lang='lat' dir='ltr'><strong>securo</strong></span> <span class='ocrx_word' id='word_1_437' title='bbox 1230 3389 1406 3444; x_wconf 88' lang='lat' dir='ltr'><strong>adhuc</strong></span> <span class='ocrx_word' id='word_1_438' title='bbox 1454 3391 1811 3454; x_wconf 88' lang='lat' dir='ltr'><strong>inconditam,</strong></span> <span class='ocrx_word' id='word_1_439' title='bbox 1843 3393 2184 3462; x_wconf 88' lang='lat' dir='ltr'><strong>sarcinisque</strong></span> <span class='ocrx_word' id='word_1_440' title='bbox 2257 3393 2348 3445; x_wconf 80' lang='lat' dir='ltr'><strong>vix</strong></span> <span class='ocrx_word' id='word_1_441' title='bbox 2403 3391 2540 3443; x_wconf 87' lang='lat' dir='ltr'><strong>bene</strong></span> <span class='ocrx_word' id='word_1_442' title='bbox 2588 3387 2848 3456; x_wconf 82' lang='lat' dir='ltr'><strong>depositis</strong></span> <span class='ocrx_word' id='word_1_443' title='bbox 2929 3385 3267 3453; x_wconf 87' lang='lat' dir='ltr'><strong>implicitam,</strong></span> <span class='ocrx_word' id='word_1_444' title='bbox 3342 3377 3702 3447; x_wconf 75' lang='lat' dir='ltr'><strong>impressione</strong></span> 
     </span>
    </p>
   </div>
   <div class='ocr_carea' id='block_1_67' title="bbox 423 3475 3699 3554">
    <p class='ocr_par' dir='ltr' id='par_1_67' title="bbox 423 3475 3699 3554">
     <span class='ocr_line' id='line_1_67' title="bbox 423 3475 3699 3554; baseline -0.004 -14"><span class='ocrx_word' id='word_1_445' title='bbox 423 3486 680 3540; x_wconf 87' lang='lat' dir='ltr'><strong>invectus</strong></span> <span class='ocrx_word' id='word_1_446' title='bbox 719 3483 851 3551; x_wconf 87' lang='lat' dir='ltr'><strong>acri,</strong></span> <span class='ocrx_word' id='word_1_447' title='bbox 883 3484 1087 3539; x_wconf 86' lang='lat' dir='ltr'><strong>cladem</strong></span> <span class='ocrx_word' id='word_1_448' title='bbox 1116 3485 1222 3540; x_wconf 90' lang='lat' dir='ltr'><strong>illis</strong></span> <span class='ocrx_word' id='word_1_449' title='bbox 1254 3483 1418 3540; x_wconf 86' lang='lat' dir='ltr'><strong>infert</strong></span> <span class='ocrx_word' id='word_1_450' title='bbox 1464 3489 1780 3552; x_wconf 78' lang='lat' dir='ltr'><strong>maximam,</strong></span> <span class='ocrx_word' id='word_1_451' title='bbox 1826 3501 1930 3554; x_wconf 87' lang='lat' dir='ltr'><strong>qua</strong></span> <span class='ocrx_word' id='word_1_452' title='bbox 1959 3495 2014 3541; x_wconf 91' lang='lat' dir='ltr'><strong>et</strong></span> <span class='ocrx_word' id='word_1_453' title='bbox 2053 3488 2174 3542; x_wconf 67' lang='grc' dir='ltr'>ραιΒί</span> <span class='ocrx_word' id='word_1_454' title='bbox 2210 3485 2424 3552; x_wconf 84' lang='lat' dir='ltr'><strong>plurimi</strong></span> <span class='ocrx_word' id='word_1_455' title='bbox 2465 3484 2834 3537; x_wconf 84' lang='lat' dir='ltr'><strong>Barbarorum</strong></span> <span class='ocrx_word' id='word_1_456' title='bbox 2915 3487 3062 3543; x_wconf 87' lang='lat' dir='ltr'><strong>sunt,</strong></span> <span class='ocrx_word' id='word_1_457' title='bbox 3111 3477 3400 3547; x_wconf 71' lang='lat' dir='ltr'><strong>prmdaoue</strong></span> <span class='ocrx_word' id='word_1_458' title='bbox 3480 3475 3699 3541; x_wconf 58' lang='lat' dir='ltr'><strong>ingens?</strong></span> 
     </span>
    </p>
   </div>
   <div class='ocr_carea' id='block_1_68' title="bbox 425 3576 1830 3648">
    <p class='ocr_par' dir='ltr' id='par_1_68' title="bbox 425 3576 1830 3648">
     <span class='ocr_line' id='line_1_68' title="bbox 425 3576 1830 3648; baseline 0.001 -16"><span class='ocrx_word' id='word_1_459' title='bbox 425 3593 536 3633; x_wconf 86' lang='lat' dir='ltr'><strong>nec</strong></span> <span class='ocrx_word' id='word_1_460' title='bbox 567 3576 743 3629; x_wconf 90' lang='lat' dir='ltr'><strong>minor</strong></span> <span class='ocrx_word' id='word_1_461' title='bbox 773 3577 1107 3646; x_wconf 80' lang='lat' dir='ltr'><strong>captivorum</strong></span> <span class='ocrx_word' id='word_1_462' title='bbox 1144 3594 1400 3632; x_wconf 83' lang='lat' dir='ltr'><strong>numerus</strong></span> <span class='ocrx_word' id='word_1_463' title='bbox 1444 3588 1526 3634; x_wconf 89' lang='lat' dir='ltr'><strong>est</strong></span> <span class='ocrx_word' id='word_1_464' title='bbox 1561 3587 1830 3648; x_wconf 86' lang='lat' dir='ltr'><strong>receptus.</strong></span> 
     </span>
    </p>
   </div>
   <div class='ocr_carea' id='block_1_69' title="bbox 509 3666 2010 3740">
    <p class='ocr_par' dir='ltr' id='par_1_69' title="bbox 509 3666 2010 3740">
     <span class='ocr_line' id='line_1_69' title="bbox 509 3666 2010 3740; baseline 0.003 -20"><span class='ocrx_word' id='word_1_465' title='bbox 509 3667 712 3720; x_wconf 85' lang='grc' dir='ltr'>Τούτου</span> <span class='ocrx_word' id='word_1_466' title='bbox 739 3666 869 3734; x_wconf 80' lang='grc' dir='ltr'>γοῦν</span> <span class='ocrx_word' id='word_1_467' title='bbox 903 3669 1088 3739; x_wconf 83' lang='grc' dir='ltr'>μήπου</span> <span class='ocrx_word' id='word_1_468' title='bbox 1112 3669 1156 3700; x_wconf 83' lang='grc'>⁸³</span> <span class='ocrx_word' id='word_1_469' title='bbox 1185 3670 1646 3739; x_wconf 78' lang='grc' dir='ltr'>ἐπανεληλυθότος</span> <span class='ocrx_word' id='word_1_470' title='bbox 1669 3673 1783 3726; x_wconf 86' lang='grc' dir='ltr'>ἀλλ’</span> <span class='ocrx_word' id='word_1_471' title='bbox 1807 3672 2010 3740; x_wconf 82' lang='grc' dir='ltr'>ἀγωνι-</span> 
     </span>
    </p>
   </div>
   <div class='ocr_carea' id='block_1_70' title="bbox 431 3757 2013 3833">
    <p class='ocr_par' dir='ltr' id='par_1_70' title="bbox 431 3757 2013 3833">
     <span class='ocr_line' id='line_1_70' title="bbox 431 3757 2013 3833; baseline 0.004 -23"><span class='ocrx_word' id='word_1_472' title='bbox 431 3757 670 3827; x_wconf 77' lang='grc' dir='ltr'>ζομένου</span> <span class='ocrx_word' id='word_1_473' title='bbox 705 3757 848 3810; x_wconf 82' lang='grc' dir='ltr'>κατὰ</span> <span class='ocrx_word' id='word_1_474' title='bbox 879 3757 987 3811; x_wconf 85' lang='grc' dir='ltr'><strong>τῶν</strong></span> <span class='ocrx_word' id='word_1_475' title='bbox 1030 3758 1292 3830; x_wconf 86' lang='grc' dir='ltr'>Τούρκων</span> <span class='ocrx_word' id='word_1_476' title='bbox 1321 3763 1348 3814; x_wconf 86' lang='grc' dir='ltr'>ὁ</span> <span class='ocrx_word' id='word_1_477' title='bbox 1376 3760 1636 3830; x_wconf 76' lang='grc' dir='ltr'>βασιλεὺς</span> <span class='ocrx_word' id='word_1_478' title='bbox 1667 3764 2013 3833; x_wconf 75' lang='grc' dir='ltr'>ἑτοιμασθες</span> 
     </span>
    </p>
   </div>
   <div class='ocr_carea' id='block_1_71' title="bbox 430 3848 2012 3924">
    <p class='ocr_par' dir='ltr' id='par_1_71' title="bbox 430 3848 2012 3924">
     <span class='ocr_line' id='line_1_71' title="bbox 430 3848 2012 3924; baseline 0.003 -22"><span class='ocrx_word' id='word_1_479' title='bbox 430 3851 519 3910; x_wconf 82' lang='grc' dir='ltr'><strong>είς</strong></span> <span class='ocrx_word' id='word_1_480' title='bbox 569 3849 832 3922; x_wconf 75' lang='grc' dir='ltr'>ἀρρωγὴν</span> <span class='ocrx_word' id='word_1_481' title='bbox 869 3848 916 3880; x_wconf 60' lang='grc'><strong>⁸⁵</strong></span> <span class='ocrx_word' id='word_1_482' title='bbox 964 3850 1076 3902; x_wconf 82' lang='grc' dir='ltr'><strong>τῶν</strong></span> <span class='ocrx_word' id='word_1_483' title='bbox 1126 3851 1257 3922; x_wconf 70' lang='grc' dir='ltr'>περὶ</span> <span class='ocrx_word' id='word_1_484' title='bbox 1291 3853 1390 3920; x_wconf 83' lang='grc' dir='ltr'><strong>τὴν</strong></span> <span class='ocrx_word' id='word_1_485' title='bbox 1421 3851 1756 3924; x_wconf 80' lang='grc' dir='ltr'>Ἀντιόχειαν</span> <span class='ocrx_word' id='word_1_486' title='bbox 1807 3855 2012 3923; x_wconf 67' lang='grc' dir='ltr'>φθάται</span> 
     </span>
    </p>
   </div>
   <div class='ocr_carea' id='block_1_72' title="bbox 427 3941 2010 4014">
    <p class='ocr_par' dir='ltr' id='par_1_72' title="bbox 427 3941 2010 4014">
     <span class='ocr_line' id='line_1_72' title="bbox 427 3941 2010 4014; baseline 0.002 -18"><span class='ocrx_word' id='word_1_487' title='bbox 427 3941 678 4006; x_wconf 84' lang='grc' dir='ltr'>Κελτῶν,</span> <span class='ocrx_word' id='word_1_488' title='bbox 710 3943 835 3994; x_wconf 72' lang='grc' dir='ltr'>ἐπεὶ</span> <span class='ocrx_word' id='word_1_489' title='bbox 861 3942 920 3995; x_wconf 80' lang='grc' dir='ltr'>τὸ</span> <span class='ocrx_word' id='word_1_490' title='bbox 942 3943 1273 4012; x_wconf 75' lang='grc' dir='ltr'>Φιλομήλιον</span> <span class='ocrx_word' id='word_1_491' title='bbox 1303 3943 1413 4014; x_wconf 69' lang='grc'>(20)</span> <span class='ocrx_word' id='word_1_492' title='bbox 1441 3946 1713 3999; x_wconf 73' lang='grc' dir='ltr'>κατέλαϐε</span> <span class='ocrx_word' id='word_1_493' title='bbox 1742 3948 1839 3998; x_wconf 76' lang='grc' dir='ltr'><strong>σὺν</strong></span> <span class='ocrx_word' id='word_1_494' title='bbox 1860 3948 2010 4010; x_wconf 81' lang='grc' dir='ltr'>ὅλαις</span> 
     </span>
    </p>
   </div>
   <div class='ocr_carea' id='block_1_73' title="bbox 425 4035 2005 4110">
    <p class='ocr_par' dir='ltr' id='par_1_73' title="bbox 425 4035 2005 4110">
     <span class='ocr_line' id='line_1_73' title="bbox 425 4035 2005 4110; baseline 0.002 -21"><span class='ocrx_word' id='word_1_495' title='bbox 425 4035 699 4106; x_wconf 78' lang='grc' dir='ltr'>δυνάμεσι</span> <span class='ocrx_word' id='word_1_496' title='bbox 721 4036 952 4100; x_wconf 78' lang='grc' dir='ltr'>πολλοὺς</span> <span class='ocrx_word' id='word_1_497' title='bbox 984 4037 1042 4087; x_wconf 91' lang='grc' dir='ltr'><strong>ἐν</strong></span> <span class='ocrx_word' id='word_1_498' title='bbox 1075 4036 1151 4105; x_wconf 80' lang='grc' dir='ltr'>τῷ</span> <span class='ocrx_word' id='word_1_499' title='bbox 1173 4036 1377 4106; x_wconf 76' lang='grc' dir='ltr'>μεταξὺ</span> <span class='ocrx_word' id='word_1_500' title='bbox 1414 4037 1630 4102; x_wconf 88' lang='grc' dir='ltr'>κτείνας</span> <span class='ocrx_word' id='word_1_501' title='bbox 1660 4039 2005 4110; x_wconf 77' lang='grc' dir='ltr'>Βαρϐάρους,</span> 
     </span>
    </p>
   </div>
   <div class='ocr_carea' id='block_1_74' title="bbox 428 4126 2007 4200">
    <p class='ocr_par' dir='ltr' id='par_1_74' title="bbox 428 4126 2007 4200">
     <span class='ocr_line' id='line_1_74' title="bbox 428 4126 2007 4200; baseline 0.001 -19"><span class='ocrx_word' id='word_1_502' title='bbox 428 4126 640 4189; x_wconf 86' lang='grc' dir='ltr'>πολλὰς</span> <span class='ocrx_word' id='word_1_503' title='bbox 683 4127 738 4180; x_wconf 82' lang='grc' dir='ltr'><strong>δέ</strong></span> <span class='ocrx_word' id='word_1_504' title='bbox 788 4128 885 4179; x_wconf 77' lang='grc' dir='ltr'>καὶ</span> <span class='ocrx_word' id='word_1_505' title='bbox 936 4127 1123 4190; x_wconf 86' lang='grc' dir='ltr'>πόλεις</span> <span class='ocrx_word' id='word_1_506' title='bbox 1155 4127 1509 4198; x_wconf 76' lang='grc' dir='ltr'>δῃωσάμενος</span> <span class='ocrx_word' id='word_1_507' title='bbox 1539 4129 1634 4180; x_wconf 86' lang='grc' dir='ltr'>ὑπ’</span> <span class='ocrx_word' id='word_1_508' title='bbox 1665 4129 1844 4182; x_wconf 78' lang='grc' dir='ltr'>αὐτῶν</span> <span class='ocrx_word' id='word_1_509' title='bbox 1877 4130 2007 4200; x_wconf 72' lang='grc' dir='ltr'>πρὶν</span> 
     </span>
    </p>
   </div>
   <div class='ocr_carea' id='block_1_75' title="bbox 429 4220 2010 4291">
    <p class='ocr_par' dir='ltr' id='par_1_75' title="bbox 429 4220 2010 4291">
     <span class='ocr_line' id='line_1_75' title="bbox 429 4220 2010 4291; baseline -0.001 -17"><span class='ocrx_word' id='word_1_510' title='bbox 429 4221 818 4291; x_wconf 81' lang='grc' dir='ltr'>κατεχομένας</span> <span class='ocrx_word' id='word_1_511' title='bbox 847 4262 862 4286; x_wconf 97' lang='grc'><strong>,</strong></span> <span class='ocrx_word' id='word_1_512' title='bbox 901 4220 1094 4289; x_wconf 85' lang='grc' dir='ltr'>φθάνει</span> <span class='ocrx_word' id='word_1_513' title='bbox 1127 4220 1435 4290; x_wconf 82' lang='grc' dir='ltr'>τηνικαῦτα</span> <span class='ocrx_word' id='word_1_514' title='bbox 1474 4220 1671 4273; x_wconf 79' lang='grc' dir='ltr'>τοῦτον</span> <span class='ocrx_word' id='word_1_515' title='bbox 1703 4220 1760 4286; x_wconf 80' lang='grc' dir='ltr'><strong>ἐξ</strong></span> <span class='ocrx_word' id='word_1_516' title='bbox 1802 4221 2010 4273; x_wconf 83' lang='grc' dir='ltr'>Ἀντιο-</span> 
     </span>
    </p>
   </div>
   <div class='ocr_carea' id='block_1_76' title="bbox 426 4313 2013 4388">
    <p class='ocr_par' dir='ltr' id='par_1_76' title="bbox 426 4313 2013 4388">
     <span class='ocr_line' id='line_1_76' title="bbox 426 4313 2013 4388; baseline -0.001 -21"><span class='ocrx_word' id='word_1_517' title='bbox 426 4313 588 4388; x_wconf 83' lang='grc' dir='ltr'>χείας</span> <span class='ocrx_word' id='word_1_518' title='bbox 619 4314 915 4385; x_wconf 78' lang='grc' dir='ltr'>Γελίελμος</span> <span class='ocrx_word' id='word_1_519' title='bbox 947 4313 994 4345; x_wconf 80' lang='grc'><strong>⁸⁸</strong></span> <span class='ocrx_word' id='word_1_520' title='bbox 1025 4313 1054 4365; x_wconf 89' lang='grc' dir='ltr'><strong>ό</strong></span> <span class='ocrx_word' id='word_1_521' title='bbox 1104 4313 1470 4385; x_wconf 79' lang='grc' dir='ltr'>Γραντεμανῆ</span> <span class='ocrx_word' id='word_1_522' title='bbox 1508 4313 1553 4345; x_wconf 77' lang='grc'>⁸⁸</span> <span class='ocrx_word' id='word_1_523' title='bbox 1580 4313 1697 4384; x_wconf 68' lang='lat'><strong>(21)</strong></span> <span class='ocrx_word' id='word_1_524' title='bbox 1740 4313 1835 4366; x_wconf 71' lang='lat' dir='ltr'><strong>ml.</strong></span> <span class='ocrx_word' id='word_1_525' title='bbox 1881 4313 2013 4366; x_wconf 75' lang='grc' dir='ltr'><strong>Στὲο</strong></span> 
     </span>
    </p>
   </div>
   <div class='ocr_carea' id='block_1_77' title="bbox 2185 3655 3697 3723">
    <p class='ocr_par' dir='ltr' id='par_1_77' title="bbox 2185 3655 3697 3723">
     <span class='ocr_line' id='line_1_77' title="bbox 2185 3655 3697 3723; baseline -0.013 0"><span class='ocrx_word' id='word_1_526' title='bbox 2185 3673 2317 3723; x_wconf 74' lang='lat' dir='ltr'><strong>Dum</strong></span> <span class='ocrx_word' id='word_1_527' title='bbox 2354 3669 2466 3720; x_wconf 79' lang='lat' dir='ltr'><strong>bace</strong></span> <span class='ocrx_word' id='word_1_528' title='bbox 2494 3665 2730 3719; x_wconf 77' lang='lat' dir='ltr'><strong>maxime</strong></span> <span class='ocrx_word' id='word_1_529' title='bbox 2763 3665 2999 3717; x_wconf 82' lang='lat' dir='ltr'><strong>Joannes</strong></span> <span class='ocrx_word' id='word_1_530' title='bbox 3035 3669 3223 3713; x_wconf 82' lang='lat' dir='ltr'><strong>contra</strong></span> <span class='ocrx_word' id='word_1_531' title='bbox 3285 3657 3495 3712; x_wconf 88' lang='lat' dir='ltr'><strong>Turcos</strong></span> <span class='ocrx_word' id='word_1_532' title='bbox 3535 3655 3697 3723; x_wconf 78' lang='lat' dir='ltr'><strong>gerit,</strong></span> 
     </span>
    </p>
   </div>
   <div class='ocr_carea' id='block_1_78' title="bbox 2115 3747 3694 3832">
    <p class='ocr_par' dir='ltr' id='par_1_78' title="bbox 2115 3747 3694 3832">
     <span class='ocr_line' id='line_1_78' title="bbox 2115 3747 3694 3832; baseline -0.012 -14"><span class='ocrx_word' id='word_1_533' title='bbox 2115 3765 2414 3832; x_wconf 84' lang='lat' dir='ltr'><strong>imperator</strong></span> <span class='ocrx_word' id='word_1_534' title='bbox 2470 3759 2676 3826; x_wconf 87' lang='lat' dir='ltr'><strong>paratis</strong></span> <span class='ocrx_word' id='word_1_535' title='bbox 2739 3755 2912 3825; x_wconf 90' lang='lat' dir='ltr'><strong>copiis</strong></span> <span class='ocrx_word' id='word_1_536' title='bbox 2982 3752 3255 3822; x_wconf 80' lang='lat' dir='ltr'><strong>profectus</strong></span> <span class='ocrx_word' id='word_1_537' title='bbox 3315 3749 3369 3803; x_wconf 91' lang='lat' dir='ltr'><strong>in</strong></span> <span class='ocrx_word' id='word_1_538' title='bbox 3428 3747 3694 3803; x_wconf 76' lang='lat' dir='ltr'><strong>auxilium</strong></span> 
     </span>
    </p>
   </div>
   <div class='ocr_carea' id='block_1_79' title="bbox 2111 3839 3700 3917">
    <p class='ocr_par' dir='ltr' id='par_1_79' title="bbox 2111 3839 3700 3917">
     <span class='ocr_line' id='line_1_79' title="bbox 2111 3839 3700 3917; baseline -0.011 -8"><span class='ocrx_word' id='word_1_539' title='bbox 2111 3855 2385 3909; x_wconf 86' lang='lat' dir='ltr'><strong>Gallorum</strong></span> <span class='ocrx_word' id='word_1_540' title='bbox 2451 3849 2794 3905; x_wconf 87' lang='lat' dir='ltr'><strong>Antiochiam</strong></span> <span class='ocrx_word' id='word_1_541' title='bbox 2867 3845 3354 3917; x_wconf 72' lang='lat' dir='ltr'><strong>propugnantium,</strong></span> <span class='ocrx_word' id='word_1_542' title='bbox 3426 3839 3700 3894; x_wconf 85' lang='lat' dir='ltr'><strong>Philome-</strong></span> 
     </span>
    </p>
   </div>
   <div class='ocr_carea' id='block_1_80' title="bbox 2110 3931 3700 4008">
    <p class='ocr_par' dir='ltr' id='par_1_80' title="bbox 2110 3931 3700 4008">
     <span class='ocr_line' id='line_1_80' title="bbox 2110 3931 3700 4008; baseline -0.014 -3"><span class='ocrx_word' id='word_1_543' title='bbox 2110 3951 2238 4005; x_wconf 85' lang='lat' dir='ltr'><strong>lium</strong></span> <span class='ocrx_word' id='word_1_544' title='bbox 2268 3962 2390 4002; x_wconf 86' lang='lat' dir='ltr'><strong>cum</strong></span> <span class='ocrx_word' id='word_1_545' title='bbox 2426 3946 2683 3999; x_wconf 90' lang='lat' dir='ltr'><strong>universo</strong></span> <span class='ocrx_word' id='word_1_546' title='bbox 2714 3941 2954 3995; x_wconf 78' lang='lat' dir='ltr'><strong>exercitu</strong></span> <span class='ocrx_word' id='word_1_547' title='bbox 2977 3937 3242 4008; x_wconf 85' lang='lat' dir='ltr'><strong>pervenit,</strong></span> <span class='ocrx_word' id='word_1_548' title='bbox 3278 3933 3462 3988; x_wconf 86' lang='lat' dir='ltr'><strong>multis</strong></span> <span class='ocrx_word' id='word_1_549' title='bbox 3523 3931 3700 3986; x_wconf 87' lang='lat' dir='ltr'><strong>obiter</strong></span> 
     </span>
    </p>
   </div>
   <div class='ocr_carea' id='block_1_81' title="bbox 2117 4030 3697 4102">
    <p class='ocr_par' dir='ltr' id='par_1_81' title="bbox 2117 4030 3697 4102">
     <span class='ocr_line' id='line_1_81' title="bbox 2117 4030 3697 4102; baseline -0.013 -6"><span class='ocrx_word' id='word_1_550' title='bbox 2117 4042 2273 4097; x_wconf 80' lang='lat' dir='ltr'><strong>caesis</strong></span> <span class='ocrx_word' id='word_1_551' title='bbox 2306 4039 2564 4093; x_wconf 86' lang='lat' dir='ltr'><strong>Barbaris</strong></span> <span class='ocrx_word' id='word_1_552' title='bbox 2598 4034 2938 4102; x_wconf 87' lang='lat' dir='ltr'><strong>receptisque</strong></span> <span class='ocrx_word' id='word_1_553' title='bbox 2993 4030 3219 4085; x_wconf 88' lang='lat' dir='ltr'><strong>urbibus</strong></span> <span class='ocrx_word' id='word_1_554' title='bbox 3245 4041 3367 4097; x_wconf 74' lang='lat' dir='ltr'><strong>quae</strong></span> <span class='ocrx_word' id='word_1_555' title='bbox 3415 4033 3697 4092; x_wconf 56' lang='lat' dir='ltr'><strong>occupatas</strong></span> 
     </span>
    </p>
   </div>
   <div class='ocr_carea' id='block_1_82' title="bbox 2118 4115 3695 4183">
    <p class='ocr_par' dir='ltr' id='par_1_82' title="bbox 2118 4115 3695 4183">
     <span class='ocr_line' id='line_1_82' title="bbox 2118 4115 3695 4183; baseline -0.011 0"><span class='ocrx_word' id='word_1_556' title='bbox 2118 4129 2275 4183; x_wconf 87' lang='lat' dir='ltr'><strong>abiis</strong></span> <span class='ocrx_word' id='word_1_557' title='bbox 2301 4137 2456 4181; x_wconf 89' lang='lat' dir='ltr'><strong>antea</strong></span> <span class='ocrx_word' id='word_1_558' title='bbox 2497 4126 2728 4180; x_wconf 89' lang='lat' dir='ltr'><strong>fuerant.</strong></span> <span class='ocrx_word' id='word_1_559' title='bbox 2769 4122 2904 4176; x_wconf 89' lang='lat' dir='ltr'><strong>Illic&#39;</strong></span> <span class='ocrx_word' id='word_1_560' title='bbox 2938 4137 3061 4176; x_wconf 87' lang='lat' dir='ltr'><strong>eum</strong></span> <span class='ocrx_word' id='word_1_561' title='bbox 3113 4118 3446 4174; x_wconf 89' lang='lat' dir='ltr'><strong>conveniunt</strong></span> <span class='ocrx_word' id='word_1_562' title='bbox 3492 4115 3695 4170; x_wconf 86' lang='lat' dir='ltr'><strong>Guliel-</strong></span> 
     </span>
    </p>
   </div>
   <div class='ocr_carea' id='block_1_83' title="bbox 2119 4208 3698 4282">
    <p class='ocr_par' dir='ltr' id='par_1_83' title="bbox 2119 4208 3698 4282">
     <span class='ocr_line' id='line_1_83' title="bbox 2119 4208 3698 4282; baseline -0.011 -6"><span class='ocrx_word' id='word_1_563' title='bbox 2119 4237 2237 4275; x_wconf 89' lang='lat' dir='ltr'><strong>mus</strong></span> <span class='ocrx_word' id='word_1_564' title='bbox 2284 4219 2696 4280; x_wconf 86' lang='lat' dir='ltr'><strong>Grantemanes,</strong></span> <span class='ocrx_word' id='word_1_565' title='bbox 2753 4213 3060 4282; x_wconf 82' lang='lat' dir='ltr'><strong>Stephanus</strong></span> <span class='ocrx_word' id='word_1_566' title='bbox 3117 4225 3302 4264; x_wconf 85' lang='lat' dir='ltr'><strong>comes</strong></span> <span class='ocrx_word' id='word_1_567' title='bbox 3351 4208 3616 4271; x_wconf 68' lang='lat' dir='ltr'><strong>Franciaa,</strong></span> <span class='ocrx_word' id='word_1_568' title='bbox 3644 4219 3698 4258; x_wconf 89' lang='lat' dir='ltr'><strong>et</strong></span> 
     </span>
    </p>
   </div>
   <div class='ocr_carea' id='block_1_84' title="bbox 2121 4300 3692 4378">
    <p class='ocr_par' dir='ltr' id='par_1_84' title="bbox 2121 4300 3692 4378">
     <span class='ocr_line' id='line_1_84' title="bbox 2121 4300 3692 4378; baseline -0.011 -12"><span class='ocrx_word' id='word_1_569' title='bbox 2121 4311 2313 4366; x_wconf 85' lang='lat' dir='ltr'><strong>Petrus</strong></span> <span class='ocrx_word' id='word_1_570' title='bbox 2337 4308 2562 4378; x_wconf 78' lang='lat' dir='ltr'><strong>Aliphae,</strong></span> <span class='ocrx_word' id='word_1_571' title='bbox 2594 4306 2814 4362; x_wconf 86' lang='lat' dir='ltr'><strong>demissi</strong></span> <span class='ocrx_word' id='word_1_572' title='bbox 2839 4319 2937 4375; x_wconf 88' lang='lat' dir='ltr'><strong>per</strong></span> <span class='ocrx_word' id='word_1_573' title='bbox 2968 4303 3125 4358; x_wconf 89' lang='lat' dir='ltr'><strong>funes</strong></span> <span class='ocrx_word' id='word_1_574' title='bbox 3149 4316 3179 4355; x_wconf 80' lang='grc' dir='ltr'><strong>ο</strong></span> <span class='ocrx_word' id='word_1_575' title='bbox 3201 4300 3380 4370; x_wconf 88' lang='lat' dir='ltr'><strong>pinnis</strong></span> <span class='ocrx_word' id='word_1_576' title='bbox 3416 4313 3692 4352; x_wconf 88' lang='lat' dir='ltr'><strong>murorum</strong></span> 
     </span>
    </p>
   </div>
   <div class='ocr_carea' id='block_1_85' title="bbox 1470 4442 2600 4513">
    <p class='ocr_par' dir='ltr' id='par_1_85' title="bbox 1470 4442 2600 4513">
     <span class='ocr_line' id='line_1_85' title="bbox 1470 4442 2600 4513; baseline -0.005 -2"><span class='ocrx_word' id='word_1_577' title='bbox 1470 4447 1672 4511; x_wconf 74' lang='lat' dir='ltr'><strong>Vario:</strong></span> <span class='ocrx_word' id='word_1_578' title='bbox 1713 4447 2019 4513; x_wconf 88' lang='lat' dir='ltr'><strong>lectiones</strong></span> <span class='ocrx_word' id='word_1_579' title='bbox 2049 4465 2128 4509; x_wconf 76' lang='lat' dir='ltr'><strong>ex</strong></span> <span class='ocrx_word' id='word_1_580' title='bbox 2159 4447 2302 4510; x_wconf 90' lang='lat' dir='ltr'><strong>cod.</strong></span> <span class='ocrx_word' id='word_1_581' title='bbox 2333 4442 2600 4507; x_wconf 88' lang='lat' dir='ltr'><strong>Coislin.</strong></span> 
     </span>
    </p>
   </div>
   <div class='ocr_carea' id='block_1_86' title="bbox 501 4557 3691 4651">
    <p class='ocr_par' dir='ltr' id='par_1_86' title="bbox 501 4557 3691 4651">
     <span class='ocr_line' id='line_1_86' title="bbox 501 4557 3691 4651; baseline -0.004 -19"><span class='ocrx_word' id='word_1_582' title='bbox 501 4578 548 4614; x_wconf 77' lang='lat'><strong>&quot;</strong></span> <span class='ocrx_word' id='word_1_583' title='bbox 575 4579 1005 4640; x_wconf 81' lang='grc' dir='ltr'>ἀπελπίσαντες.</span> <span class='ocrx_word' id='word_1_584' title='bbox 1077 4578 1126 4610; x_wconf 79' lang='grc'><strong>⁶⁰</strong></span> <span class='ocrx_word' id='word_1_585' title='bbox 1157 4577 1376 4651; x_wconf 70' lang='lat' dir='ltr'><strong>Desunt</strong></span> <span class='ocrx_word' id='word_1_586' title='bbox 1400 4593 1565 4651; x_wconf 76' lang='lat' dir='ltr'><strong>voces</strong></span> <span class='ocrx_word' id='word_1_587' title='bbox 1592 4579 1651 4632; x_wconf 82' lang='grc' dir='ltr'><strong>οὐ</strong></span> <span class='ocrx_word' id='word_1_588' title='bbox 1691 4557 1903 4651; x_wconf 81' lang='grc' dir='ltr'>φύρδην</span> <span class='ocrx_word' id='word_1_589' title='bbox 1936 4579 2072 4634; x_wconf 85' lang='grc' dir='ltr'>ἀλλ’.</span> <span class='ocrx_word' id='word_1_590' title='bbox 2152 4580 2196 4611; x_wconf 76' lang='grc'><strong>⁸³</strong></span> <span class='ocrx_word' id='word_1_591' title='bbox 2225 4576 2472 4638; x_wconf 86' lang='grc' dir='ltr'>τούτους.</span> <span class='ocrx_word' id='word_1_592' title='bbox 2547 4576 2592 4608; x_wconf 80' lang='grc'>⁸³</span> <span class='ocrx_word' id='word_1_593' title='bbox 2622 4573 2888 4644; x_wconf 77' lang='grc' dir='ltr'>ἡγεμόνα.</span> <span class='ocrx_word' id='word_1_594' title='bbox 2968 4572 3014 4604; x_wconf 83' lang='grc'><strong><em>⁸³</em></strong></span> <span class='ocrx_word' id='word_1_595' title='bbox 3062 4573 3253 4641; x_wconf 81' lang='grc' dir='ltr'>μήπω.</span> <span class='ocrx_word' id='word_1_596' title='bbox 3332 4569 3380 4600; x_wconf 77' lang='grc'><strong>⁸⁸</strong></span> <span class='ocrx_word' id='word_1_597' title='bbox 3441 4569 3691 4636; x_wconf 70' lang='grc' dir='ltr'>ἀρωγήν.</span> 
     </span>
    </p>
   </div>
   <div class='ocr_carea' id='block_1_87' title="bbox 427 4648 1614 4720">
    <p class='ocr_par' dir='ltr' id='par_1_87' title="bbox 427 4648 1614 4720">
     <span class='ocr_line' id='line_1_87' title="bbox 427 4648 1614 4720; baseline -0.002 -15"><span class='ocrx_word' id='word_1_598' title='bbox 427 4649 524 4705; x_wconf 82' lang='lat' dir='ltr'><strong>Sic</strong></span> <span class='ocrx_word' id='word_1_599' title='bbox 565 4665 778 4720; x_wconf 82' lang='lat' dir='ltr'><strong>semper</strong></span> <span class='ocrx_word' id='word_1_600' title='bbox 815 4664 940 4708; x_wconf 88' lang='lat' dir='ltr'><strong>cum</strong></span> <span class='ocrx_word' id='word_1_601' title='bbox 973 4663 1080 4703; x_wconf 91' lang='lat' dir='ltr'><strong>uno</strong></span> <span class='ocrx_word' id='word_1_602' title='bbox 1104 4669 1155 4718; x_wconf 88' lang='grc' dir='ltr'><strong>ρ.</strong></span> <span class='ocrx_word' id='word_1_603' title='bbox 1233 4648 1614 4718; x_wconf 80' lang='grc' dir='ltr'>⁶⁸Γελίαλμος.</span> 
     </span>
    </p>
   </div>
   <div class='ocr_carea' id='block_1_88' title="bbox 1693 4651 2112 4721">
    <p class='ocr_par' dir='ltr' id='par_1_88' title="bbox 1693 4651 2112 4721">
     <span class='ocr_line' id='line_1_88' title="bbox 1693 4651 2112 4721; baseline 0.002 -19"><span class='ocrx_word' id='word_1_604' title='bbox 1693 4652 1737 4682; x_wconf 77' lang='grc'>⁸⁸</span> <span class='ocrx_word' id='word_1_605' title='bbox 1763 4651 2112 4721; x_wconf 70' lang='grc' dir='ltr'>Γρατεμανῇ.</span> 
     </span>
    </p>
   </div>
   <div class='ocr_carea' id='block_1_89' title="bbox 1509 4766 2617 4845">
    <p class='ocr_par' dir='ltr' id='par_1_89' title="bbox 1509 4766 2617 4845">
     <span class='ocr_line' id='line_1_89' title="bbox 1509 4766 2617 4845; baseline -0.002 -19"><span class='ocrx_word' id='word_1_606' title='bbox 1509 4767 1647 4828; x_wconf 84' lang='lat' dir='ltr'><strong>Car.</strong></span> <span class='ocrx_word' id='word_1_607' title='bbox 1682 4766 2013 4828; x_wconf 84' lang='lat' dir='ltr'><strong>Dufresnii</strong></span> <span class='ocrx_word' id='word_1_608' title='bbox 2045 4767 2139 4828; x_wconf 92' lang='lat' dir='ltr'><strong>Du</strong></span> <span class='ocrx_word' id='word_1_609' title='bbox 2173 4767 2386 4845; x_wconf 65' lang='grc' dir='ltr'><strong>(ἰδιιὲἱί</strong></span> <span class='ocrx_word' id='word_1_610' title='bbox 2423 4773 2617 4828; x_wconf 67' lang='lat' dir='ltr'><strong>notas.</strong></span> 
     </span>
    </p>
   </div>
   <div class='ocr_carea' id='block_1_90' title="bbox 502 4887 2093 4962">
    <p class='ocr_par' dir='ltr' id='par_1_90' title="bbox 502 4887 2093 4962">
     <span class='ocr_line' id='line_1_90' title="bbox 502 4887 2093 4962; baseline -0.002 -16"><span class='ocrx_word' id='word_1_611' title='bbox 502 4890 614 4962; x_wconf 75' lang='lat'><strong>(19)</strong></span> <span class='ocrx_word' id='word_1_612' title='bbox 648 4891 926 4954; x_wconf 70' lang='grc' dir='ltr'>Λάμπην.</span> <span class='ocrx_word' id='word_1_613' title='bbox 965 4888 1164 4943; x_wconf 87' lang='lat' dir='ltr'><strong>Paulus</strong></span> <span class='ocrx_word' id='word_1_614' title='bbox 1186 4887 1471 4962; x_wconf 83' lang='lat' dir='ltr'><strong>episcopus</strong></span> <span class='ocrx_word' id='word_1_615' title='bbox 1491 4888 1734 4957; x_wconf 86' lang='grc' dir='ltr'>Λάμπης</span> <span class='ocrx_word' id='word_1_616' title='bbox 1768 4891 2011 4944; x_wconf 87' lang='lat' dir='ltr'><strong>interfuit</strong></span> <span class='ocrx_word' id='word_1_617' title='bbox 2039 4893 2093 4953; x_wconf 88' lang='lat' dir='ltr'><strong>D</strong></span> 
     </span>
    </p>
   </div>
   <div class='ocr_carea' id='block_1_91' title="bbox 425 4959 2014 5027">
    <p class='ocr_par' dir='ltr' id='par_1_91' title="bbox 425 4959 2014 5027">
     <span class='ocr_line' id='line_1_91' title="bbox 425 4959 2014 5027; baseline -0.003 -9"><span class='ocrx_word' id='word_1_618' title='bbox 425 4959 663 5019; x_wconf 87' lang='lat' dir='ltr'><strong>concilio</strong></span> <span class='ocrx_word' id='word_1_619' title='bbox 715 4961 1009 5026; x_wconf 82' lang='lat' dir='ltr'><strong>Ephesino,</strong></span> <span class='ocrx_word' id='word_1_620' title='bbox 1072 4968 1131 5012; x_wconf 91' lang='lat' dir='ltr'><strong>ut</strong></span> <span class='ocrx_word' id='word_1_621' title='bbox 1162 4975 1224 5012; x_wconf 86' lang='lat' dir='ltr'><strong>ex</strong></span> <span class='ocrx_word' id='word_1_622' title='bbox 1254 4959 1406 5013; x_wconf 87' lang='lat' dir='ltr'><strong>Actis</strong></span> <span class='ocrx_word' id='word_1_623' title='bbox 1437 4970 1697 5027; x_wconf 81' lang='lat' dir='ltr'><strong>constat;</strong></span> <span class='ocrx_word' id='word_1_624' title='bbox 1745 4963 1838 5014; x_wconf 93' lang='lat' dir='ltr'><strong>sed</strong></span> <span class='ocrx_word' id='word_1_625' title='bbox 1885 4966 2014 5014; x_wconf 88' lang='lat' dir='ltr'><strong>urbs</strong></span> 
     </span>
    </p>
   </div>
   <div class='ocr_carea' id='block_1_92' title="bbox 430 5028 2018 5098">
    <p class='ocr_par' dir='ltr' id='par_1_92' title="bbox 430 5028 2018 5098">
     <span class='ocr_line' id='line_1_92' title="bbox 430 5028 2018 5098; baseline -0.001 -11"><span class='ocrx_word' id='word_1_626' title='bbox 430 5035 532 5087; x_wconf 85' lang='lat' dir='ltr'><strong>ista</strong></span> <span class='ocrx_word' id='word_1_627' title='bbox 592 5033 644 5084; x_wconf 90' lang='lat' dir='ltr'><strong>in</strong></span> <span class='ocrx_word' id='word_1_628' title='bbox 705 5031 950 5085; x_wconf 86' lang='lat' dir='ltr'><strong>Cretensi</strong></span> <span class='ocrx_word' id='word_1_629' title='bbox 1015 5028 1290 5098; x_wconf 89' lang='lat' dir='ltr'><strong>provincia</strong></span> <span class='ocrx_word' id='word_1_630' title='bbox 1350 5029 1471 5095; x_wconf 90' lang='lat' dir='ltr'><strong>fuit,</strong></span> <span class='ocrx_word' id='word_1_631' title='bbox 1527 5041 1586 5083; x_wconf 90' lang='lat' dir='ltr'><strong>ut</strong></span> <span class='ocrx_word' id='word_1_632' title='bbox 1640 5031 1714 5084; x_wconf 92' lang='lat' dir='ltr'><strong>ibi</strong></span> <span class='ocrx_word' id='word_1_633' title='bbox 1775 5031 2018 5086; x_wconf 89' lang='lat' dir='ltr'><strong>innuitur</strong></span> 
     </span>
    </p>
   </div>
   <div class='ocr_carea' id='block_1_93' title="bbox 471 5101 907 5162">
    <p class='ocr_par' dir='ltr' id='par_1_93' title="bbox 471 5101 907 5162">
     <span class='ocr_line' id='line_1_93' title="bbox 471 5101 907 5162; baseline -0.007 -6"><span class='ocrx_word' id='word_1_634' title='bbox 471 5112 587 5156; x_wconf 86' lang='lat' dir='ltr'><strong>arte</strong></span> <span class='ocrx_word' id='word_1_635' title='bbox 621 5117 679 5162; x_wconf 86' lang='grc' dir='ltr'><strong>ιι,</strong></span> <span class='ocrx_word' id='word_1_636' title='bbox 712 5111 818 5154; x_wconf 87' lang='lat' dir='ltr'><strong>act.</strong></span> <span class='ocrx_word' id='word_1_637' title='bbox 854 5101 907 5154; x_wconf 82' lang='lat' dir='ltr'><strong>l.</strong></span> 
     </span>
    </p>
   </div>
   <div class='ocr_carea' id='block_1_94' title="bbox 427 5121 2008 5242">
    <p class='ocr_par' dir='ltr' id='par_1_94' title="bbox 427 5121 2008 5242">
     <span class='ocr_line' id='line_1_94' title="bbox 427 5121 907 5174; baseline -0.006 -18"><span class='ocrx_word' id='word_1_638' title='bbox 427 5121 587 5174; x_wconf 84' lang='lat' dir='ltr'><strong>parte</strong></span> <span class='ocrx_word' id='word_1_639' title='bbox 621 5121 679 5162; x_wconf 85' lang='lat' dir='ltr'><strong>II,</strong></span> <span class='ocrx_word' id='word_1_640' title='bbox 712 5121 818 5154; x_wconf 83' lang='lat' dir='ltr'><strong>act.</strong></span> <span class='ocrx_word' id='word_1_641' title='bbox 854 5121 907 5154; x_wconf 85' lang='lat'><strong>1.</strong></span> 
     </span>
     <span class='ocr_line' id='line_1_95' title="bbox 507 5168 2008 5242; baseline 0.001 -17"><span class='ocrx_word' id='word_1_642' title='bbox 507 5172 617 5242; x_wconf 68' lang='grc' dir='ltr'>(ΞΟ)</span> <span class='ocrx_word' id='word_1_643' title='bbox 635 5170 1023 5238; x_wconf 75' lang='grc' dir='ltr'>Φιλομήλιον.</span> <span class='ocrx_word' id='word_1_644' title='bbox 1057 5169 1199 5224; x_wconf 86' lang='lat' dir='ltr'><strong>Urbs</strong></span> <span class='ocrx_word' id='word_1_645' title='bbox 1224 5168 1489 5242; x_wconf 59' lang='lat' dir='ltr'><strong>Phrygiae,</strong></span> <span class='ocrx_word' id='word_1_646' title='bbox 1516 5172 1840 5241; x_wconf 83' lang='lat' dir='ltr'><strong>geographis</strong></span> <span class='ocrx_word' id='word_1_647' title='bbox 1862 5183 2008 5231; x_wconf 87' lang='lat' dir='ltr'><strong>nota.</strong></span> 
     </span>
    </p>
   </div>
   <div class='ocr_carea' id='block_1_95' title="bbox 430 5241 2011 5312">
    <p class='ocr_par' dir='ltr' id='par_1_95' title="bbox 430 5241 2011 5312">
     <span class='ocr_line' id='line_1_96' title="bbox 430 5241 2011 5312; baseline 0 -15"><span class='ocrx_word' id='word_1_648' title='bbox 430 5241 572 5297; x_wconf 84' lang='lat' dir='ltr'><strong>Hinc</strong></span> <span class='ocrx_word' id='word_1_649' title='bbox 629 5243 842 5312; x_wconf 79' lang='lat' dir='ltr'><strong>tandem</strong></span> <span class='ocrx_word' id='word_1_650' title='bbox 893 5241 1368 5312; x_wconf 15' lang='lat' dir='ltr'><strong>docemurioppidi</strong></span> <span class='ocrx_word' id='word_1_651' title='bbox 1407 5257 1626 5305; x_wconf 88' lang='lat' dir='ltr'><strong>nomen,</strong></span> <span class='ocrx_word' id='word_1_652' title='bbox 1679 5243 1820 5312; x_wconf 88' lang='lat' dir='ltr'><strong>quod</strong></span> <span class='ocrx_word' id='word_1_653' title='bbox 1874 5245 2011 5297; x_wconf 86' lang='lat' dir='ltr'><strong>mire</strong></span> 
     </span>
    </p>
   </div>
   <div class='ocr_carea' id='block_1_96' title="bbox 428 5310 2002 5382">
    <p class='ocr_par' dir='ltr' id='par_1_96' title="bbox 428 5310 2002 5382">
     <span class='ocr_line' id='line_1_97' title="bbox 428 5310 2002 5382; baseline 0.002 -19"><span class='ocrx_word' id='word_1_654' title='bbox 428 5317 784 5382; x_wconf 85' lang='lat' dir='ltr'><strong>depravatum</strong></span> <span class='ocrx_word' id='word_1_655' title='bbox 819 5310 1012 5382; x_wconf 80' lang='lat' dir='ltr'><strong>legitur</strong></span> <span class='ocrx_word' id='word_1_656' title='bbox 1036 5311 1172 5378; x_wconf 88' lang='lat' dir='ltr'><strong>apud</strong></span> <span class='ocrx_word' id='word_1_657' title='bbox 1204 5312 1494 5382; x_wconf 76' lang='lat' dir='ltr'><strong>scriptores</strong></span> <span class='ocrx_word' id='word_1_658' title='bbox 1523 5310 1711 5366; x_wconf 75' lang='lat' dir='ltr'><strong>rerum</strong></span> <span class='ocrx_word' id='word_1_659' title='bbox 1739 5313 2002 5367; x_wconf 81' lang='lat' dir='ltr'><strong>llierosol.</strong></span> 
     </span>
    </p>
   </div>
   <div class='ocr_carea' id='block_1_97' title="bbox 431 5379 2007 5446">
    <p class='ocr_par' dir='ltr' id='par_1_97' title="bbox 431 5379 2007 5446">
     <span class='ocr_line' id='line_1_98' title="bbox 431 5379 2007 5446; baseline 0.001 -13"><span class='ocrx_word' id='word_1_660' title='bbox 431 5379 728 5435; x_wconf 77' lang='lat' dir='ltr'><strong>Tudehodo</strong></span> <span class='ocrx_word' id='word_1_661' title='bbox 755 5379 923 5445; x_wconf 80' lang='lat' dir='ltr'><strong>enim,</strong></span> <span class='ocrx_word' id='word_1_662' title='bbox 959 5381 1049 5433; x_wconf 85' lang='lat' dir='ltr'><strong>lib.</strong></span> <span class='ocrx_word' id='word_1_663' title='bbox 1098 5395 1168 5441; x_wconf 85' lang='lat' dir='ltr'><strong>Iv,</strong></span> <span class='ocrx_word' id='word_1_664' title='bbox 1211 5379 1470 5433; x_wconf 78' lang='lat' dir='ltr'><strong>Philemia</strong></span> <span class='ocrx_word' id='word_1_665' title='bbox 1515 5383 1751 5446; x_wconf 86' lang='lat' dir='ltr'><strong>dicitur;</strong></span> <span class='ocrx_word' id='word_1_666' title='bbox 1783 5385 2007 5437; x_wconf 84' lang='lat' dir='ltr'><strong>Alberto</strong></span> 
     </span>
    </p>
   </div>
   <div class='ocr_carea' id='block_1_98' title="bbox 429 5449 2012 5520">
    <p class='ocr_par' dir='ltr' id='par_1_98' title="bbox 429 5449 2012 5520">
     <span class='ocr_line' id='line_1_99' title="bbox 429 5449 2012 5520; baseline 0.001 -15"><span class='ocrx_word' id='word_1_667' title='bbox 429 5451 791 5520; x_wconf 76' lang='lat' dir='ltr'><strong>Aquileiensi,</strong></span> <span class='ocrx_word' id='word_1_668' title='bbox 830 5452 922 5504; x_wconf 92' lang='lat' dir='ltr'><strong>lib.</strong></span> <span class='ocrx_word' id='word_1_669' title='bbox 965 5467 1040 5513; x_wconf 71' lang='grc' dir='ltr'><strong>ιν,</strong></span> <span class='ocrx_word' id='word_1_670' title='bbox 1081 5466 1202 5519; x_wconf 88' lang='lat' dir='ltr'><strong>cap.</strong></span> <span class='ocrx_word' id='word_1_671' title='bbox 1242 5449 1332 5511; x_wconf 69' lang='lat'><strong>40,</strong></span> <span class='ocrx_word' id='word_1_672' title='bbox 1379 5450 1470 5503; x_wconf 89' lang='lat' dir='ltr'><strong>lib.</strong></span> <span class='ocrx_word' id='word_1_673' title='bbox 1515 5467 1633 5517; x_wconf 76' lang='lat' dir='ltr'><strong>rm,</strong></span> <span class='ocrx_word' id='word_1_674' title='bbox 1665 5469 1782 5516; x_wconf 88' lang='lat' dir='ltr'><strong>cap.</strong></span> <span class='ocrx_word' id='word_1_675' title='bbox 1816 5455 1924 5519; x_wconf 56' lang='lat' dir='ltr'><strong>5R;</strong></span> <span class='ocrx_word' id='word_1_676' title='bbox 1958 5463 2012 5508; x_wconf 88' lang='lat' dir='ltr'><strong>et</strong></span> 
     </span>
    </p>
   </div>
   <div class='ocr_carea' id='block_1_99' title="bbox 430 5520 2011 5590">
    <p class='ocr_par' dir='ltr' id='par_1_99' title="bbox 430 5520 2011 5590">
     <span class='ocr_line' id='line_1_100' title="bbox 430 5520 2011 5590; baseline 0.003 -18"><span class='ocrx_word' id='word_1_677' title='bbox 430 5523 620 5590; x_wconf 82' lang='lat' dir='ltr'><strong>Tyrio,</strong></span> <span class='ocrx_word' id='word_1_678' title='bbox 652 5523 683 5572; x_wconf 92' lang='grc' dir='ltr'>Ι.</span> <span class='ocrx_word' id='word_1_679' title='bbox 715 5537 787 5582; x_wconf 88' lang='grc' dir='ltr'><strong>ιν,</strong></span> <span class='ocrx_word' id='word_1_680' title='bbox 809 5536 926 5588; x_wconf 87' lang='lat' dir='ltr'><strong>cap.</strong></span> <span class='ocrx_word' id='word_1_681' title='bbox 948 5521 1037 5581; x_wconf 72' lang='lat'><strong>20,</strong></span> <span class='ocrx_word' id='word_1_682' title='bbox 1065 5521 1157 5572; x_wconf 88' lang='lat' dir='ltr'><strong>iih.</strong></span> <span class='ocrx_word' id='word_1_683' title='bbox 1179 5536 1248 5583; x_wconf 74' lang='lat' dir='ltr'><strong>vn,</strong></span> <span class='ocrx_word' id='word_1_684' title='bbox 1279 5535 1396 5587; x_wconf 78' lang='lat' dir='ltr'><strong>cap.</strong></span> <span class='ocrx_word' id='word_1_685' title='bbox 1431 5520 1515 5584; x_wconf 77' lang='grc'><strong>10,</strong></span> <span class='ocrx_word' id='word_1_686' title='bbox 1547 5524 1667 5576; x_wconf 84' lang='lat' dir='ltr'><strong>urbs</strong></span> <span class='ocrx_word' id='word_1_687' title='bbox 1699 5522 2011 5588; x_wconf 78' lang='lat' dir='ltr'><strong>Finiminis;</strong></span> 
     </span>
    </p>
   </div>
   <div class='ocr_carea' id='block_1_100' title="bbox 429 5590 2007 5658">
    <p class='ocr_par' dir='ltr' id='par_1_100' title="bbox 429 5590 2007 5658">
     <span class='ocr_line' id='line_1_101' title="bbox 429 5590 2007 5658; baseline 0.003 -16"><span class='ocrx_word' id='word_1_688' title='bbox 429 5591 746 5645; x_wconf 64' lang='lat' dir='ltr'><strong>-—-liobvrto</strong></span> <span class='ocrx_word' id='word_1_689' title='bbox 805 5593 1091 5651; x_wconf 79' lang='lat' dir='ltr'><strong>monacho,</strong></span> <span class='ocrx_word' id='word_1_690' title='bbox 1151 5590 1242 5642; x_wconf 87' lang='lat' dir='ltr'><strong>lib.</strong></span> <span class='ocrx_word' id='word_1_691' title='bbox 1287 5604 1374 5658; x_wconf 74' lang='lat' dir='ltr'><strong>vt;</strong></span> <span class='ocrx_word' id='word_1_692' title='bbox 1425 5590 1692 5656; x_wconf 73' lang='lat' dir='ltr'><strong>lialdrieo,</strong></span> <span class='ocrx_word' id='word_1_693' title='bbox 1751 5595 1847 5647; x_wconf 90' lang='lat' dir='ltr'><strong>lib.</strong></span> <span class='ocrx_word' id='word_1_694' title='bbox 1911 5610 2007 5658; x_wconf 83' lang='lat' dir='ltr'><strong>tu;</strong></span> 
     </span>
    </p>
   </div>
   <div class='ocr_carea' id='block_1_101' title="bbox 430 5657 2011 5730">
    <p class='ocr_par' dir='ltr' id='par_1_101' title="bbox 430 5657 2011 5730">
     <span class='ocr_line' id='line_1_102' title="bbox 430 5657 2011 5730; baseline 0.001 -14"><span class='ocrx_word' id='word_1_695' title='bbox 430 5662 713 5722; x_wconf 82' lang='lat' dir='ltr'><strong>Guibertn,</strong></span> <span class='ocrx_word' id='word_1_696' title='bbox 749 5662 841 5714; x_wconf 91' lang='lat' dir='ltr'><strong>lib.</strong></span> <span class='ocrx_word' id='word_1_697' title='bbox 878 5675 928 5725; x_wconf 85' lang='grc' dir='ltr'><strong>ν,</strong></span> <span class='ocrx_word' id='word_1_698' title='bbox 968 5676 1086 5728; x_wconf 88' lang='lat' dir='ltr'><strong>cap.</strong></span> <span class='ocrx_word' id='word_1_699' title='bbox 1111 5659 1244 5730; x_wconf 49' lang='grc' dir='ltr'><strong>-Ξϐς</strong></span> <span class='ocrx_word' id='word_1_700' title='bbox 1294 5657 1517 5730; x_wconf 78' lang='grc' dir='ltr'>8;ιιιιιιο,</span> <span class='ocrx_word' id='word_1_701' title='bbox 1569 5663 1662 5715; x_wconf 90' lang='lat' dir='ltr'><strong>lib.</strong></span> <span class='ocrx_word' id='word_1_702' title='bbox 1703 5679 1740 5722; x_wconf 85' lang='lat' dir='ltr'><strong>t,</strong></span> <span class='ocrx_word' id='word_1_703' title='bbox 1782 5674 1918 5730; x_wconf 87' lang='lat' dir='ltr'><strong>part.</strong></span> <span class='ocrx_word' id='word_1_704' title='bbox 1951 5657 2011 5726; x_wconf 78' lang='grc' dir='ltr'><strong>ιι,</strong></span> 
     </span>
    </p>
   </div>
   <div class='ocr_carea' id='block_1_102' title="bbox 432 5728 2014 5800">
    <p class='ocr_par' dir='ltr' id='par_1_102' title="bbox 432 5728 2014 5800">
     <span class='ocr_line' id='line_1_103' title="bbox 432 5728 2014 5800; baseline 0.003 -19"><span class='ocrx_word' id='word_1_705' title='bbox 432 5748 551 5798; x_wconf 70' lang='lat' dir='ltr'><strong>cap.</strong></span> <span class='ocrx_word' id='word_1_706' title='bbox 588 5733 620 5785; x_wconf 84' lang='lat'><strong>6</strong></span> <span class='ocrx_word' id='word_1_707' title='bbox 655 5743 708 5782; x_wconf 86' lang='lat' dir='ltr'><strong>et</strong></span> <span class='ocrx_word' id='word_1_708' title='bbox 752 5731 910 5795; x_wconf 83' lang='lat' dir='ltr'><strong>epist.</strong></span> <span class='ocrx_word' id='word_1_709' title='bbox 961 5731 1049 5790; x_wconf 81' lang='grc'><strong>17,</strong></span> <span class='ocrx_word' id='word_1_710' title='bbox 1101 5728 1397 5800; x_wconf 78' lang='lat' dir='ltr'><strong>Philomela</strong></span> <span class='ocrx_word' id='word_1_711' title='bbox 1426 5728 2014 5800; x_wconf 42' lang='lat' dir='ltr'><strong>;—-deuique_Jaeoho</strong></span> 
     </span>
    </p>
   </div>
   <div class='ocr_carea' id='block_1_103' title="bbox 431 5799 2012 5874">
    <p class='ocr_par' dir='ltr' id='par_1_103' title="bbox 431 5799 2012 5874">
     <span class='ocr_line' id='line_1_104' title="bbox 431 5799 2012 5874; baseline 0.004 -23"><span class='ocrx_word' id='word_1_712' title='bbox 431 5800 802 5874; x_wconf 65' lang='lat' dir='ltr'><strong>deVittjaco,</strong></span> <span class='ocrx_word' id='word_1_713' title='bbox 838 5800 1003 5874; x_wconf 52' lang='grc' dir='ltr'>ηιμ,</span> <span class='ocrx_word' id='word_1_714' title='bbox 1027 5815 1148 5866; x_wconf 90' lang='lat' dir='ltr'><strong>cap.</strong></span> <span class='ocrx_word' id='word_1_715' title='bbox 1186 5799 1256 5854; x_wconf 82' lang='lat'><strong>99</strong></span> <span class='ocrx_word' id='word_1_716' title='bbox 1293 5809 1346 5852; x_wconf 87' lang='lat' dir='ltr'><strong>et</strong></span> <span class='ocrx_word' id='word_1_717' title='bbox 1387 5803 1594 5856; x_wconf 86' lang='lat' dir='ltr'><strong>auctori</strong></span> <span class='ocrx_word' id='word_1_718' title='bbox 1642 5799 1782 5858; x_wconf 84' lang='lat' dir='ltr'><strong>Hist.</strong></span> <span class='ocrx_word' id='word_1_719' title='bbox 1819 5805 2012 5874; x_wconf 76' lang='lat' dir='ltr'><strong>expeti.</strong></span> 
     </span>
    </p>
   </div>
   <div class='ocr_carea' id='block_1_104' title="bbox 432 5869 1210 5926">
    <p class='ocr_par' dir='ltr' id='par_1_104' title="bbox 432 5869 1210 5926">
     <span class='ocr_line' id='line_1_105' title="bbox 432 5869 1210 5926; baseline 0 -1"><span class='ocrx_word' id='word_1_720' title='bbox 432 5873 601 5926; x_wconf 81' lang='lat' dir='ltr'><strong>Asiat.</strong></span> <span class='ocrx_word' id='word_1_721' title='bbox 635 5871 838 5926; x_wconf 84' lang='lat' dir='ltr'><strong>Frider.</strong></span> <span class='ocrx_word' id='word_1_722' title='bbox 878 5869 1210 5925; x_wconf 79' lang='lat' dir='ltr'><strong>Philomena.</strong></span> 
     </span>
    </p>
   </div>
   <div class='ocr_carea' id='block_1_105' title="bbox 2191 4880 3697 4961">
    <p class='ocr_par' dir='ltr' id='par_1_105' title="bbox 2191 4880 3697 4961">
     <span class='ocr_line' id='line_1_106' title="bbox 2191 4880 3697 4961; baseline -0.008 -16"><span class='ocrx_word' id='word_1_723' title='bbox 2191 4891 2303 4961; x_wconf 24' lang='lat'><strong>(2’!)</strong></span> <span class='ocrx_word' id='word_1_724' title='bbox 2356 4885 3216 4961; x_wconf 60' lang='lat' dir='ltr'><strong>I‘parzeparﬁ.}_Villelmus__r_le</strong></span> <span class='ocrx_word' id='word_1_725' title='bbox 3265 4880 3697 4961; x_wconf 63' lang='lat' dir='ltr'><strong>Greutemaisnii.</strong></span> 
     </span>
    </p>
   </div>
   <div class='ocr_carea' id='block_1_106' title="bbox 2122 4953 3698 5032">
    <p class='ocr_par' dir='ltr' id='par_1_106' title="bbox 2122 4953 3698 5032">
     <span class='ocr_line' id='line_1_107' title="bbox 2122 4953 3698 5032; baseline -0.008 -18"><span class='ocrx_word' id='word_1_726' title='bbox 2122 4953 2364 5032; x_wconf 76' lang='lat' dir='ltr'><strong>llugouis</strong></span> <span class='ocrx_word' id='word_1_727' title='bbox 2399 4953 2485 5016; x_wconf 69' lang='grc' dir='ltr'><strong>ἐκ</strong></span> <span class='ocrx_word' id='word_1_728' title='bbox 2549 4953 2999 5032; x_wconf 32' lang='lat' dir='ltr'><strong>A&#39;lcide;Yvonis</strong></span> <span class='ocrx_word' id='word_1_729' title='bbox 3049 4953 3698 5032; x_wconf 76' lang='lat' dir='ltr'><strong>Bclliniontani_e_omi_tis</strong></span> 
     </span>
    </p>
   </div>
   <div class='ocr_carea' id='block_1_107' title="bbox 2121 5022 3697 5093">
    <p class='ocr_par' dir='ltr' id='par_1_107' title="bbox 2121 5022 3697 5093">
     <span class='ocr_line' id='line_1_108' title="bbox 2121 5022 3697 5093; baseline -0.008 -11"><span class='ocrx_word' id='word_1_730' title='bbox 2121 5022 2244 5084; x_wconf 66' lang='lat' dir='ltr'><strong>nata</strong></span> <span class='ocrx_word' id='word_1_731' title='bbox 2285 5033 2444 5093; x_wconf 81' lang='lat' dir='ltr'><strong>lilius,</strong></span> <span class='ocrx_word' id='word_1_732' title='bbox 2499 5031 2694 5084; x_wconf 88' lang='lat' dir='ltr'><strong>nobilis</strong></span> <span class='ocrx_word' id='word_1_733' title='bbox 2727 5029 3098 5088; x_wconf 86' lang='lat' dir='ltr'><strong>Normannus,</strong></span> <span class='ocrx_word' id='word_1_734' title='bbox 3139 5027 3222 5079; x_wconf 87' lang='lat' dir='ltr'><strong>cui</strong></span> <span class='ocrx_word' id='word_1_735' title='bbox 3259 5040 3396 5076; x_wconf 67' lang='lat' dir='ltr'><strong>uxor</strong></span> <span class='ocrx_word' id='word_1_736' title='bbox 3442 5022 3542 5078; x_wconf 90' lang='lat' dir='ltr'><strong>fuit</strong></span> <span class='ocrx_word' id='word_1_737' title='bbox 3582 5023 3697 5076; x_wconf 85' lang='grc' dir='ltr'><strong>Μ-ι-</strong></span> 
     </span>
    </p>
   </div>
   <div class='ocr_carea' id='block_1_108' title="bbox 2116 5095 3700 5159">
    <p class='ocr_par' dir='ltr' id='par_1_108' title="bbox 2116 5095 3700 5159">
     <span class='ocr_line' id='line_1_109' title="bbox 2116 5095 3700 5159; baseline -0.008 -4"><span class='ocrx_word' id='word_1_738' title='bbox 2116 5101 2243 5155; x_wconf 87' lang='lat' dir='ltr'><strong>bilia</strong></span> <span class='ocrx_word' id='word_1_739' title='bbox 2293 5101 2514 5155; x_wconf 72' lang='lat' dir='ltr'><strong>lioberti</strong></span> <span class='ocrx_word' id='word_1_740' title='bbox 2566 5099 2835 5155; x_wconf 84' lang='lat' dir='ltr'><strong>Wiscardi</strong></span> <span class='ocrx_word' id='word_1_741' title='bbox 2883 5100 3011 5159; x_wconf 89' lang='lat' dir='ltr'><strong>tilia,</strong></span> <span class='ocrx_word' id='word_1_742' title='bbox 3047 5097 3342 5150; x_wconf 81' lang='lat' dir='ltr'><strong>Boemundi</strong></span> <span class='ocrx_word' id='word_1_743' title='bbox 3373 5109 3547 5149; x_wconf 88' lang='lat' dir='ltr'><strong>soror.</strong></span> <span class='ocrx_word' id='word_1_744' title='bbox 3599 5095 3700 5144; x_wconf 76' lang='grc' dir='ltr'><strong>(ἶο-</strong></span> 
     </span>
    </p>
   </div>
   <div class='ocr_carea' id='block_1_109' title="bbox 2113 5162 3700 5241">
    <p class='ocr_par' dir='ltr' id='par_1_109' title="bbox 2113 5162 3700 5241">
     <span class='ocr_line' id='line_1_110' title="bbox 2113 5162 3700 5241; baseline -0.006 -18"><span class='ocrx_word' id='word_1_745' title='bbox 2113 5171 2386 5240; x_wconf 83' lang='lat' dir='ltr'><strong>gnomiuis</strong></span> <span class='ocrx_word' id='word_1_746' title='bbox 2417 5182 2635 5241; x_wconf 87' lang='lat' dir='ltr'><strong>etymou</strong></span> <span class='ocrx_word' id='word_1_747' title='bbox 2664 5171 2841 5241; x_wconf 73' lang='lat' dir='ltr'><strong>prodit</strong></span> <span class='ocrx_word' id='word_1_748' title='bbox 2878 5168 3222 5241; x_wconf 71' lang='lat' dir='ltr'><strong>Epitaphium</strong></span> <span class='ocrx_word' id='word_1_749' title='bbox 3254 5167 3517 5241; x_wconf 66' lang='lat' dir='ltr'><strong>litigantis,</strong></span> <span class='ocrx_word' id='word_1_750' title='bbox 3558 5162 3700 5216; x_wconf 84' lang='lat' dir='ltr'><strong>Wil-</strong></span> 
     </span>
    </p>
   </div>
   <div class='ocr_carea' id='block_1_110' title="bbox 2115 5235 3692 5310">
    <p class='ocr_par' dir='ltr' id='par_1_110' title="bbox 2115 5235 3692 5310">
     <span class='ocr_line' id='line_1_111' title="bbox 2115 5235 3692 5310; baseline -0.004 -17"><span class='ocrx_word' id='word_1_751' title='bbox 2115 5235 2257 5296; x_wconf 74' lang='lat' dir='ltr'><strong>felmi</strong></span> <span class='ocrx_word' id='word_1_752' title='bbox 2297 5235 2557 5310; x_wconf 64' lang='lat' dir='ltr'><strong>parentis.</strong></span> <span class='ocrx_word' id='word_1_753' title='bbox 2591 5235 2730 5308; x_wconf 81' lang='lat' dir='ltr'><strong>apud</strong></span> <span class='ocrx_word' id='word_1_754' title='bbox 2782 5235 3104 5293; x_wconf 22' lang='lat' dir='ltr'><strong>Orde’ricum</strong></span> <span class='ocrx_word' id='word_1_755' title='bbox 3145 5235 3404 5297; x_wconf 85' lang='lat' dir='ltr'><strong>Vitalem,</strong></span> <span class='ocrx_word' id='word_1_756' title='bbox 3437 5235 3529 5288; x_wconf 91' lang='lat' dir='ltr'><strong>lib.</strong></span> <span class='ocrx_word' id='word_1_757' title='bbox 3573 5249 3692 5286; x_wconf 86' lang='lat' dir='ltr'><strong>vm.</strong></span> 
     </span>
    </p>
   </div>
   <div class='ocr_carea' id='block_1_111' title="bbox 2256 5352 3412 5419">
    <p class='ocr_par' dir='ltr' id='par_1_111' title="bbox 2256 5352 3412 5419">
     <span class='ocr_line' id='line_1_112' title="bbox 2256 5352 3412 5419; baseline -0.007 -7"><span class='ocrx_word' id='word_1_758' title='bbox 2256 5358 2462 5412; x_wconf 83' lang='lat' dir='ltr'><strong>Mansio</strong></span> <span class='ocrx_word' id='word_1_759' title='bbox 2491 5353 2766 5409; x_wconf 77' lang='lat' dir='ltr'><strong>Cremonis</strong></span> <span class='ocrx_word' id='word_1_760' title='bbox 2798 5353 3024 5406; x_wconf 80' lang='lat' dir='ltr'><strong>munitio</strong></span> <span class='ocrx_word' id='word_1_761' title='bbox 3052 5353 3251 5405; x_wconf 78' lang='lat' dir='ltr'><strong>dicitur</strong></span> <span class='ocrx_word' id='word_1_762' title='bbox 3273 5352 3412 5419; x_wconf 75' lang='lat' dir='ltr'><strong>ejus,</strong></span> 
     </span>
    </p>
   </div>
   <div class='ocr_carea' id='block_1_112' title="bbox 2253 5422 3511 5497">
    <p class='ocr_par' dir='ltr' id='par_1_112' title="bbox 2253 5422 3511 5497">
     <span class='ocr_line' id='line_1_113' title="bbox 2253 5422 3511 5497; baseline -0.009 -16"><span class='ocrx_word' id='word_1_763' title='bbox 2253 5427 2402 5481; x_wconf 84' lang='lat' dir='ltr'><strong>Unde.</strong></span> <span class='ocrx_word' id='word_1_764' title='bbox 2435 5428 2530 5497; x_wconf 78' lang='lat' dir='ltr'><strong>fuit</strong></span> <span class='ocrx_word' id='word_1_765' title='bbox 2563 5441 2846 5494; x_wconf 70' lang='lat' dir='ltr'><strong>cognomen</strong></span> <span class='ocrx_word' id='word_1_766' title='bbox 2873 5424 2920 5477; x_wconf 84' lang='lat' dir='ltr'><strong>ei</strong></span> <span class='ocrx_word' id='word_1_767' title='bbox 2949 5425 3126 5476; x_wconf 79' lang='lat' dir='ltr'><strong>multis</strong></span> <span class='ocrx_word' id='word_1_768' title='bbox 3155 5422 3278 5475; x_wconf 84' lang='lat' dir='ltr'><strong>bene</strong></span> <span class='ocrx_word' id='word_1_769' title='bbox 3310 5431 3511 5473; x_wconf 82' lang='lat' dir='ltr'><strong>notum.</strong></span> 
     </span>
    </p>
   </div>
   <div class='ocr_carea' id='block_1_113' title="bbox 2114 5511 3690 5584">
    <p class='ocr_par' dir='ltr' id='par_1_113' title="bbox 2114 5511 3690 5584">
     <span class='ocr_line' id='line_1_114' title="bbox 2114 5511 3690 5584; baseline -0.008 -8"><span class='ocrx_word' id='word_1_770' title='bbox 2114 5525 2186 5576; x_wconf 81' lang='lat' dir='ltr'><strong>De</strong></span> <span class='ocrx_word' id='word_1_771' title='bbox 2220 5521 2495 5576; x_wconf 86' lang='lat' dir='ltr'><strong>Willelmo</strong></span> <span class='ocrx_word' id='word_1_772' title='bbox 2527 5529 2692 5584; x_wconf 69' lang='lat' dir='ltr'><strong>agunt</strong></span> <span class='ocrx_word' id='word_1_773' title='bbox 2732 5518 3082 5583; x_wconf 82' lang='lat' dir='ltr'><strong>Tudehodus,</strong></span> <span class='ocrx_word' id='word_1_774' title='bbox 3119 5516 3211 5569; x_wconf 87' lang='lat' dir='ltr'><strong>lib.</strong></span> <span class='ocrx_word' id='word_1_775' title='bbox 3249 5531 3327 5574; x_wconf 84' lang='lat' dir='ltr'><strong>tv,</strong></span> <span class='ocrx_word' id='word_1_776' title='bbox 3373 5529 3498 5584; x_wconf 70' lang='lat' dir='ltr'><strong>pag.</strong></span> <span class='ocrx_word' id='word_1_777' title='bbox 3541 5511 3644 5584; x_wconf 68' lang='lat'><strong>796</strong></span> <span class='ocrx_word' id='word_1_778' title='bbox 3675 5529 3690 5577; x_wconf 85' lang='lat'><strong>;</strong></span> 
     </span>
    </p>
   </div>
   <div class='ocr_carea' id='block_1_114' title="bbox 2115 5581 3688 5658">
    <p class='ocr_par' dir='ltr' id='par_1_114' title="bbox 2115 5581 3688 5658">
     <span class='ocr_line' id='line_1_115' title="bbox 2115 5581 3688 5658; baseline -0.01 -11"><span class='ocrx_word' id='word_1_779' title='bbox 2115 5595 2366 5648; x_wconf 82' lang='lat' dir='ltr'><strong>Albcrlus</strong></span> <span class='ocrx_word' id='word_1_780' title='bbox 2400 5581 2790 5658; x_wconf 81' lang='lat' dir='ltr'><strong>Aquileiensis.</strong></span> <span class='ocrx_word' id='word_1_781' title='bbox 2827 5589 2920 5641; x_wconf 89' lang='lat' dir='ltr'><strong>lib.</strong></span> <span class='ocrx_word' id='word_1_782' title='bbox 2957 5604 3033 5652; x_wconf 86' lang='lat' dir='ltr'><strong>tv,</strong></span> <span class='ocrx_word' id='word_1_783' title='bbox 3065 5581 3185 5652; x_wconf 80' lang='lat' dir='ltr'><strong>cap.</strong></span> <span class='ocrx_word' id='word_1_784' title='bbox 3215 5584 3322 5648; x_wconf 78' lang='lat'><strong>57;</strong></span> <span class='ocrx_word' id='word_1_785' title='bbox 3371 5581 3688 5658; x_wconf 59' lang='lat' dir='ltr'><strong>prrierifus,</strong></span> 
     </span>
    </p>
   </div>
   <div class='ocr_carea' id='block_1_115' title="bbox 2115 5652 3693 5727">
    <p class='ocr_par' dir='ltr' id='par_1_115' title="bbox 2115 5652 3693 5727">
     <span class='ocr_line' id='line_1_116' title="bbox 2115 5652 3693 5727; baseline -0.008 -10"><span class='ocrx_word' id='word_1_786' title='bbox 2115 5666 2208 5717; x_wconf 87' lang='lat' dir='ltr'><strong>lib.</strong></span> <span class='ocrx_word' id='word_1_787' title='bbox 2237 5677 2330 5716; x_wconf 85' lang='lat' dir='ltr'><strong>vm</strong></span> <span class='ocrx_word' id='word_1_788' title='bbox 2365 5676 2419 5715; x_wconf 87' lang='lat' dir='ltr'><strong>et.</strong></span> <span class='ocrx_word' id='word_1_789' title='bbox 2446 5652 2541 5727; x_wconf 66' lang='lat' dir='ltr'><strong>rx;</strong></span> <span class='ocrx_word' id='word_1_790' title='bbox 2597 5661 2896 5716; x_wconf 84' lang='lat' dir='ltr'><strong>Baldricus,</strong></span> <span class='ocrx_word' id='word_1_791' title='bbox 2951 5658 3042 5711; x_wconf 88' lang='lat' dir='ltr'><strong>lib.</strong></span> <span class='ocrx_word' id='word_1_792' title='bbox 3091 5672 3152 5720; x_wconf 85' lang='lat' dir='ltr'><strong>ll,</strong></span> <span class='ocrx_word' id='word_1_793' title='bbox 3199 5670 3320 5724; x_wconf 82' lang='lat' dir='ltr'><strong>pag.</strong></span> <span class='ocrx_word' id='word_1_794' title='bbox 3368 5652 3472 5706; x_wconf 75' lang='grc'><strong>114</strong></span> <span class='ocrx_word' id='word_1_795' title='bbox 3503 5653 3693 5727; x_wconf 36' lang='grc' dir='ltr'>ςμϐιιὶο</span> 
     </span>
    </p>
   </div>
   <div class='ocr_carea' id='block_1_116' title="bbox 2122 5723 3692 5798">
    <p class='ocr_par' dir='ltr' id='par_1_116' title="bbox 2122 5723 3692 5798">
     <span class='ocr_line' id='line_1_117' title="bbox 2122 5723 3692 5798; baseline -0.008 -12"><span class='ocrx_word' id='word_1_796' title='bbox 2122 5736 2333 5795; x_wconf 76' lang='lat' dir='ltr'><strong>liertus,</strong></span> <span class='ocrx_word' id='word_1_797' title='bbox 2361 5733 2454 5786; x_wconf 88' lang='lat' dir='ltr'><strong>lib.</strong></span> <span class='ocrx_word' id='word_1_798' title='bbox 2485 5723 2536 5795; x_wconf 84' lang='grc' dir='ltr'><strong>ν,</strong></span> <span class='ocrx_word' id='word_1_799' title='bbox 2576 5745 2696 5795; x_wconf 87' lang='lat' dir='ltr'><strong>cap.</strong></span> <span class='ocrx_word' id='word_1_800' title='bbox 2735 5729 2840 5794; x_wconf 68' lang='lat'><strong>15;</strong></span> <span class='ocrx_word' id='word_1_801' title='bbox 2871 5727 3094 5798; x_wconf 75' lang='lat' dir='ltr'><strong>Tyrius.</strong></span> <span class='ocrx_word' id='word_1_802' title='bbox 3133 5727 3226 5780; x_wconf 90' lang='lat' dir='ltr'><strong>lib.</strong></span> <span class='ocrx_word' id='word_1_803' title='bbox 3259 5723 3480 5798; x_wconf 56' lang='lat' dir='ltr'><strong>vt._eap.</strong></span> <span class='ocrx_word' id='word_1_804' title='bbox 3606 5725 3692 5798; x_wconf 73' lang='grc' dir='ltr'><strong>ιο,</strong></span> 
     </span>
    </p>
   </div>
   <div class='ocr_carea' id='block_1_117' title="bbox 2126 5791 3696 5865">
    <p class='ocr_par' dir='ltr' id='par_1_117' title="bbox 2126 5791 3696 5865">
     <span class='ocr_line' id='line_1_118' title="bbox 2126 5791 3696 5865; baseline -0.008 -7"><span class='ocrx_word' id='word_1_805' title='bbox 2126 5806 2184 5858; x_wconf 84' lang='grc' dir='ltr'>Η</span> <span class='ocrx_word' id='word_1_806' title='bbox 2217 5822 2231 5861; x_wconf 85' lang='grc'>;</span> <span class='ocrx_word' id='word_1_807' title='bbox 2266 5791 2572 5858; x_wconf 76' lang='lat' dir='ltr'><strong>Malaterra.</strong></span> <span class='ocrx_word' id='word_1_808' title='bbox 2611 5791 2706 5852; x_wconf 83' lang='lat' dir='ltr'><strong>lib.</strong></span> <span class='ocrx_word' id='word_1_809' title='bbox 2744 5791 2976 5865; x_wconf 42' lang='lat' dir='ltr'><strong>tv,&#39;ca&#39;p.</strong></span> <span class='ocrx_word' id='word_1_810' title='bbox 3015 5796 3078 5850; x_wconf 70' lang='grc'><strong>21</strong></span> <span class='ocrx_word' id='word_1_811' title='bbox 3111 5813 3125 5860; x_wconf 89' lang='lat'><strong>;</strong></span> <span class='ocrx_word' id='word_1_812' title='bbox 3175 5807 3228 5849; x_wconf 89' lang='lat' dir='ltr'><strong>et</strong></span> <span class='ocrx_word' id='word_1_813' title='bbox 3259 5791 3596 5865; x_wconf 51' lang='lat' dir='ltr'><strong>iiaimundus</strong></span> <span class='ocrx_word' id='word_1_814' title='bbox 3625 5795 3696 5863; x_wconf 85' lang='lat' dir='ltr'><strong>_de</strong></span> 
     </span>
    </p>
   </div>
   <div class='ocr_carea' id='block_1_118' title="bbox 2127 5862 3699 5939">
    <p class='ocr_par' dir='ltr' id='par_1_118' title="bbox 2127 5862 3699 5939">
     <span class='ocr_line' id='line_1_119' title="bbox 2127 5862 3699 5939; baseline -0.008 -11"><span class='ocrx_word' id='word_1_815' title='bbox 2127 5874 2328 5937; x_wconf 69' lang='lat' dir='ltr'><strong>Agiles,</strong></span> <span class='ocrx_word' id='word_1_816' title='bbox 2366 5887 2489 5939; x_wconf 72' lang='lat' dir='ltr'><strong>pag.</strong></span> <span class='ocrx_word' id='word_1_817' title='bbox 2535 5870 2656 5931; x_wconf 71' lang='grc'><strong>152,</strong></span> <span class='ocrx_word' id='word_1_818' title='bbox 2705 5870 2794 5923; x_wconf 89' lang='lat' dir='ltr'><strong>ubi</strong></span> <span class='ocrx_word' id='word_1_819' title='bbox 2838 5862 3119 5929; x_wconf 66' lang='lat' dir='ltr'><strong>perperam</strong></span> <span class='ocrx_word' id='word_1_820' title='bbox 3169 5867 3233 5918; x_wconf 86' lang='lat' dir='ltr'><strong>de</strong></span> <span class='ocrx_word' id='word_1_821' title='bbox 3273 5862 3566 5918; x_wconf 83' lang='lat' dir='ltr'><strong>Granduna</strong></span> <span class='ocrx_word' id='word_1_822' title='bbox 3607 5862 3699 5916; x_wconf 84' lang='lat' dir='ltr'><strong>co-</strong></span> 
     </span>
    </p>
   </div>
  </div>
