4088 6404
423 373 532 441 8Ξ5

1676 374 2095 436 ALEXIADIS
2117 373 2279 436 'LIB.
2324 377 2430 440 XI.

3572 374 3683 437 826

424 495 564 564 μήτε
606 493 705 558 τὰς
744 492 855 545 τῶν
886 492 1109 547 Κελτῶν
1136 492 1361 564 γνώμας
1396 492 1721 563 μεταλαϐεῖν
1748 494 1817 559 τ’,
1863 495 1997 563 μήτε

2126 512 2209 565 lue
2231 512 2415 549 aniens
2428 494 2639 549 animus
2651 493 2861 549 consilii
2884 493 3015 548 nihil
3040 492 3275 563 expedit;
3295 489 3548 546 nimirum
3571 490 3685 543 fru-

424 584 700 656 ξυμϐουλῇ
742 584 968 649 τούτους
1015 586 1247 656 βελτίονι
1295 586 1376 647 είς
1415 586 1478 638 τὸ
1535 585 1815 654 συμφέρον
1867 602 1997 655 μετ-

426 680 673 745 ενεγκεῖν
704 677 1025 747 δυνάμενος,
1052 678 1168 731 δέον
1215 678 1491 746 ἐλογίζετο
1544 678 1618 748 μὴ
1659 680 1999 748 προσωτέρω

425 772 626 839 χωρεῖν
657 769 793 838 (‘35),
827 769 914 823 ἵνα
948 770 1022 839 μὴ
1063 771 1144 832 εἰς
1170 770 1270 840 τὴν
1300 772 1396 839 τῆς
1444 771 1779 839 ’Δντιοχείας
1815 770 2003 841 ἀρρω-

425 859 530 927 γὴν
572 861 933 928 ἐπειγόμενος
973 863 1069 913 καὶ
1100 861 1200 930 τὴν
1243 862 1657 915 Κωνσταντίιου
1701 878 2002 931 προσαπαι-

425 951 631 1005 λέσειε.
670 952 933 1021 Πτοηθεὶς
967 953 1025 1006 δὲ
1069 954 1145 1022 μὴ
1181 954 1813 1023 ὲπικαταλαμϐανόντων
1841 958 2005 1010 αὑτὸν

425 1043 748 1113 Τουρκικῶν
788 1044 1090 1116 ἀμυθητῶν
1120 1046 1284 1108 λαῶν,
1334 1050 1379 1101 οἱ
1418 1051 1629 1102 ἔποικοι
1669 1048 1779 1102 τῶν
1823 1048 2005 1117 μερῶν

422 1137 762 1206 ⁴Ινιλομηλίου
792 1138 1177 1209 παρανάλωμα
1216 1138 1562 1211 βαρϐαρικῆς
1592 1145 1864 1208 γένωνται
1903 1157 2008 1209 μα-

425 1230 653 1300 χαίρας,
686 1231 768 1293 είς
793 1231 918 1284 νοῦν
960 1230 1214 1301 βάλλεται
1248 1231 1679 1303 διακηρυκεῦσαι
1715 1234 1814 1301 μὲν
1843 1233 2009 1285 ἀπαν-

424 1322 570 1392 ταχῆ
620 1321 717 1392 τὴν
762 1324 873 1376 τῶν
926 1325 1247 1396 ’Λγαρηνῶν
1298 1325 1487 1394 ἔφοδον
1544 1326 1657 1378 καὶ¹
1691 1324 2009 1394 παραυτίκα

425 1412 882 1485 διεκηρυκεύετο,
911 1417 1005 1469 καὶ
1034 1417 1115 1469 ὅτι
1154 1416 1385 1479 ἕκαστος
1424 1418 1456 1487 ἢ
1499 1418 1707 1487 ἑκάστη
1743 1417 2007 1488 προεξελ-

427 1502 576 1556 θὲτω
614 1505 714 1572 τῆς
744 1505 949 1557 τούτων
984 1506 1271 1569 ἐλεύσεως,
1298 1509 1369 1559 τὰ
1400 1507 1628 1577 σώματα
1658 1508 1800 1560 αὐτὰ
1825 1508 1915 1561 καὶ
1942 1508 2009 1561 τὰ

427 1597 696 1666 χρήματα
714 1597 887 1650 ὁπόσα
910 1599 1093 1669 φέρειν
1112 1599 1364 1652 δύνανται
1382 1600 1765 1665 διασώζοντες.
1789 1601 2011 1670 Είχοντο

433 1690 538 1757 μὲν
563 1689 657 1742 οὖν
679 1689 919 1755 ἅπαντες
970 1694 1130 1755 εὐθὺς
1177 1694 1503 1762 συνέψεσθαι
1532 1695 1610 1763 τῷ
1652 1695 1882 1765 βασιλῖί,
1911 1697 2011 1748 οὐκ

427 1782 626 1851 ἄνδρες
662 1784 843 1853 μόνον,
867 1786 1004 1838 ἀλλὰ
1057 1787 1152 1839 καὶ
1179 1788 1339 1841 αὐταὶ
1376 1791 1635 1855 γυναῖκες
1662 1803 1677 1818 ’
1722 1787 1863 1840 οὕτω
1912 1788 2012 1856 μὲν

429 1873 530 1930 οὗν
580 1878 649 1930 τὰ
701 1878 810 1931 τῶν
850 1879 1214 1948 αἰχμαλώτων
1276 1883 1595 1951 ᾠκονόμητο
1643 1881 1722 1950 τῷ
1777 1881 2008 1951 βασιλεῖ.

429 1971 620 2038 Μέρος
649 1972 705 2024 δὲ
738 1974 832 2024 τοῦ
874 1976 1272 2044 στρατιωτικοῦ
1304 1977 1710 2045 ἀποτεμόμενος
1739 1975 2013 2027 καὶτοῦτο

430 2062 520 2124 είς
567 2061 739 2115 πολλὰ
791 2062 979 2116 διελὼν
1016 2065 1057 2094 ⁷³
1084 2066 1142 2116 ὲν
1186 2063 1401 2129 πολλοῖς
1456 2065 1651 2137 μέρεσι
1706 2064 1848 2117 κατὰ
1904 2064 2012 2117 τῶν

444 2154 772 2225 Ἀγαρηνῶν
791 2157 1167 2220 ἐξαπόστειλεν
1182 2159 1245 2218 ⁷⁸.
1271 2158 1325 2210 εἴ
1344 2177 1445 2212 που
1463 2159 1846 2228 προεκδρομὰς
1865 2160 2015 2221 τινὰς

433 2246 803 2315 ποιουμένους
837 2251 964 2311 τοὺς
1009 2250 1289 2320 Τούρκους
1340 2250 1551 2321 εὕροιεν
1604 2251 2015 2321 ξυμμίγνυσθαί

432 2357 496 2393 τε
547 2341 730 2404 αὐτοῖς
783 2343 877 2394 καὶ
919 2345 1205 2413 καρτερῶς
1263 2344 1604 2413 μαχομένους
1662 2342 2016 2398 ἀναστέλλειν

428 2432 537 2502 τὴν
572 2432 718 2485 κατὰ
750 2434 842 2487 τοῦ
875 2435 1283 2504 αὐτοκράτορος
1329 2435 1519 2503 ἔφοδον
1544 2451 1556 2463 ο
1599 2434 1762 2495 αὐτὸς
1792 2434 1849 2486 δὲ
1882 2433 2018 2503 μετὰ

431 2529 645 2590 παντὸς
672 2526 769 2581 τοῦ
814 2528 943 2581 λαοῦ
974 2526 1084 2580 τῶν
1123 2545 1184 2579 τε
1228 2528 1550 2581 ἑαλωκότων
1584 2528 1885 2596 Βαρϐάρων
1925 2527 2019 2580 καὶ

430 2621 550 2675 τῶν
594 2621 1141 2690 προσκεχωρηκότων
1178 2619 1523 2689 Χριστιανῶν
1579 2618 2018 2686 ἐπαναζεύγνυσι

432 2713 581 2783 πρὺς
633 2712 731 2781 τὴν
783 2712 1192 2782 βασιλεύουσαν.
1258 2713 1317 2765 '0
1360 2712 1416 2764 δέ
1473 2728 1537 2779 γε
1596 2712 2021 2782 ἁρχισατράπης

445 2805 676 2876 ἰσμαὴλ
705 2804 1044 2875 μεμαθηκὼς
1079 2804 1209 2873 περὶ
1239 2804 1333 2857 τοῦ
1369 2804 1776 2873 αὐτοκράτορος
1805 2804 1887 2856 ὅτι
1919 2805 2019 2872 τῆς

436 2899 855 2953 Κωνσταντίνου
888 2898 1230 2968 ἐξεληλυθὼς
1257 2898 1460 2963 πολλὴν
1493 2898 1591 2967 μὲν
1621 2898 2023 2968 ἀνδροκτασίαν

446 2990 785 3063 πεποιηκὼς,
827 2992 1028 3055 πολλὰς
1059 2991 1116 3045 δὲ
1146 2991 1242 3045 καὶ
1284 2990 1631 3060 κωμοπόλεις
1674 2992 1730 3045 ὲν
1770 2990 1846 3061 τῷ
1881 2990 2024 3061 διέρ-

439 3083 635 3154 χεσθαι
686 3084 966 3146 παντελῶς
1017 3084 1366 3154 ὲρειπώσας,
1392 3084 1595 3153 πολλήν
1623 3099 1683 3136 τε
1724 3084 1874 3137 λείαν
1928 3084 2023 3135 καὶ

438 3177 825 3251 δορυαλώτους
852 3176 1257 3245 ἀναλαϐόμενος
1290 3176 1734 3245 ὲπαναζεύγνυσι
1766 3177 1903 3244 πρὸς
1924 3176 2024 3243 τὴν

440 3272 844 3343 βασιλεύουσαν
892 3271 1061 3340 μηδὲν
1113 3270 1276 3339 ἔργον
1310 3267 1460 3337 αὐτῷ
1504 3268 1915 3331 καταλελοιπὼς
1955 3268 2032 3330 ὡς

436 3369 546 3438 τῆς
578 3367 754 3437 ἄγρας
822 3366 1048 3431 ἀπέγνω
1088 3365 1145 3416 ὲν
1211 3362 1519 3433 ἀμηχάνοις
1567 3362 1883 3427 καθίστατο,
1935 3360 2033 3414 καὶ

440 3462 539 3526 ἐφ’
568 3460 763 3529 ἑτέραν
807 3457 1154 3527 τραπόμενος
1202 3458 1262 3508 τὸ
1298 3456 1546 3523 Παῒπερτ
1583 3456 1694 3521 (‘26)
1735 3451 2021 3522 πολιορκῆ-

442 3569 543 3604 σαι
572 3550 809 3617 ἐπέγνω.
848 3550 1028 3618 Ὅπερ
1069 3547 1177 3617 πρὸ
1221 3545 1422 3616 μικροῦ
1470 3544 1783 3614 κατασχὼν,
1826 3538 1972 3612 εἶχεν
2004 3545 2032 3595 ό

446 3642 779 3713 περίκλυτος
801 3643 1007 3705 ἐκεῖνος
1034 3639 1254 3710 Γαϐρᾶς
1281 3638 1564 3705 Θεόδωρος
1591 3638 1686 3688 καὶ
1710 3633 2034 3689 καταλαϐὼν

443 3734 543 3785 τὸν
578 3731 750 3801 ἀγχοῦ
790 3730 984 3784 τούτου
1046 3731 1238 3798 ῥέοντα
1288 3729 1560 3797 ποταμὸν,
1616 3727 1769 3780 ἅπαν
1823 3728 1943 3777 ἐκεῖ
1976 3724 2035 3777 τὺ

449 3825 856 3896 στρατιωτικὸν
914 3822 1201 3876 κατέθετο.
1244 3822 1415 3874 Τοῦτο
1468 3818 1807 3889 μεμαθηκὼς
1855 3820 1883 3870 ό
1926 3818 1965 3870 Γ
1969 3836 2035 3871 α-

448 3922 593 3992 ϐρᾶς
625 3921 968 3976 διεσκοπεῖτο
993 3918 1187 3980 νυκτὸς
1214 3915 1564 3969 ὲπεισπεσείν
1603 3910 1773 3978 αὐτῷ.

2102 601 2275 647 strato
2299 593 2656 659 confusoque,
2685 603 2843 657 quem
2867 603 3031 641 unum
3070 600 3291 654 operum
3328 583 3566 637 omnium
3599 582 3687 633 in-

2103 693 2465 741 strumentum
2491 682 2674 741 habet,
2693 679 2908 735 vecordi
2924 694 2985 733 ac
3004 677 3262 746 praecipiti
3286 677 3483 728 furore.
3505 675 3683 740 Quor-

2105 794 2222 835 sum
2243 780 2407 849 igitur
2435 778 2506 831 ita
2529 774 2776 837 turbidis,
2808 773 2881 825 ita
2907 771 3204 838 desperatis
3225 769 3501 822 Gallorum
3527 769 3687 818 rebus

2107 877 2337 929 miscere
2402 884 2530 925 suas
2598 866 2877 920 Romanus
2942 863 3144 917 curet?
3198 862 3260 913 Et
3322 876 3443 914 cum
3512 873 3685 924 neque

2108 968 2293 1037 copias
2322 964 2515 1019 habeat
2538 959 2820 1013 vincendis
2854 956 3106 1010 Barbaris
3150 953 3486 1008 Antiochiam
3517 965 3692 1016 oppu-

2109 1057 2396 1127 gnantibus
2448 1067 2626 1122 pares,
2660 1064 2834 1119 neque
2871 1059 2965 1102 aut
2998 1046 3245 1100 conferre
3275 1044 3498 1097 consilia
3527 1040 3691 1108 (quod

2109 1167 2243 1219 opus
2272 1158 2390 1203 erat
2428 1146 2494 1199 ad
2529 1144 2893 1200 conditionem
2932 1141 3005 1193 rei
3041 1136 3315 1208 gerendae)
3344 1151 3467 1187 cum
3497 1136 3687 1184 obses-

2111 1245 2185 1299 sis
2204 1251 2366 1312 queat
2400 1257 2413 1293 :
2451 1253 2548 1293 nec
2574 1237 2617 1289 si
2648 1236 2697 1287 id
2729 1234 2917 1295 liceat,
2949 1238 3129 1299 speret
3162 1237 3338 1279 tamen
3380 1227 3430 1277 in
3466 1235 3690 1277 sentcn-

2113 1339 2240 1391 tiam
2276 1349 2456 1389 secum
2492 1344 2657 1386 unam
2691 1326 2909 1381 trahere
2948 1337 3118 1394 genus
3163 1321 3414 1390 pervicax
3455 1326 3509 1371 et
3551 1312 3694 1367 arci-

2112 1426 2320 1496 piendis
2368 1421 2610 1478 consiliis
2674 1416 2937 1479 indocile,
2998 1412 3182 1481 utique
3237 1410 3370 1463 nihil
3442 1406 3694 1460 consulat

2115 1517 2434 1589 prudentius
2483 1527 2647 1582 quam
2696 1511 2783 1565 hic
2822 1509 3061 1562 sistere:
3097 1520 3164 1558 ne
3223 1503 3269 1556 si
3325 1509 3535 1570 pergat,
3562 1497 3692 1549 etin

2113 1588 2198 1665 via
2240 1608 2379 1663 male
2404 1605 2535 1659 inita
2570 1600 2949 1672 progrediendi
3002 1592 3468 1667 perseverantiam
3529 1588 3699 1642 obsti—

2117 1710 2227 1765 nct,
2263 1701 2390 1754 dum
2418 1693 2721 1750 Antiochia:
2751 1690 3009 1744 auxilium
3046 1688 3328 1753 importat,
3383 1677 3703 1734 Constanti-

2116 1792 2295 1862 nopoli
2356 1795 2598 1842 accersat
2680 1784 2933 1838 exitium.
2996 1780 3266 1834 Caeterum
3355 1784 3700 1842 regressurus

2122 1890 2415 1954 imperator
2450 1897 2477 1934 a
2520 1877 2842 1932 Philomelio
2875 1872 3281 1929 misericordem
3325 1866 3569 1931 concepit
3603 1877 3698 1914 cu—

2121 1994 2236 2032 ram
2268 1975 2461 2031 salutis
2516 1986 2580 2027 ac
2629 1969 2896 2023 libertatis
2956 1963 3392 2019 Christianorum
3430 1959 3543 2011 loca
3603 1954 3696 2007 illa

2123 2068 2493 2127 incolentium,
2524 2079 2659 2133 quos
2680 2063 2997 2116 imminente
3031 2056 3263 2108 adventu
3289 2049 3574 2105 barbarica
3586 2060 3700 2096 rum

2123 2162 2397 2222 copiarum
2432 2152 2902 2208 innumerabilium
2941 2146 3215 2201 occisione
3249 2139 3574 2196 occidendos
3632 2135 3701 2188 ab

2124 2253 2279 2307 iratis
2304 2250 2496 2303 Turcis
2528 2244 2878 2313 intelligebat.
2913 2240 3087 2293 Tanto
3136 2250 3266 2305 ergo
3297 2233 3439 2287 malo
3474 2240 3530 2283 ut
3561 2244 3706 2297 pra:-

2122 2352 2362 2400 verteret
2392 2340 2591 2407 vulgari
2623 2337 2818 2405 passim
2848 2348 2944 2404 per
2969 2332 3241 2401 regionem
3260 2326 3464 2381 circum
3488 2335 3705 2377 omnem

2125 2441 2496 2510 Agarenorum
2527 2431 2925 2501 expeditionem
2948 2427 3133 2493 jussit,
3176 2432 3289 2477 tum
3317 2435 3413 2490 per
3431 2428 3709 2487 praecones

2126 2532 2265 2588 edici
2295 2540 2353 2583 ut
2384 2530 2477 2598 qui
2507 2540 2670 2581 sexus
2699 2522 2981 2588 aetatisque
3027 2517 3206 2572 omnis
3246 2514 3378 2567 salvi
3431 2524 3549 2565 esse
3591 2504 3709 2561 vel-

2127 2629 2260 2686 lent,
2295 2624 2359 2677 ad
2386 2630 2566 2675 castra
2601 2614 2946 2685 imperatoris
2977 2612 3030 2664 in
3083 2619 3200 2662 tuta
3252 2620 3375 2659 mox
3434 2598 3707 2656 recessuri

2129 2735 2252 2776 sese
2283 2718 2401 2772 sine
2435 2727 2586 2767 mora
2620 2710 2981 2777 adjungerent
3008 2718 3129 2757 cum
3177 2704 3337 2754 rebus
3369 2711 3555 2751 omnes
3596 2692 3711 2746 suis

2128 2820 2481 2881 quascunque
2520 2802 2712 2857 ell‘erre
2738 2807 2985 2868 possent,
3016 2794 3095 2848 sic
3135 2792 3372 2845 futurum
3407 2796 3465 2839 ut
3497 2792 3549 2839 et
3576 2799 3713 2838 cor-

2129 2880 2262 2972 pora
2297 2911 2351 2953 et
2385 2912 2519 2966 Opes
2537 2902 2688 2947 certo
2716 2890 2885 2945 exitio
2916 2886 3205 2954 eriperent.
3250 2880 3329 2933 Ad
3369 2880 3505 2932 hanc
3525 2888 3713 2928 vocem

2132 2966 2456 3061 congregata
2500 2982 2787 3041 multitudo
2813 2981 3001 3049 ingens
3031 2978 3273 3029 virorum
3315 2979 3371 3024 et
3432 2966 3715 3021 mulierum

2133 3083 2457 3150 imperatori
2485 3094 2666 3136 comes
2704 3072 2994 3130 revertenti
3048 3068 3189 3131 fuit;
3232 3067 3497 3118 immenso
3528 3070 3584 3113 et
3625 3071 3717 3111 ca-

2056 3186 2098 3243 C.
2135 3180 2405 3245 ptivorum
2434 3186 2682 3234 numero,
2708 3176 2759 3222 et
2788 3178 2967 3219 rerum
2992 3162 3169 3230 prmda
3199 3154 3539 3210 barbaricam
3564 3147 3719 3215 cupi-

2134 3270 2359 3325 ditatem
2391 3267 2685 3326 frustrans,
2718 3272 2825 3312 una
2854 3250 3138 3324 prudentia
3168 3246 3382 3303 consilii
3419 3249 3723 3312 opportune

2133 3358 2319 3424 oblati,
2342 3366 2555 3410 mature
2586 3349 2810 3417 accepti.
2840 3348 3010 3401 Porro
3046 3342 3341 3409 imperator
3363 3335 3626 3391 sollicitus
3657 3345 3724 3382 ne

2135 3454 2237 3508 sibi
2276 3449 2548 3506 recedenti
2580 3445 2808 3514 vestigia
2841 3440 3057 3496 barbari
3098 3454 3218 3492 cum
3255 3432 3499 3504 pernicie
3533 3438 3725 3495 magna

2138 3547 2406 3600 instantes
2442 3549 2774 3611 premerent,
2807 3546 3014 3605 partem
3050 3549 3142 3586 ex:
3169 3541 3281 3585 toto
3337 3540 3434 3579 suo
3488 3519 3725 3575 exercitu

2143 3636 2335 3705 selegit
2367 3634 2454 3689 cui
2485 3648 2670 3688 curam
2707 3629 3059 3683 maturandam.
3112 3618 3576 3691 reprimendarutn
3643 3611 3728 3661 in-

2142 3726 2457 3783 cursionum
2527 3721 2976 3788 Agarenicarum.
3033 3716 3161 3766 Eam
3198 3720 3405 3781 partem
3448 3706 3499 3757 in
3534 3698 3729 3754 multas

2144 3815 2439 3887 particulas
2464 3812 2764 3875 subsecuit,
2801 3808 3002 3878 quibus
3036 3805 3219 3872 vagari
3244 3800 3444 3868 passim
3484 3809 3546 3847 ac
3579 3804 3731 3843 seor-

2146 3912 2249 3965 sim
2279 3909 2443 3976 jussis
2475 3904 2773 3967 mandavit,
2816 3911 2871 3954 ut
2904 3901 2946 3954 si
2982 3913 3118 3965 quos
3144 3892 3488 3948 offenderent
3518 3882 3733 3936 Turco-

452 4031 577 4070 rum
630 4014 954 4084 manipulos,
1026 4010 1284 4066 audacter
1332 4007 1655 4062 invaderent
1715 4003 2040 4074 fortiterque
2066 4002 2231 4073 326
2301 3998 2570 4055 caedendis
2618 3997 2686 4050 iis
2731 4010 2880 4063 spem
2931 4002 2984 4045 et
3065 3986 3443 4057 cogitationem
3523 3972 3736 4031 caeteris

456 4111 762 4165 adimerent
805 4105 1148 4177 imperatoris
1194 4101 1577 4172 persequendi.
1622 4099 1739 4167 Ipse
1783 4108 1965 4153 autem
2019 4113 2142 4151 eum
2186 4103 2384 4151 caetero
2431 4091 2689 4146 universo
2734 4087 2929 4159 populo
2964 4083 3302 4152 captivisque
3352 4070 3625 4133 Barbaris,
3673 4083 3735 4119 ac

458 4219 609 4265 metu
645 4207 1007 4278 migrantibus
1047 4203 1374 4260 Christianis
1401 4198 2057 4266 Constantinupolitanum
2100 4195 2203 4247 iter
2258 4191 2466 4246 terebat
2518 4202 2761 4244 securus.
2821 4183 3047 4248 Quando
3093 4174 3282 4231 lsmael
3342 4168 3733 4229 arcliisatrapa.

458 4304 1045 4378 quicaedes’virorum,
1100 4297 1500 4355 destructiones
1547 4295 1787 4359 urbium,
1853 4306 2033 4345 rerum
2065 4300 2463 4356 corporumque
2508 4285 2739 4351 prmdas,
2805 4280 3001 4347 quibus
3063 4274 3238 4326 modis
3299 4270 3495 4321 itinere
3549 4270 3659 4313 toto
3706 4275 3736 4313 a

462 4394 934 4463 Constantinopoli
970 4393 1036 4445 ad
1098 4389 1479 4445 Philomelium
1536 4369 1843 4455 grassatum
1906 4384 1960 4438 in
2022 4382 2231 4436 Turcos
2287 4381 2586 4446 Augustum
2650 4372 2935 4433 didicerat,
2992 4362 3265 4420 cumulate
3335 4370 3455 4409 sese
3545 4364 3735 4411 magna

463 4492 709 4551 vicissim
749 4491 917 4559 ipsius
965 4486 1116 4541 clade
1180 4489 1490 4555 speraverat
1518 4482 1801 4535 ulturum:
1864 4489 2037 4531 tutum
2067 4475 2182 4544 jam
2214 4460 2555 4541 imperatoris
2604 4478 2883 4519 recessum
2915 4458 3166 4518 audiens,
3234 4449 3470 4504 dolorem
3536 4451 3739 4507 ereptze

468 4586 662 4659 praedic
728 4591 915 4638 tantm.
972 4580 1396 4645 interversceque
1444 4574 1606 4639 spei,
1663 4570 2061 4639 Oppugnatione
2092 4564 2327 4635 Paiperti
2370 4560 2638 4615 consolari
2696 4554 2908 4611 statuit.
2974 4551 3084 4603 Arx
3153 4561 3214 4599 ea
3294 4550 3415 4649 erat
3474 4542 3735 4659 orcup'ata

470 4628 662 4659 μνη..
1159 4628 1175 4631 -
1216 4628 1321 4645 -.η
1376 4628 1389 4630 -
1474 4628 1486 4639 .
1593 4628 1606 4637 .
1702 4628 1748 4639 ..
1808 4628 1835 4637 ..
2190 4628 2205 4635 -

469 4680 632 4753 paulo
660 4685 784 4731 ante
810 4674 989 4729 abillo
1018 4674 1122 4728 late
1158 4672 1359 4741 inclyto
1390 4670 1571 4724 Gabra
1617 4667 1908 4721 Theodoro
1949 4664 2042 4733 qui
2086 4662 2265 4716 factus
2295 4659 2498 4714 certior
2554 4659 2620 4711 de
2673 4650 2918 4708 lsmaclis
2997 4642 3246 4705 consilio,
3308 4638 3534 4705 jamque
3597 4628 3741 4753 illius

2602 4749 2613 4753 _
2784 4744 2796 4753 .
2829 4742 2840 4753 ι
2917 4741 2929 4752 ι
2981 4749 2990 4753 -
3046 4751 3089 4753 ,κ
3113 4750 3129 4753 -
3220 4730 3437 4753 --..-2I2-
3493 4739 3644 4753 Iun-‘30
3670 4739 3736 4753 νι.

469 4773 655 4840 copias
690 4782 855 4839 prope
883 4780 1097 4820 amnem
1144 4763 1432 4818 munitioni
1472 4776 1581 4815 suae
1637 4760 1726 4814 isti
1760 4758 2065 4828 proximum
2106 4753 2424 4810 consedisse
2451 4749 2647 4806 castris
2675 4742 2875 4817 positis
2917 4741 3155 4799 intuens,
3214 4730 3440 4787 consilia
3493 4723 3744 4785 versabat

470 4879 753 4926 nocturnae
803 4856 1180 4931 impressionis
1232 4856 1284 4909 in
1333 4853 1597 4908 Turcicas
1664 4852 1850 4921 c0pias
1900 4847 2272 4919 experiundze.

558 4906 1318 5019 λλῖέίωδτζξῖξῖξξένζέρᾀς
1346 4906 1629 4996 Ῠτά-κῗατὰ
1685 4906 1780 4995 τόν
1834 4906 2019 5010 Γαϐρᾶ

2126 4941 2146 4993 )
2248 4935 2445 4993 Verum
2472 4949 2632 5006 quem
2663 4940 2774 4988 tota
2808 4944 2895 4984 res
2937 4922 3190 4983 habuerit
3234 4918 3458 4978 exitum,
3495 4906 3654 4965 simul
3690 4912 3746 4959 et

479 5050 706 5120 ἔσχηκε,
747 5045 843 5099 καὶ
902 5040 1025 5097 ὅθεν
1074 5037 1235 5098 αὐτὸς
1287 5037 1537 5106 ὥρμητο,
1579 5035 1676 5088 καὶ
1728 5034 1911 5093 όποῖος
1967 5027 2059 5101 ἦν,

476 5136 871 5210 ταμιευσάσθω
907 5135 935 5186 ὁ
959 5132 1119 5200 λόγος
1157 5130 1215 5192 ἐς
1243 5128 1336 5181 τὸν
1362 5126 1707 5195 προσήκοντα
1754 5123 1920 5175 τόπον
1951 5138 1967 5154 ο
1992 5121 2063 5174 τὰ

476 5232 575 5285 νῦν
616 5230 660 5282 δ’
704 5228 877 5299 ἐχέτω
928 5222 1025 5276 τοῦ
1063 5221 1451 5292 προκειμένου.
1498 5216 1562 5269 Οἱ
1610 5214 1665 5268 δέ
1718 5231 1781 5281 γε
1834 5214 2056 5267 Λατῖνοι

2169 5035 2311 5088 unde
2334 5000 2605 5089 ortus—hic
2630 5026 2839 5081 Gabras
2866 5028 2922 5078 et.
2983 5017 3158 5089 qualis
3216 5009 3402 5072 fuerit,
3452 5000 3743 5058 dicendqu

2171 5125 2364 5195 aptiori
2398 5123 2516 5177 loco
2562 5126 2891 5174 reservetur.
2961 5112 3113 5166 Nunc
3169 5103 3313 5174 quod
3371 5093 3749 5169 proposuimus

2173 5188 2330 5273 decet
2353 5215 2604 5285 exsequi,
2652 5214 2716 5266 de
2748 5201 3207 5263 Antiochensibus
3240 5194 3470 5255 Latinis,
3513 5188 3604 5259 qui
3638 5197 3749 5236 ma-

1563 5353 1764 5416 Variae
1808 5353 2114 5420 lectiones
2145 5376 2222 5420 ex
2253 5357 2393 5419 cod.
2435 5352 2709 5417 Coislin.

550 5466 970 5541 τιμεταϐαλείν.
1071 5462 1115 5493 ’³
1154 5458 1400 5529 διαιρῶν.
1478 5454 1521 5488 ⁷⁸
1556 5455 1961 5519 ἐξαπέστειλεν.

1555 5597 1695 5658 Car.
1729 5593 2057 5656 Dufresnii
2092 5593 2185 5652 Du
2219 5583 2439 5663 Cangii
2497 5586 2684 5642 notze.

1815 5720 2069 5773 Albertus

567 5741 681 5813 es)
736 5738 842 5813 Mil
896 5721 1751 5813 xpoowrérs-xse€.w;.__329

495 5794 761 5879 Αιιὶίειὶεη
788 5794 883 5863 lib.
934 5794 1006 5872 iv,
1052 5794 1179 5872 cap;
1220 5798 1314 5864 40,
1347 5794 1456 5859 tt;

1507 5789 1805 5856 Balilrictts,
1845 5792 1936 5845 lib.
1993 5803 2073 5854 ιιι,

2182 5721 2231 5770 τι
2257 5711 2377 5853 ἶέὲί
2404 5778 2683 5845 Πατπερτ.
2716 5772 2859 5830 Urbs
2886 5770 2937 5825 in
2960 5763 3233 5830 Armenia,
3268 5757 3407 5829 apud
3444 5752 3753 5827 bcylltzcm.
