  <div class='ocr_page' id='page_1' title='image "/cluster/home/n/w/nwhite01/storage/ocr_20150623/131:no.4/coo.31924054870369/427.png"; bbox 0 0 4088 6412; ppageno 0'>
   <div class='ocr_carea' id='block_1_1' title="bbox 373 385 484 452">
    <p class='ocr_par' dir='ltr' id='par_1_1' title="bbox 373 385 484 452">
     <span class='ocr_line' id='line_1_1' title="bbox 373 385 484 452; baseline 0.027 -3"><span class='ocrx_word' id='word_1_1' title='bbox 373 385 484 452; x_wconf 78' lang='lat'><strong>830</strong></span> 
     </span>
    </p>
   </div>
   <div class='ocr_carea' id='block_1_2' title="bbox 1691 369 2340 434">
    <p class='ocr_par' dir='ltr' id='par_1_2' title="bbox 1691 369 2340 434">
     <span class='ocr_line' id='line_1_2' title="bbox 1691 369 2340 434; baseline -0.008 0"><span class='ocrx_word' id='word_1_2' title='bbox 1691 370 1917 434; x_wconf 78' lang='lat' dir='ltr'><strong>ANN/E</strong></span> <span class='ocrx_word' id='word_1_3' title='bbox 1955 369 2340 432; x_wconf 68' lang='lat' dir='ltr'><strong>COMNENE</strong></span> 
     </span>
    </p>
   </div>
   <div class='ocr_carea' id='block_1_3' title="bbox 3537 376 3645 437">
    <p class='ocr_par' dir='ltr' id='par_1_3' title="bbox 3537 376 3645 437">
     <span class='ocr_line' id='line_1_3' title="bbox 3537 376 3645 437; baseline 0.028 -3"><span class='ocrx_word' id='word_1_4' title='bbox 3537 376 3645 437; x_wconf 64' lang='grc'>840</span> 
     </span>
    </p>
   </div>
   <div class='ocr_carea' id='block_1_4' title="bbox 379 470 1970 570">
    <p class='ocr_par' dir='ltr' id='par_1_4' title="bbox 379 487 1964 570">
     <span class='ocr_line' id='line_1_4' title="bbox 379 487 1964 570; baseline -0.009 -18"><span class='ocrx_word' id='word_1_5' title='bbox 379 499 555 570; x_wconf 76' lang='lat' dir='ltr'><strong>primo</strong></span> <span class='ocrx_word' id='word_1_6' title='bbox 593 495 830 551; x_wconf 81' lang='lat' dir='ltr'><strong>adventu</strong></span> <span class='ocrx_word' id='word_1_7' title='bbox 861 501 1111 563; x_wconf 94' lang='lat' dir='ltr'><strong>occupat.</strong></span> <span class='ocrx_word' id='word_1_8' title='bbox 1147 487 1246 545; x_wconf 80' lang='lat' dir='ltr'><strong>Est</strong></span> <span class='ocrx_word' id='word_1_9' title='bbox 1281 491 1327 546; x_wconf 99' lang='lat' dir='ltr'><strong>is</strong></span> <span class='ocrx_word' id='word_1_10' title='bbox 1357 499 1542 546; x_wconf 88' lang='lat' dir='ltr'><strong>vertex</strong></span> <span class='ocrx_word' id='word_1_11' title='bbox 1568 502 1692 558; x_wconf 90' lang='lat' dir='ltr'><strong>pars</strong></span> <span class='ocrx_word' id='word_1_12' title='bbox 1717 487 1964 556; x_wconf 73' lang='lat' dir='ltr'><strong>qua-dam</strong></span> 
     </span>
    </p>
   </div>
   <div class='ocr_carea' id='block_1_5' title="bbox 2074 470 3643 570">
    <p class='ocr_par' dir='ltr' id='par_1_5' title="bbox 2074 470 3643 559">
     <span class='ocr_line' id='line_1_5' title="bbox 2074 470 3643 559; baseline 0.001 -21"><span class='ocrx_word' id='word_1_13' title='bbox 2074 484 2332 556; x_wconf 78' lang='grc' dir='ltr'>Τρίπολιν</span> <span class='ocrx_word' id='word_1_14' title='bbox 2383 483 2472 538; x_wconf 79' lang='grc' dir='ltr'>διὰ</span> <span class='ocrx_word' id='word_1_15' title='bbox 2527 470 2622 538; x_wconf 81' lang='grc' dir='ltr'><strong>τοῦ</strong></span> <span class='ocrx_word' id='word_1_16' title='bbox 2676 485 2919 555; x_wconf 79' lang='grc' dir='ltr'>πρανοῦς</span> <span class='ocrx_word' id='word_1_17' title='bbox 2979 484 3076 538; x_wconf 84' lang='grc' dir='ltr'>τοῦ</span> <span class='ocrx_word' id='word_1_18' title='bbox 3135 488 3385 540; x_wconf 81' lang='grc' dir='ltr'>τοιούτου</span> <span class='ocrx_word' id='word_1_19' title='bbox 3452 489 3643 559; x_wconf 77' lang='grc' dir='ltr'><strong>βουνοῦ</strong></span> 
     </span>
    </p>
   </div>
   <div class='ocr_carea' id='block_1_6' title="bbox 363 581 1958 655">
    <p class='ocr_par' dir='ltr' id='par_1_6' title="bbox 363 581 1958 655">
     <span class='ocr_line' id='line_1_6' title="bbox 363 581 1958 655; baseline -0.008 -9"><span class='ocrx_word' id='word_1_20' title='bbox 363 591 573 646; x_wconf 82' lang='lat' dir='ltr'><strong>.Libaui</strong></span> <span class='ocrx_word' id='word_1_21' title='bbox 611 586 958 651; x_wconf 83' lang='lat' dir='ltr'><strong>montis,&#39;ubi</strong></span> <span class='ocrx_word' id='word_1_22' title='bbox 989 597 1350 655; x_wconf 63' lang='lat' dir='ltr'><strong>praterquam</strong></span> <span class='ocrx_word' id='word_1_23' title='bbox 1379 581 1524 654; x_wconf 90' lang='lat' dir='ltr'><strong>quod</strong></span> <span class='ocrx_word' id='word_1_24' title='bbox 1550 581 1958 637; x_wconf 72' lang='lat' dir='ltr'><strong>munitissimus</strong></span> 
     </span>
    </p>
   </div>
   <div class='ocr_carea' id='block_1_7' title="bbox 383 673 1964 745">
    <p class='ocr_par' dir='ltr' id='par_1_7' title="bbox 383 673 1964 745">
     <span class='ocr_line' id='line_1_7' title="bbox 383 673 1964 745; baseline -0.008 -8"><span class='ocrx_word' id='word_1_25' title='bbox 383 691 504 737; x_wconf 90' lang='lat' dir='ltr'><strong>erat</strong></span> <span class='ocrx_word' id='word_1_26' title='bbox 531 690 838 737; x_wconf 88' lang='lat' dir='ltr'><strong>castrorum</strong></span> <span class='ocrx_word' id='word_1_27' title='bbox 875 681 1036 742; x_wconf 90' lang='lat' dir='ltr'><strong>situs,</strong></span> <span class='ocrx_word' id='word_1_28' title='bbox 1070 679 1176 732; x_wconf 86' lang='lat' dir='ltr'><strong>alia</strong></span> <span class='ocrx_word' id='word_1_29' title='bbox 1210 678 1372 732; x_wconf 85' lang='lat' dir='ltr'><strong>etiam</strong></span> <span class='ocrx_word' id='word_1_30' title='bbox 1424 673 1718 745; x_wconf 78' lang='lat' dir='ltr'><strong>alIulgebat</strong></span> <span class='ocrx_word' id='word_1_31' title='bbox 1761 686 1964 741; x_wconf 85' lang='lat' dir='ltr'><strong>oppor-</strong></span> 
     </span>
    </p>
   </div>
   <div class='ocr_carea' id='block_1_8' title="bbox 385 765 1964 842">
    <p class='ocr_par' dir='ltr' id='par_1_8' title="bbox 385 765 1964 842">
     <span class='ocr_line' id='line_1_8' title="bbox 385 765 1964 842; baseline -0.009 -12"><span class='ocrx_word' id='word_1_32' title='bbox 385 776 615 841; x_wconf 84' lang='lat' dir='ltr'><strong>tunitas,</strong></span> <span class='ocrx_word' id='word_1_33' title='bbox 645 773 1028 842; x_wconf 80' lang='lat' dir='ltr'><strong>intercipiendi</strong></span> <span class='ocrx_word' id='word_1_34' title='bbox 1068 771 1234 826; x_wconf 80' lang='lat' dir='ltr'><strong>fontis</strong></span> <span class='ocrx_word' id='word_1_35' title='bbox 1260 769 1460 840; x_wconf 85' lang='lat' dir='ltr'><strong>publici</strong></span> <span class='ocrx_word' id='word_1_36' title='bbox 1503 769 1596 838; x_wconf 92' lang='lat' dir='ltr'><strong>qui</strong></span> <span class='ocrx_word' id='word_1_37' title='bbox 1637 767 1705 821; x_wconf 88' lang='lat' dir='ltr'><strong>de</strong></span> <span class='ocrx_word' id='word_1_38' title='bbox 1753 765 1964 820; x_wconf 81' lang='lat' dir='ltr'><strong>Libano</strong></span> 
     </span>
    </p>
   </div>
   <div class='ocr_carea' id='block_1_9' title="bbox 388 857 1962 932">
    <p class='ocr_par' dir='ltr' id='par_1_9' title="bbox 388 857 1962 932">
     <span class='ocr_line' id='line_1_9' title="bbox 388 857 1962 932; baseline -0.009 -11"><span class='ocrx_word' id='word_1_39' title='bbox 388 871 438 921; x_wconf 90' lang='lat' dir='ltr'><strong>in</strong></span> <span class='ocrx_word' id='word_1_40' title='bbox 503 868 782 921; x_wconf 78' lang='lat' dir='ltr'><strong>civitatem</strong></span> <span class='ocrx_word' id='word_1_41' title='bbox 849 865 1154 932; x_wconf 82' lang='lat' dir='ltr'><strong>Tripolim,</strong></span> <span class='ocrx_word' id='word_1_42' title='bbox 1205 862 1368 917; x_wconf 84' lang='lat' dir='ltr'><strong>ducto</strong></span> <span class='ocrx_word' id='word_1_43' title='bbox 1407 875 1506 930; x_wconf 89' lang='lat' dir='ltr'><strong>per</strong></span> <span class='ocrx_word' id='word_1_44' title='bbox 1557 859 1749 913; x_wconf 91' lang='lat' dir='ltr'><strong>collem</strong></span> <span class='ocrx_word' id='word_1_45' title='bbox 1797 857 1962 912; x_wconf 87' lang='lat' dir='ltr'><strong>istum</strong></span> 
     </span>
    </p>
   </div>
   <div class='ocr_carea' id='block_1_10' title="bbox 384 949 1966 1030">
    <p class='ocr_par' dir='ltr' id='par_1_10' title="bbox 384 949 1966 1030">
     <span class='ocr_line' id='line_1_10' title="bbox 384 949 1966 1030; baseline -0.009 -13"><span class='ocrx_word' id='word_1_46' title='bbox 384 977 571 1030; x_wconf 86' lang='lat' dir='ltr'><strong>Opere,</strong></span> <span class='ocrx_word' id='word_1_47' title='bbox 625 961 844 1014; x_wconf 85' lang='lat' dir='ltr'><strong>ﬂuebat.</strong></span> <span class='ocrx_word' id='word_1_48' title='bbox 889 958 1054 1028; x_wconf 75' lang='lat' dir='ltr'><strong>33o</strong></span> <span class='ocrx_word' id='word_1_49' title='bbox 1106 955 1182 1010; x_wconf 79' lang='lat' dir='ltr'><strong>Ex</strong></span> <span class='ocrx_word' id='word_1_50' title='bbox 1226 955 1322 1009; x_wconf 91' lang='lat' dir='ltr'><strong>illo</strong></span> <span class='ocrx_word' id='word_1_51' title='bbox 1365 955 1498 1025; x_wconf 76' lang='lat' dir='ltr'><strong>jugo</strong></span> <span class='ocrx_word' id='word_1_52' title='bbox 1543 953 1691 1009; x_wconf 89' lang='lat' dir='ltr'><strong>dedit</strong></span> <span class='ocrx_word' id='word_1_53' title='bbox 1746 951 1811 1005; x_wconf 88' lang='lat' dir='ltr'><strong>ad</strong></span> <span class='ocrx_word' id='word_1_54' title='bbox 1855 949 1966 1003; x_wconf 78' lang='lat' dir='ltr'><strong>Au-</strong></span> 
     </span>
    </p>
   </div>
   <div class='ocr_carea' id='block_1_11' title="bbox 385 1041 1964 1124">
    <p class='ocr_par' dir='ltr' id='par_1_11' title="bbox 385 1041 1964 1124">
     <span class='ocr_line' id='line_1_11' title="bbox 385 1041 1964 1124; baseline -0.008 -16"><span class='ocrx_word' id='word_1_55' title='bbox 385 1066 608 1124; x_wconf 80' lang='lat' dir='ltr'><strong>gustum</strong></span> <span class='ocrx_word' id='word_1_56' title='bbox 669 1052 884 1105; x_wconf 83' lang='lat' dir='ltr'><strong>litteras</strong></span> <span class='ocrx_word' id='word_1_57' title='bbox 935 1048 1198 1118; x_wconf 78' lang='lat' dir='ltr'><strong>Saugeles</strong></span> <span class='ocrx_word' id='word_1_58' title='bbox 1247 1047 1451 1117; x_wconf 81' lang='lat' dir='ltr'><strong>quibus</strong></span> <span class='ocrx_word' id='word_1_59' title='bbox 1493 1055 1778 1115; x_wconf 77' lang='lat' dir='ltr'><strong>postquam</strong></span> <span class='ocrx_word' id='word_1_60' title='bbox 1834 1041 1964 1112; x_wconf 85' lang='lat' dir='ltr'><strong>quid</strong></span> 
     </span>
    </p>
   </div>
   <div class='ocr_carea' id='block_1_12' title="bbox 383 1131 1964 1211">
    <p class='ocr_par' dir='ltr' id='par_1_12' title="bbox 383 1131 1964 1211">
     <span class='ocr_line' id='line_1_12' title="bbox 383 1131 1964 1211; baseline -0.007 -14"><span class='ocrx_word' id='word_1_61' title='bbox 383 1144 586 1211; x_wconf 77' lang='lat' dir='ltr'><strong>egisset</strong></span> <span class='ocrx_word' id='word_1_62' title='bbox 609 1149 958 1210; x_wconf 69' lang='lat' dir='ltr'><strong>exposuerat,</strong></span> <span class='ocrx_word' id='word_1_63' title='bbox 993 1139 1213 1208; x_wconf 81' lang='lat' dir='ltr'><strong>petebat</strong></span> <span class='ocrx_word' id='word_1_64' title='bbox 1249 1147 1308 1191; x_wconf 91' lang='lat' dir='ltr'><strong>ut</strong></span> <span class='ocrx_word' id='word_1_65' title='bbox 1339 1151 1499 1190; x_wconf 80' lang='lat' dir='ltr'><strong>manu</strong></span> <span class='ocrx_word' id='word_1_66' title='bbox 1532 1146 1587 1191; x_wconf 89' lang='lat' dir='ltr'><strong>et</strong></span> <span class='ocrx_word' id='word_1_67' title='bbox 1615 1144 1736 1189; x_wconf 87' lang='lat' dir='ltr'><strong>arte</strong></span> <span class='ocrx_word' id='word_1_68' title='bbox 1779 1131 1964 1202; x_wconf 88' lang='lat' dir='ltr'><strong>adjuta</strong></span> 
     </span>
    </p>
   </div>
   <div class='ocr_carea' id='block_1_13' title="bbox 386 1225 1966 1303">
    <p class='ocr_par' dir='ltr' id='par_1_13' title="bbox 386 1225 1966 1303">
     <span class='ocr_line' id='line_1_13' title="bbox 386 1225 1966 1303; baseline -0.007 -14"><span class='ocrx_word' id='word_1_69' title='bbox 386 1247 578 1289; x_wconf 89' lang='lat' dir='ltr'><strong>natura</strong></span> <span class='ocrx_word' id='word_1_70' title='bbox 621 1233 722 1287; x_wconf 91' lang='lat' dir='ltr'><strong>loci</strong></span> <span class='ocrx_word' id='word_1_71' title='bbox 751 1247 911 1303; x_wconf 88' lang='lat' dir='ltr'><strong>quem</strong></span> <span class='ocrx_word' id='word_1_72' title='bbox 948 1231 1243 1286; x_wconf 88' lang='lat' dir='ltr'><strong>insedisset</strong></span> <span class='ocrx_word' id='word_1_73' title='bbox 1273 1240 1516 1284; x_wconf 83' lang='lat' dir='ltr'><strong>castrum</strong></span> <span class='ocrx_word' id='word_1_74' title='bbox 1560 1228 1671 1282; x_wconf 92' lang='lat' dir='ltr'><strong>illic</strong></span> <span class='ocrx_word' id='word_1_75' title='bbox 1720 1225 1966 1296; x_wconf 66' lang='lat' dir='ltr'><strong>praevali-</strong></span> 
     </span>
    </p>
   </div>
   <div class='ocr_carea' id='block_1_14' title="bbox 384 1320 1966 1395">
    <p class='ocr_par' dir='ltr' id='par_1_14' title="bbox 384 1320 1966 1395">
     <span class='ocr_line' id='line_1_14' title="bbox 384 1320 1966 1395; baseline -0.005 -13"><span class='ocrx_word' id='word_1_76' title='bbox 384 1330 510 1382; x_wconf 89' lang='lat' dir='ltr'><strong>dum</strong></span> <span class='ocrx_word' id='word_1_77' title='bbox 544 1327 756 1381; x_wconf 85' lang='lat' dir='ltr'><strong>exstrui</strong></span> <span class='ocrx_word' id='word_1_78' title='bbox 781 1333 1043 1379; x_wconf 88' lang='lat' dir='ltr'><strong>curaret:</strong></span> <span class='ocrx_word' id='word_1_79' title='bbox 1079 1323 1242 1395; x_wconf 81' lang='lat' dir='ltr'><strong>idque</strong></span> <span class='ocrx_word' id='word_1_80' title='bbox 1276 1337 1340 1374; x_wconf 85' lang='lat' dir='ltr'><strong>ea</strong></span> <span class='ocrx_word' id='word_1_81' title='bbox 1368 1320 1646 1391; x_wconf 80' lang='lat' dir='ltr'><strong>diligentia</strong></span> <span class='ocrx_word' id='word_1_82' title='bbox 1700 1335 1822 1389; x_wconf 72' lang='lat' dir='ltr'><strong>quae</strong></span> <span class='ocrx_word' id='word_1_83' title='bbox 1873 1333 1966 1374; x_wconf 86' lang='lat' dir='ltr'><strong>oc-</strong></span> 
     </span>
    </p>
   </div>
   <div class='ocr_carea' id='block_1_15' title="bbox 383 1413 1963 1488">
    <p class='ocr_par' dir='ltr' id='par_1_15' title="bbox 383 1413 1963 1488">
     <span class='ocr_line' id='line_1_15' title="bbox 383 1413 1963 1488; baseline -0.004 -14"><span class='ocrx_word' id='word_1_84' title='bbox 383 1435 585 1488; x_wconf 88' lang='lat' dir='ltr'><strong>cupare</strong></span> <span class='ocrx_word' id='word_1_85' title='bbox 643 1427 828 1487; x_wconf 88' lang='lat' dir='ltr'><strong>posset</strong></span> <span class='ocrx_word' id='word_1_86' title='bbox 886 1417 1176 1470; x_wconf 82' lang='lat' dir='ltr'><strong>adventum</strong></span> <span class='ocrx_word' id='word_1_87' title='bbox 1215 1415 1495 1482; x_wconf 88' lang='lat' dir='ltr'><strong>c0piarum</strong></span> <span class='ocrx_word' id='word_1_88' title='bbox 1561 1431 1592 1469; x_wconf 89' lang='lat' dir='ltr'><strong>e</strong></span> <span class='ocrx_word' id='word_1_89' title='bbox 1646 1413 1963 1480; x_wconf 86' lang='lat' dir='ltr'><strong>Corosanis,</strong></span> 
     </span>
    </p>
   </div>
   <div class='ocr_carea' id='block_1_16' title="bbox 384 1505 1966 1583">
    <p class='ocr_par' dir='ltr' id='par_1_16' title="bbox 384 1505 1966 1583">
     <span class='ocr_line' id='line_1_16' title="bbox 384 1505 1966 1583; baseline -0.003 -17"><span class='ocrx_word' id='word_1_90' title='bbox 384 1514 584 1583; x_wconf 83' lang='lat' dir='ltr'><strong>quibus</strong></span> <span class='ocrx_word' id='word_1_91' title='bbox 613 1511 866 1565; x_wconf 77' lang='lat' dir='ltr'><strong>maximis</strong></span> <span class='ocrx_word' id='word_1_92' title='bbox 895 1511 961 1564; x_wconf 89' lang='lat' dir='ltr'><strong>ad</strong></span> <span class='ocrx_word' id='word_1_93' title='bbox 989 1505 1226 1576; x_wconf 85' lang='lat' dir='ltr'><strong>Tripolis</strong></span> <span class='ocrx_word' id='word_1_94' title='bbox 1254 1509 1516 1563; x_wconf 78' lang='lat' dir='ltr'><strong>auxilium</strong></span> <span class='ocrx_word' id='word_1_95' title='bbox 1538 1508 1686 1562; x_wconf 82' lang='lat' dir='ltr'><strong>breri</strong></span> <span class='ocrx_word' id='word_1_96' title='bbox 1718 1508 1966 1562; x_wconf 87' lang='lat' dir='ltr'><strong>venturis</strong></span> 
     </span>
    </p>
   </div>
   <div class='ocr_carea' id='block_1_17' title="bbox 384 1597 1965 1672">
    <p class='ocr_par' dir='ltr' id='par_1_17' title="bbox 384 1597 1965 1672">
     <span class='ocr_line' id='line_1_17' title="bbox 384 1597 1965 1672; baseline -0.005 -13"><span class='ocrx_word' id='word_1_97' title='bbox 384 1621 482 1660; x_wconf 91' lang='lat' dir='ltr'><strong>sua</strong></span> <span class='ocrx_word' id='word_1_98' title='bbox 518 1606 705 1672; x_wconf 85' lang='lat' dir='ltr'><strong>utique</strong></span> <span class='ocrx_word' id='word_1_99' title='bbox 739 1603 986 1671; x_wconf 90' lang='lat' dir='ltr'><strong>paucitas</strong></span> <span class='ocrx_word' id='word_1_100' title='bbox 1019 1602 1070 1654; x_wconf 92' lang='lat' dir='ltr'><strong>itt</strong></span> <span class='ocrx_word' id='word_1_101' title='bbox 1114 1601 1244 1670; x_wconf 83' lang='lat' dir='ltr'><strong>jugo</strong></span> <span class='ocrx_word' id='word_1_102' title='bbox 1289 1600 1458 1654; x_wconf 85' lang='lat' dir='ltr'><strong>muris</strong></span> <span class='ocrx_word' id='word_1_103' title='bbox 1499 1598 1644 1653; x_wconf 89' lang='lat' dir='ltr'><strong>nudo</strong></span> <span class='ocrx_word' id='word_1_104' title='bbox 1693 1597 1965 1653; x_wconf 86' lang='lat' dir='ltr'><strong>obsistere</strong></span> 
     </span>
    </p>
   </div>
   <div class='ocr_carea' id='block_1_18' title="bbox 385 1686 1962 1765">
    <p class='ocr_par' dir='ltr' id='par_1_18' title="bbox 385 1686 1962 1765">
     <span class='ocr_line' id='line_1_18' title="bbox 385 1686 1962 1765; baseline -0.01 -11"><span class='ocrx_word' id='word_1_105' title='bbox 385 1714 494 1754; x_wconf 88' lang='lat' dir='ltr'><strong>non</strong></span> <span class='ocrx_word' id='word_1_106' title='bbox 551 1705 752 1765; x_wconf 81' lang='lat' dir='ltr'><strong>posset.</strong></span> <span class='ocrx_word' id='word_1_107' title='bbox 802 1693 1190 1760; x_wconf 67' lang='lat' dir='ltr'><strong>Annnensibis</strong></span> <span class='ocrx_word' id='word_1_108' title='bbox 1238 1693 1518 1761; x_wconf 77' lang='lat' dir='ltr'><strong>Augustus</strong></span> <span class='ocrx_word' id='word_1_109' title='bbox 1563 1690 1721 1743; x_wconf 82' lang='lat' dir='ltr'><strong>istius</strong></span> <span class='ocrx_word' id='word_1_110' title='bbox 1775 1686 1962 1756; x_wconf 89' lang='lat' dir='ltr'><strong>oppidi</strong></span> 
     </span>
    </p>
   </div>
   <div class='ocr_carea' id='block_1_19' title="bbox 385 1778 1966 1855">
    <p class='ocr_par' dir='ltr' id='par_1_19' title="bbox 385 1778 1966 1855">
     <span class='ocr_line' id='line_1_19' title="bbox 385 1778 1966 1855; baseline -0.008 -13"><span class='ocrx_word' id='word_1_111' title='bbox 385 1803 718 1844; x_wconf 73' lang='lat' dir='ltr'><strong>structuram</strong></span> <span class='ocrx_word' id='word_1_112' title='bbox 751 1787 874 1841; x_wconf 91' lang='lat' dir='ltr'><strong>duci</strong></span> <span class='ocrx_word' id='word_1_113' title='bbox 905 1785 1071 1855; x_wconf 84' lang='lat' dir='ltr'><strong>Cypri</strong></span> <span class='ocrx_word' id='word_1_114' title='bbox 1102 1781 1540 1846; x_wconf 72' lang='lat' dir='ltr'><strong>commendavit;</strong></span> <span class='ocrx_word' id='word_1_115' title='bbox 1571 1778 1658 1833; x_wconf 91' lang='lat' dir='ltr'><strong>eui</strong></span> <span class='ocrx_word' id='word_1_116' title='bbox 1695 1779 1842 1833; x_wconf 86' lang='lat' dir='ltr'><strong>dedit</strong></span> <span class='ocrx_word' id='word_1_117' title='bbox 1872 1791 1966 1831; x_wconf 85' lang='lat' dir='ltr'><strong>ne-</strong></span> 
     </span>
    </p>
   </div>
   <div class='ocr_carea' id='block_1_20' title="bbox 385 1870 1959 1952">
    <p class='ocr_par' dir='ltr' id='par_1_20' title="bbox 385 1870 1959 1952">
     <span class='ocr_line' id='line_1_20' title="bbox 385 1870 1959 1952; baseline -0.011 -13"><span class='ocrx_word' id='word_1_118' title='bbox 385 1885 586 1952; x_wconf 71' lang='lat' dir='ltr'><strong>gotium</strong></span> <span class='ocrx_word' id='word_1_119' title='bbox 619 1893 678 1934; x_wconf 93' lang='lat' dir='ltr'><strong>nt</strong></span> <span class='ocrx_word' id='word_1_120' title='bbox 709 1881 992 1934; x_wconf 85' lang='lat' dir='ltr'><strong>materiam</strong></span> <span class='ocrx_word' id='word_1_121' title='bbox 1025 1889 1078 1931; x_wconf 89' lang='lat' dir='ltr'><strong>et</strong></span> <span class='ocrx_word' id='word_1_122' title='bbox 1103 1877 1342 1930; x_wconf 87' lang='lat' dir='ltr'><strong>artilices</strong></span> <span class='ocrx_word' id='word_1_123' title='bbox 1379 1873 1505 1928; x_wconf 84' lang='lat' dir='ltr'><strong>talis</strong></span> <span class='ocrx_word' id='word_1_124' title='bbox 1552 1872 1738 1940; x_wconf 88' lang='lat' dir='ltr'><strong>operis</strong></span> <span class='ocrx_word' id='word_1_125' title='bbox 1781 1870 1959 1924; x_wconf 86' lang='lat' dir='ltr'><strong>classe</strong></span> 
     </span>
    </p>
   </div>
   <div class='ocr_carea' id='block_1_21' title="bbox 387 1963 1962 2045">
    <p class='ocr_par' dir='ltr' id='par_1_21' title="bbox 387 1963 1962 2045">
     <span class='ocr_line' id='line_1_21' title="bbox 387 1963 1962 2045; baseline -0.008 -17"><span class='ocrx_word' id='word_1_126' title='bbox 387 1993 548 2045; x_wconf 85' lang='lat' dir='ltr'><strong>quain</strong></span> <span class='ocrx_word' id='word_1_127' title='bbox 603 1975 837 2044; x_wconf 89' lang='lat' dir='ltr'><strong>primum</strong></span> <span class='ocrx_word' id='word_1_128' title='bbox 894 1972 1219 2041; x_wconf 88' lang='lat' dir='ltr'><strong>importaret</strong></span> <span class='ocrx_word' id='word_1_129' title='bbox 1265 1983 1331 2022; x_wconf 92' lang='lat' dir='ltr'><strong>eo</strong></span> <span class='ocrx_word' id='word_1_130' title='bbox 1376 1967 1466 2020; x_wconf 91' lang='lat' dir='ltr'><strong>ubi</strong></span> <span class='ocrx_word' id='word_1_131' title='bbox 1518 1977 1635 2018; x_wconf 86' lang='lat' dir='ltr'><strong>erat</strong></span> <span class='ocrx_word' id='word_1_132' title='bbox 1673 1963 1962 2032; x_wconf 80' lang='lat' dir='ltr'><strong>Sangeles;</strong></span> 
     </span>
    </p>
   </div>
   <div class='ocr_carea' id='block_1_22' title="bbox 389 2053 1968 2136">
    <p class='ocr_par' dir='ltr' id='par_1_22' title="bbox 389 2053 1968 2136">
     <span class='ocr_line' id='line_1_22' title="bbox 389 2053 1968 2136; baseline -0.012 -11"><span class='ocrx_word' id='word_1_133' title='bbox 389 2071 544 2136; x_wconf 80' lang='lat' dir='ltr'><strong>cujus</strong></span> <span class='ocrx_word' id='word_1_134' title='bbox 579 2071 800 2122; x_wconf 83' lang='lat' dir='ltr'><strong>ductum</strong></span> <span class='ocrx_word' id='word_1_135' title='bbox 835 2076 889 2118; x_wconf 85' lang='lat' dir='ltr'><strong>ct</strong></span> <span class='ocrx_word' id='word_1_136' title='bbox 921 2062 1300 2134; x_wconf 72' lang='lat' dir='ltr'><strong>praescriptum</strong></span> <span class='ocrx_word' id='word_1_137' title='bbox 1338 2060 1390 2111; x_wconf 90' lang='lat' dir='ltr'><strong>in</strong></span> <span class='ocrx_word' id='word_1_138' title='bbox 1430 2057 1644 2112; x_wconf 82' lang='lat' dir='ltr'><strong>delectu</strong></span> <span class='ocrx_word' id='word_1_139' title='bbox 1695 2056 1820 2118; x_wconf 89' lang='lat' dir='ltr'><strong>loci,</strong></span> <span class='ocrx_word' id='word_1_140' title='bbox 1872 2053 1968 2107; x_wconf 88' lang='lat' dir='ltr'><strong>de-</strong></span> 
     </span>
    </p>
   </div>
   <div class='ocr_carea' id='block_1_23' title="bbox 392 2143 1968 2231">
    <p class='ocr_par' dir='ltr' id='par_1_23' title="bbox 392 2143 1968 2231">
     <span class='ocr_line' id='line_1_23' title="bbox 392 2143 1968 2231; baseline -0.011 -15"><span class='ocrx_word' id='word_1_141' title='bbox 392 2159 676 2231; x_wconf 79' lang='lat' dir='ltr'><strong>signandis</strong></span> <span class='ocrx_word' id='word_1_142' title='bbox 716 2157 909 2220; x_wconf 88' lang='lat' dir='ltr'><strong>muris,</strong></span> <span class='ocrx_word' id='word_1_143' title='bbox 947 2165 1001 2207; x_wconf 91' lang='lat' dir='ltr'><strong>et</strong></span> <span class='ocrx_word' id='word_1_144' title='bbox 1032 2162 1146 2206; x_wconf 89' lang='lat' dir='ltr'><strong>tota</strong></span> <span class='ocrx_word' id='word_1_145' title='bbox 1176 2149 1454 2204; x_wconf 91' lang='lat' dir='ltr'><strong>molitione</strong></span> <span class='ocrx_word' id='word_1_146' title='bbox 1486 2162 1636 2200; x_wconf 77' lang='lat' dir='ltr'><strong>nova:</strong></span> <span class='ocrx_word' id='word_1_147' title='bbox 1679 2143 1831 2199; x_wconf 92' lang='lat' dir='ltr'><strong>urbis</strong></span> <span class='ocrx_word' id='word_1_148' title='bbox 1878 2159 1968 2198; x_wconf 84' lang='lat' dir='ltr'><strong>se-</strong></span> 
     </span>
    </p>
   </div>
   <div class='ocr_carea' id='block_1_24' title="bbox 394 2238 1966 2323">
    <p class='ocr_par' dir='ltr' id='par_1_24' title="bbox 394 2238 1966 2323">
     <span class='ocr_line' id='line_1_24' title="bbox 394 2238 1966 2323; baseline -0.008 -20"><span class='ocrx_word' id='word_1_149' title='bbox 394 2255 485 2323; x_wconf 86' lang='lat' dir='ltr'><strong>qui</strong></span> <span class='ocrx_word' id='word_1_150' title='bbox 522 2265 714 2306; x_wconf 88' lang='lat' dir='ltr'><strong>omnes</strong></span> <span class='ocrx_word' id='word_1_151' title='bbox 741 2260 796 2301; x_wconf 92' lang='lat' dir='ltr'><strong>et</strong></span> <span class='ocrx_word' id='word_1_152' title='bbox 825 2249 1048 2316; x_wconf 82' lang='lat' dir='ltr'><strong>exsequi</strong></span> <span class='ocrx_word' id='word_1_153' title='bbox 1093 2246 1373 2298; x_wconf 86' lang='lat' dir='ltr'><strong>deberent.</strong></span> <span class='ocrx_word' id='word_1_154' title='bbox 1413 2241 1550 2294; x_wconf 89' lang='lat' dir='ltr'><strong>Dum</strong></span> <span class='ocrx_word' id='word_1_155' title='bbox 1601 2238 1861 2307; x_wconf 77' lang='lat' dir='ltr'><strong>Saugeles</strong></span> <span class='ocrx_word' id='word_1_156' title='bbox 1914 2239 1966 2291; x_wconf 93' lang='lat' dir='ltr'><strong>in</strong></span> 
     </span>
    </p>
   </div>
   <div class='ocr_carea' id='block_1_25' title="bbox 392 2331 1969 2406">
    <p class='ocr_par' dir='ltr' id='par_1_25' title="bbox 392 2331 1969 2406">
     <span class='ocr_line' id='line_1_25' title="bbox 392 2331 1969 2406; baseline -0.011 -4"><span class='ocrx_word' id='word_1_157' title='bbox 392 2351 535 2402; x_wconf 93' lang='lat' dir='ltr'><strong>hune</strong></span> <span class='ocrx_word' id='word_1_158' title='bbox 563 2345 782 2398; x_wconf 89' lang='lat' dir='ltr'><strong>modum</strong></span> <span class='ocrx_word' id='word_1_159' title='bbox 814 2341 1063 2396; x_wconf 89' lang='lat' dir='ltr'><strong>imminet</strong></span> <span class='ocrx_word' id='word_1_160' title='bbox 1091 2336 1319 2406; x_wconf 87' lang='lat' dir='ltr'><strong>Tripoli,</strong></span> <span class='ocrx_word' id='word_1_161' title='bbox 1342 2348 1670 2402; x_wconf 91' lang='lat' dir='ltr'><strong>omnemque</strong></span> <span class='ocrx_word' id='word_1_162' title='bbox 1693 2331 1969 2386; x_wconf 81' lang='lat' dir='ltr'><strong>indefesso</strong></span> 
     </span>
    </p>
   </div>
   <div class='ocr_carea' id='block_1_26' title="bbox 388 2424 1970 2500">
    <p class='ocr_par' dir='ltr' id='par_1_26' title="bbox 388 2424 1970 2500">
     <span class='ocr_line' id='line_1_26' title="bbox 388 2424 1970 2500; baseline -0.011 -6"><span class='ocrx_word' id='word_1_163' title='bbox 388 2448 584 2494; x_wconf 81' lang='lat' dir='ltr'><strong>conatu</strong></span> <span class='ocrx_word' id='word_1_164' title='bbox 622 2445 800 2491; x_wconf 83' lang='lat' dir='ltr'><strong>movet</strong></span> <span class='ocrx_word' id='word_1_165' title='bbox 845 2435 1053 2499; x_wconf 84' lang='lat' dir='ltr'><strong>funem,</strong></span> <span class='ocrx_word' id='word_1_166' title='bbox 1101 2446 1207 2500; x_wconf 90' lang='lat' dir='ltr'><strong>quo</strong></span> <span class='ocrx_word' id='word_1_167' title='bbox 1245 2430 1404 2484; x_wconf 87' lang='lat' dir='ltr'><strong>istam</strong></span> <span class='ocrx_word' id='word_1_168' title='bbox 1449 2426 1552 2481; x_wconf 87' lang='lat' dir='ltr'><strong>sibi</strong></span> <span class='ocrx_word' id='word_1_169' title='bbox 1591 2425 1845 2494; x_wconf 84' lang='lat' dir='ltr'><strong>subjiciat</strong></span> <span class='ocrx_word' id='word_1_170' title='bbox 1892 2424 1970 2478; x_wconf 91' lang='lat' dir='ltr'><strong>ci-</strong></span> 
     </span>
    </p>
   </div>
   <div class='ocr_carea' id='block_1_27' title="bbox 390 2518 1966 2593">
    <p class='ocr_par' dir='ltr' id='par_1_27' title="bbox 390 2518 1966 2593">
     <span class='ocr_line' id='line_1_27' title="bbox 390 2518 1966 2593; baseline -0.011 -9"><span class='ocrx_word' id='word_1_171' title='bbox 390 2535 614 2586; x_wconf 81' lang='lat' dir='ltr'><strong>vitatem</strong></span> <span class='ocrx_word' id='word_1_172' title='bbox 650 2547 664 2583; x_wconf 88' lang='lat'><strong>:</strong></span> <span class='ocrx_word' id='word_1_173' title='bbox 710 2529 816 2582; x_wconf 89' lang='lat' dir='ltr'><strong>alio</strong></span> <span class='ocrx_word' id='word_1_174' title='bbox 850 2527 1010 2593; x_wconf 77' lang='lat' dir='ltr'><strong>longe</strong></span> <span class='ocrx_word' id='word_1_175' title='bbox 1042 2528 1226 2577; x_wconf 86' lang='lat' dir='ltr'><strong>animo</strong></span> <span class='ocrx_word' id='word_1_176' title='bbox 1278 2521 1569 2575; x_wconf 82' lang='lat' dir='ltr'><strong>instinctus</strong></span> <span class='ocrx_word' id='word_1_177' title='bbox 1615 2518 1966 2578; x_wconf 81' lang='lat' dir='ltr'><strong>Baimundus,</strong></span> 
     </span>
    </p>
   </div>
   <div class='ocr_carea' id='block_1_28' title="bbox 386 2608 1969 2692">
    <p class='ocr_par' dir='ltr' id='par_1_28' title="bbox 386 2608 1969 2692">
     <span class='ocr_line' id='line_1_28' title="bbox 386 2608 1969 2692; baseline -0.01 -13"><span class='ocrx_word' id='word_1_178' title='bbox 386 2641 509 2680; x_wconf 88' lang='lat' dir='ltr'><strong>cum</strong></span> <span class='ocrx_word' id='word_1_179' title='bbox 579 2635 820 2692; x_wconf 75' lang='lat' dir='ltr'><strong>pertegre</strong></span> <span class='ocrx_word' id='word_1_180' title='bbox 874 2619 1088 2672; x_wconf 87' lang='lat' dir='ltr'><strong>tulisset</strong></span> <span class='ocrx_word' id='word_1_181' title='bbox 1141 2615 1386 2668; x_wconf 84' lang='lat' dir='ltr'><strong>auditum</strong></span> <span class='ocrx_word' id='word_1_182' title='bbox 1451 2611 1700 2665; x_wconf 87' lang='lat' dir='ltr'><strong>nuntium</strong></span> <span class='ocrx_word' id='word_1_183' title='bbox 1758 2608 1969 2663; x_wconf 70' lang='lat' dir='ltr'><strong>tradita:</strong></span> 
     </span>
    </p>
   </div>
   <div class='ocr_carea' id='block_1_29' title="bbox 390 2700 1969 2780">
    <p class='ocr_par' dir='ltr' id='par_1_29' title="bbox 390 2700 1969 2780">
     <span class='ocr_line' id='line_1_29' title="bbox 390 2700 1969 2780; baseline -0.011 -9"><span class='ocrx_word' id='word_1_184' title='bbox 390 2717 750 2771; x_wconf 77' lang='lat' dir='ltr'><strong>&#39;l&#39;zintzilueae</strong></span> <span class='ocrx_word' id='word_1_185' title='bbox 787 2709 1142 2780; x_wconf 87' lang='lat' dir='ltr'><strong>imperatorio</strong></span> <span class='ocrx_word' id='word_1_186' title='bbox 1169 2706 1293 2760; x_wconf 87' lang='lat' dir='ltr'><strong>duci</strong></span> <span class='ocrx_word' id='word_1_187' title='bbox 1323 2703 1629 2768; x_wconf 69' lang='lat' dir='ltr'><strong>Laodicea},</strong></span> <span class='ocrx_word' id='word_1_188' title='bbox 1667 2715 1767 2755; x_wconf 86' lang='lat' dir='ltr'><strong>nec</strong></span> <span class='ocrx_word' id='word_1_189' title='bbox 1806 2700 1969 2755; x_wconf 81' lang='lat' dir='ltr'><strong>dissi-</strong></span> 
     </span>
    </p>
   </div>
   <div class='ocr_carea' id='block_1_30' title="bbox 393 2792 1968 2868">
    <p class='ocr_par' dir='ltr' id='par_1_30' title="bbox 393 2792 1968 2868">
     <span class='ocr_line' id='line_1_30' title="bbox 393 2792 1968 2868; baseline -0.012 -6"><span class='ocrx_word' id='word_1_190' title='bbox 393 2809 602 2862; x_wconf 89' lang='lat' dir='ltr'><strong>mulare</strong></span> <span class='ocrx_word' id='word_1_191' title='bbox 625 2811 844 2859; x_wconf 89' lang='lat' dir='ltr'><strong>curaret</strong></span> <span class='ocrx_word' id='word_1_192' title='bbox 894 2799 1126 2868; x_wconf 81' lang='lat' dir='ltr'><strong>amplius</strong></span> <span class='ocrx_word' id='word_1_193' title='bbox 1165 2796 1311 2867; x_wconf 91' lang='lat' dir='ltr'><strong>quod</strong></span> <span class='ocrx_word' id='word_1_194' title='bbox 1361 2795 1490 2849; x_wconf 91' lang='lat' dir='ltr'><strong>olim</strong></span> <span class='ocrx_word' id='word_1_195' title='bbox 1543 2801 1864 2862; x_wconf 89' lang='lat' dir='ltr'><strong>conceptum</strong></span> <span class='ocrx_word' id='word_1_196' title='bbox 1915 2792 1968 2844; x_wconf 91' lang='lat' dir='ltr'><strong>in</strong></span> 
     </span>
    </p>
   </div>
   <div class='ocr_carea' id='block_1_31' title="bbox 391 2888 1970 2968">
    <p class='ocr_par' dir='ltr' id='par_1_31' title="bbox 391 2888 1970 2968">
     <span class='ocr_line' id='line_1_31' title="bbox 391 2888 1970 2968; baseline -0.012 -13"><span class='ocrx_word' id='word_1_197' title='bbox 391 2903 777 2968; x_wconf 86' lang='lat' dir='ltr'><strong>imperatorem</strong></span> <span class='ocrx_word' id='word_1_198' title='bbox 833 2896 1103 2946; x_wconf 85' lang='lat' dir='ltr'><strong>hactenus</strong></span> <span class='ocrx_word' id='word_1_199' title='bbox 1151 2888 1366 2944; x_wconf 82' lang='lat' dir='ltr'><strong>fovebat</strong></span> <span class='ocrx_word' id='word_1_200' title='bbox 1421 2889 1654 2951; x_wconf 87' lang='lat' dir='ltr'><strong>odium,</strong></span> <span class='ocrx_word' id='word_1_201' title='bbox 1716 2894 1970 2955; x_wconf 90' lang='lat' dir='ltr'><strong>nepotem</strong></span> 
     </span>
    </p>
   </div>
   <div class='ocr_carea' id='block_1_32' title="bbox 393 2980 1966 3052">
    <p class='ocr_par' dir='ltr' id='par_1_32' title="bbox 393 2980 1966 3052">
     <span class='ocr_line' id='line_1_32' title="bbox 393 2980 1966 3052; baseline -0.012 -4"><span class='ocrx_word' id='word_1_202' title='bbox 393 3009 550 3049; x_wconf 90' lang='lat' dir='ltr'><strong>suum</strong></span> <span class='ocrx_word' id='word_1_203' title='bbox 578 2987 920 3043; x_wconf 85' lang='lat' dir='ltr'><strong>Tancrcdum</strong></span> <span class='ocrx_word' id='word_1_204' title='bbox 952 3000 1075 3040; x_wconf 89' lang='lat' dir='ltr'><strong>eum</strong></span> <span class='ocrx_word' id='word_1_205' title='bbox 1111 2984 1282 3052; x_wconf 84' lang='lat' dir='ltr'><strong>copiis</strong></span> <span class='ocrx_word' id='word_1_206' title='bbox 1315 2981 1383 3036; x_wconf 86' lang='lat' dir='ltr'><strong>ad</strong></span> <span class='ocrx_word' id='word_1_207' title='bbox 1430 2980 1751 3035; x_wconf 82' lang='lat' dir='ltr'><strong>Laodiceam</strong></span> <span class='ocrx_word' id='word_1_208' title='bbox 1795 2991 1966 3048; x_wconf 89' lang='lat' dir='ltr'><strong>oppu-</strong></span> 
     </span>
    </p>
   </div>
   <div class='ocr_carea' id='block_1_33' title="bbox 392 3070 1972 3156">
    <p class='ocr_par' dir='ltr' id='par_1_33' title="bbox 392 3070 1972 3156">
     <span class='ocr_line' id='line_1_33' title="bbox 392 3070 1972 3156; baseline -0.009 -17"><span class='ocrx_word' id='word_1_209' title='bbox 392 3084 667 3156; x_wconf 74' lang='lat' dir='ltr'><strong>gnandam</strong></span> <span class='ocrx_word' id='word_1_210' title='bbox 695 3081 865 3134; x_wconf 89' lang='lat' dir='ltr'><strong>misit.</strong></span> <span class='ocrx_word' id='word_1_211' title='bbox 896 3078 1132 3145; x_wconf 82' lang='lat' dir='ltr'><strong>Accepta</strong></span> <span class='ocrx_word' id='word_1_212' title='bbox 1163 3073 1430 3140; x_wconf 78' lang='lat' dir='ltr'><strong>Sangeles</strong></span> <span class='ocrx_word' id='word_1_213' title='bbox 1461 3073 1534 3126; x_wconf 90' lang='lat' dir='ltr'><strong>rei</strong></span> <span class='ocrx_word' id='word_1_214' title='bbox 1571 3071 1735 3133; x_wconf 80' lang='lat' dir='ltr'><strong>fama,</strong></span> <span class='ocrx_word' id='word_1_215' title='bbox 1770 3084 1835 3124; x_wconf 92' lang='lat' dir='ltr'><strong>eo</strong></span> <span class='ocrx_word' id='word_1_216' title='bbox 1854 3070 1972 3124; x_wconf 87' lang='lat' dir='ltr'><strong>sine</strong></span> 
     </span>
    </p>
   </div>
   <div class='ocr_carea' id='block_1_34' title="bbox 2064 573 3646 648">
    <p class='ocr_par' dir='ltr' id='par_1_34' title="bbox 2064 573 3646 648">
     <span class='ocr_line' id='line_1_34' title="bbox 2064 573 3646 648; baseline 0 -19"><span class='ocrx_word' id='word_1_217' title='bbox 2064 576 2331 646; x_wconf 74' lang='grc' dir='ltr'>ἐπισχεῖν.</span> <span class='ocrx_word' id='word_1_218' title='bbox 2389 573 2706 644; x_wconf 84' lang='grc' dir='ltr'>Τηνικαῦτα</span> <span class='ocrx_word' id='word_1_219' title='bbox 2747 575 2804 628; x_wconf 82' lang='grc' dir='ltr'>δὲ</span> <span class='ocrx_word' id='word_1_220' title='bbox 2854 575 2992 647; x_wconf 70' lang='grc' dir='ltr'>πρὸς</span> <span class='ocrx_word' id='word_1_221' title='bbox 3017 575 3362 648; x_wconf 72' lang='grc' dir='ltr'>τὸνβασιλέα</span> <span class='ocrx_word' id='word_1_222' title='bbox 3394 577 3464 630; x_wconf 74' lang='grc' dir='ltr'><strong>τὰ</strong></span> <span class='ocrx_word' id='word_1_223' title='bbox 3504 595 3646 643; x_wconf 86' lang='grc' dir='ltr'>συμ-</span> 
     </span>
    </p>
   </div>
   <div class='ocr_carea' id='block_1_35' title="bbox 2065 665 3643 742">
    <p class='ocr_par' dir='ltr' id='par_1_35' title="bbox 2065 665 3643 742">
     <span class='ocr_line' id='line_1_35' title="bbox 2065 665 3643 742; baseline 0.001 -21"><span class='ocrx_word' id='word_1_224' title='bbox 2065 668 2237 722; x_wconf 82' lang='grc' dir='ltr'>ϐάντα</span> <span class='ocrx_word' id='word_1_225' title='bbox 2269 667 2518 738; x_wconf 74' lang='grc' dir='ltr'>δηλώσας</span> <span class='ocrx_word' id='word_1_226' title='bbox 2547 669 2732 740; x_wconf 71' lang='grc' dir='ltr'>ᾐτεῖτο</span> <span class='ocrx_word' id='word_1_227' title='bbox 2776 665 3154 738; x_wconf 60' lang='grc' dir='ltr'>ἐρυμνότατον</span> <span class='ocrx_word' id='word_1_228' title='bbox 3209 669 3473 742; x_wconf 81' lang='grc' dir='ltr'>ὀχύρωμα</span> <span class='ocrx_word' id='word_1_229' title='bbox 3525 669 3643 732; x_wconf 71' lang='lat'><strong>(52)</strong></span> 
     </span>
    </p>
   </div>
   <div class='ocr_carea' id='block_1_36' title="bbox 2065 760 3648 832">
    <p class='ocr_par' dir='ltr' id='par_1_36' title="bbox 2065 760 3648 832">
     <span class='ocr_line' id='line_1_36' title="bbox 2065 760 3648 832; baseline 0 -17"><span class='ocrx_word' id='word_1_230' title='bbox 2065 760 2322 831; x_wconf 83' lang='grc' dir='ltr'>γενέσθαι</span> <span class='ocrx_word' id='word_1_231' title='bbox 2394 761 2502 831; x_wconf 82' lang='grc' dir='ltr'>πρὸ</span> <span class='ocrx_word' id='word_1_232' title='bbox 2559 762 2657 815; x_wconf 84' lang='grc' dir='ltr'>τοῦ</span> <span class='ocrx_word' id='word_1_233' title='bbox 2717 760 3046 814; x_wconf 83' lang='grc' dir='ltr'>καταλαϐεῖν</span> <span class='ocrx_word' id='word_1_234' title='bbox 3095 763 3205 817; x_wconf 82' lang='grc' dir='ltr'><strong>ἀπὸ</strong></span> <span class='ocrx_word' id='word_1_235' title='bbox 3256 762 3350 816; x_wconf 84' lang='grc' dir='ltr'><strong>τοῦ</strong></span> <span class='ocrx_word' id='word_1_236' title='bbox 3399 763 3648 832; x_wconf 80' lang='grc' dir='ltr'>Χοροσᾶν</span> 
     </span>
    </p>
   </div>
   <div class='ocr_carea' id='block_1_37' title="bbox 2063 853 3646 926">
    <p class='ocr_par' dir='ltr' id='par_1_37' title="bbox 2063 853 3646 926">
     <span class='ocr_line' id='line_1_37' title="bbox 2063 853 3646 926; baseline 0.002 -19"><span class='ocrx_word' id='word_1_237' title='bbox 2063 854 2328 924; x_wconf 83' lang='grc' dir='ltr'>δυνάμεις</span> <span class='ocrx_word' id='word_1_238' title='bbox 2361 853 2618 918; x_wconf 84' lang='grc' dir='ltr'>πλείονας</span> <span class='ocrx_word' id='word_1_239' title='bbox 2666 855 2762 907; x_wconf 76' lang='grc' dir='ltr'><strong>καὶ</strong></span> <span class='ocrx_word' id='word_1_240' title='bbox 2821 854 3312 922; x_wconf 80' lang='grc' dir='ltr'>καταγωνίσασθαι</span> <span class='ocrx_word' id='word_1_241' title='bbox 3361 856 3534 926; x_wconf 79' lang='grc' dir='ltr'>αὐτῆς</span> <span class='ocrx_word' id='word_1_242' title='bbox 3576 856 3646 910; x_wconf 78' lang='grc'><strong>⁸³.</strong></span> 
     </span>
    </p>
   </div>
   <div class='ocr_carea' id='block_1_38' title="bbox 2079 946 3646 1019">
    <p class='ocr_par' dir='ltr' id='par_1_38' title="bbox 2079 946 3646 1019">
     <span class='ocr_line' id='line_1_38' title="bbox 2079 946 3646 1019; baseline 0 -18"><span class='ocrx_word' id='word_1_243' title='bbox 2079 949 2138 1001; x_wconf 85' lang='lat'><strong>&#39;0</strong></span> <span class='ocrx_word' id='word_1_244' title='bbox 2169 947 2226 1000; x_wconf 80' lang='grc' dir='ltr'>δὲ</span> <span class='ocrx_word' id='word_1_245' title='bbox 2255 946 2507 1017; x_wconf 76' lang='grc' dir='ltr'>βασιλεὺς</span> <span class='ocrx_word' id='word_1_246' title='bbox 2534 947 2611 1016; x_wconf 81' lang='grc' dir='ltr'>τῷ</span> <span class='ocrx_word' id='word_1_247' title='bbox 2645 946 2801 999; x_wconf 79' lang='grc' dir='ltr'>δουκὶ</span> <span class='ocrx_word' id='word_1_248' title='bbox 2841 947 3070 1016; x_wconf 83' lang='grc' dir='ltr'>Κύπρου</span> <span class='ocrx_word' id='word_1_249' title='bbox 3118 948 3217 1019; x_wconf 77' lang='grc' dir='ltr'>τὴν</span> <span class='ocrx_word' id='word_1_250' title='bbox 3253 947 3350 1000; x_wconf 76' lang='grc' dir='ltr'><strong>τοῦ</strong></span> <span class='ocrx_word' id='word_1_251' title='bbox 3399 949 3646 1001; x_wconf 81' lang='grc' dir='ltr'>τοιούτου</span> 
     </span>
    </p>
   </div>
   <div class='ocr_carea' id='block_1_39' title="bbox 2070 1041 3644 1114">
    <p class='ocr_par' dir='ltr' id='par_1_39' title="bbox 2070 1041 3644 1114">
     <span class='ocr_line' id='line_1_39' title="bbox 2070 1041 3644 1114; baseline 0 -19"><span class='ocrx_word' id='word_1_252' title='bbox 2070 1041 2354 1114; x_wconf 79' lang='grc' dir='ltr'><strong>πολιχνίου</strong></span> <span class='ocrx_word' id='word_1_253' title='bbox 2391 1041 2572 1093; x_wconf 79' lang='grc' dir='ltr'><strong>κτίσιν</strong></span> <span class='ocrx_word' id='word_1_254' title='bbox 2607 1041 2854 1106; x_wconf 79' lang='grc' dir='ltr'>ἁνὲυετο,</span> <span class='ocrx_word' id='word_1_255' title='bbox 2895 1041 3210 1109; x_wconf 69' lang='grc' dir='ltr'>ἐπισκήψας</span> <span class='ocrx_word' id='word_1_256' title='bbox 3263 1041 3352 1094; x_wconf 75' lang='grc' dir='ltr'>ἵνα</span> <span class='ocrx_word' id='word_1_257' title='bbox 3412 1042 3499 1094; x_wconf 76' lang='grc' dir='ltr'><strong>διὰ</strong></span> <span class='ocrx_word' id='word_1_258' title='bbox 3549 1043 3644 1096; x_wconf 74' lang='grc' dir='ltr'>τοῦ</span> 
     </span>
    </p>
   </div>
   <div class='ocr_carea' id='block_1_40' title="bbox 2071 1133 3642 1206">
    <p class='ocr_par' dir='ltr' id='par_1_40' title="bbox 2071 1133 3642 1206">
     <span class='ocr_line' id='line_1_40' title="bbox 2071 1133 3642 1206; baseline -0.001 -18"><span class='ocrx_word' id='word_1_259' title='bbox 2071 1135 2262 1189; x_wconf 88' lang='grc' dir='ltr'>στόλου</span> <span class='ocrx_word' id='word_1_260' title='bbox 2317 1137 2498 1188; x_wconf 80' lang='grc' dir='ltr'>πάντα</span> <span class='ocrx_word' id='word_1_261' title='bbox 2537 1133 2607 1186; x_wconf 84' lang='grc' dir='ltr'>τὰ</span> <span class='ocrx_word' id='word_1_262' title='bbox 2636 1133 2959 1186; x_wconf 78' lang='grc' dir='ltr'>συνοίσοντα</span> <span class='ocrx_word' id='word_1_263' title='bbox 3002 1133 3212 1203; x_wconf 82' lang='grc' dir='ltr'>ταχέως</span> <span class='ocrx_word' id='word_1_264' title='bbox 3249 1134 3642 1206; x_wconf 78' lang='grc' dir='ltr'>ὲξαποστέλλῃ,</span> 
     </span>
    </p>
   </div>
   <div class='ocr_carea' id='block_1_41' title="bbox 2067 1225 3648 1295">
    <p class='ocr_par' dir='ltr' id='par_1_41' title="bbox 2067 1225 3648 1295">
     <span class='ocr_line' id='line_1_41' title="bbox 2067 1225 3648 1295; baseline 0.001 -17"><span class='ocrx_word' id='word_1_265' title='bbox 2067 1228 2162 1280; x_wconf 76' lang='grc' dir='ltr'>καὶ</span> <span class='ocrx_word' id='word_1_266' title='bbox 2191 1228 2318 1288; x_wconf 80' lang='grc' dir='ltr'>τοὺς</span> <span class='ocrx_word' id='word_1_267' title='bbox 2357 1225 2418 1279; x_wconf 84' lang='grc' dir='ltr'>τὸ</span> <span class='ocrx_word' id='word_1_268' title='bbox 2440 1225 2685 1278; x_wconf 83' lang='grc' dir='ltr'>τοιοῦτον</span> <span class='ocrx_word' id='word_1_269' title='bbox 2713 1226 2992 1295; x_wconf 86' lang='grc' dir='ltr'>πολίχνιον</span> <span class='ocrx_word' id='word_1_270' title='bbox 3023 1225 3511 1295; x_wconf 72' lang='grc' dir='ltr'>οἰκοδομήσοντας,</span> <span class='ocrx_word' id='word_1_271' title='bbox 3561 1227 3648 1294; x_wconf 77' lang='grc' dir='ltr'><strong>ἐφ’</strong></span> 
     </span>
    </p>
   </div>
   <div class='ocr_carea' id='block_1_42' title="bbox 2067 1319 3644 1389">
    <p class='ocr_par' dir='ltr' id='par_1_42' title="bbox 2067 1319 3644 1389">
     <span class='ocr_line' id='line_1_42' title="bbox 2067 1319 3644 1389; baseline 0.002 -17"><span class='ocrx_word' id='word_1_272' title='bbox 2067 1319 2127 1372; x_wconf 79' lang='grc' dir='ltr'>ὃν</span> <span class='ocrx_word' id='word_1_273' title='bbox 2156 1319 2222 1372; x_wconf 80' lang='grc' dir='ltr'>ἂν</span> <span class='ocrx_word' id='word_1_274' title='bbox 2257 1320 2286 1372; x_wconf 86' lang='grc' dir='ltr'>ὁ</span> <span class='ocrx_word' id='word_1_275' title='bbox 2327 1319 2610 1389; x_wconf 75' lang='grc' dir='ltr'>Σαγγέὶης</span> <span class='ocrx_word' id='word_1_276' title='bbox 2669 1319 2971 1383; x_wconf 81' lang='grc' dir='ltr'>ύποδείξειε</span> <span class='ocrx_word' id='word_1_277' title='bbox 3026 1319 3209 1372; x_wconf 80' lang='grc' dir='ltr'>τόπον.</span> <span class='ocrx_word' id='word_1_278' title='bbox 3247 1319 3445 1388; x_wconf 80' lang='grc' dir='ltr'><strong>Γέγονε</strong></span> <span class='ocrx_word' id='word_1_279' title='bbox 3489 1321 3644 1375; x_wconf 78' lang='grc' dir='ltr'>τοῦτο</span> 
     </span>
    </p>
   </div>
   <div class='ocr_carea' id='block_1_43' title="bbox 2067 1413 3649 1486">
    <p class='ocr_par' dir='ltr' id='par_1_43' title="bbox 2067 1413 3649 1486">
     <span class='ocr_line' id='line_1_43' title="bbox 2067 1413 3649 1486; baseline 0.001 -20"><span class='ocrx_word' id='word_1_280' title='bbox 2067 1414 2230 1475; x_wconf 73' lang='grc' dir='ltr'>τὲως.</span> <span class='ocrx_word' id='word_1_281' title='bbox 2269 1414 2379 1467; x_wconf 74' lang='grc' dir='ltr'><strong>Καὶ</strong></span> <span class='ocrx_word' id='word_1_282' title='bbox 2415 1415 2443 1467; x_wconf 87' lang='grc' dir='ltr'>ὁ</span> <span class='ocrx_word' id='word_1_283' title='bbox 2471 1415 2572 1484; x_wconf 86' lang='grc' dir='ltr'>μὲν</span> <span class='ocrx_word' id='word_1_284' title='bbox 2598 1414 2884 1484; x_wconf 83' lang='grc' dir='ltr'>Σαγγέλης</span> <span class='ocrx_word' id='word_1_285' title='bbox 2917 1413 3120 1477; x_wconf 82' lang='grc' dir='ltr'>ἔξωθεν</span> <span class='ocrx_word' id='word_1_286' title='bbox 3177 1415 3280 1478; x_wconf 78' lang='grc' dir='ltr'>τῆς</span> <span class='ocrx_word' id='word_1_287' title='bbox 3327 1414 3649 1486; x_wconf 84' lang='grc' dir='ltr'>Τριπόλεως</span> 
     </span>
    </p>
   </div>
   <div class='ocr_carea' id='block_1_44' title="bbox 2070 1506 3646 1579">
    <p class='ocr_par' dir='ltr' id='par_1_44' title="bbox 2070 1506 3646 1579">
     <span class='ocr_line' id='line_1_44' title="bbox 2070 1506 3646 1579; baseline 0.001 -21"><span class='ocrx_word' id='word_1_288' title='bbox 2070 1507 2710 1576; x_wconf 75' lang='grc' dir='ltr'><strong>στρατοπεδευσάμενος,</strong></span> <span class='ocrx_word' id='word_1_289' title='bbox 2745 1507 2925 1560; x_wconf 79' lang='grc' dir='ltr'>πάντα</span> <span class='ocrx_word' id='word_1_290' title='bbox 2955 1506 3137 1560; x_wconf 82' lang='grc' dir='ltr'>κάλων</span> <span class='ocrx_word' id='word_1_291' title='bbox 3185 1508 3351 1560; x_wconf 85' lang='grc' dir='ltr'>κινῶν</span> <span class='ocrx_word' id='word_1_292' title='bbox 3384 1510 3513 1578; x_wconf 73' lang='grc' dir='ltr'>περὶ</span> <span class='ocrx_word' id='word_1_293' title='bbox 3545 1509 3646 1579; x_wconf 74' lang='grc' dir='ltr'>τὴν</span> 
     </span>
    </p>
   </div>
   <div class='ocr_carea' id='block_1_45' title="bbox 2066 1599 3643 1670">
    <p class='ocr_par' dir='ltr' id='par_1_45' title="bbox 2066 1599 3643 1670">
     <span class='ocr_line' id='line_1_45' title="bbox 2066 1599 3643 1670; baseline -0.001 -18"><span class='ocrx_word' id='word_1_294' title='bbox 2066 1599 2277 1670; x_wconf 82' lang='grc' dir='ltr'><strong>ταύτης</strong></span> <span class='ocrx_word' id='word_1_295' title='bbox 2303 1600 2527 1664; x_wconf 77' lang='grc' dir='ltr'>ἅλωσιν,</span> <span class='ocrx_word' id='word_1_296' title='bbox 2559 1599 2657 1652; x_wconf 78' lang='grc' dir='ltr'>οὐκ</span> <span class='ocrx_word' id='word_1_297' title='bbox 2684 1599 2940 1657; x_wconf 83' lang='grc' dir='ltr'>ἐνεδίδου.</span> <span class='ocrx_word' id='word_1_298' title='bbox 2988 1600 3046 1652; x_wconf 87' lang='lat'><strong>&#39;0</strong></span> <span class='ocrx_word' id='word_1_299' title='bbox 3084 1600 3142 1653; x_wconf 77' lang='grc' dir='ltr'>δέ</span> <span class='ocrx_word' id='word_1_300' title='bbox 3186 1617 3248 1668; x_wconf 87' lang='grc' dir='ltr'><strong>γε</strong></span> <span class='ocrx_word' id='word_1_301' title='bbox 3282 1601 3643 1669; x_wconf 74' lang='grc' dir='ltr'>Βαῖμοῦντοτ,</span> 
     </span>
    </p>
   </div>
   <div class='ocr_carea' id='block_1_46' title="bbox 2069 1691 3648 1762">
    <p class='ocr_par' dir='ltr' id='par_1_46' title="bbox 2069 1691 3648 1762">
     <span class='ocr_line' id='line_1_46' title="bbox 2069 1691 3648 1762; baseline 0.001 -18"><span class='ocrx_word' id='word_1_302' title='bbox 2069 1691 2170 1761; x_wconf 82' lang='grc' dir='ltr'>τὴν</span> <span class='ocrx_word' id='word_1_303' title='bbox 2232 1694 2328 1744; x_wconf 81' lang='grc' dir='ltr'><strong>τοῦ</strong></span> <span class='ocrx_word' id='word_1_304' title='bbox 2377 1691 2780 1762; x_wconf 79' lang='grc' dir='ltr'>Τζιντζιλούκη</span> <span class='ocrx_word' id='word_1_305' title='bbox 2835 1692 3140 1745; x_wconf 83' lang='grc' dir='ltr'>είσέλευσιν</span> <span class='ocrx_word' id='word_1_306' title='bbox 3192 1695 3270 1755; x_wconf 87' lang='grc' dir='ltr'><strong>είς</strong></span> <span class='ocrx_word' id='word_1_307' title='bbox 3323 1693 3648 1747; x_wconf 76' lang='grc' dir='ltr'>Λαοδίκειαν</span> 
     </span>
    </p>
   </div>
   <div class='ocr_carea' id='block_1_47' title="bbox 2073 1782 3648 1855">
    <p class='ocr_par' dir='ltr' id='par_1_47' title="bbox 2073 1782 3648 1855">
     <span class='ocr_line' id='line_1_47' title="bbox 2073 1782 3648 1855; baseline 0.001 -20"><span class='ocrx_word' id='word_1_308' title='bbox 2073 1782 2438 1854; x_wconf 86' lang='grc' dir='ltr'>μεμαθηκὼς,</span> <span class='ocrx_word' id='word_1_309' title='bbox 2471 1784 2571 1854; x_wconf 75' lang='grc' dir='ltr'>τὴν</span> <span class='ocrx_word' id='word_1_310' title='bbox 2606 1784 2810 1854; x_wconf 77' lang='grc' dir='ltr'>ἔχθραν</span> <span class='ocrx_word' id='word_1_311' title='bbox 2834 1786 2904 1855; x_wconf 74' lang='grc' dir='ltr'>ἢν</span> <span class='ocrx_word' id='word_1_312' title='bbox 2929 1784 3103 1838; x_wconf 80' lang='grc' dir='ltr'>πάλαι</span> <span class='ocrx_word' id='word_1_313' title='bbox 3143 1785 3284 1837; x_wconf 80' lang='grc' dir='ltr'>κατὰ</span> <span class='ocrx_word' id='word_1_314' title='bbox 3316 1783 3408 1837; x_wconf 80' lang='grc' dir='ltr'>τοῦ</span> <span class='ocrx_word' id='word_1_315' title='bbox 3485 1787 3648 1838; x_wconf 82' lang='grc' dir='ltr'>αύτο-</span> 
     </span>
    </p>
   </div>
   <div class='ocr_carea' id='block_1_48' title="bbox 2069 1871 3645 1948">
    <p class='ocr_par' dir='ltr' id='par_1_48' title="bbox 2069 1871 3645 1948">
     <span class='ocr_line' id='line_1_48' title="bbox 2069 1871 3645 1948; baseline 0.001 -20"><span class='ocrx_word' id='word_1_316' title='bbox 2069 1876 2339 1948; x_wconf 81' lang='grc' dir='ltr'>κρὰτορος</span> <span class='ocrx_word' id='word_1_317' title='bbox 2377 1877 2766 1946; x_wconf 81' lang='grc' dir='ltr'>ὲγκυμονήσας</span> <span class='ocrx_word' id='word_1_318' title='bbox 2794 1871 2939 1946; x_wconf 76' lang='grc' dir='ltr'>εἶχεν</span> <span class='ocrx_word' id='word_1_319' title='bbox 2976 1877 3056 1939; x_wconf 81' lang='grc' dir='ltr'><strong>εἰς</strong></span> <span class='ocrx_word' id='word_1_320' title='bbox 3089 1877 3400 1945; x_wconf 79' lang='grc' dir='ltr'>τούμφανὲς</span> <span class='ocrx_word' id='word_1_321' title='bbox 3439 1877 3645 1944; x_wconf 80' lang='grc' dir='ltr'>ἐξαγα-</span> 
     </span>
    </p>
   </div>
   <div class='ocr_carea' id='block_1_49' title="bbox 2069 1967 3644 2040">
    <p class='ocr_par' dir='ltr' id='par_1_49' title="bbox 2069 1967 3644 2040">
     <span class='ocr_line' id='line_1_49' title="bbox 2069 1967 3644 2040; baseline 0 -20"><span class='ocrx_word' id='word_1_322' title='bbox 2069 1967 2181 2036; x_wconf 86' lang='grc' dir='ltr'>γὼν</span> <span class='ocrx_word' id='word_1_323' title='bbox 2212 1969 2351 2038; x_wconf 81' lang='grc' dir='ltr'>μετὰ</span> <span class='ocrx_word' id='word_1_324' title='bbox 2379 1968 2664 2037; x_wconf 78' lang='grc' dir='ltr'>δυνάμεως</span> <span class='ocrx_word' id='word_1_325' title='bbox 2696 1967 3037 2040; x_wconf 83' lang='grc' dir='ltr'><strong>ἀποχρώσης</strong></span> <span class='ocrx_word' id='word_1_326' title='bbox 3081 1969 3172 2022; x_wconf 85' lang='grc' dir='ltr'>τὸν</span> <span class='ocrx_word' id='word_1_327' title='bbox 3213 1970 3430 2038; x_wconf 67' lang='grc' dir='ltr'>ἀνεψιὸν</span> <span class='ocrx_word' id='word_1_328' title='bbox 3479 1969 3644 2022; x_wconf 74' lang='grc' dir='ltr'>αὐτού</span> 
     </span>
    </p>
   </div>
   <div class='ocr_carea' id='block_1_50' title="bbox 2069 2059 3646 2131">
    <p class='ocr_par' dir='ltr' id='par_1_50' title="bbox 2069 2059 3646 2131">
     <span class='ocr_line' id='line_1_50' title="bbox 2069 2059 3646 2131; baseline 0.003 -21"><span class='ocrx_word' id='word_1_329' title='bbox 2069 2059 2290 2130; x_wconf 87' lang='grc' dir='ltr'>Ταγγρὲ</span> <span class='ocrx_word' id='word_1_330' title='bbox 2318 2059 2464 2113; x_wconf 83' lang='grc' dir='ltr'>κατά</span> <span class='ocrx_word' id='word_1_331' title='bbox 2494 2060 2592 2128; x_wconf 85' lang='grc' dir='ltr'>τῆς</span> <span class='ocrx_word' id='word_1_332' title='bbox 2630 2061 2955 2123; x_wconf 77' lang='grc' dir='ltr'>Λαοδικείας</span> <span class='ocrx_word' id='word_1_333' title='bbox 2991 2061 3102 2128; x_wconf 77' lang='lat'><strong>(53)</strong></span> <span class='ocrx_word' id='word_1_334' title='bbox 3137 2061 3415 2131; x_wconf 76' lang='grc' dir='ltr'><strong>ἐκπέμπει</strong></span> <span class='ocrx_word' id='word_1_335' title='bbox 3444 2061 3646 2131; x_wconf 84' lang='grc' dir='ltr'>ταύτην</span> 
     </span>
    </p>
   </div>
   <div class='ocr_carea' id='block_1_51' title="bbox 2071 2151 3641 2222">
    <p class='ocr_par' dir='ltr' id='par_1_51' title="bbox 2071 2151 3641 2222">
     <span class='ocr_line' id='line_1_51' title="bbox 2071 2151 3641 2222; baseline -0.002 -20"><span class='ocrx_word' id='word_1_336' title='bbox 2071 2151 2528 2222; x_wconf 69' lang='grc' dir='ltr'>πολιορκήσαντα.</span> <span class='ocrx_word' id='word_1_337' title='bbox 2551 2151 2664 2221; x_wconf 81' lang='grc' dir='ltr'>Τῆς</span> <span class='ocrx_word' id='word_1_338' title='bbox 2685 2151 2742 2203; x_wconf 79' lang='grc' dir='ltr'>δὲ</span> <span class='ocrx_word' id='word_1_339' title='bbox 2765 2153 2895 2222; x_wconf 75' lang='grc' dir='ltr'>περὶ</span> <span class='ocrx_word' id='word_1_340' title='bbox 2927 2153 3116 2204; x_wconf 83' lang='grc' dir='ltr'>τούτου</span> <span class='ocrx_word' id='word_1_341' title='bbox 3147 2156 3333 2222; x_wconf 78' lang='grc' dir='ltr'>φήμης</span> <span class='ocrx_word' id='word_1_342' title='bbox 3365 2153 3528 2222; x_wconf 79' lang='grc' dir='ltr'>μέχρι</span> <span class='ocrx_word' id='word_1_343' title='bbox 3555 2153 3641 2204; x_wconf 72' lang='grc' dir='ltr'>καὶ</span> 
     </span>
    </p>
   </div>
   <div class='ocr_carea' id='block_1_52' title="bbox 2069 2243 3642 2313">
    <p class='ocr_par' dir='ltr' id='par_1_52' title="bbox 2069 2243 3642 2313">
     <span class='ocr_line' id='line_1_52' title="bbox 2069 2243 3642 2313; baseline 0.001 -17"><span class='ocrx_word' id='word_1_344' title='bbox 2069 2245 2129 2306; x_wconf 77' lang='grc' dir='ltr'>ἐς</span> <span class='ocrx_word' id='word_1_345' title='bbox 2159 2244 2256 2306; x_wconf 82' lang='grc' dir='ltr'><strong>τὰς</strong></span> <span class='ocrx_word' id='word_1_346' title='bbox 2301 2244 2399 2296; x_wconf 79' lang='grc' dir='ltr'><strong>τού</strong></span> <span class='ocrx_word' id='word_1_347' title='bbox 2454 2243 2706 2312; x_wconf 79' lang='grc' dir='ltr'>Σαγγέλη</span> <span class='ocrx_word' id='word_1_348' title='bbox 2759 2243 3171 2313; x_wconf 83' lang='grc' dir='ltr'>διαδραμούσης</span> <span class='ocrx_word' id='word_1_349' title='bbox 3229 2245 3422 2308; x_wconf 80' lang='grc' dir='ltr'>ἀκοὰς,</span> <span class='ocrx_word' id='word_1_350' title='bbox 3483 2244 3642 2306; x_wconf 72' lang='grc' dir='ltr'>εὐθὺς</span> 
     </span>
    </p>
   </div>
   <div class='ocr_carea' id='block_1_53' title="bbox 2073 2332 3641 2407">
    <p class='ocr_par' dir='ltr' id='par_1_53' title="bbox 2073 2332 3641 2407">
     <span class='ocr_line' id='line_1_53' title="bbox 2073 2332 3641 2407; baseline 0.001 -20"><span class='ocrx_word' id='word_1_351' title='bbox 2073 2335 2212 2406; x_wconf 76' lang='grc' dir='ltr'>μηδὲ</span> <span class='ocrx_word' id='word_1_352' title='bbox 2244 2337 2442 2406; x_wconf 83' lang='grc' dir='ltr'>μικρόν</span> <span class='ocrx_word' id='word_1_353' title='bbox 2477 2353 2533 2390; x_wconf 90' lang='grc' dir='ltr'><strong>τι</strong></span> <span class='ocrx_word' id='word_1_354' title='bbox 2593 2335 2868 2407; x_wconf 78' lang='grc' dir='ltr'>μελλήσας</span> <span class='ocrx_word' id='word_1_355' title='bbox 2912 2332 3066 2400; x_wconf 71' lang='grc' dir='ltr'>οὗτος</span> <span class='ocrx_word' id='word_1_356' title='bbox 3109 2336 3517 2406; x_wconf 83' lang='grc' dir='ltr'>καταλαμϐάνει</span> <span class='ocrx_word' id='word_1_357' title='bbox 3554 2336 3641 2406; x_wconf 66' lang='lat' dir='ltr'><strong>rip</strong></span> 
     </span>
    </p>
   </div>
   <div class='ocr_carea' id='block_1_54' title="bbox 2069 2427 3640 2501">
    <p class='ocr_par' dir='ltr' id='par_1_54' title="bbox 2069 2427 3640 2501">
     <span class='ocr_line' id='line_1_54' title="bbox 2069 2427 3640 2501; baseline 0 -19"><span class='ocrx_word' id='word_1_358' title='bbox 2069 2427 2426 2491; x_wconf 84' lang='grc' dir='ltr'>Λαοδίκειαν,</span> <span class='ocrx_word' id='word_1_359' title='bbox 2460 2428 2556 2483; x_wconf 78' lang='grc' dir='ltr'>καὶ</span> <span class='ocrx_word' id='word_1_360' title='bbox 2587 2429 2781 2498; x_wconf 84' lang='grc' dir='ltr'>λόγους</span> <span class='ocrx_word' id='word_1_361' title='bbox 2833 2431 3068 2501; x_wconf 86' lang='grc' dir='ltr'>συνείρει</span> <span class='ocrx_word' id='word_1_362' title='bbox 3104 2429 3240 2499; x_wconf 73' lang='grc' dir='ltr'>πρὸς</span> <span class='ocrx_word' id='word_1_363' title='bbox 3285 2430 3378 2483; x_wconf 80' lang='grc' dir='ltr'>τὸν</span> <span class='ocrx_word' id='word_1_364' title='bbox 3430 2431 3640 2500; x_wconf 84' lang='grc' dir='ltr'>Ταγγρέ</span> 
     </span>
    </p>
   </div>
   <div class='ocr_carea' id='block_1_55' title="bbox 2069 2521 3639 2592">
    <p class='ocr_par' dir='ltr' id='par_1_55' title="bbox 2069 2521 3639 2592">
     <span class='ocr_line' id='line_1_55' title="bbox 2069 2521 3639 2592; baseline 0.001 -18"><span class='ocrx_word' id='word_1_365' title='bbox 2069 2522 2158 2574; x_wconf 79' lang='grc' dir='ltr'><strong>διὰ</strong></span> <span class='ocrx_word' id='word_1_366' title='bbox 2192 2523 2467 2574; x_wconf 87' lang='grc' dir='ltr'>παντοίων</span> <span class='ocrx_word' id='word_1_367' title='bbox 2524 2521 2702 2590; x_wconf 82' lang='grc' dir='ltr'>λόγων</span> <span class='ocrx_word' id='word_1_368' title='bbox 2762 2521 3156 2592; x_wconf 87' lang='grc' dir='ltr'>συμϐουλεύων</span> <span class='ocrx_word' id='word_1_369' title='bbox 3186 2522 3336 2590; x_wconf 65' lang='grc' dir='ltr'>αὖτῴ</span> <span class='ocrx_word' id='word_1_370' title='bbox 3391 2525 3493 2592; x_wconf 77' lang='grc' dir='ltr'><strong>τῆς</strong></span> <span class='ocrx_word' id='word_1_371' title='bbox 3548 2522 3639 2575; x_wconf 66' lang='grc' dir='ltr'>τοῦ</span> 
     </span>
    </p>
   </div>
   <div class='ocr_carea' id='block_1_56' title="bbox 2071 2613 3648 2686">
    <p class='ocr_par' dir='ltr' id='par_1_56' title="bbox 2071 2613 3648 2686">
     <span class='ocr_line' id='line_1_56' title="bbox 2071 2613 3648 2686; baseline 0 -20"><span class='ocrx_word' id='word_1_372' title='bbox 2071 2613 2311 2683; x_wconf 84' lang='grc' dir='ltr'>κὰστρου</span> <span class='ocrx_word' id='word_1_373' title='bbox 2343 2613 2662 2686; x_wconf 82' lang='grc' dir='ltr'>πολιορκίας</span> <span class='ocrx_word' id='word_1_374' title='bbox 2691 2613 3052 2682; x_wconf 74' lang='grc' dir='ltr'>ἀποσχέσθαι.</span> <span class='ocrx_word' id='word_1_375' title='bbox 3099 2614 3186 2676; x_wconf 82' lang='grc' dir='ltr'>Ὦς</span> <span class='ocrx_word' id='word_1_376' title='bbox 3208 2614 3263 2666; x_wconf 84' lang='grc' dir='ltr'>δὲ</span> <span class='ocrx_word' id='word_1_377' title='bbox 3293 2613 3466 2666; x_wconf 80' lang='grc' dir='ltr'>πολλὰ</span> <span class='ocrx_word' id='word_1_378' title='bbox 3529 2614 3648 2683; x_wconf 85' lang='grc' dir='ltr'>μετ’</span> 
     </span>
    </p>
   </div>
   <div class='ocr_carea' id='block_1_57' title="bbox 2072 2707 3648 2778">
    <p class='ocr_par' dir='ltr' id='par_1_57' title="bbox 2072 2707 3648 2778">
     <span class='ocr_line' id='line_1_57' title="bbox 2072 2707 3648 2778; baseline -0.001 -17"><span class='ocrx_word' id='word_1_379' title='bbox 2072 2708 2238 2761; x_wconf 81' lang='grc' dir='ltr'>αὐτοῦ</span> <span class='ocrx_word' id='word_1_380' title='bbox 2280 2708 2768 2777; x_wconf 86' lang='grc' dir='ltr'>κοινολογούμενος</span> <span class='ocrx_word' id='word_1_381' title='bbox 2816 2709 3126 2777; x_wconf 82' lang='grc' dir='ltr'>καταπειθῆ</span> <span class='ocrx_word' id='word_1_382' title='bbox 3183 2709 3374 2761; x_wconf 69' lang='grc' dir='ltr'>τοῦτον</span> <span class='ocrx_word' id='word_1_383' title='bbox 3420 2711 3514 2778; x_wconf 70' lang='grc' dir='ltr'><strong>οὐχ</strong></span> <span class='ocrx_word' id='word_1_384' title='bbox 3557 2707 3648 2760; x_wconf 74' lang='grc' dir='ltr'><strong>εὖ-</strong></span> 
     </span>
    </p>
   </div>
   <div class='ocr_carea' id='block_1_58' title="bbox 2073 2799 3643 2872">
    <p class='ocr_par' dir='ltr' id='par_1_58' title="bbox 2073 2799 3643 2872">
     <span class='ocr_line' id='line_1_58' title="bbox 2073 2799 3643 2872; baseline 0.001 -20"><span class='ocrx_word' id='word_1_385' title='bbox 2073 2817 2283 2871; x_wconf 85' lang='grc' dir='ltr'>ρισκεν,</span> <span class='ocrx_word' id='word_1_386' title='bbox 2339 2801 2453 2852; x_wconf 72' lang='grc' dir='ltr'>ἀλλ’</span> <span class='ocrx_word' id='word_1_387' title='bbox 2503 2801 2769 2870; x_wconf 81' lang='grc' dir='ltr'>ἄντικρυς</span> <span class='ocrx_word' id='word_1_388' title='bbox 2807 2801 2955 2872; x_wconf 79' lang='grc' dir='ltr'>ᾅδειν</span> <span class='ocrx_word' id='word_1_389' title='bbox 3012 2801 3188 2854; x_wconf 78' lang='grc' dir='ltr'>ἐδόκει</span> <span class='ocrx_word' id='word_1_390' title='bbox 3264 2800 3412 2870; x_wconf 85' lang='grc' dir='ltr'>παρὰ</span> <span class='ocrx_word' id='word_1_391' title='bbox 3455 2799 3643 2870; x_wconf 66' lang='grc' dir='ltr'>κωςῷ,</span> 
     </span>
    </p>
   </div>
   <div class='ocr_carea' id='block_1_59' title="bbox 2073 2888 3649 2962">
    <p class='ocr_par' dir='ltr' id='par_1_59' title="bbox 2073 2888 3649 2962">
     <span class='ocr_line' id='line_1_59' title="bbox 2073 2888 3649 2962; baseline -0.002 -17"><span class='ocrx_word' id='word_1_392' title='bbox 2073 2891 2286 2946; x_wconf 79' lang='grc' dir='ltr'>ἐκεῖθεν</span> <span class='ocrx_word' id='word_1_393' title='bbox 2311 2893 2719 2962; x_wconf 80' lang='grc' dir='ltr'>παλινοστήσας</span> <span class='ocrx_word' id='word_1_394' title='bbox 2741 2892 3163 2960; x_wconf 77' lang='grc' dir='ltr'>καταλαμϐάνει</span> <span class='ocrx_word' id='word_1_395' title='bbox 3192 2888 3351 2955; x_wconf 81' lang='grc' dir='ltr'>αὖθις</span> <span class='ocrx_word' id='word_1_396' title='bbox 3377 2893 3473 2962; x_wconf 78' lang='grc' dir='ltr'>τὴν</span> <span class='ocrx_word' id='word_1_397' title='bbox 3514 2893 3649 2962; x_wconf 88' lang='grc' dir='ltr'>Τρί-</span> 
     </span>
    </p>
   </div>
   <div class='ocr_carea' id='block_1_60' title="bbox 2074 2984 3641 3056">
    <p class='ocr_par' dir='ltr' id='par_1_60' title="bbox 2074 2984 3641 3056">
     <span class='ocr_line' id='line_1_60' title="bbox 2074 2984 3641 3056; baseline -0.002 -17"><span class='ocrx_word' id='word_1_398' title='bbox 2074 2985 2234 3039; x_wconf 83' lang='grc' dir='ltr'>πολιν</span> <span class='ocrx_word' id='word_1_399' title='bbox 2261 3005 2276 3020; x_wconf 89' lang='grc'><strong>·</strong></span> <span class='ocrx_word' id='word_1_400' title='bbox 2313 2987 2522 3047; x_wconf 80' lang='grc' dir='ltr'>ἐκεῖνος</span> <span class='ocrx_word' id='word_1_401' title='bbox 2571 2984 2626 3037; x_wconf 87' lang='grc' dir='ltr'>δὲ</span> <span class='ocrx_word' id='word_1_402' title='bbox 2661 2984 2990 3037; x_wconf 83' lang='grc' dir='ltr'>οὐδοποσοῦν</span> <span class='ocrx_word' id='word_1_403' title='bbox 3021 2985 3119 3052; x_wconf 85' lang='grc' dir='ltr'>τῆς</span> <span class='ocrx_word' id='word_1_404' title='bbox 3167 2985 3485 3056; x_wconf 72' lang='grc' dir='ltr'>πολιορκίας</span> <span class='ocrx_word' id='word_1_405' title='bbox 3534 2985 3641 3052; x_wconf 71' lang='grc' dir='ltr'><strong>ἁφ-</strong></span> 
     </span>
    </p>
   </div>
   <div class='ocr_carea' id='block_1_61' title="bbox 2077 3074 3651 3150">
    <p class='ocr_par' dir='ltr' id='par_1_61' title="bbox 2077 3074 3651 3150">
     <span class='ocr_line' id='line_1_61' title="bbox 2077 3074 3651 3150; baseline -0.001 -18"><span class='ocrx_word' id='word_1_406' title='bbox 2077 3079 2282 3133; x_wconf 84' lang='grc' dir='ltr'>ίστατο.</span> <span class='ocrx_word' id='word_1_407' title='bbox 2337 3079 2483 3133; x_wconf 85' lang='grc' dir='ltr'>ἰδὼν</span> <span class='ocrx_word' id='word_1_408' title='bbox 2511 3074 2604 3132; x_wconf 85' lang='grc' dir='ltr'>οὖν</span> <span class='ocrx_word' id='word_1_409' title='bbox 2653 3081 2680 3132; x_wconf 85' lang='grc' dir='ltr'>ὁ</span> <span class='ocrx_word' id='word_1_410' title='bbox 2712 3078 3148 3149; x_wconf 77' lang='grc' dir='ltr'>Τζιντζιλούκης</span> <span class='ocrx_word' id='word_1_411' title='bbox 3177 3081 3276 3150; x_wconf 78' lang='grc' dir='ltr'>τὴν</span> <span class='ocrx_word' id='word_1_412' title='bbox 3328 3081 3506 3149; x_wconf 75' lang='grc' dir='ltr'>ὁρμὴν</span> <span class='ocrx_word' id='word_1_413' title='bbox 3558 3077 3651 3131; x_wconf 75' lang='grc' dir='ltr'>τοῦ</span> 
     </span>
    </p>
   </div>
   <div class='ocr_carea' id='block_1_62' title="bbox 393 3169 1970 3245">
    <p class='ocr_par' dir='ltr' id='par_1_62' title="bbox 393 3169 1969 3242">
     <span class='ocr_line' id='line_1_62' title="bbox 393 3169 1969 3242; baseline -0.012 -10"><span class='ocrx_word' id='word_1_414' title='bbox 393 3191 545 3232; x_wconf 88' lang='lat' dir='ltr'><strong>mora</strong></span> <span class='ocrx_word' id='word_1_415' title='bbox 574 3180 850 3242; x_wconf 86' lang='lat' dir='ltr'><strong>preperat,</strong></span> <span class='ocrx_word' id='word_1_416' title='bbox 891 3169 1162 3236; x_wconf 77' lang='lat' dir='ltr'><strong>longoque</strong></span> <span class='ocrx_word' id='word_1_417' title='bbox 1196 3175 1252 3220; x_wconf 91' lang='lat' dir='ltr'><strong>et</strong></span> <span class='ocrx_word' id='word_1_418' title='bbox 1277 3173 1532 3218; x_wconf 86' lang='lat' dir='ltr'><strong>accurato</strong></span> <span class='ocrx_word' id='word_1_419' title='bbox 1574 3175 1827 3216; x_wconf 87' lang='lat' dir='ltr'><strong>sermone</strong></span> <span class='ocrx_word' id='word_1_420' title='bbox 1875 3174 1969 3229; x_wconf 70' lang='lat' dir='ltr'><strong>ag-</strong></span> 
     </span>
    </p>
   </div>
   <div class='ocr_carea' id='block_1_63' title="bbox 2074 3169 3654 3245">
    <p class='ocr_par' dir='ltr' id='par_1_63' title="bbox 2077 3169 3654 3241">
     <span class='ocr_line' id='line_1_63' title="bbox 2077 3169 3654 3241; baseline -0.001 -19"><span class='ocrx_word' id='word_1_421' title='bbox 2077 3169 2322 3240; x_wconf 77' lang='grc' dir='ltr'>Ταγγρὲ,</span> <span class='ocrx_word' id='word_1_422' title='bbox 2355 3171 2449 3224; x_wconf 71' lang='grc' dir='ltr'>καὶ</span> <span class='ocrx_word' id='word_1_423' title='bbox 2477 3171 2552 3233; x_wconf 88' lang='grc' dir='ltr'>ὼς</span> <span class='ocrx_word' id='word_1_424' title='bbox 2581 3171 2640 3222; x_wconf 87' lang='grc' dir='ltr'>ὲν</span> <span class='ocrx_word' id='word_1_425' title='bbox 2670 3170 2844 3241; x_wconf 81' lang='grc' dir='ltr'>στενῷ</span> <span class='ocrx_word' id='word_1_426' title='bbox 2875 3171 2941 3224; x_wconf 77' lang='grc' dir='ltr'>τὰ</span> <span class='ocrx_word' id='word_1_427' title='bbox 2970 3173 3091 3224; x_wconf 83' lang='grc' dir='ltr'>κατ’</span> <span class='ocrx_word' id='word_1_428' title='bbox 3137 3172 3300 3224; x_wconf 76' lang='grc' dir='ltr'>αὑτὸν</span> <span class='ocrx_word' id='word_1_429' title='bbox 3329 3171 3654 3224; x_wconf 80' lang='grc' dir='ltr'>συνελαύνε-</span> 
     </span>
    </p>
   </div>
   <div class='ocr_carea' id='block_1_64' title="bbox 392 3257 1971 3339">
    <p class='ocr_par' dir='ltr' id='par_1_64' title="bbox 392 3257 1971 3339">
     <span class='ocr_line' id='line_1_64' title="bbox 392 3257 1971 3339; baseline -0.006 -18"><span class='ocrx_word' id='word_1_430' title='bbox 392 3283 613 3339; x_wconf 72' lang='lat' dir='ltr'><strong>gressus</strong></span> <span class='ocrx_word' id='word_1_431' title='bbox 642 3263 910 3319; x_wconf 74' lang='lat' dir='ltr'><strong>Tancreili</strong></span> <span class='ocrx_word' id='word_1_432' title='bbox 946 3262 1187 3314; x_wconf 88' lang='lat' dir='ltr'><strong>animum</strong></span> <span class='ocrx_word' id='word_1_433' title='bbox 1244 3260 1537 3326; x_wconf 86' lang='lat' dir='ltr'><strong>impetrare</strong></span> <span class='ocrx_word' id='word_1_434' title='bbox 1569 3271 1846 3326; x_wconf 86' lang='lat' dir='ltr'><strong>nunquam</strong></span> <span class='ocrx_word' id='word_1_435' title='bbox 1903 3257 1971 3311; x_wconf 91' lang='lat' dir='ltr'><strong>ab</strong></span> 
     </span>
    </p>
   </div>
   <div class='ocr_carea' id='block_1_65' title="bbox 392 3345 1971 3430">
    <p class='ocr_par' dir='ltr' id='par_1_65' title="bbox 392 3345 1971 3430">
     <span class='ocr_line' id='line_1_65' title="bbox 392 3345 1971 3430; baseline -0.01 -15"><span class='ocrx_word' id='word_1_436' title='bbox 392 3376 457 3415; x_wconf 91' lang='lat' dir='ltr'><strong>eo</strong></span> <span class='ocrx_word' id='word_1_437' title='bbox 487 3359 683 3430; x_wconf 85' lang='lat' dir='ltr'><strong>putuit,</strong></span> <span class='ocrx_word' id='word_1_438' title='bbox 717 3367 773 3408; x_wconf 90' lang='lat' dir='ltr'><strong>ut</strong></span> <span class='ocrx_word' id='word_1_439' title='bbox 804 3354 998 3422; x_wconf 69' lang='lat' dir='ltr'><strong>emptis</strong></span> <span class='ocrx_word' id='word_1_440' title='bbox 1033 3352 1326 3411; x_wconf 87' lang='lat' dir='ltr'><strong>absistens,</strong></span> <span class='ocrx_word' id='word_1_441' title='bbox 1376 3349 1696 3403; x_wconf 85' lang='lat' dir='ltr'><strong>Laodiceam</strong></span> <span class='ocrx_word' id='word_1_442' title='bbox 1731 3345 1971 3401; x_wconf 83' lang='lat' dir='ltr'><strong>Tziutzi-</strong></span> 
     </span>
    </p>
   </div>
   <div class='ocr_carea' id='block_1_66' title="bbox 394 3425 2030 3518">
    <p class='ocr_par' dir='ltr' id='par_1_66' title="bbox 394 3425 2030 3518">
     <span class='ocr_line' id='line_1_66' title="bbox 394 3425 2030 3518; baseline -0.009 -11"><span class='ocrx_word' id='word_1_443' title='bbox 394 3425 528 3509; x_wconf 46' lang='lat' dir='ltr'><strong>luet-2</strong></span> <span class='ocrx_word' id='word_1_444' title='bbox 564 3451 920 3518; x_wconf 85' lang='lat' dir='ltr'><strong>relinqueret.</strong></span> <span class='ocrx_word' id='word_1_445' title='bbox 955 3443 1269 3500; x_wconf 83' lang='lat' dir='ltr'><strong>Abscedens</strong></span> <span class='ocrx_word' id='word_1_446' title='bbox 1304 3443 1472 3510; x_wconf 78' lang='lat' dir='ltr'><strong>igitur</strong></span> <span class='ocrx_word' id='word_1_447' title='bbox 1501 3441 1652 3511; x_wconf 91' lang='lat' dir='ltr'><strong>(quid</strong></span> <span class='ocrx_word' id='word_1_448' title='bbox 1693 3439 1838 3495; x_wconf 90' lang='lat' dir='ltr'><strong>enim</strong></span> <span class='ocrx_word' id='word_1_449' title='bbox 1886 3450 1968 3494; x_wconf 86' lang='lat' dir='ltr'><strong>at-</strong></span> <span class='ocrx_word' id='word_1_450' title='bbox 2015 3425 2030 3438; x_wconf 80' lang='grc'><strong>’</strong></span> 
     </span>
    </p>
   </div>
   <div class='ocr_carea' id='block_1_67' title="bbox 393 3533 1971 3604">
    <p class='ocr_par' dir='ltr' id='par_1_67' title="bbox 393 3533 1971 3604">
     <span class='ocr_line' id='line_1_67' title="bbox 393 3533 1971 3604; baseline -0.011 -1"><span class='ocrx_word' id='word_1_451' title='bbox 393 3548 599 3603; x_wconf 88' lang='lat' dir='ltr'><strong>tinebat</strong></span> <span class='ocrx_word' id='word_1_452' title='bbox 630 3543 836 3599; x_wconf 89' lang='lat' dir='ltr'><strong>diutius</strong></span> <span class='ocrx_word' id='word_1_453' title='bbox 865 3539 1030 3594; x_wconf 88' lang='lat' dir='ltr'><strong>surdo</strong></span> <span class='ocrx_word' id='word_1_454' title='bbox 1059 3549 1260 3591; x_wconf 88' lang='lat' dir='ltr'><strong>canere</strong></span> <span class='ocrx_word' id='word_1_455' title='bbox 1274 3535 1319 3604; x_wconf 71' lang='grc' dir='ltr'><strong>τ)</strong></span> <span class='ocrx_word' id='word_1_456' title='bbox 1350 3533 1417 3588; x_wconf 87' lang='lat' dir='ltr'><strong>ad</strong></span> <span class='ocrx_word' id='word_1_457' title='bbox 1469 3548 1622 3588; x_wconf 89' lang='lat' dir='ltr'><strong>suant</strong></span> <span class='ocrx_word' id='word_1_458' title='bbox 1656 3533 1855 3586; x_wconf 88' lang='lat' dir='ltr'><strong>iterum</strong></span> <span class='ocrx_word' id='word_1_459' title='bbox 1910 3546 1971 3586; x_wconf 87' lang='lat' dir='ltr'><strong>se</strong></span> 
     </span>
    </p>
   </div>
   <div class='ocr_carea' id='block_1_68' title="bbox 393 3624 1972 3707">
    <p class='ocr_par' dir='ltr' id='par_1_68' title="bbox 393 3624 1972 3707">
     <span class='ocr_line' id='line_1_68' title="bbox 393 3624 1972 3707; baseline -0.011 -12"><span class='ocrx_word' id='word_1_460' title='bbox 393 3637 586 3707; x_wconf 86' lang='lat' dir='ltr'><strong>recipit</strong></span> <span class='ocrx_word' id='word_1_461' title='bbox 637 3631 1028 3706; x_wconf 84' lang='lat' dir='ltr'><strong>Tripolitauam</strong></span> <span class='ocrx_word' id='word_1_462' title='bbox 1075 3627 1379 3682; x_wconf 88' lang='lat' dir='ltr'><strong>Deceleam.</strong></span> <span class='ocrx_word' id='word_1_463' title='bbox 1424 3624 1696 3679; x_wconf 60' lang='lat' dir='ltr'><strong>(laetarum</strong></span> <span class='ocrx_word' id='word_1_464' title='bbox 1747 3631 1972 3692; x_wconf 76' lang='lat' dir='ltr'><strong>urgente</strong></span> 
     </span>
    </p>
   </div>
   <div class='ocr_carea' id='block_1_69' title="bbox 395 3714 1978 3800">
    <p class='ocr_par' dir='ltr' id='par_1_69' title="bbox 395 3714 1978 3800">
     <span class='ocr_line' id='line_1_69' title="bbox 395 3714 1978 3800; baseline -0.01 -16"><span class='ocrx_word' id='word_1_465' title='bbox 395 3745 557 3800; x_wconf 89' lang='lat' dir='ltr'><strong>quam</strong></span> <span class='ocrx_word' id='word_1_466' title='bbox 588 3728 826 3780; x_wconf 80' lang='lat' dir='ltr'><strong>maxime</strong></span> <span class='ocrx_word' id='word_1_467' title='bbox 865 3719 1329 3792; x_wconf 73' lang='lat' dir='ltr'><strong>oppugnationem</strong></span> <span class='ocrx_word' id='word_1_468' title='bbox 1367 3716 1678 3780; x_wconf 88' lang='lat' dir='ltr'><strong>Tancredo,</strong></span> <span class='ocrx_word' id='word_1_469' title='bbox 1732 3714 1978 3771; x_wconf 82' lang='lat' dir='ltr'><strong>Tzintzi-</strong></span> 
     </span>
    </p>
   </div>
   <div class='ocr_carea' id='block_1_70' title="bbox 398 3811 1978 3881">
    <p class='ocr_par' dir='ltr' id='par_1_70' title="bbox 398 3811 1978 3881">
     <span class='ocr_line' id='line_1_70' title="bbox 398 3811 1978 3881; baseline -0.009 -5"><span class='ocrx_word' id='word_1_470' title='bbox 398 3824 552 3876; x_wconf 87' lang='lat' dir='ltr'><strong>lucas</strong></span> <span class='ocrx_word' id='word_1_471' title='bbox 572 3819 832 3873; x_wconf 87' lang='lat' dir='ltr'><strong>redactus</strong></span> <span class='ocrx_word' id='word_1_472' title='bbox 860 3815 914 3868; x_wconf 93' lang='lat' dir='ltr'><strong>in</strong></span> <span class='ocrx_word' id='word_1_473' title='bbox 949 3823 1130 3868; x_wconf 86' lang='lat' dir='ltr'><strong>aretas</strong></span> <span class='ocrx_word' id='word_1_474' title='bbox 1183 3812 1465 3881; x_wconf 76' lang='lat' dir='ltr'><strong>angustias</strong></span> <span class='ocrx_word' id='word_1_475' title='bbox 1500 3826 1624 3866; x_wconf 92' lang='lat' dir='ltr'><strong>eum</strong></span> <span class='ocrx_word' id='word_1_476' title='bbox 1675 3811 1876 3864; x_wconf 79' lang='lat' dir='ltr'><strong>frustra</strong></span> <span class='ocrx_word' id='word_1_477' title='bbox 1923 3817 1978 3863; x_wconf 91' lang='lat' dir='ltr'><strong>et</strong></span> 
     </span>
    </p>
   </div>
   <div class='ocr_carea' id='block_1_71' title="bbox 398 3903 1971 3982">
    <p class='ocr_par' dir='ltr' id='par_1_71' title="bbox 398 3903 1971 3982">
     <span class='ocr_line' id='line_1_71' title="bbox 398 3903 1971 3982; baseline -0.006 -14"><span class='ocrx_word' id='word_1_478' title='bbox 398 3913 739 3982; x_wconf 87' lang='lat' dir='ltr'><strong>implorasset</strong></span> <span class='ocrx_word' id='word_1_479' title='bbox 764 3919 816 3962; x_wconf 90' lang='lat' dir='ltr'><strong>et</strong></span> <span class='ocrx_word' id='word_1_480' title='bbox 848 3915 1224 3975; x_wconf 86' lang='lat' dir='ltr'><strong>exspectasset</strong></span> <span class='ocrx_word' id='word_1_481' title='bbox 1251 3904 1567 3973; x_wconf 88' lang='lat' dir='ltr'><strong>aliquandiu</strong></span> <span class='ocrx_word' id='word_1_482' title='bbox 1606 3904 1869 3958; x_wconf 82' lang='lat' dir='ltr'><strong>auxilium</strong></span> <span class='ocrx_word' id='word_1_483' title='bbox 1902 3903 1971 3958; x_wconf 87' lang='lat' dir='ltr'><strong>ab</strong></span> 
     </span>
    </p>
   </div>
   <div class='ocr_carea' id='block_1_72' title="bbox 396 3996 1977 4070">
    <p class='ocr_par' dir='ltr' id='par_1_72' title="bbox 396 3996 1977 4070">
     <span class='ocr_line' id='line_1_72' title="bbox 396 3996 1977 4070; baseline -0.005 -12"><span class='ocrx_word' id='word_1_484' title='bbox 396 4004 463 4058; x_wconf 92' lang='lat' dir='ltr'><strong>iis</strong></span> <span class='ocrx_word' id='word_1_485' title='bbox 501 4003 593 4070; x_wconf 91' lang='lat' dir='ltr'><strong>qui</strong></span> <span class='ocrx_word' id='word_1_486' title='bbox 645 4001 882 4070; x_wconf 85' lang='lat' dir='ltr'><strong>Cyprum</strong></span> <span class='ocrx_word' id='word_1_487' title='bbox 936 3996 1188 4065; x_wconf 70' lang='lat' dir='ltr'><strong>praesidio</strong></span> <span class='ocrx_word' id='word_1_488' title='bbox 1238 3996 1529 4062; x_wconf 90' lang='lat' dir='ltr'><strong>tenebant;</strong></span> <span class='ocrx_word' id='word_1_489' title='bbox 1584 3996 1822 4060; x_wconf 87' lang='lat' dir='ltr'><strong>tandem,</strong></span> <span class='ocrx_word' id='word_1_490' title='bbox 1869 4010 1977 4063; x_wconf 88' lang='lat' dir='ltr'><strong>qua</strong></span> 
     </span>
    </p>
   </div>
   <div class='ocr_carea' id='block_1_73' title="bbox 394 4087 1972 4158">
    <p class='ocr_par' dir='ltr' id='par_1_73' title="bbox 394 4087 1972 4158">
     <span class='ocr_line' id='line_1_73' title="bbox 394 4087 1972 4158; baseline -0.007 -6"><span class='ocrx_word' id='word_1_491' title='bbox 394 4095 579 4152; x_wconf 85' lang='lat' dir='ltr'><strong>hostili</strong></span> <span class='ocrx_word' id='word_1_492' title='bbox 607 4090 852 4147; x_wconf 89' lang='lat' dir='ltr'><strong>exterius</strong></span> <span class='ocrx_word' id='word_1_493' title='bbox 885 4089 1112 4158; x_wconf 90' lang='lat' dir='ltr'><strong>impetu,</strong></span> <span class='ocrx_word' id='word_1_494' title='bbox 1167 4102 1270 4157; x_wconf 89' lang='lat' dir='ltr'><strong>qua</strong></span> <span class='ocrx_word' id='word_1_495' title='bbox 1319 4088 1577 4140; x_wconf 90' lang='lat' dir='ltr'><strong>intestino</strong></span> <span class='ocrx_word' id='word_1_496' title='bbox 1629 4087 1790 4141; x_wconf 83' lang='lat' dir='ltr'><strong>fatuis</strong></span> <span class='ocrx_word' id='word_1_497' title='bbox 1829 4087 1972 4141; x_wconf 86' lang='lat' dir='ltr'><strong>malo</strong></span> 
     </span>
    </p>
   </div>
   <div class='ocr_carea' id='block_1_74' title="bbox 397 4177 1969 4249">
    <p class='ocr_par' dir='ltr' id='par_1_74' title="bbox 397 4177 1969 4249">
     <span class='ocr_line' id='line_1_74' title="bbox 397 4177 1969 4249; baseline -0.006 -6"><span class='ocrx_word' id='word_1_498' title='bbox 397 4195 642 4249; x_wconf 90' lang='lat' dir='ltr'><strong>coactus,</strong></span> <span class='ocrx_word' id='word_1_499' title='bbox 698 4181 1032 4238; x_wconf 89' lang='lat' dir='ltr'><strong>deditionem</strong></span> <span class='ocrx_word' id='word_1_500' title='bbox 1079 4178 1246 4234; x_wconf 87' lang='lat' dir='ltr'><strong>castri</strong></span> <span class='ocrx_word' id='word_1_501' title='bbox 1293 4177 1518 4248; x_wconf 80' lang='lat' dir='ltr'><strong>pepigit.</strong></span> <span class='ocrx_word' id='word_1_502' title='bbox 1561 4177 1695 4233; x_wconf 88' lang='lat' dir='ltr'><strong>Dum</strong></span> <span class='ocrx_word' id='word_1_503' title='bbox 1727 4178 1842 4234; x_wconf 73' lang='lat' dir='ltr'><strong>haec</strong></span> <span class='ocrx_word' id='word_1_504' title='bbox 1897 4180 1969 4234; x_wconf 86' lang='lat' dir='ltr'><strong>ita</strong></span> 
     </span>
    </p>
   </div>
   <div class='ocr_carea' id='block_1_75' title="bbox 2081 3261 3655 3334">
    <p class='ocr_par' dir='ltr' id='par_1_75' title="bbox 2081 3261 3655 3334">
     <span class='ocr_line' id='line_1_75' title="bbox 2081 3261 3655 3334; baseline -0.001 -19"><span class='ocrx_word' id='word_1_505' title='bbox 2081 3280 2192 3326; x_wconf 84' lang='grc' dir='ltr'>ται,</span> <span class='ocrx_word' id='word_1_506' title='bbox 2223 3261 2478 3332; x_wconf 78' lang='grc' dir='ltr'>βοήθειαν</span> <span class='ocrx_word' id='word_1_507' title='bbox 2531 3263 2747 3315; x_wconf 74' lang='grc' dir='ltr'>ἐκεῖθεν</span> <span class='ocrx_word' id='word_1_508' title='bbox 2785 3264 2988 3334; x_wconf 73' lang='grc' dir='ltr'>ᾐτεῖτο.</span> <span class='ocrx_word' id='word_1_509' title='bbox 3040 3264 3426 3334; x_wconf 80' lang='grc' dir='ltr'>Βραδυνόντων</span> <span class='ocrx_word' id='word_1_510' title='bbox 3457 3263 3514 3316; x_wconf 81' lang='grc' dir='ltr'>δὲ</span> <span class='ocrx_word' id='word_1_511' title='bbox 3547 3264 3655 3317; x_wconf 86' lang='grc' dir='ltr'>τῶν</span> 
     </span>
    </p>
   </div>
   <div class='ocr_carea' id='block_1_76' title="bbox 2081 3355 3656 3427">
    <p class='ocr_par' dir='ltr' id='par_1_76' title="bbox 2081 3355 3656 3427">
     <span class='ocr_line' id='line_1_76' title="bbox 2081 3355 3656 3427; baseline 0.001 -19"><span class='ocrx_word' id='word_1_512' title='bbox 2081 3359 2141 3409; x_wconf 83' lang='grc' dir='ltr'>ἐν</span> <span class='ocrx_word' id='word_1_513' title='bbox 2167 3358 2232 3426; x_wconf 80' lang='grc' dir='ltr'><strong>τῇ</strong></span> <span class='ocrx_word' id='word_1_514' title='bbox 2267 3355 2498 3426; x_wconf 82' lang='grc' dir='ltr'>Κύπρῳ,</span> <span class='ocrx_word' id='word_1_515' title='bbox 2526 3357 2605 3418; x_wconf 84' lang='grc' dir='ltr'><strong>είς</strong></span> <span class='ocrx_word' id='word_1_516' title='bbox 2629 3357 2946 3424; x_wconf 76' lang='grc' dir='ltr'>ἀμηχανίαν</span> <span class='ocrx_word' id='word_1_517' title='bbox 2979 3355 3169 3422; x_wconf 78' lang='grc' dir='ltr'>ἐλθὼν,</span> <span class='ocrx_word' id='word_1_518' title='bbox 3194 3357 3256 3410; x_wconf 82' lang='grc' dir='ltr'>τὸ</span> <span class='ocrx_word' id='word_1_519' title='bbox 3293 3358 3390 3427; x_wconf 83' lang='grc' dir='ltr'>μὲν</span> <span class='ocrx_word' id='word_1_520' title='bbox 3427 3359 3532 3410; x_wconf 69' lang='grc' dir='ltr'>ἀπὸ</span> <span class='ocrx_word' id='word_1_521' title='bbox 3557 3358 3656 3427; x_wconf 74' lang='grc' dir='ltr'>τῆς</span> 
     </span>
    </p>
   </div>
   <div class='ocr_carea' id='block_1_77' title="bbox 2080 3448 3652 3520">
    <p class='ocr_par' dir='ltr' id='par_1_77' title="bbox 2080 3448 3652 3520">
     <span class='ocr_line' id='line_1_77' title="bbox 2080 3448 3652 3520; baseline 0.003 -20"><span class='ocrx_word' id='word_1_522' title='bbox 2080 3448 2423 3518; x_wconf 80' lang='grc' dir='ltr'>πολιορκίας,</span> <span class='ocrx_word' id='word_1_523' title='bbox 2479 3450 2538 3501; x_wconf 74' lang='grc' dir='ltr'><strong>τὸ</strong></span> <span class='ocrx_word' id='word_1_524' title='bbox 2587 3449 2642 3501; x_wconf 81' lang='grc' dir='ltr'>δὲ</span> <span class='ocrx_word' id='word_1_525' title='bbox 2688 3450 2783 3501; x_wconf 75' lang='grc' dir='ltr'>καὶ</span> <span class='ocrx_word' id='word_1_526' title='bbox 2819 3449 2921 3500; x_wconf 70' lang='grc' dir='ltr'>ὑπὸ</span> <span class='ocrx_word' id='word_1_527' title='bbox 2955 3451 3048 3501; x_wconf 80' lang='grc' dir='ltr'>τοῦ</span> <span class='ocrx_word' id='word_1_528' title='bbox 3093 3449 3253 3517; x_wconf 87' lang='grc' dir='ltr'>λιμοῦ</span> <span class='ocrx_word' id='word_1_529' title='bbox 3306 3451 3652 3520; x_wconf 73' lang='grc' dir='ltr'>πιεζόμενος,</span> 
     </span>
    </p>
   </div>
   <div class='ocr_carea' id='block_1_78' title="bbox 2080 3541 3654 3614">
    <p class='ocr_par' dir='ltr' id='par_1_78' title="bbox 2080 3541 3654 3614">
     <span class='ocr_line' id='line_1_78' title="bbox 2080 3541 3654 3614; baseline 0.001 -20"><span class='ocrx_word' id='word_1_530' title='bbox 2080 3541 2370 3611; x_wconf 80' lang='grc' dir='ltr'>προδοῦναι</span> <span class='ocrx_word' id='word_1_531' title='bbox 2405 3542 2467 3593; x_wconf 71' lang='grc' dir='ltr'>τὸ</span> <span class='ocrx_word' id='word_1_532' title='bbox 2508 3541 2748 3612; x_wconf 83' lang='grc' dir='ltr'>κάστρον</span> <span class='ocrx_word' id='word_1_533' title='bbox 2780 3545 3091 3614; x_wconf 77' lang='grc' dir='ltr'>ᾑρετίσατο.</span> <span class='ocrx_word' id='word_1_534' title='bbox 3136 3547 3354 3600; x_wconf 84' lang='grc' dir='ltr'>Τούτων</span> <span class='ocrx_word' id='word_1_535' title='bbox 3383 3546 3526 3599; x_wconf 71' lang='grc' dir='ltr'>οὕτω</span> <span class='ocrx_word' id='word_1_536' title='bbox 3563 3563 3654 3596; x_wconf 81' lang='grc' dir='ltr'>τε-</span> 
     </span>
    </p>
   </div>
   <div class='ocr_carea' id='block_1_79' title="bbox 2077 3632 3654 3706">
    <p class='ocr_par' dir='ltr' id='par_1_79' title="bbox 2077 3632 3654 3706">
     <span class='ocr_line' id='line_1_79' title="bbox 2077 3632 3654 3706; baseline 0.002 -22"><span class='ocrx_word' id='word_1_537' title='bbox 2077 3632 2376 3702; x_wconf 83' lang='grc' dir='ltr'>λουμένων,</span> <span class='ocrx_word' id='word_1_538' title='bbox 2415 3635 2534 3686; x_wconf 73' lang='grc' dir='ltr'>ἐπεὶ</span> <span class='ocrx_word' id='word_1_539' title='bbox 2567 3636 3015 3706; x_wconf 80' lang='grc' dir='ltr'>τετελευτηκότος</span> <span class='ocrx_word' id='word_1_540' title='bbox 3047 3637 3141 3691; x_wconf 80' lang='grc' dir='ltr'><strong>τοῦ</strong></span> <span class='ocrx_word' id='word_1_541' title='bbox 3178 3637 3446 3706; x_wconf 80' lang='grc' dir='ltr'>Γοντοφρὲ</span> <span class='ocrx_word' id='word_1_542' title='bbox 3471 3639 3654 3702; x_wconf 81' lang='grc' dir='ltr'>ἓτερον</span> 
     </span>
    </p>
   </div>
   <div class='ocr_carea' id='block_1_80' title="bbox 2079 3724 3654 3800">
    <p class='ocr_par' dir='ltr' id='par_1_80' title="bbox 2079 3724 3654 3800">
     <span class='ocr_line' id='line_1_80' title="bbox 2079 3724 3654 3800; baseline 0.003 -24"><span class='ocrx_word' id='word_1_543' title='bbox 2079 3724 2186 3777; x_wconf 69' lang='grc' dir='ltr'>ἔδει</span> <span class='ocrx_word' id='word_1_544' title='bbox 2223 3727 2388 3778; x_wconf 85' lang='grc' dir='ltr'>πάλιν</span> <span class='ocrx_word' id='word_1_545' title='bbox 2417 3726 2560 3796; x_wconf 76' lang='grc' dir='ltr'>ρῆγα</span> <span class='ocrx_word' id='word_1_546' title='bbox 2591 3726 2846 3793; x_wconf 81' lang='grc' dir='ltr'>γενέσθαι</span> <span class='ocrx_word' id='word_1_547' title='bbox 2875 3729 2966 3782; x_wconf 74' lang='grc' dir='ltr'><strong>τὸν</strong></span> <span class='ocrx_word' id='word_1_548' title='bbox 2991 3730 3200 3783; x_wconf 64' lang='grc' dir='ltr'>ἐκείνου</span> <span class='ocrx_word' id='word_1_549' title='bbox 3232 3727 3654 3800; x_wconf 65' lang='grc' dir='ltr'>ἀναπληροῦντα</span> 
     </span>
    </p>
   </div>
   <div class='ocr_carea' id='block_1_81' title="bbox 2078 3815 3654 3886">
    <p class='ocr_par' dir='ltr' id='par_1_81' title="bbox 2078 3815 3654 3886">
     <span class='ocr_line' id='line_1_81' title="bbox 2078 3815 3654 3886; baseline 0.001 -20"><span class='ocrx_word' id='word_1_550' title='bbox 2078 3816 2268 3882; x_wconf 89' lang='grc' dir='ltr'>τόπον,</span> <span class='ocrx_word' id='word_1_551' title='bbox 2305 3815 2476 3876; x_wconf 79' lang='grc' dir='ltr'>εὐθὺς</span> <span class='ocrx_word' id='word_1_552' title='bbox 2514 3817 2563 3868; x_wconf 84' lang='grc' dir='ltr'><strong>οί</strong></span> <span class='ocrx_word' id='word_1_553' title='bbox 2589 3817 2646 3870; x_wconf 82' lang='grc' dir='ltr'>ὲν</span> <span class='ocrx_word' id='word_1_554' title='bbox 2672 3820 2786 3880; x_wconf 79' lang='grc' dir='ltr'>τοῖς</span> <span class='ocrx_word' id='word_1_555' title='bbox 2826 3816 3224 3886; x_wconf 85' lang='grc' dir='ltr'>Ἰεροσολύμοις</span> <span class='ocrx_word' id='word_1_556' title='bbox 3255 3819 3477 3871; x_wconf 76' lang='grc' dir='ltr'>Λατῖνοι</span> <span class='ocrx_word' id='word_1_557' title='bbox 3524 3833 3654 3882; x_wconf 83' lang='grc' dir='ltr'>μετ-</span> 
     </span>
    </p>
   </div>
   <div class='ocr_carea' id='block_1_82' title="bbox 2081 3903 3654 3978">
    <p class='ocr_par' dir='ltr' id='par_1_82' title="bbox 2081 3903 3654 3978">
     <span class='ocr_line' id='line_1_82' title="bbox 2081 3903 3654 3978; baseline 0.001 -22"><span class='ocrx_word' id='word_1_558' title='bbox 2081 3903 2378 3957; x_wconf 84' lang='grc' dir='ltr'>εκαλοῦντο</span> <span class='ocrx_word' id='word_1_559' title='bbox 2429 3905 2520 3958; x_wconf 84' lang='grc' dir='ltr'>τὸν</span> <span class='ocrx_word' id='word_1_560' title='bbox 2578 3906 2862 3976; x_wconf 79' lang='grc' dir='ltr'>Σαγγέλην</span> <span class='ocrx_word' id='word_1_561' title='bbox 2907 3908 3019 3972; x_wconf 61' lang='grc'><strong>(54)</strong></span> <span class='ocrx_word' id='word_1_562' title='bbox 3071 3909 3178 3960; x_wconf 78' lang='grc' dir='ltr'><strong>ἀπὸ</strong></span> <span class='ocrx_word' id='word_1_563' title='bbox 3203 3909 3299 3978; x_wconf 76' lang='grc' dir='ltr'>τῆς</span> <span class='ocrx_word' id='word_1_564' title='bbox 3343 3907 3654 3978; x_wconf 85' lang='grc' dir='ltr'>Τριπόλεως</span> 
     </span>
    </p>
   </div>
   <div class='ocr_carea' id='block_1_83' title="bbox 2087 3996 3655 4070">
    <p class='ocr_par' dir='ltr' id='par_1_83' title="bbox 2087 3996 3655 4070">
     <span class='ocr_line' id='line_1_83' title="bbox 2087 3996 3655 4070; baseline 0.003 -23"><span class='ocrx_word' id='word_1_565' title='bbox 2087 3997 2232 4065; x_wconf 81' lang='grc' dir='ltr'><strong>ρἦα</strong></span> <span class='ocrx_word' id='word_1_566' title='bbox 2261 3997 2369 4049; x_wconf 83' lang='grc' dir='ltr'>τῶν</span> <span class='ocrx_word' id='word_1_567' title='bbox 2432 3996 2825 4067; x_wconf 86' lang='grc' dir='ltr'>Ἱεροσολύμων</span> <span class='ocrx_word' id='word_1_568' title='bbox 2875 4004 3098 4070; x_wconf 81' lang='grc' dir='ltr'>ποιῆσαι</span> <span class='ocrx_word' id='word_1_569' title='bbox 3153 4001 3449 4063; x_wconf 74' lang='grc' dir='ltr'>ἐθέλοντες.</span> <span class='ocrx_word' id='word_1_570' title='bbox 3515 4000 3573 4051; x_wconf 82' lang='grc' dir='ltr'>Ὀ</span> <span class='ocrx_word' id='word_1_571' title='bbox 3598 3999 3655 4052; x_wconf 78' lang='grc' dir='ltr'>δὲ</span> 
     </span>
    </p>
   </div>
   <div class='ocr_carea' id='block_1_84' title="bbox 2082 4087 3655 4158">
    <p class='ocr_par' dir='ltr' id='par_1_84' title="bbox 2082 4087 3655 4158">
     <span class='ocr_line' id='line_1_84' title="bbox 2082 4087 3655 4158; baseline 0.001 -19"><span class='ocrx_word' id='word_1_572' title='bbox 2082 4087 2410 4140; x_wconf 73' lang='grc' dir='ltr'>ἀνεϐάλλετο</span> <span class='ocrx_word' id='word_1_573' title='bbox 2439 4091 2576 4152; x_wconf 85' lang='grc' dir='ltr'>τέως</span> <span class='ocrx_word' id='word_1_574' title='bbox 2602 4089 2700 4158; x_wconf 79' lang='grc' dir='ltr'>τὴν</span> <span class='ocrx_word' id='word_1_575' title='bbox 2731 4091 2912 4143; x_wconf 76' lang='grc' dir='ltr'>ἐκεῖσε</span> <span class='ocrx_word' id='word_1_576' title='bbox 2939 4091 3251 4144; x_wconf 78' lang='grc' dir='ltr'>ἀπέλευσιν.</span> <span class='ocrx_word' id='word_1_577' title='bbox 3303 4090 3655 4150; x_wconf 81' lang='grc' dir='ltr'>Εἰσελθόντος</span> 
     </span>
    </p>
   </div>
   <div class='ocr_carea' id='block_1_85' title="bbox 2079 4180 3647 4254">
    <p class='ocr_par' dir='ltr' id='par_1_85' title="bbox 2079 4180 3647 4254">
     <span class='ocr_line' id='line_1_85' title="bbox 2079 4180 3647 4254; baseline 0.002 -21"><span class='ocrx_word' id='word_1_578' title='bbox 2079 4180 2173 4233; x_wconf 76' lang='grc' dir='ltr'>οὖν</span> <span class='ocrx_word' id='word_1_579' title='bbox 2203 4181 2282 4244; x_wconf 76' lang='grc' dir='ltr'>εἰς</span> <span class='ocrx_word' id='word_1_580' title='bbox 2311 4181 2408 4251; x_wconf 76' lang='grc' dir='ltr'>τὴν</span> <span class='ocrx_word' id='word_1_581' title='bbox 2469 4183 2836 4250; x_wconf 82' lang='grc' dir='ltr'>μεγαλόπολιν</span> <span class='ocrx_word' id='word_1_582' title='bbox 2871 4184 3007 4254; x_wconf 81' lang='grc'><strong>(55),</strong></span> <span class='ocrx_word' id='word_1_583' title='bbox 3043 4186 3169 4237; x_wconf 73' lang='grc' dir='ltr'>ἐπεὶ</span> <span class='ocrx_word' id='word_1_584' title='bbox 3205 4184 3647 4253; x_wconf 81' lang='grc' dir='ltr'>ἀναϐαλλόμενον</span> 
     </span>
    </p>
   </div>
   <div class='ocr_carea' id='block_1_86' title="bbox 1417 4296 2557 4362">
    <p class='ocr_par' dir='ltr' id='par_1_86' title="bbox 1417 4296 2557 4362">
     <span class='ocr_line' id='line_1_86' title="bbox 1417 4296 2557 4362; baseline 0.003 -4"><span class='ocrx_word' id='word_1_585' title='bbox 1417 4296 1616 4358; x_wconf 69' lang='lat' dir='ltr'><strong>Varia)</strong></span> <span class='ocrx_word' id='word_1_586' title='bbox 1647 4297 1962 4360; x_wconf 85' lang='lat' dir='ltr'><strong>lectiones</strong></span> <span class='ocrx_word' id='word_1_587' title='bbox 1988 4314 2065 4359; x_wconf 83' lang='lat' dir='ltr'><strong>ex</strong></span> <span class='ocrx_word' id='word_1_588' title='bbox 2096 4299 2234 4362; x_wconf 89' lang='lat' dir='ltr'><strong>cod.</strong></span> <span class='ocrx_word' id='word_1_589' title='bbox 2286 4297 2557 4361; x_wconf 77' lang='lat' dir='ltr'><strong>Coislin.</strong></span> 
     </span>
    </p>
   </div>
   <div class='ocr_carea' id='block_1_87' title="bbox 469 4401 770 4466">
    <p class='ocr_par' dir='ltr' id='par_1_87' title="bbox 469 4401 770 4466">
     <span class='ocr_line' id='line_1_87' title="bbox 469 4401 770 4466; baseline -0.007 -6"><span class='ocrx_word' id='word_1_590' title='bbox 469 4405 515 4438; x_wconf 81' lang='grc'><strong>⁸⁹</strong></span> <span class='ocrx_word' id='word_1_591' title='bbox 551 4401 770 4466; x_wconf 84' lang='grc' dir='ltr'>αύτούς.</span> 
     </span>
    </p>
   </div>
   <div class='ocr_carea' id='block_1_88' title="bbox 1469 4510 2582 4592">
    <p class='ocr_par' dir='ltr' id='par_1_88' title="bbox 1469 4510 2582 4592">
     <span class='ocr_line' id='line_1_88' title="bbox 1469 4510 2582 4592; baseline 0.01 -22"><span class='ocrx_word' id='word_1_592' title='bbox 1469 4512 1610 4572; x_wconf 84' lang='lat' dir='ltr'><strong>Car.</strong></span> <span class='ocrx_word' id='word_1_593' title='bbox 1649 4510 1975 4573; x_wconf 83' lang='lat' dir='ltr'><strong>Dufresnii</strong></span> <span class='ocrx_word' id='word_1_594' title='bbox 2012 4513 2108 4576; x_wconf 91' lang='lat' dir='ltr'><strong>Du</strong></span> <span class='ocrx_word' id='word_1_595' title='bbox 2141 4514 2362 4592; x_wconf 78' lang='lat' dir='ltr'><strong>Cangii</strong></span> <span class='ocrx_word' id='word_1_596' title='bbox 2389 4525 2582 4582; x_wconf 68' lang='lat' dir='ltr'><strong>notae.</strong></span> 
     </span>
    </p>
   </div>
   <div class='ocr_carea' id='block_1_89' title="bbox 473 4631 3655 4713">
    <p class='ocr_par' dir='ltr' id='par_1_89' title="bbox 473 4631 3655 4713">
     <span class='ocr_line' id='line_1_89' title="bbox 473 4631 3655 4713; baseline 0.004 -32"><span class='ocrx_word' id='word_1_597' title='bbox 473 4647 585 4713; x_wconf 63' lang='grc' dir='ltr'><strong>(δί)</strong></span> <span class='ocrx_word' id='word_1_598' title='bbox 654 4642 981 4713; x_wconf 48' lang='grc' dir='ltr'>Ὀχύρωμιῖ,</span> <span class='ocrx_word' id='word_1_599' title='bbox 1041 4637 1432 4713; x_wconf 30' lang='grc' dir='ltr'><strong>Δῐὶιιίιιιιιιιιιιιει,</strong></span> <span class='ocrx_word' id='word_1_600' title='bbox 1465 4633 1932 4713; x_wconf 81' lang='lat' dir='ltr'><strong>_cap_t:_t__To_rtosa</strong></span> <span class='ocrx_word' id='word_1_601' title='bbox 1960 4676 1975 4703; x_wconf 93' lang='lat'><strong>,</strong></span> <span class='ocrx_word' id='word_1_602' title='bbox 2009 4631 2057 4688; x_wconf 87' lang='lat' dir='ltr'><strong>D</strong></span> <span class='ocrx_word' id='word_1_603' title='bbox 2084 4635 2347 4713; x_wconf 76' lang='lat' dir='ltr'><strong>redditam</strong></span> <span class='ocrx_word' id='word_1_604' title='bbox 2375 4645 2609 4690; x_wconf 82' lang='lat' dir='ltr'><strong>tentarat</strong></span> <span class='ocrx_word' id='word_1_605' title='bbox 2629 4635 3008 4713; x_wconf 53' lang='lat' dir='ltr'><strong>Poeniumlns,</strong></span> <span class='ocrx_word' id='word_1_606' title='bbox 3029 4650 3085 4694; x_wconf 93' lang='lat' dir='ltr'><strong>ut</strong></span> <span class='ocrx_word' id='word_1_607' title='bbox 3117 4651 3307 4693; x_wconf 87' lang='lat' dir='ltr'><strong>aucl0r</strong></span> <span class='ocrx_word' id='word_1_608' title='bbox 3341 4652 3420 4694; x_wconf 85' lang='lat' dir='ltr'><strong>est</strong></span> <span class='ocrx_word' id='word_1_609' title='bbox 3447 4642 3655 4713; x_wconf 71' lang='lat' dir='ltr'><strong>Alliert.</strong></span> 
     </span>
    </p>
   </div>
   <div class='ocr_carea' id='block_1_90' title="bbox 402 4704 1971 4781">
    <p class='ocr_par' dir='ltr' id='par_1_90' title="bbox 402 4704 1971 4781">
     <span class='ocr_line' id='line_1_90' title="bbox 402 4704 1971 4781; baseline -0.009 -9"><span class='ocrx_word' id='word_1_610' title='bbox 402 4704 601 4772; x_wconf 70' lang='lat' dir='ltr'><strong>anxius</strong></span> <span class='ocrx_word' id='word_1_611' title='bbox 636 4704 903 4781; x_wconf 41' lang='lat' dir='ltr'><strong>quoin-0J0</strong></span> <span class='ocrx_word' id='word_1_612' title='bbox 926 4708 1221 4781; x_wconf 76' lang='lat' dir='ltr'><strong>Christiani</strong></span> <span class='ocrx_word' id='word_1_613' title='bbox 1273 4708 1508 4781; x_wconf 72' lang='lat' dir='ltr'><strong>nominis</strong></span> <span class='ocrx_word' id='word_1_614' title='bbox 1561 4704 1723 4781; x_wconf 77' lang='lat'><strong>375</strong></span> <span class='ocrx_word' id='word_1_615' title='bbox 1777 4705 1971 4781; x_wconf 71' lang='lat' dir='ltr'><strong>hostes</strong></span> 
     </span>
    </p>
   </div>
   <div class='ocr_carea' id='block_1_91' title="bbox 403 4775 1974 4844">
    <p class='ocr_par' dir='ltr' id='par_1_91' title="bbox 403 4775 1974 4844">
     <span class='ocr_line' id='line_1_91' title="bbox 403 4775 1974 4844; baseline -0.01 -2"><span class='ocrx_word' id='word_1_616' title='bbox 403 4806 433 4842; x_wconf 89' lang='lat' dir='ltr'><strong>a</strong></span> <span class='ocrx_word' id='word_1_617' title='bbox 471 4775 667 4838; x_wconf 74' lang='lat' dir='ltr'><strong>linilins</strong></span> <span class='ocrx_word' id='word_1_618' title='bbox 702 4781 822 4833; x_wconf 88' lang='lat' dir='ltr'><strong>istis</strong></span> <span class='ocrx_word' id='word_1_619' title='bbox 859 4778 1221 4844; x_wconf 85' lang='lat' dir='ltr'><strong>propulsaret,</strong></span> <span class='ocrx_word' id='word_1_620' title='bbox 1255 4777 1546 4834; x_wconf 88' lang='lat' dir='ltr'><strong>concilium</strong></span> <span class='ocrx_word' id='word_1_621' title='bbox 1589 4778 1731 4840; x_wconf 88' lang='lat' dir='ltr'><strong>cepit</strong></span> <span class='ocrx_word' id='word_1_622' title='bbox 1758 4775 1825 4826; x_wconf 90' lang='lat' dir='ltr'><strong>de</strong></span> <span class='ocrx_word' id='word_1_623' title='bbox 1884 4777 1974 4828; x_wconf 89' lang='lat' dir='ltr'><strong>ob-</strong></span> 
     </span>
    </p>
   </div>
   <div class='ocr_carea' id='block_1_92' title="bbox 404 4847 1975 4916">
    <p class='ocr_par' dir='ltr' id='par_1_92' title="bbox 404 4847 1975 4916">
     <span class='ocr_line' id='line_1_92' title="bbox 404 4847 1975 4916; baseline -0.009 -6"><span class='ocrx_word' id='word_1_624' title='bbox 404 4855 626 4910; x_wconf 82' lang='lat' dir='ltr'><strong>sidenda</strong></span> <span class='ocrx_word' id='word_1_625' title='bbox 662 4851 889 4916; x_wconf 84' lang='lat' dir='ltr'><strong>Tripoli,</strong></span> <span class='ocrx_word' id='word_1_626' title='bbox 919 4862 1151 4916; x_wconf 87' lang='lat' dir='ltr'><strong>cumque</strong></span> <span class='ocrx_word' id='word_1_627' title='bbox 1189 4861 1378 4916; x_wconf 78' lang='lat' dir='ltr'><strong>parum</strong></span> <span class='ocrx_word' id='word_1_628' title='bbox 1426 4847 1584 4916; x_wconf 78' lang='lat' dir='ltr'><strong>ineo</strong></span> <span class='ocrx_word' id='word_1_629' title='bbox 1613 4855 1805 4898; x_wconf 87' lang='lat' dir='ltr'><strong>conatu</strong></span> <span class='ocrx_word' id='word_1_630' title='bbox 1851 4861 1975 4913; x_wconf 85' lang='lat' dir='ltr'><strong>pro-</strong></span> 
     </span>
    </p>
   </div>
   <div class='ocr_carea' id='block_1_93' title="bbox 405 4914 1978 4996">
    <p class='ocr_par' dir='ltr' id='par_1_93' title="bbox 405 4914 1978 4996">
     <span class='ocr_line' id='line_1_93' title="bbox 405 4914 1978 4996; baseline -0.006 -18"><span class='ocrx_word' id='word_1_631' title='bbox 405 4931 612 4984; x_wconf 83' lang='lat' dir='ltr'><strong>liceret,</strong></span> <span class='ocrx_word' id='word_1_632' title='bbox 648 4914 790 4996; x_wconf 61' lang='lat' dir='ltr'><strong>quod</strong></span> <span class='ocrx_word' id='word_1_633' title='bbox 839 4914 1328 4996; x_wconf 48' lang='lat' dir='ltr'><strong>civilius:suli_itnle</strong></span> <span class='ocrx_word' id='word_1_634' title='bbox 1378 4914 1638 4996; x_wconf 74' lang='lat' dir='ltr'><strong>auxilium</strong></span> <span class='ocrx_word' id='word_1_635' title='bbox 1667 4916 1978 4996; x_wconf 45' lang='lat' dir='ltr'><strong>aliull&#39;i‘lle&#39;</strong></span> 
     </span>
    </p>
   </div>
   <div class='ocr_carea' id='block_1_94' title="bbox 407 4985 1973 5060">
    <p class='ocr_par' dir='ltr' id='par_1_94' title="bbox 407 4985 1973 5060">
     <span class='ocr_line' id='line_1_94' title="bbox 407 4985 1973 5060; baseline -0.004 -18"><span class='ocrx_word' id='word_1_636' title='bbox 407 5007 553 5050; x_wconf 76' lang='lat' dir='ltr'><strong>retur</strong></span> <span class='ocrx_word' id='word_1_637' title='bbox 608 4985 993 5060; x_wconf 46' lang='lat' dir='ltr'><strong>a&#39;Babylone,</strong></span> <span class='ocrx_word' id='word_1_638' title='bbox 1051 4988 1336 5060; x_wconf 83' lang='lat' dir='ltr'><strong>Ascalone,</strong></span> <span class='ocrx_word' id='word_1_639' title='bbox 1386 4994 1443 5060; x_wconf 86' lang='lat' dir='ltr'><strong>_et</strong></span> <span class='ocrx_word' id='word_1_640' title='bbox 1499 4985 1973 5060; x_wconf 65' lang='lat' dir='ltr'><strong>sagitt§,__e_tS_nr,</strong></span> 
     </span>
    </p>
   </div>
   <div class='ocr_carea' id='block_1_95' title="bbox 404 5054 1974 5130">
    <p class='ocr_par' dir='ltr' id='par_1_95' title="bbox 404 5054 1974 5130">
     <span class='ocr_line' id='line_1_95' title="bbox 404 5054 1974 5130; baseline -0.008 -11"><span class='ocrx_word' id='word_1_641' title='bbox 404 5078 602 5119; x_wconf 83' lang='lat' dir='ltr'><strong>novum</strong></span> <span class='ocrx_word' id='word_1_642' title='bbox 663 5054 998 5130; x_wconf 69' lang='lat' dir='ltr'><strong>prmsidiutti,</strong></span> <span class='ocrx_word' id='word_1_643' title='bbox 1055 5059 1295 5130; x_wconf 76' lang='lat' dir='ltr'><strong>secundo</strong></span> <span class='ocrx_word' id='word_1_644' title='bbox 1350 5055 1419 5106; x_wconf 90' lang='lat' dir='ltr'><strong>ab</strong></span> <span class='ocrx_word' id='word_1_645' title='bbox 1479 5058 1613 5106; x_wconf 89' lang='lat' dir='ltr'><strong>urbe</strong></span> <span class='ocrx_word' id='word_1_646' title='bbox 1672 5054 1889 5130; x_wconf 71' lang='lat' dir='ltr'><strong>milli-ari</strong></span> <span class='ocrx_word' id='word_1_647' title='bbox 1922 5054 1974 5130; x_wconf 89' lang='lat' dir='ltr'><strong>i_n</strong></span> 
     </span>
    </p>
   </div>
   <div class='ocr_carea' id='block_1_96' title="bbox 403 5124 1974 5200">
    <p class='ocr_par' dir='ltr' id='par_1_96' title="bbox 403 5124 1974 5200">
     <span class='ocr_line' id='line_1_96' title="bbox 403 5124 1974 5200; baseline -0.008 -13"><span class='ocrx_word' id='word_1_648' title='bbox 403 5136 541 5188; x_wconf 89' lang='lat' dir='ltr'><strong>colle</strong></span> <span class='ocrx_word' id='word_1_649' title='bbox 569 5124 800 5200; x_wconf 77' lang='lat' dir='ltr'><strong>quodam</strong></span> <span class='ocrx_word' id='word_1_650' title='bbox 838 5129 959 5200; x_wconf 81' lang='lat' dir='ltr'><strong>lieri</strong></span> <span class='ocrx_word' id='word_1_651' title='bbox 985 5128 1295 5200; x_wconf 79' lang='lat' dir='ltr'><strong>decrevit,a</strong></span> <span class='ocrx_word' id='word_1_652' title='bbox 1328 5139 1452 5200; x_wconf 80' lang='lat' dir='ltr'><strong>quo</strong></span> <span class='ocrx_word' id='word_1_653' title='bbox 1471 5139 1686 5200; x_wconf 78' lang='lat' dir='ltr'><strong>semper</strong></span> <span class='ocrx_word' id='word_1_654' title='bbox 1727 5124 1847 5200; x_wconf 78' lang='lat' dir='ltr'><strong>urbi</strong></span> <span class='ocrx_word' id='word_1_655' title='bbox 1877 5126 1974 5200; x_wconf 82' lang='lat' dir='ltr'><strong>ad-</strong></span> 
     </span>
    </p>
   </div>
   <div class='ocr_carea' id='block_1_97' title="bbox 405 5195 1976 5264">
    <p class='ocr_par' dir='ltr' id='par_1_97' title="bbox 405 5195 1976 5264">
     <span class='ocr_line' id='line_1_97' title="bbox 405 5195 1976 5264; baseline -0.006 -8"><span class='ocrx_word' id='word_1_656' title='bbox 405 5195 737 5262; x_wconf 72' lang='lat' dir='ltr'><strong>versaretur,</strong></span> <span class='ocrx_word' id='word_1_657' title='bbox 797 5208 852 5250; x_wconf 85' lang='lat' dir='ltr'><strong>et</strong></span> <span class='ocrx_word' id='word_1_658' title='bbox 898 5197 962 5249; x_wconf 90' lang='lat' dir='ltr'><strong>ad</strong></span> <span class='ocrx_word' id='word_1_659' title='bbox 1011 5197 1152 5264; x_wconf 89' lang='lat' dir='ltr'><strong>quod</strong></span> <span class='ocrx_word' id='word_1_660' title='bbox 1210 5197 1290 5248; x_wconf 91' lang='lat' dir='ltr'><strong>sui</strong></span> <span class='ocrx_word' id='word_1_661' title='bbox 1349 5195 1563 5247; x_wconf 88' lang='lat' dir='ltr'><strong>assidue</strong></span> <span class='ocrx_word' id='word_1_662' title='bbox 1621 5195 1976 5264; x_wconf 78' lang='lat' dir='ltr'><strong>protectiouis</strong></span> 
     </span>
    </p>
   </div>
   <div class='ocr_carea' id='block_1_98' title="bbox 402 5262 1976 5333">
    <p class='ocr_par' dir='ltr' id='par_1_98' title="bbox 402 5262 1976 5333">
     <span class='ocr_line' id='line_1_98' title="bbox 402 5262 1976 5333; baseline -0.008 -6"><span class='ocrx_word' id='word_1_663' title='bbox 402 5290 564 5327; x_wconf 87' lang='lat' dir='ltr'><strong>causa</strong></span> <span class='ocrx_word' id='word_1_664' title='bbox 625 5273 693 5323; x_wconf 91' lang='lat' dir='ltr'><strong>ab</strong></span> <span class='ocrx_word' id='word_1_665' title='bbox 755 5268 935 5321; x_wconf 84' lang='lat' dir='ltr'><strong>hostili</strong></span> <span class='ocrx_word' id='word_1_666' title='bbox 1007 5262 1210 5333; x_wconf 87' lang='lat' dir='ltr'><strong>iinpetn</strong></span> <span class='ocrx_word' id='word_1_667' title='bbox 1294 5265 1638 5330; x_wconf 86' lang='lat' dir='ltr'><strong>repedarcnt.</strong></span> <span class='ocrx_word' id='word_1_668' title='bbox 1714 5262 1976 5317; x_wconf 69' lang='lat' dir='ltr'><strong>Praesidio</strong></span> 
     </span>
    </p>
   </div>
   <div class='ocr_carea' id='block_1_99' title="bbox 406 5333 1974 5404">
    <p class='ocr_par' dir='ltr' id='par_1_99' title="bbox 406 5333 1974 5404">
     <span class='ocr_line' id='line_1_99' title="bbox 406 5333 1974 5404; baseline -0.009 -8"><span class='ocrx_word' id='word_1_669' title='bbox 406 5358 598 5396; x_wconf 86' lang='lat' dir='ltr'><strong>nomen</strong></span> <span class='ocrx_word' id='word_1_670' title='bbox 664 5341 888 5391; x_wconf 89' lang='lat' dir='ltr'><strong>inditum</strong></span> <span class='ocrx_word' id='word_1_671' title='bbox 947 5336 1141 5389; x_wconf 77' lang='lat' dir='ltr'><strong>Montis</strong></span> <span class='ocrx_word' id='word_1_672' title='bbox 1184 5334 1626 5404; x_wconf 79' lang='lat' dir='ltr'><strong>Peregrinarum,</strong></span> <span class='ocrx_word' id='word_1_673' title='bbox 1699 5347 1766 5388; x_wconf 88' lang='lat' dir='ltr'><strong>eo</strong></span> <span class='ocrx_word' id='word_1_674' title='bbox 1832 5333 1974 5404; x_wconf 70' lang='lat' dir='ltr'><strong>qunti</strong></span> 
     </span>
    </p>
   </div>
   <div class='ocr_carea' id='block_1_100' title="bbox 406 5403 1973 5481">
    <p class='ocr_par' dir='ltr' id='par_1_100' title="bbox 406 5403 1973 5481">
     <span class='ocr_line' id='line_1_100' title="bbox 406 5403 1973 5481; baseline -0.006 -19"><span class='ocrx_word' id='word_1_675' title='bbox 406 5412 704 5481; x_wconf 80' lang='lat' dir='ltr'><strong>peregrinis</strong></span> <span class='ocrx_word' id='word_1_676' title='bbox 779 5417 833 5460; x_wconf 87' lang='lat' dir='ltr'><strong>et</strong></span> <span class='ocrx_word' id='word_1_677' title='bbox 901 5407 1238 5481; x_wconf 72' lang='lat' dir='ltr'><strong>Christianis</strong></span> <span class='ocrx_word' id='word_1_678' title='bbox 1301 5404 1562 5456; x_wconf 85' lang='lat' dir='ltr'><strong>militibus</strong></span> <span class='ocrx_word' id='word_1_679' title='bbox 1636 5403 1973 5481; x_wconf 49' lang='lat' dir='ltr'><strong>illieunaxi-</strong></span> 
     </span>
    </p>
   </div>
   <div class='ocr_carea' id='block_1_101' title="bbox 406 5475 1972 5542">
    <p class='ocr_par' dir='ltr' id='par_1_101' title="bbox 406 5475 1972 5542">
     <span class='ocr_line' id='line_1_101' title="bbox 406 5475 1972 5542; baseline -0.006 -9"><span class='ocrx_word' id='word_1_680' title='bbox 406 5475 558 5534; x_wconf 53' lang='lat' dir='ltr'><strong>Ennm&#39;</strong></span> <span class='ocrx_word' id='word_1_681' title='bbox 607 5489 794 5532; x_wconf 80' lang='lat' dir='ltr'><strong>contra</strong></span> <span class='ocrx_word' id='word_1_682' title='bbox 851 5479 1132 5542; x_wconf 71' lang='lat' dir='ltr'><strong>gentilium</strong></span> <span class='ocrx_word' id='word_1_683' title='bbox 1189 5477 1334 5528; x_wconf 88' lang='lat' dir='ltr'><strong>vires</strong></span> <span class='ocrx_word' id='word_1_684' title='bbox 1395 5487 1608 5541; x_wconf 87' lang='lat' dir='ltr'><strong>semper</strong></span> <span class='ocrx_word' id='word_1_685' title='bbox 1658 5475 1972 5526; x_wconf 85' lang='lat' dir='ltr'><strong>haberetur.</strong></span> 
     </span>
    </p>
   </div>
   <div class='ocr_carea' id='block_1_102' title="bbox 404 5542 1971 5612">
    <p class='ocr_par' dir='ltr' id='par_1_102' title="bbox 404 5542 1971 5612">
     <span class='ocr_line' id='line_1_102' title="bbox 404 5542 1971 5612; baseline -0.01 -6"><span class='ocrx_word' id='word_1_686' title='bbox 404 5552 530 5606; x_wconf 64' lang='lat' dir='ltr'><strong>Hice</strong></span> <span class='ocrx_word' id='word_1_687' title='bbox 564 5553 732 5601; x_wconf 83' lang='lat' dir='ltr'><strong>l&#39;ertne</strong></span> <span class='ocrx_word' id='word_1_688' title='bbox 765 5549 1017 5600; x_wconf 78' lang='lat' dir='ltr'><strong>Albertus</strong></span> <span class='ocrx_word' id='word_1_689' title='bbox 1056 5547 1157 5612; x_wconf 84' lang='lat' dir='ltr'><strong>Aq.</strong></span> <span class='ocrx_word' id='word_1_690' title='bbox 1198 5548 1288 5598; x_wconf 86' lang='lat' dir='ltr'><strong>lib.</strong></span> <span class='ocrx_word' id='word_1_691' title='bbox 1325 5559 1397 5605; x_wconf 79' lang='lat' dir='ltr'><strong>tit,</strong></span> <span class='ocrx_word' id='word_1_692' title='bbox 1429 5559 1548 5612; x_wconf 89' lang='lat' dir='ltr'><strong>cap.</strong></span> <span class='ocrx_word' id='word_1_693' title='bbox 1585 5544 1689 5608; x_wconf 64' lang='grc' dir='ltr'>δὶς</span> <span class='ocrx_word' id='word_1_694' title='bbox 1756 5542 1971 5612; x_wconf 82' lang='lat' dir='ltr'><strong>Tyrius,</strong></span> 
     </span>
    </p>
   </div>
   <div class='ocr_carea' id='block_1_103' title="bbox 404 5613 1971 5685">
    <p class='ocr_par' dir='ltr' id='par_1_103' title="bbox 404 5613 1971 5685">
     <span class='ocr_line' id='line_1_103' title="bbox 404 5613 1971 5685; baseline -0.004 -13"><span class='ocrx_word' id='word_1_695' title='bbox 404 5640 492 5673; x_wconf 79' lang='lat' dir='ltr'><strong>ait.</strong></span> <span class='ocrx_word' id='word_1_696' title='bbox 535 5620 695 5682; x_wconf 75' lang='grc'>1105,</span> <span class='ocrx_word' id='word_1_697' title='bbox 733 5620 824 5668; x_wconf 89' lang='lat' dir='ltr'><strong>lib.</strong></span> <span class='ocrx_word' id='word_1_698' title='bbox 856 5632 909 5679; x_wconf 83' lang='lat' dir='ltr'><strong>x,</strong></span> <span class='ocrx_word' id='word_1_699' title='bbox 943 5631 1062 5685; x_wconf 86' lang='lat' dir='ltr'><strong>cap.</strong></span> <span class='ocrx_word' id='word_1_700' title='bbox 1097 5615 1205 5680; x_wconf 73' lang='lat'><strong>9.7;</strong></span> <span class='ocrx_word' id='word_1_701' title='bbox 1238 5615 1494 5667; x_wconf 70' lang='lat' dir='ltr'><strong>FII&#39;CIICI‘.</strong></span> <span class='ocrx_word' id='word_1_702' title='bbox 1522 5614 1620 5668; x_wconf 88' lang='lat' dir='ltr'><strong>lib.</strong></span> <span class='ocrx_word' id='word_1_703' title='bbox 1652 5630 1706 5679; x_wconf 89' lang='lat' dir='ltr'><strong>tt,</strong></span> <span class='ocrx_word' id='word_1_704' title='bbox 1733 5629 1851 5679; x_wconf 86' lang='lat' dir='ltr'><strong>cap.</strong></span> <span class='ocrx_word' id='word_1_705' title='bbox 1883 5613 1971 5665; x_wconf 77' lang='grc'><strong>55.</strong></span> 
     </span>
    </p>
   </div>
   <div class='ocr_carea' id='block_1_104' title="bbox 402 5685 1972 5753">
    <p class='ocr_par' dir='ltr' id='par_1_104' title="bbox 402 5685 1972 5753">
     <span class='ocr_line' id='line_1_104' title="bbox 402 5685 1972 5753; baseline -0.006 -10"><span class='ocrx_word' id='word_1_706' title='bbox 402 5691 621 5744; x_wconf 64' lang='grc' dir='ltr'>ϐιαιως</span> <span class='ocrx_word' id='word_1_707' title='bbox 656 5689 960 5740; x_wconf 74' lang='lat' dir='ltr'><strong>[{aimuudo</strong></span> <span class='ocrx_word' id='word_1_708' title='bbox 997 5690 1048 5738; x_wconf 92' lang='lat' dir='ltr'><strong>in</strong></span> <span class='ocrx_word' id='word_1_709' title='bbox 1084 5687 1175 5740; x_wconf 87' lang='lat' dir='ltr'><strong>illo</strong></span> <span class='ocrx_word' id='word_1_710' title='bbox 1212 5685 1533 5739; x_wconf 63' lang='lat' dir='ltr'><strong>aediﬁcando</strong></span> <span class='ocrx_word' id='word_1_711' title='bbox 1572 5701 1791 5753; x_wconf 71' lang='lat' dir='ltr'><strong>cperant</strong></span> <span class='ocrx_word' id='word_1_712' title='bbox 1820 5697 1972 5736; x_wconf 86' lang='lat' dir='ltr'><strong>suam</strong></span> 
     </span>
    </p>
   </div>
   <div class='ocr_carea' id='block_1_105' title="bbox 407 5757 1288 5821">
    <p class='ocr_par' dir='ltr' id='par_1_105' title="bbox 407 5757 1288 5821">
     <span class='ocr_line' id='line_1_105' title="bbox 407 5757 1288 5821; baseline -0.008 -7"><span class='ocrx_word' id='word_1_713' title='bbox 407 5762 617 5814; x_wconf 83' lang='lat' dir='ltr'><strong>locasse</strong></span> <span class='ocrx_word' id='word_1_714' title='bbox 649 5758 810 5811; x_wconf 84' lang='lat' dir='ltr'><strong>silent</strong></span> <span class='ocrx_word' id='word_1_715' title='bbox 843 5772 1063 5821; x_wconf 85' lang='lat' dir='ltr'><strong>prorsus</strong></span> <span class='ocrx_word' id='word_1_716' title='bbox 1098 5757 1288 5808; x_wconf 89' lang='lat' dir='ltr'><strong>nostri.</strong></span> 
     </span>
    </p>
   </div>
   <div class='ocr_carea' id='block_1_106' title="bbox 489 5821 1977 5894">
    <p class='ocr_par' dir='ltr' id='par_1_106' title="bbox 489 5821 1977 5894">
     <span class='ocr_line' id='line_1_106' title="bbox 489 5821 1977 5894; baseline -0.002 -17"><span class='ocrx_word' id='word_1_717' title='bbox 489 5827 786 5894; x_wconf 66' lang='grc' dir='ltr'>(ειῦὶιίατὰ</span> <span class='ocrx_word' id='word_1_718' title='bbox 829 5823 940 5890; x_wconf 83' lang='grc' dir='ltr'>τῆς</span> <span class='ocrx_word' id='word_1_719' title='bbox 992 5825 1365 5892; x_wconf 72' lang='grc' dir='ltr'>Λαιιδικείιις.</span> <span class='ocrx_word' id='word_1_720' title='bbox 1413 5823 1726 5880; x_wconf 83' lang='lat' dir='ltr'><strong>Laodiceam</strong></span> <span class='ocrx_word' id='word_1_721' title='bbox 1773 5821 1977 5880; x_wconf 66' lang='lat' dir='ltr'><strong>Graecis</strong></span> 
     </span>
    </p>
   </div>
   <div class='ocr_carea' id='block_1_107' title="bbox 417 5922 442 5939">
    <p class='ocr_par' dir='ltr' id='par_1_107' title="bbox 417 5922 442 5939">
     <span class='ocr_line' id='line_1_107' title="bbox 417 5922 442 5939; baseline 0 -3"><span class='ocrx_word' id='word_1_722' title='bbox 417 5922 442 5939; x_wconf 64' lang='grc' dir='ltr'><em>Δ</em></span> 
     </span>
    </p>
   </div>
   <div class='ocr_carea' id='block_1_108' title="bbox 2073 4705 3654 4780">
    <p class='ocr_par' dir='ltr' id='par_1_108' title="bbox 2073 4705 3654 4780">
     <span class='ocr_line' id='line_1_108' title="bbox 2073 4705 3654 4780; baseline 0.002 -22"><span class='ocrx_word' id='word_1_723' title='bbox 2073 4707 2174 4780; x_wconf 73' lang='grc' dir='ltr'>ᾼιι.</span> <span class='ocrx_word' id='word_1_724' title='bbox 2343 4722 2418 4766; x_wconf 86' lang='lat' dir='ltr'><strong>vt.</strong></span> <span class='ocrx_word' id='word_1_725' title='bbox 2466 4722 2585 4780; x_wconf 83' lang='lat' dir='ltr'><strong>cap.</strong></span> <span class='ocrx_word' id='word_1_726' title='bbox 2625 4708 2818 4780; x_wconf 63' lang='lat'>55.55</span> <span class='ocrx_word' id='word_1_727' title='bbox 2848 4720 2901 4760; x_wconf 87' lang='lat' dir='ltr'><strong>et</strong></span> <span class='ocrx_word' id='word_1_728' title='bbox 2959 4725 3076 4776; x_wconf 83' lang='lat' dir='ltr'><strong>seq.</strong></span> <span class='ocrx_word' id='word_1_729' title='bbox 3133 4727 3361 4780; x_wconf 78' lang='lat' dir='ltr'><strong>eamque</strong></span> <span class='ocrx_word' id='word_1_730' title='bbox 3417 4711 3654 4772; x_wconf 85' lang='lat' dir='ltr'><strong>tandem,</strong></span> 
     </span>
    </p>
   </div>
   <div class='ocr_carea' id='block_1_109' title="bbox 2073 4774 3655 4845">
    <p class='ocr_par' dir='ltr' id='par_1_109' title="bbox 2073 4774 3655 4845">
     <span class='ocr_line' id='line_1_109' title="bbox 2073 4774 3655 4845; baseline 0.002 -18"><span class='ocrx_word' id='word_1_731' title='bbox 2073 4774 2200 4828; x_wconf 90' lang='lat' dir='ltr'><strong>dum</strong></span> <span class='ocrx_word' id='word_1_732' title='bbox 2241 4775 2380 4845; x_wconf 54' lang='lat' dir='ltr'><strong>idgm</strong></span> <span class='ocrx_word' id='word_1_733' title='bbox 2421 4779 2673 4845; x_wconf 74' lang='lat' dir='ltr'><strong>princeps</strong></span> <span class='ocrx_word' id='word_1_734' title='bbox 2713 4774 3053 4830; x_wconf 75' lang='lat' dir='ltr'><strong>detineretur</strong></span> <span class='ocrx_word' id='word_1_735' title='bbox 3107 4781 3156 4845; x_wconf 85' lang='lat' dir='ltr'><strong>in</strong></span> <span class='ocrx_word' id='word_1_736' title='bbox 3196 4774 3442 4842; x_wconf 71' lang='lat' dir='ltr'><strong>viticulis,</strong></span> <span class='ocrx_word' id='word_1_737' title='bbox 3479 4798 3655 4845; x_wconf 75' lang='lat' dir='ltr'><strong>expu-</strong></span> 
     </span>
    </p>
   </div>
   <div class='ocr_carea' id='block_1_110' title="bbox 2075 4843 3655 4918">
    <p class='ocr_par' dir='ltr' id='par_1_110' title="bbox 2075 4843 3655 4918">
     <span class='ocr_line' id='line_1_110' title="bbox 2075 4843 3655 4918; baseline 0.004 -22"><span class='ocrx_word' id='word_1_738' title='bbox 2075 4847 2258 4918; x_wconf 75' lang='lat' dir='ltr'><strong>gnavit</strong></span> <span class='ocrx_word' id='word_1_739' title='bbox 2284 4843 2732 4918; x_wconf 56' lang='grc' dir='ltr'>Τειιιςιειιιιείδιιὺ</span> <span class='ocrx_word' id='word_1_740' title='bbox 2761 4862 2850 4901; x_wconf 90' lang='lat' dir='ltr'><strong>an.</strong></span> <span class='ocrx_word' id='word_1_741' title='bbox 2881 4847 3045 4913; x_wconf 70' lang='lat'><strong>1092;</strong></span> <span class='ocrx_word' id='word_1_742' title='bbox 3077 4843 3284 4903; x_wconf 79' lang='lat' dir='ltr'><strong>Allicrt.</strong></span> <span class='ocrx_word' id='word_1_743' title='bbox 3325 4851 3428 4918; x_wconf 78' lang='lat' dir='ltr'><strong>Aq.</strong></span> <span class='ocrx_word' id='word_1_744' title='bbox 3474 4843 3566 4903; x_wconf 71' lang='grc' dir='ltr'><strong>ιώξ</strong></span> <span class='ocrx_word' id='word_1_745' title='bbox 3601 4867 3655 4915; x_wconf 84' lang='lat' dir='ltr'><strong>x,</strong></span> 
     </span>
    </p>
   </div>
   <div class='ocr_carea' id='block_1_111' title="bbox 2080 4915 3659 4986">
    <p class='ocr_par' dir='ltr' id='par_1_111' title="bbox 2080 4915 3659 4986">
     <span class='ocr_line' id='line_1_111' title="bbox 2080 4915 3659 4986; baseline 0.004 -21"><span class='ocrx_word' id='word_1_746' title='bbox 2080 4930 2198 4982; x_wconf 89' lang='lat' dir='ltr'><strong>cap.</strong></span> <span class='ocrx_word' id='word_1_747' title='bbox 2229 4915 2295 4986; x_wconf 87' lang='lat'><strong>9;</strong></span> <span class='ocrx_word' id='word_1_748' title='bbox 2332 4915 2713 4986; x_wconf 25' lang='lat' dir='ltr'><strong>Guibertilib.</strong></span> <span class='ocrx_word' id='word_1_749' title='bbox 2755 4932 2848 4980; x_wconf 81' lang='lat' dir='ltr'><strong>vn,</strong></span> <span class='ocrx_word' id='word_1_750' title='bbox 2881 4933 3003 4986; x_wconf 90' lang='lat' dir='ltr'><strong>cap.</strong></span> <span class='ocrx_word' id='word_1_751' title='bbox 3036 4921 3103 4970; x_wconf 63' lang='grc'>54</span> <span class='ocrx_word' id='word_1_752' title='bbox 3132 4936 3146 4982; x_wconf 89' lang='lat'><strong>;</strong></span> <span class='ocrx_word' id='word_1_753' title='bbox 3179 4915 3434 4972; x_wconf 67' lang='lat' dir='ltr'><strong>Fulcitur.</strong></span> <span class='ocrx_word' id='word_1_754' title='bbox 3470 4923 3560 4973; x_wconf 93' lang='lat' dir='ltr'><strong>lib.</strong></span> <span class='ocrx_word' id='word_1_755' title='bbox 3593 4935 3659 4985; x_wconf 87' lang='grc' dir='ltr'><strong>ιι,</strong></span> 
     </span>
    </p>
   </div>
   <div class='ocr_carea' id='block_1_112' title="bbox 2078 4983 3655 5052">
    <p class='ocr_par' dir='ltr' id='par_1_112' title="bbox 2078 4983 3655 5052">
     <span class='ocr_line' id='line_1_112' title="bbox 2078 4983 3655 5052; baseline 0.004 -16"><span class='ocrx_word' id='word_1_756' title='bbox 2078 4998 2198 5052; x_wconf 87' lang='lat' dir='ltr'><strong>cap.</strong></span> <span class='ocrx_word' id='word_1_757' title='bbox 2228 4985 2327 5049; x_wconf 69' lang='lat'><strong>12;</strong></span> <span class='ocrx_word' id='word_1_758' title='bbox 2364 4984 2521 5038; x_wconf 76' lang='lat' dir='ltr'><strong>Gesta</strong></span> <span class='ocrx_word' id='word_1_759' title='bbox 2559 4983 2822 5041; x_wconf 80' lang='lat' dir='ltr'><strong>Francor.</strong></span> <span class='ocrx_word' id='word_1_760' title='bbox 2852 4983 2972 5052; x_wconf 50' lang='lat' dir='ltr'><strong>cap&#39;.</strong></span> <span class='ocrx_word' id='word_1_761' title='bbox 3002 4988 3093 5050; x_wconf 83' lang='grc'>51,</span> <span class='ocrx_word' id='word_1_762' title='bbox 3128 4989 3233 5050; x_wconf 79' lang='lat'><strong>55;</strong></span> <span class='ocrx_word' id='word_1_763' title='bbox 3267 4989 3404 5044; x_wconf 78' lang='lat' dir='ltr'><strong>Hist.</strong></span> <span class='ocrx_word' id='word_1_764' title='bbox 3441 4983 3655 5044; x_wconf 73' lang='lat' dir='ltr'><strong>Ilieros.</strong></span> 
     </span>
    </p>
   </div>
   <div class='ocr_carea' id='block_1_113' title="bbox 2075 5055 3654 5178">
    <p class='ocr_par' dir='ltr' id='par_1_113' title="bbox 2075 5055 3654 5178">
     <span class='ocr_line' id='line_1_113' title="bbox 2075 5055 3654 5178; baseline 0.005 -74"><span class='ocrx_word' id='word_1_765' title='bbox 2075 5067 2220 5178; x_wconf 44' lang='lat' dir='ltr'><strong>112:3.l</strong></span> <span class='ocrx_word' id='word_1_766' title='bbox 2243 5055 2382 5178; x_wconf 62' lang='lat'><strong>60:)”;</strong></span> <span class='ocrx_word' id='word_1_767' title='bbox 2417 5055 2634 5178; x_wconf 48' lang='lat' dir='ltr'><strong>&#39;Brius,</strong></span> <span class='ocrx_word' id='word_1_768' title='bbox 2675 5057 2766 5110; x_wconf 91' lang='lat' dir='ltr'><strong>lib.</strong></span> <span class='ocrx_word' id='word_1_769' title='bbox 2807 5072 2862 5121; x_wconf 88' lang='lat' dir='ltr'><strong>x,</strong></span> <span class='ocrx_word' id='word_1_770' title='bbox 2894 5072 3015 5126; x_wconf 88' lang='lat' dir='ltr'><strong>cap.</strong></span> <span class='ocrx_word' id='word_1_771' title='bbox 3051 5059 3121 5112; x_wconf 75' lang='lat'><strong>25</strong></span> <span class='ocrx_word' id='word_1_772' title='bbox 3145 5076 3160 5126; x_wconf 72' lang='grc' dir='ltr'><strong>ς</strong></span> <span class='ocrx_word' id='word_1_773' title='bbox 3188 5059 3379 5114; x_wconf 83' lang='lat' dir='ltr'><strong>Jacob.</strong></span> <span class='ocrx_word' id='word_1_774' title='bbox 3409 5060 3476 5114; x_wconf 84' lang='lat' dir='ltr'><strong>de</strong></span> <span class='ocrx_word' id='word_1_775' title='bbox 3520 5060 3654 5112; x_wconf 82' lang='lat' dir='ltr'><strong>Vitr.</strong></span> 
     </span>
     <span class='ocr_line' id='line_1_114' title="bbox 2158 5142 2522 5178; baseline 0.003 0"><span class='ocrx_word' id='word_1_776' title='bbox 2158 5167 2169 5178; x_wconf 87' lang='lat'><strong>.</strong></span> <span class='ocrx_word' id='word_1_777' title='bbox 2231 5166 2244 5178; x_wconf 88' lang='lat'><strong>.</strong></span> <span class='ocrx_word' id='word_1_778' title='bbox 2274 5142 2303 5175; x_wconf 69' lang='grc' dir='ltr'><strong>(τ</strong></span> <span class='ocrx_word' id='word_1_779' title='bbox 2382 5165 2396 5178; x_wconf 87' lang='grc'><strong>.</strong></span> <span class='ocrx_word' id='word_1_780' title='bbox 2509 5165 2522 5178; x_wconf 81' lang='grc' dir='ltr'><strong>ο</strong></span> 
     </span>
    </p>
   </div>
   <div class='ocr_carea' id='block_1_114' title="bbox 2100 5126 2522 5187">
    <p class='ocr_par' dir='ltr' id='par_1_114' title="bbox 2100 5126 2522 5187">
     <span class='ocr_line' id='line_1_115' title="bbox 2100 5126 2522 5187; baseline 0.007 -12"><span class='ocrx_word' id='word_1_781' title='bbox 2100 5126 2169 5179; x_wconf 85' lang='lat' dir='ltr'><strong>ib.</strong></span> <span class='ocrx_word' id='word_1_782' title='bbox 2206 5142 2244 5187; x_wconf 86' lang='grc'><strong>1,</strong></span> <span class='ocrx_word' id='word_1_783' title='bbox 2274 5141 2396 5187; x_wconf 80' lang='lat' dir='ltr'><strong>cap.</strong></span> <span class='ocrx_word' id='word_1_784' title='bbox 2433 5127 2522 5178; x_wconf 76' lang='grc'><strong>44.</strong></span> 
     </span>
    </p>
   </div>
   <div class='ocr_carea' id='block_1_115' title="bbox 2147 5141 3654 5267">
    <p class='ocr_par' dir='ltr' id='par_1_115' title="bbox 2147 5141 3654 5267">
     <span class='ocr_line' id='line_1_116' title="bbox 2147 5141 3654 5267; baseline 0.003 -19"><span class='ocrx_word' id='word_1_785' title='bbox 2147 5141 2893 5264; x_wconf 49' lang='grc' dir='ltr'><strong>ἰ52)(1ῧὲτέκ4ἇ.ίοῦντοτὸν</strong></span> <span class='ocrx_word' id='word_1_786' title='bbox 2923 5199 3257 5267; x_wconf 71' lang='grc' dir='ltr'>Σαγγέλην.</span> <span class='ocrx_word' id='word_1_787' title='bbox 3287 5199 3415 5253; x_wconf 85' lang='lat' dir='ltr'><strong>Post</strong></span> <span class='ocrx_word' id='word_1_788' title='bbox 3444 5199 3654 5254; x_wconf 75' lang='lat' dir='ltr'><strong>Gotho-</strong></span> 
     </span>
    </p>
   </div>
   <div class='ocr_carea' id='block_1_116' title="bbox 2076 5261 3656 5338">
    <p class='ocr_par' dir='ltr' id='par_1_116' title="bbox 2076 5261 3656 5338">
     <span class='ocr_line' id='line_1_117' title="bbox 2076 5261 3656 5338; baseline 0.003 -22"><span class='ocrx_word' id='word_1_789' title='bbox 2076 5261 2213 5338; x_wconf 75' lang='lat' dir='ltr'><strong>fredi</strong></span> <span class='ocrx_word' id='word_1_790' title='bbox 2245 5261 2480 5318; x_wconf 37' lang='lat' dir='ltr'><strong>&quot;mortem</strong></span> <span class='ocrx_word' id='word_1_791' title='bbox 2511 5281 2731 5333; x_wconf 79' lang='lat' dir='ltr'><strong>regnum</strong></span> <span class='ocrx_word' id='word_1_792' title='bbox 2766 5261 3315 5338; x_wconf 41' lang='lat' dir='ltr'><strong>llierosolyniita&#39;nuni</strong></span> <span class='ocrx_word' id='word_1_793' title='bbox 3351 5269 3656 5323; x_wconf 78' lang='lat' dir='ltr'><strong>ﬂaintundo</strong></span> 
     </span>
    </p>
   </div>
   <div class='ocr_carea' id='block_1_117' title="bbox 2075 5335 3654 5405">
    <p class='ocr_par' dir='ltr' id='par_1_117' title="bbox 2075 5335 3654 5405">
     <span class='ocr_line' id='line_1_118' title="bbox 2075 5335 3654 5405; baseline 0.003 -19"><span class='ocrx_word' id='word_1_794' title='bbox 2075 5335 2314 5386; x_wconf 81' lang='lat' dir='ltr'><strong>delatum</strong></span> <span class='ocrx_word' id='word_1_795' title='bbox 2355 5351 2456 5387; x_wconf 91' lang='lat' dir='ltr'><strong>nou</strong></span> <span class='ocrx_word' id='word_1_796' title='bbox 2496 5337 2714 5389; x_wconf 87' lang='lat' dir='ltr'><strong>tradunt</strong></span> <span class='ocrx_word' id='word_1_797' title='bbox 2765 5339 2954 5404; x_wconf 92' lang='lat' dir='ltr'><strong>nostri,</strong></span> <span class='ocrx_word' id='word_1_798' title='bbox 3012 5335 3056 5391; x_wconf 64' lang='lat' dir='ltr'><strong>Si</strong></span> <span class='ocrx_word' id='word_1_799' title='bbox 3117 5340 3251 5391; x_wconf 90' lang='lat' dir='ltr'><strong>bene</strong></span> <span class='ocrx_word' id='word_1_800' title='bbox 3283 5343 3528 5405; x_wconf 91' lang='lat' dir='ltr'><strong>memini,</strong></span> <span class='ocrx_word' id='word_1_801' title='bbox 3558 5341 3654 5393; x_wconf 89' lang='lat' dir='ltr'><strong>sed</strong></span> 
     </span>
    </p>
   </div>
   <div class='ocr_carea' id='block_1_118' title="bbox 2075 5406 3652 5476">
    <p class='ocr_par' dir='ltr' id='par_1_118' title="bbox 2075 5406 3652 5476">
     <span class='ocr_line' id='line_1_119' title="bbox 2075 5406 3652 5476; baseline 0.004 -20"><span class='ocrx_word' id='word_1_802' title='bbox 2075 5407 2248 5471; x_wconf 87' lang='lat' dir='ltr'><strong>captis</strong></span> <span class='ocrx_word' id='word_1_803' title='bbox 2283 5407 2466 5476; x_wconf 67' lang='lat' dir='ltr'><strong>statim</strong></span> <span class='ocrx_word' id='word_1_804' title='bbox 2501 5406 2896 5475; x_wconf 57' lang='lat' dir='ltr'><strong>litet&#39;osolyuiis</strong></span> <span class='ocrx_word' id='word_1_805' title='bbox 2922 5450 2935 5471; x_wconf 86' lang='lat'><strong>,</strong></span> <span class='ocrx_word' id='word_1_806' title='bbox 2966 5409 3107 5476; x_wconf 90' lang='lat' dir='ltr'><strong>quod</strong></span> <span class='ocrx_word' id='word_1_807' title='bbox 3143 5409 3228 5461; x_wconf 90' lang='lat' dir='ltr'><strong>ille</strong></span> <span class='ocrx_word' id='word_1_808' title='bbox 3259 5411 3548 5476; x_wconf 63' lang='lat' dir='ltr'><strong>respntrrit,</strong></span> <span class='ocrx_word' id='word_1_809' title='bbox 3577 5410 3652 5462; x_wconf 91' lang='lat' dir='ltr'><strong>ttti</strong></span> 
     </span>
    </p>
   </div>
   <div class='ocr_carea' id='block_1_119' title="bbox 2085 5473 3654 5550">
    <p class='ocr_par' dir='ltr' id='par_1_119' title="bbox 2085 5473 3654 5550">
     <span class='ocr_line' id='line_1_120' title="bbox 2085 5473 3654 5550; baseline 0.008 -23"><span class='ocrx_word' id='word_1_810' title='bbox 2085 5485 2304 5550; x_wconf 79' lang='lat' dir='ltr'><strong>narra_n_t</strong></span> <span class='ocrx_word' id='word_1_811' title='bbox 2358 5473 2696 5550; x_wconf 77' lang='lat' dir='ltr'><strong>Rai_i_nuutlns</strong></span> <span class='ocrx_word' id='word_1_812' title='bbox 2737 5473 2804 5531; x_wconf 83' lang='lat' dir='ltr'><strong>de</strong></span> <span class='ocrx_word' id='word_1_813' title='bbox 2846 5473 3048 5545; x_wconf 76' lang='lat' dir='ltr'><strong>Agiles,</strong></span> <span class='ocrx_word' id='word_1_814' title='bbox 3081 5478 3290 5532; x_wconf 81' lang='lat' dir='ltr'><strong>Alliett.</strong></span> <span class='ocrx_word' id='word_1_815' title='bbox 3323 5473 3425 5550; x_wconf 71' lang='lat' dir='ltr'><strong>Aq.</strong></span> <span class='ocrx_word' id='word_1_816' title='bbox 3456 5480 3548 5536; x_wconf 85' lang='lat' dir='ltr'><strong>lib.</strong></span> <span class='ocrx_word' id='word_1_817' title='bbox 3579 5495 3654 5539; x_wconf 77' lang='lat' dir='ltr'><strong>Vt.</strong></span> 
     </span>
    </p>
   </div>
   <div class='ocr_carea' id='block_1_120' title="bbox 2083 5545 3652 5616">
    <p class='ocr_par' dir='ltr' id='par_1_120' title="bbox 2083 5545 3652 5616">
     <span class='ocr_line' id='line_1_121' title="bbox 2083 5545 3652 5616; baseline 0.004 -20"><span class='ocrx_word' id='word_1_818' title='bbox 2083 5559 2201 5612; x_wconf 89' lang='lat' dir='ltr'><strong>cap.</strong></span> <span class='ocrx_word' id='word_1_819' title='bbox 2237 5545 2305 5598; x_wconf 79' lang='grc'><strong>55</strong></span> <span class='ocrx_word' id='word_1_820' title='bbox 2326 5555 2420 5616; x_wconf 66' lang='grc' dir='ltr'><strong>ςει</strong></span> <span class='ocrx_word' id='word_1_821' title='bbox 2451 5545 2580 5614; x_wconf 88' lang='lat' dir='ltr'><strong>Tyr.</strong></span> <span class='ocrx_word' id='word_1_822' title='bbox 2608 5549 2700 5600; x_wconf 91' lang='lat' dir='ltr'><strong>lib.</strong></span> <span class='ocrx_word' id='word_1_823' title='bbox 2737 5564 2810 5611; x_wconf 86' lang='lat' dir='ltr'><strong>ix,</strong></span> <span class='ocrx_word' id='word_1_824' title='bbox 2836 5563 2958 5616; x_wconf 84' lang='lat' dir='ltr'><strong>cap.</strong></span> <span class='ocrx_word' id='word_1_825' title='bbox 2985 5550 3038 5602; x_wconf 80' lang='grc'><strong>5.</strong></span> <span class='ocrx_word' id='word_1_826' title='bbox 3069 5553 3136 5602; x_wconf 80' lang='lat' dir='ltr'><strong>At</strong></span> <span class='ocrx_word' id='word_1_827' title='bbox 3169 5545 3652 5616; x_wconf 73' lang='lat' dir='ltr'><strong>Villliard.ti.156,</strong></span> 
     </span>
    </p>
   </div>
   <div class='ocr_carea' id='block_1_121' title="bbox 2087 5615 3656 5684">
    <p class='ocr_par' dir='ltr' id='par_1_121' title="bbox 2087 5615 3656 5684">
     <span class='ocr_line' id='line_1_122' title="bbox 2087 5615 3656 5684; baseline 0.006 -18"><span class='ocrx_word' id='word_1_828' title='bbox 2087 5619 2232 5684; x_wconf 74' lang='lat' dir='ltr'><strong>regio</strong></span> <span class='ocrx_word' id='word_1_829' title='bbox 2263 5615 2352 5668; x_wconf 84' lang='lat' dir='ltr'><strong>isti</strong></span> <span class='ocrx_word' id='word_1_830' title='bbox 2391 5618 2544 5669; x_wconf 91' lang='lat' dir='ltr'><strong>titulo</strong></span> <span class='ocrx_word' id='word_1_831' title='bbox 2571 5619 2812 5672; x_wconf 83' lang='lat' dir='ltr'><strong>inhiasse</strong></span> <span class='ocrx_word' id='word_1_832' title='bbox 2849 5615 3214 5672; x_wconf 71' lang='lat' dir='ltr'><strong>liaimutidum</strong></span> <span class='ocrx_word' id='word_1_833' title='bbox 3247 5619 3460 5684; x_wconf 82' lang='lat' dir='ltr'><strong>scribit,</strong></span> <span class='ocrx_word' id='word_1_834' title='bbox 3499 5615 3656 5676; x_wconf 10' lang='lat' dir='ltr'><strong>anteit</strong></span> 
     </span>
    </p>
   </div>
   <div class='ocr_carea' id='block_1_122' title="bbox 2084 5684 3492 5756">
    <p class='ocr_par' dir='ltr' id='par_1_122' title="bbox 2084 5684 3492 5756">
     <span class='ocr_line' id='line_1_123' title="bbox 2084 5684 3492 5756; baseline 0.006 -20"><span class='ocrx_word' id='word_1_835' title='bbox 2084 5700 2246 5756; x_wconf 71' lang='lat' dir='ltr'><strong>quam</strong></span> <span class='ocrx_word' id='word_1_836' title='bbox 2283 5684 2652 5756; x_wconf 68' lang='lat' dir='ltr'><strong>Gothofredus</strong></span> <span class='ocrx_word' id='word_1_837' title='bbox 2681 5689 2731 5741; x_wconf 90' lang='lat' dir='ltr'><strong>in</strong></span> <span class='ocrx_word' id='word_1_838' title='bbox 2772 5690 3065 5756; x_wconf 89' lang='lat' dir='ltr'><strong>principem</strong></span> <span class='ocrx_word' id='word_1_839' title='bbox 3094 5689 3298 5744; x_wconf 86' lang='lat' dir='ltr'><strong>electus</strong></span> <span class='ocrx_word' id='word_1_840' title='bbox 3331 5701 3492 5745; x_wconf 84' lang='lat' dir='ltr'><strong>esset.</strong></span> 
     </span>
    </p>
   </div>
   <div class='ocr_carea' id='block_1_123' title="bbox 2159 5755 3656 5826">
    <p class='ocr_par' dir='ltr' id='par_1_123' title="bbox 2159 5755 3656 5826">
     <span class='ocr_line' id='line_1_124' title="bbox 2159 5755 3656 5826; baseline 0.003 -18"><span class='ocrx_word' id='word_1_841' title='bbox 2159 5755 2272 5824; x_wconf 83' lang='grc'><strong>(55)</strong></span> <span class='ocrx_word' id='word_1_842' title='bbox 2304 5759 2408 5821; x_wconf 71' lang='grc' dir='ltr'><strong>Εἰς</strong></span> <span class='ocrx_word' id='word_1_843' title='bbox 2432 5755 3004 5826; x_wconf 69' lang='grc' dir='ltr'>τὴνμεγαλόπολιν.</span> <span class='ocrx_word' id='word_1_844' title='bbox 3043 5761 3159 5824; x_wconf 77' lang='lat' dir='ltr'><strong>Quo</strong></span> <span class='ocrx_word' id='word_1_845' title='bbox 3192 5778 3294 5812; x_wconf 84' lang='lat' dir='ltr'><strong>una</strong></span> <span class='ocrx_word' id='word_1_846' title='bbox 3346 5777 3468 5813; x_wconf 83' lang='lat' dir='ltr'><strong>cuiu</strong></span> <span class='ocrx_word' id='word_1_847' title='bbox 3515 5759 3656 5814; x_wconf 85' lang='lat' dir='ltr'><strong>Nor-</strong></span> 
     </span>
    </p>
   </div>
   <div class='ocr_carea' id='block_1_124' title="bbox 2091 5825 3650 5900">
    <p class='ocr_par' dir='ltr' id='par_1_124' title="bbox 2091 5825 3650 5900">
     <span class='ocr_line' id='line_1_125' title="bbox 2091 5825 3650 5900; baseline 0.004 -22"><span class='ocrx_word' id='word_1_848' title='bbox 2091 5828 2321 5880; x_wconf 72' lang='lat' dir='ltr'><strong>manune</strong></span> <span class='ocrx_word' id='word_1_849' title='bbox 2377 5837 2430 5880; x_wconf 85' lang='lat' dir='ltr'><strong>et</strong></span> <span class='ocrx_word' id='word_1_850' title='bbox 2480 5825 2747 5882; x_wconf 77' lang='lat' dir='ltr'><strong>Flandria:</strong></span> <span class='ocrx_word' id='word_1_851' title='bbox 2805 5832 3113 5896; x_wconf 88' lang='lat' dir='ltr'><strong>comitibus,</strong></span> <span class='ocrx_word' id='word_1_852' title='bbox 3174 5834 3264 5900; x_wconf 89' lang='lat' dir='ltr'><strong>qui</strong></span> <span class='ocrx_word' id='word_1_853' title='bbox 3328 5833 3556 5886; x_wconf 86' lang='lat' dir='ltr'><strong>reditum</strong></span> <span class='ocrx_word' id='word_1_854' title='bbox 3599 5835 3650 5885; x_wconf 90' lang='lat' dir='ltr'><strong>in</strong></span> 
     </span>
    </p>
   </div>
  </div>
