4088 6394
351 364 416 425 8-i
435 365 454 426 l

1648 369 2063 432 ALEXIADIS
2103 370 2249 434 LIB.
2285 373 2392 436 λῐ.

3519 376 3626 440 ste

349 480 519 531 αὑτὸν
545 475 595 529 οἱ
633 477 691 528 ὲν
739 476 1520 547 Ἱεροσολύμοις·ἐγνώκεσαν,
1575 480 1935 551 μεταπεμψάι

2056 482 2248 538 fierent
2279 482 2555 538 exstincto
2608 484 2747 538 forte
2785 482 3122 538 Gothofrch
3169 485 3346 539 Latini
3387 487 3478 555 qui
3518 487 3643 538 Ilii--

351 589 510 643 μενοι
545 570 640 624 τὸν
672 571 999 625 Βαλδουίνον
1033 572 1162 642 περὶ
1193 572 1292 644 τὴν
1319 574 1550 627 Ἔδεσαν
1581 575 1704 628 τότε
1772 577 1950 629 ἐνδια-

348 664 630 735 τρίϐοντα.
685 664 831 734 ρἧα
874 665 1273 737 Ἱεροσολύμων
1306 668 1672 737 κατέστησαν.
1739 670 1800 721 Ὀ
1846 667 1951 738 μὲν

342 753 442 806 οὖν
489 753 747 822 βασιλεὺς
777 753 870 805 τὸν
904 754 1192 823 Σαγγέλην
1241 755 1493 824 ἁσμένως
1543 755 1948 824 ἀποδεξάμενος

343 849 476 898 ἐπεὶ
504 845 599 898 τὸν
636 845 958 898 Βαλδουῖνον
1015 846 1332 916 μεμαθήκει
1383 847 1483 918 τὴν
1516 849 1576 901 ἐν
1643 847 1946 917 Ἱεροσολύ-

355 955 483 1007 μοις
516 938 695 1007 ἀρχὴν
726 937 1120 1001 ἀναδέξασθαι,
1145 941 1524 1009 παρακατεῖχε
1563 939 1686 1008 μεθ’
1718 938 1942 992 ἑαυτοῦ.

2053 571 2342 641 rosolytnis
2367 582 2524 627 erant
2557 574 2960 629 consultatione
3010 575 3255 629 instituta
3295 576 3363 631 de
3413 591 3638 631 succes-

2049 677 2174 719 sore
2224 663 2366 732 regis
2419 664 2662 719 defuncti
2714 666 3036 734 deligendo.
3088 666 3378 735 Saugelem
3433 667 3639 736 Tripoli

2050 766 2376 821 accerSunt,
2434 771 2664 827 regnum
2712 760 2760 812 ei
2818 759 3369 831 llierosnlymitanum
3425 761 3641 815 (lt-ferre

2048 847 2353 916 cupientes.
2397 848 2470 902 At
2494 849 2582 902 ille
2611 864 2783 917 usque
2807 852 3185 914 cunctabatur,
3225 852 3364 904 adeo
3395 854 3638 906 utetiam

2047 938 2576 1008 Constantinopolim
2630 943 3038 1006 retrocederet,
3104 944 3195 997 ubi
3260 959 3380 996 cum
3459 960 3639 998 moras

338 1032 591 1086 traheret
623 1030 824 1083 nullam
863 1040 1073 1083 certam
1109 1043 1259 1096 spem
1328 1031 1539 1087 faciens
1588 1033 1671 1088 sui
1724 1030 2157 1100 Hierosolymam
2216 1029 2504 1094 adventus,
2553 1031 3062 1104 l-lierosolymeuses
3111 1035 3250 1090 Galli
3309 1035 3636 1089 Ba'dllillillll

333 1132 626 1178 evocatum
675 1119 878 1176 Edessa
929 1135 1108 1189 regem
1159 1137 1322 1176 suum
1377 1135 1591 1179 creant.
1629 1126 1931 1194 Imperator
1965 1121 2214 1191 Saugelis
2245 1127 2310 1177 ad
2347 1141 2405 1180 se
2437 1126 2667 1180 adventu
2723 1129 2873 1195 prius
2940 1130 3271 1192 delectatus,
3340 1130 3429 1182 ubi
3492 1135 3630 1194 μηδι-ο

338 1218 564 1270 modum
594 1216 840 1270 Baiduitti
872 1215 1194 1270 electionem
1224 1219 1457 1286 audivit,
1485 1233 1552 1274 eo
1585 1221 1690 1276 sibi
1722 1219 1935 1290 putavit
1962 1217 2278 1273 faciendum
2317 1219 2618 1288 impensius
2653 1235 2708 1275 ut
2741 1224 2900 1277 talem
2935 1224 3077 1292 apud
3139 1238 3198 1279 se
3252 1225 3430 1279 virum
3507 1229 3641 1280 reti-

333 1321 520 1365 llefel.

426 1403 698 1474 Ὀπηνίκα
726 1408 821 1460 καὶ
846 1408 906 1461 τὸ
935 1412 1045 1463 τῶν
1072 1412 1383 1482 Νορμάνων
1411 1411 1646 1479 φοσάτον
1671 1412 1719 1444 ⁹⁰
1769 1407 1942 1461 κατέ-

331 1492 633 1562 lammina
645 1495 814 1562 μόνας
828 1495 951 1564 ἔχον
971 1497 1236 1568 ἀδελφοὺς
1261 1498 1376 1563 δύο,
1400 1498 1682 1570 Φλάντρας
1707 1498 1821 1571 (56)
1841 1515 1942 1552 καε-

333 1579 752 1648 λουμένους,οἷς
774 1587 946 1640 πολλὰ
964 1588 1226 1652 πολλάκις
1244 1591 1271 1642 ὀ
1295 1588 1550 1659 βασιλεὺς
1572 1590 1942 1658 συμϐουλευό-

335 1697 503 1750 μενος
525 1681 625 1750 τὴν
649 1681 820 1752 αὐτὴν
847 1685 960 1746 τοῖς
983 1683 1323 1753 προλαϐοῦσι
1338 1688 1598 1753 φοσάτοις
1617 1688 1664 1718 ⁹¹
1688 1686 1936 1750 ὁδεῦσαι,

2116 1402 2228 1456 llae
2263 1403 2378 1458 vice
2413 1420 2594 1458 rerum
2641 1406 2882 1474 pervenit
2915 1404 3448 1476 ConstantinOpolint
3497 1407 3630 1461 Nor‘

2042 1497 2293 1550 manicus
2344 1497 2624 1550 exercitus
2677 1497 2941 1551 ductmes
2994 1498 3203 1552 habens
3245 1500 3441 1551 fratres
3500 1501 3636 1552 duos

2041 1587 2408 1643 Flandrenses
2438 1587 2635 1642 dictos.
2672 1587 2768 1642 llis
2803 1604 3132 1657 magnopere
3163 1589 3429 1644 suadebat
3460 1592 3638 1657 impe-

2042 1690 2192 1734 rator
2221 1691 2278 1735 ut
2307 1683 2556 1750 priorum
2598 1691 2652 1736 et
2679 1681 2780 1751 ipsi
2821 1686 3170 1737 exercituum
3206 1685 3448 1754 VESIigiis
3468 1685 3630 1756 331

331 1774 432 1825 καὶ
473 1773 562 1826 διὰ
589 1772 698 1826 τῶν
728 1775 1014 1843 παραλίων
1050 1777 1119 1829 τὰ
1163 1777 1517 1848 Ἱεροσόλυμα
1559 1779 1928 1845 καταλαϐεῖν,

2043 1775 2389 1837 insisterent,
2439 1784 2493 1827 et
2547 1789 2642 1843 per
2681 1775 2986 1828 maritimas
3035 1777 3284 1845 regiones
3319 1775 3636 1848 Hic-rosuly‘

331 1863 430 1916 καὶ
467 1862 612 1915 οὕτω
645 1863 722 1932 τῷ
768 1863 944 1935 λοιπῷ
981 1867 1355 1937 στρατεύματι
1379 1868 1485 1920 τῶν
1518 1870 1766 1922 Λατίνων
1799 1873 1936 1926 ἑνω-

331 1953 520 2022 θῆναι.
563 1953 934 2024 Πειθομένους
966 1957 1196 2020 τούτους
1235 1959 1338 2028 οὐχ
1370 1958 1649 2026 εὕρισκεν,
1686 1961 1782 2014 ἆτε
1823 1968 1940 2028 τοῖς

330 2048 613 2117 Φράγγοις
672 2047 945 2116 ἑνωθῆναι
1013 2049 1088 2119 μὴ
1150 2049 1518 2119 βουλομένους
1581 2052 1697 2104 ἀλλ’
1743 2055 1942 2126 ἑτέραν

330 2141 558 2192 ὁδεῦσαι
587 2140 709 2193 ὁδὸν
756 2141 847 2193 διὰ
899 2141 996 2193 τοῦ
1027 2141 1384 2206 ἁνατολικοῦ,
1428 2143 1525 2197 καὶ
1559 2147 1802 2200 κατευθὺ
1836 2169 1944 2218 χω-

330 2233 506 2305 ρῆσαι
562 2233 659 2286 τοῦ
701 2234 954 2304 Χοροσᾶν
1010 2235 1122 2304 ('57)
1180 2237 1470 2305 οἰομένους
1523 2242 1826 2309 κατασχεῖν
1885 2244 1943 2296 τὸ

331 2324 601 2379 τοιοῦτον.
679 2325 740 2378 Ὀ
769 2326 833 2394 ,δὲ
870 2326 1128 2396 βασιλεὺς
1176 2329 1352 2399 πάντη
1399 2329 1724 2400 ἀσύμφορον
1778 2334 1942 2388 τοῦτο

335 2417 625 2485 γινώσκων
677 2419 771 2471 καὶ
814 2421 915 2490 τὴν
955 2419 1232 2472 ἀπώλειαν
1283 2421 1358 2490 μὴ
1399 2420 1584 2474 θέλων.
1615 2423 1709 2475 τοῦ
1749 2426 1941 2478 τοσού-

329 2529 428 2564 του
473 2510 644 2565 λαοῦο
679 2511 1043 2580 (πεντήκοντα
1085 2513 1194 2583 γὰρ
1231 2509 1375 2584 ἦσαν
1434 2513 1673 2583 χιλιάδες
1726 2517 1940 2571 ἱππέων

331 2602 572 2673 ἀνδρῶν,
637 2603 733 2656 καὶ
769 2603 970 2656 ἑκατὸν
1002 2603 1238 2671 πεζῶν),
1279 2605 1402 2656 ἐπεὶ
1439 2605 1514 2674 μὴ
1573 2605 1940 2676 πειθομένους

328 2690 564 2753 τούτους
587 2687 759 2760 ἐώρα.
788 2691 882 2745 τὸν
915 2691 1174 2763 δεύτερον
1206 2694 1234 2746 ὃ
1260 2710 1394 2761 φασι
1424 2695 1596 2747 πλοῦν
1616 2697 1936 2766 ἐρχόμενος,

327 2783 422 2834 τᾶν
465 2782 752 2853 Σαγγέλην
811 2784 923 2854 (58)
984 2787 1079 2838 καὶ
1129 2787 1223 2838 τὸν
1277 2786 1484 2850 Τζίταν
1553 2790 1940 2860 συνεκπέμπει

330 2873 574 2938 τούτοις,
607 2873 692 2941 ἐφ’
801 2875 1200 2944 συμϐουλεύειν
1255 2895 1320 2929 τε
1351 2882 1419 2932 τὰ
1458 2882 1802 2942 συνοίσοντα,
1843 2880 1941 2934 καὶ

333 2966 448 3018 τῶν
483 2967 820 3036 παραλόγων
874 2969 1068 3040 ὁρμῶν
1103 2970 1180 3031 ὡς
1235 2971 1358 3025 ἐνὸν
1397 2973 1786 3042 ἀνασειράζειν
1837 2976 1940 3028 αὑ-

329 3059 484 3121 τούς.
510 3061 1024 3131 Διαπεραιωθέντες
1049 3063 1146 3116 οὖν
1167 3063 1260 3117 τὸν
1289 3065 1390 3132 τῆς
1409 3065 1665 3134 Κιϐωτοῢ
1688 3067 1940 3137 πορθμὸν

2045 1883 2188 1920 tuam
2229 1866 2640 1932 proﬁciscentes
2665 1866 2876 1920 Latinis
2907 1881 3025 1934 qute
3052 1867 3166 1937 jam
3192 1878 3347 1922 erant
3383 1869 3492 1923 illic
3513 1886 3637 1924 sese

2045 1960 2220 2028 copiis
2275 1960 2658 2028 adjttngerent.
2699 1957 2900 2012 Verum
2950 1958 3066 2011 haec
3107 1959 3237 2027 ipsis
3276 1961 3462 2028 utique
3507 1977 3636 2027 pro-

2009 2042 2014 2053 ’
2045 2051 2161 2102 bari
2198 2065 2475 2118 nunquam
2505 2059 2734 2117 potuere
2759 2050 2928 2104 certis
2969 2049 3150 2101 animo
3183 2063 3287 2105 non
3317 2049 3549 2119 jungere
3575 2068 3637 2106 se

2044 2139 2238 2206 Gallis,
2273 2156 2374 2194 nec
2419 2141 2738 2194 societatem
2786 2142 2924 2195 inire
2959 2157 3082 2195 cum
3136 2143 3240 2195 illis
3283 2146 3477 2211 praeda:
3523 2145 3636 2215 glo-

2043 2234 2231 2308 riteve,
2289 2234 2384 2287 sed
2435 2248 2634 2285 novum
2691 2247 2944 2301 campum
2993 2236 3226 2303 proprim
3260 2236 3447 2289 virtuti
3483 2252 3636 2305 qna!-

2043 2341 2199 2392 rere;
2234 2326 2485 2395 viamque
2514 2325 2834 2380 intentatam
2868 2327 3046 2380 adhuc
3087 2316 3412 2383 Latinorum
3437 2332 3632 2386 armis.

2047 2430 2192 2475 recta
2225 2434 2322 2489 per
2359 2420 2684 2475 orientalem
2719 2419 2948 2474 limitem
2975 2436 3262 2490 capessere
3293 2423 3632 2476 Corosanunt

2041 2525 2261 2576 versus,
2289 2511 2445 2579 cujus
2472 2511 2637 2564 etiam
2672 2510 2830 2578 regiae
2861 2510 3010 2563 urbis
3037 2512 3496 2580 expugnationem
3535 2514 3634 2566 de-

2043 2603 2546 2672 praedationemque
2579 2602 2719 2671 jam‘
2749 2601 2949 2670 spebus
3007 2603 3416 2672 pratcipiebant.
3452 2605 3634 2660 Facile

2043 2692 2316 2748 sentiebat
2345 2692 2642 2760 imperator
2664 2706 2828 2760 quam
2852 2707 2958 2745 non
2995 2691 3212 2746 dubiam
3244 2695 3294 2747 in
3333 2697 3631 2763 perniciem

2045 2787 2151 2840 ista
2185 2784 2413 2839 consilia
2442 2793 2728 2853 vergereut
2759 2802 2771 2837 :
2805 2795 2985 2837 tamen
3025 2787 3154 2853 quin
3188 2787 3385 2842 durum
3415 2798 3534 2842 erat
3579 2806 3630 2842 ct

2043 2878 2238 2932 inutile
2268 2877 2538 2947 capitibus
2567 2876 2784 2930 invictae
2813 2874 3130 2944 pertinaciae
3162 2893 3356 2932 sanum
3385 2882 3506 2935 sine
3527 2883 3632 2936 line

2048 2971 2169 3025 sine
2201 2971 2383 3023 fructu
2413 2983 2674 3038 oggerere
2723 2967 3040 3032 consilium,
3081 2971 3250 3024 cessit
3280 2971 3577 3039 aliquando
3613 2991 3629 3026 :

2043 3077 2096 3120 et
2125 3079 2193 3118 Ite
2229 3071 2343 3116 tum
2371 3062 2588 3131 quidem
2627 3062 2916 3114 immemor
2945 3061 3316 3128 humanitatis,
3363 3078 3522 3132 quam
3552 3079 3631 3117 se-

326 3157 428 3207 καὶ
465 3154 601 3224 πρὸς
644 3157 738 3208 τὸν
781 3157 1151 3226 Ἀρμενιακδν
1180 3158 1538 3228 ἐπειγόμενοι
1579 3159 1680 3229 τὴν
1721 3161 1933 3228 Ἀγκυ-

2046 3159 2275 3212 cundum
2337 3155 2477 3209 inire
2525 3155 2698 3224 potuit
2741 3168 2882 3208 Viam
2927 3157 3242 3208 consulendi
3302 3157 3632 3222 hoSpitilIus.

329 3265 439 3315 ραν
481 3247 886 3310 καταλαϐόντες
934 3247 994 3314 ἐξ
1038 3248 1235 3314 ἐφόδου
1273 3249 1480 3320 ταύτην
1514 3252 1806 3321 κατέσχον
1845 3252 1940 3305 καὶ

325 3339 481 3392 οὕτω
507 3340 600 3392 τὸν
648 3339 819 3409 Ἀλην
866 3340 1176 3406 διαϐάντες,
1226 3341 1503 3411 πολίχνιόν
1533 3361 1584 3397 τι
1615 3343 1937 3398 κατέλαϐον.

343 3433 505 3484 Ἐπεὶ
543 3433 599 3484 δὲ
647 3431 808 3485 τοῦτο
879 3433 1147 3502 Ῥωμαῖοι
1211 3438 1466 3504 κατεῖχον
1534 3435 1936 3508 θαρρήσαντες,

328 3525 434 3578 καὶ
466 3527 566 3586 τὰς
590 3526 744 3596 ἱερὰς
777 3525 1170 3588 ὲπενδυθέντες
1191 3528 1240 3579 οἱ
1272 3528 1442 3596 ἱερεῖς
1485 3527 1704 3591 στολὰς,
1754 3529 1935 3596 Εὐαγ-

326 3617 519 3684 γέλιόν
550 3634 602 3668 τι
634 3619 727 3670 καὶ
757 3619 1033 3686 σταυροὺς
1068 3618 1449 3687 κομιζόμενοι,
1475 3618 1934 3689 ὡςΧριστιανοῖς

327 3712 548 3775 τούτοις
580 3714 915 3786 προσῄεσαν.
947 3713 1008 3765 Οἱ
1048 3713 1105 3765 δὲ
1135 3712 1526 3782 ἀπανθρώπως
1584 3714 1680 3766 καὶ
1703 3713 1932 3783 ἀπηνῶς

331 3807 393 3859 οὐ
418 3807 549 3868 τοὺς
584 3807 750 3875 ἱερεῖς
810 3808 993 3877 μόνον,
1052 3806 1190 3862 ἀλλὰ
1249 3807 1344 3858 καὶ
1403 3807 1530 3870 τοὺς
1575 3807 1799 3871 λοιποὺς
1824 3808 1935 3860 τῶν

332 3900 686 3971 Χριστιανῶν
715 3901 1028 3970 ἀναιροῦσι,
1062 3900 1160 3952 καὶ
1187 3900 1566 3970 ἀφροντίστως
1598 3900 1692 3952 τοῦ
1744 3900 1934 3954 λοιποῦ

331 3995 411 4058 ὡς
466 3996 605 4066 πρὸς
656 3995 961 4065 Ἀμάσειαν
1016 3996 1426 4057 ἀπονεύσαντες
1484 3995 1584 4065 τὴν
1617 3995 1930 4066 ὁδοιπορίαν

334 4087 639 4141 ἐποιοῦντο.
704 4089 768 4141 Οἱ
826 4087 882 4141 δὲ
938 4087 1178 4158 Τοῢρκοι
1226 4089 1700 4158 ἐμπειροπόλεμοι
1750 4088 1928 4156 ὄντες,

332 4179 851 4248 προκαταλαϐόντες
876 4180 976 4241 τὰς
1008 4179 1202 4248 κώμας
1229 4179 1416 4237 πάσας
1453 4178 1549 4230 καὶ
1590 4178 1658 4230 τὰ
1686 4178 1928 4249 χορτάσ-

337 4290 491 4343 ματα
520 4275 700 4327 πάντα
725 4274 1063 4344 ἐνέπρησαν,
1093 4272 1396 4340 ὲφθακότες
1419 4272 1477 4324 δὲ
1507 4270 1734 4334 τούτους
1757 4271 1928 4334 ὀξέως

338 4367 965 4436 προσέϐα).ον.Δευτέρα
987 4366 1044 4419 δὲ
1070 4361 1139 4437 ἦν
1164 4364 1276 4435 (59)
1308 4364 1430 4418 καθ’
1452 4365 1520 4433 ἢν
1553 4366 1934 4434 ὑπερίσχυσαν

2042 3249 2209 3319 priori
2239 3247 2494 3302 exclusus
2531 3246 2667 3301 vitio
2695 3246 2964 3315 ipsorum,
2995 3249 3191 3317 cupide
3214 3249 3448 3318 arripuit
3470 3249 3630 3303 simul

2039 3351 2094 3397 et
2130 3341 2376 3410 provide.
2420 3339 2686 3394 Miseraus
2720 3340 2989 3407 siquidem
3021 3351 3071 3393 et
3103 3353 3368 3409 quantum
3411 3343 3462 3396 in
3512 3344 3630 3410 ipso

2029 3429 2160 3490 ierat
2209 3434 2500 3504 prohibere
2539 3445 2796 3500 satagens
2841 3435 3118 3486 iuteritunt
3159 3444 3324 3489 tanta:
3377 3438 3629 3490 multitu-

2038 3527 2179 3582 dinis
2219 3529 2404 3598 (erant
2437 3526 2834 3596 quinquaginta
2866 3526 3032 3578 millia
3066 3526 3352 3595 equitum;
3379 3528 3622 3595 peditum

2042 3627 2259 3674 'ceututu
2290 3617 2507 3688 millia),
2553 3616 2839 3685 Sangelem
2877 3627 2930 3671 rt
2967 3617 3177 3670 Tzitam
3214 3633 3336 3671 cum
3370 3619 3500 3686 ipsis
3531 3623 3628 3674 Ini-

2041 3713 2133 3777 sit,
2171 3712 2392 3780 negotio
2425 3710 2644 3779 utrique
2675 3714 2802 3762 dato
2835 3708 3099 3762 suadendi
3134 3707 3360 3761 meliora
3392 3711 3445 3762 in
3472 3724 3628 3765 occa-

2039 3809 2312 3872 sionibus,
2336 3814 2391 3860 et
2415 3806 2831 3874 intempestivos
2854 3804 3033 3873 gentis
3054 3804 3368 3872 praeferocis
3397 3805 3627 3872 impetus

2042 3915 2151 3970 qua
2185 3902 2233 3953 vi
2287 3913 2504 3968 quaque
2538 3907 2657 3952 arte
2689 3897 2934 3951 valerent
2967 3904 3200 3950 eatenus
3241 3897 3530 3950 coercendi
3564 3912 3627 3950 ne

2041 3992 2097 4047 in
2132 3992 2411 4046 exercitus
2453 3990 2619 4044 totius
2649 3989 2877 4043 exitium
2909 3999 3150 4042 ruerent.
3178 3985 3430 4055 Trajecto
3466 3987 3626 4057 igitur

2039 4085 2218 4140 Ciboti
2252 4085 2393 4138 freto
2423 4099 2613 4138 versus
2640 4083 3030 4137 Armeniacum
3077 4083 3320 4149 provecti
3373 4082 3628 4145 limitem,

2040 4179 2314 4248 Ancyram
2350 4177 2595 4246 capiunt.
2627 4175 2748 4230 Hali
2783 4175 2981 4230 deinde
3015 4190 3178 4229 amne
3226 4175 3479 4239 transito,
3513 4176 3626 4229 cui-

2039 4270 2164 4323 dam
2196 4285 2256 4322 se
2289 4268 2551 4338 oppidulo
2589 4268 2882 4320 admovent
2911 4284 2924 4320 :
2968 4268 3113 4329 quod
3140 4281 3263 4320 cum
3299 4280 3328 4318 a
3373 4266 3626 4320 Romanis

2045 4361 2374 4415 iueoleretur
2406 4360 2552 4413 cives
2587 4374 2615 4411 τι
2663 4357 2993 4412 Christianis
3029 4356 3164 4410 nihil
3196 4356 3322 4409 mali
3348 4355 3504 4410 veriti
3533 4369 3624 4410 oc-

331 4460 547 4513 τούτων
580 4459 631 4512 οἱ
653 4459 910 4530 Τοῦρκοι.
945 4459 1058 4512 Καὶ
1091 4475 1396 4529 τηνικαυτα
1424 4457 1592 4510 αὐτοῦ
1628 4473 1731 4509 που
1767 4472 1935 4508 κατα-

2047 4458 2272 4504 currunt
2317 4447 2615 4503 Normanis
2657 4447 2871 4503 obviam
2919 4446 3092 4502 sacris
3138 4447 3312 4501 induti
3364 4447 3622 4511 vestibus,

1388 4574 1586 4636 Variae
1615 4571 1927 4634 lectiones
1959 4587 2034 4631 ex
2067 4568 2210 4629 cod.
2246 4567 2521 4630 Coislitl.

413 4683 462 4716 '°
511 4681 806 4752 φοσσάτον.
884 4679 931 4711 ⁹¹
981 4680 1298 4749 φοσσάτοις.

1415 4793 1555 4855 Car.
1592 4791 1920 4854 Dufrcsnti
1960 4790 2055 4850 Du
2086 4787 2305 4866 Cangii
2341 4793 2531 4849 noue.

334 4903 568 4974 palrialll
602 4902 898 4974 parabam.
940 4914 1246 4960 secesserat
1289 4907 1388 4974 sub
1434 4917 1523 4952 an.
1558 4899 1922 4974 “00,_p:tttlo

338 4965 467 5027 ante
501 4965 830 5027 exstinctum
860 4973 1275 5028 Gothofreduttt.
1330 4971 1534 5024 Albert.
1571 4975 1671 5037 Aq.
1712 4965 1805 5023 lib.
1845 4985 1922 5032 vt,

338 5061 460 5112 eap.
498 5045 602 5111 55;
635 5047 728 5096 lib.
769 5059 886 5107 vttt,
943 5063 1063 5113 cap.
1113 5047 1167 5108 5,
1221 5043 1274 5101 6,
1331 5043 1397 5106 7;
1457 5041 1708 5095 Fulcher.
1751 5040 1845 5095 lib.
1884 5056 1922 5100 I,

334 5132 459 5182 cap.
490 5116 586 5175 ‘20;
622 5113 872 5169 Ortleric.
907 5115 1064 5169 Vital.
1105 5118 1198 5169 lib.
1235 5130 1287 5172 Χ.
1319 5113 1600 5182 pag.779.

409 5180 524 5255 (56)
574 5185 910 5250 Φλάντρας.
970 5180 1379 5256 Expeditionem
1441 5180 1928 5256 Longobardornm

335 5249 620 5324 intellig”,
651 5249 1124 5324 (μιιιιυείιιιῌιιιιὶιιί
1159 5271 1264 5308 non
1297 5256 1450 5322 pattt-i
1487 5271 1514 5305 e
1544 5250 1928 5324 Gerttianiahet

336 5327 510 5382 Gallia
530 5321 796 5386 comites,
832 5331 921 5393 qui
954 5321 1014 5379 ea
1045 5337 1366 5393 tempestate
1397 5321 1924 5393 ConstauliIIOpolitu

334 5407 723 5468 pervenerunt.
760 5395 832 5450 De
852 5389 967 5452 hic
1006 5389 1214 5468 Albert.
1253 5400 1365 5468 Aq.
1389 5395 1492 5468 illi.
1523 5410 1638 5468 vttt,
1668 5408 1789 5468 cap_.
1815 5392 1869 5468 5,
1895 5389 1928 5444 6

337 5463 391 5522 et
423 5487 540 5536 seq.
577 5469 708 5539 Tyr.
744 5469 840 5519 lib.
879 5483 932 5530 Χ,
969 5485 1093 5539 cap.
1133 5467 1200 5520 1'2
1228 5467 1415 5539 etii);
1454 5466 1716 5518 Math'etts
1749 5463 1923 5516 Paris.

336 5550 390 5592 et
423 5540 534 5592 alii.
563 5537 636 5592 At
655 5539 836 5591 nullos
865 5539 935 5591 ibi
956 5553 985 5592 θ
1013 5537 1341 5592 Normauuia
1373 5539 1603 5588 comites
1626 5540 1947 5602 agnoscunt.

337 5610 658 5679 scriptores,
699 5625 875 5676 neque
922 5610 1199 5662 exercitus
1257 5613 1512 5660 ductores
1560 5605 1932 5679 Flatutrenses-

337 5673 498 5743 duos,
529 5695 665 5748 quos
705 5673 800 5731 ltic'
832 5679 983 5732 Anna
1017 5679 1488 5740 comminiscitur;
1545 5676 1666 5748 ni_s_i_
1681 5673 1930 5748 fortassis

336 5754 392 5805 iII
431 5743 769 5804 ista—fuerint
807 5752 1149 5816 expeditione
1185 5749 1468 5816 Philippus
1515 5756 1572 5800 et
1599 5743 1924 5816 \Villeluttts,

333 5822 564 5878 Roberti
597 5820 816 5877 comitis
852 5814 1119 5875 Flandrite
1149 5814 1379 5884 fratres,
1402 5821 1466 5874 de
1508 5817 1709 5887 quibus
1740 5814 1929 5871 Μοίρι.

667 5923 941 5983 ΡΑτιιοῐι.
991 5919 1109 5981 Gtt.
1146 5916 1312 5979 CXX
1327 5916 1401 5976 Xl
1416 5960 1431 5978 .

2028 4916 2116 4952 an.
2152 4894 2289 4946 1104
2321 4900 2374 4946 el.
2405 4892 2566 4946 Ηυξ).

2100 4965 2211 5037 (57)
2277 4957 2577 5037 Χοροσᾶν.
2616 4961 3009 5037 Alliertus__Aq.
3061 4963 3156 5015 lilt.
3201 4976 3342 5037 νιιι,
3384 4976 3504 5028 cap.
3541 4962 3574 5015 7
3611 4981 3622 5017 :

2034 5033 2272 5091 [licentes
2309 5052 2364 5087 se
2409 5036 2572 5087 etiam
2610 5049 2822 5100 regnum
2871 5033 3148 5085 Cltorozmt
3203 5035 3248 5085 vi
3295 5035 3515 5096 intrare,
3565 5052 3622 5088 ac

2029 5104 2397 5163 Boemundum
2415 5105 2480 5158 de
2502 5106 2808 5170 captivitate
2831 5103 3122 5156 Tttrcorum
3165 5114 3259 5156 aut
3297 5117 3622 5172 extorquere.

2031 5191 2079 5233 et
2113 5178 2466 5235 liberat-emit!
2501 5175 2554 5226 in
2584 5179 2776 5227 virtute
2800 5191 2897 5228 sua
2925 5177 3186 5228 civitatem
3226 5174 3464 5228 Baldaclt
3513 5193 3621 5244 qua

2029 5260 2103 5303 est
2137 5256 2296 5312 caput
2325 5246 2470 5312 regni
2501 5244 2804 5307 Citorozan,
2833 5247 3073 5299 obsidere
3106 5257 3152 5298 et
3189 5247 3479 5299 destruere.

2101 5317 2216 5387 (58)
2253 5316 2597 5384 Σαγγέλην.
2629 5315 3010 5368 Consulentltts
3051 5330 3248 5382 prmter
3285 5317 3490 5387 Altiert.
3521 5316 3620 5379 At].

2029 5385 2123 5442 lib.
2165 5401 2283 5450 VIII,
2311 5401 2432 5455 cap.
2467 5387 2522 5448 7,
2566 5387 2816 5440 Ortleric.
2861 5387 3023 5440 Vital.
3061 5387 3158 5440 ιιι).
3198 5403 3254 5446 x,
3291 5402 3417 5453 pag.
3447 5385 3547 5438 789
3574 5397 3618 5435 et

2029 5475 2176 5525 δρψ,
2207 5458 2294 5508 tthi
2337 5466 2505 5510 totam
2547 5459 2686 5509 hanc
2721 5456 3204 5522 Longobartlurttm
3233 5468 3287 5509 et
3325 5455 3616 5525 Aquitanae

2030 5523 2146 5582 rum
2183 5527 2609 5596 expeditionem,
2644 5529 2930 5596 variasque
2964 5543 2990 5578 a
3023 5525 3219 5580 Turcis
3275 5523 3474 5580 nostris
3500 5523 3615 5577 illa-

2031 5611 2112 5653 tas
2140 5598 2324 5651 clatles
2351 5608 2610 5650 accurate
2637 5608 3060 5651 Continetttorat.

2103 5667 2505 5739 (59)_Asvtépa
2549 5666 2618 5719 δὲ
2650 5663 2750 5737 ἦν.
2791 5667 3016 5739 Accidit
3071 5666 3258 5739 clades
3318 5667 3420 5739 ista
3480 5661 3614 5716 circa

2035 5736 2254 5794 Juniunt
2321 5754 2561 5793 mensem
2621 5736 2708 5793 an.
2750 5738 2877 5790 ttot
2935 5738 3146 5790 Altiert.
3198 5737 3304 5807 Aq.
3360 5736 3454 5789 lib.
3504 5749 3614 5799 vItI,

2037 5827 2159 5880 cap.
2199 5811 2264 5866 15
2294 5819 2348 5866 et
2373 5826 2490 5879 seq.

3221 5905 3295 5964 27
