4088 6422
2 6210 107 6275 \st

2 6326 65 6350 λ

392 367 502 431 843
1699 363 1931 423 ANN/E
1969 376 1973 411 τ

2073 359 2360 425 ΜΝΕΝΔΞ
3555 354 3664 418 844

388 481 740 552 Evangeiinm
781 490 836 539 et
880 496 1072 538 cruces
1119 482 1374 537 manibus
1431 478 1804 550 praeferentes.
1859 477 1964 532 Eos

2073 475 2455 548 σκηνώσαντες
2521 473 2745 544 χάρακά
2793 489 2855 526 τι
2911 471 3243 544 πηξάμενοι,
3299 473 3397 534 τάς
3462 472 3669 535 σκευὰς

389 575 743 632 nihilominus
774 574 1070 644 importuni
1103 572 1331 628 Barbari
1358 572 1479 642 plus
1505 586 1665 639 quam
1693 570 1968 626 hostiliter

387 667 672 735 excipiunt
703 676 758 721 et
787 681 893 721 non
928 666 1103 720 solum
1135 680 1323 720 sacros
1376 663 1657 717 ministros
1708 661 1965 726 fanatice,

387 762 482 815 sed
518 769 777 813 caeteram
835 772 1053 827 quoque
1099 756 1467 812 Christianam
1518 754 1731 809 turbam
1792 751 1967 808 ferina

387 850 707 904 crudelitate
773 848 1179 911 contrucidant,
1210 847 1418 915 talique
1442 846 1633 899 imbuti
1667 844 1876 900 scelere
1904 857 1973 898 ac

386 957 585 998 cruore
615 940 865 1010 sacrilegi
899 948 1051 1008 cepta
1083 939 1168 992 via
1194 938 1371 993 securi
1404 936 1779 1007 procedebant
1806 936 1973 989 Ama-

386 1051 531 1090 seam
590 1049 820 1098 versus,
875 1034 1092 1101 quando
1163 1031 1629 1101 experientissimi
1705 1029 1967 1084 bellorum

386 1124 547 1180 Turci
596 1135 815 1179 arctare
861 1123 1098 1194 primum
1131 1137 1327 1191 cepere
1382 1121 1610 1177 advenis
1654 1135 1965 1184 annonam;

385 1217 600 1286 oppidis
634 1219 833 1287 quippe
864 1232 931 1271 ac
960 1217 1097 1273 locis
1119 1231 1217 1285 per
1239 1231 1359 1284 quae
1383 1216 1714 1270 transituros
1751 1223 1968 1277 norant,

384 1322 600 1363 mature
630 1309 1048 1379 praeoccupatis,
1098 1312 1261 1363 etiam
1311 1307 1531 1374 herbas,
1567 1322 1884 1376 camporum
1915 1317 1972 1363 et

384 1404 745 1459 animantium
779 1402 979 1474 pabula
1016 1402 1126 1472 igni
1167 1411 1547 1470 corruperant.
1585 1398 1696 1455 Nec
1725 1399 1814 1455 his
1839 1416 1971 1454 con-

386 1496 522 1550 tenti
564 1495 839 1550 accedunt
882 1495 1134 1549 cominus
1165 1490 1528 1562 Latitiamque
1572 1494 1744 1547 aciem
1795 1493 1974 1548 laces-

383 1597 534 1642 sunt.
566 1585 726 1642 Feria
763 1595 883 1641 erat
913 1587 1177 1641 secunda.
1208 1584 1394 1655 Pugna
1435 1586 1795 1640 committitur
1822 1600 1969 1657 prte-

383 1679 694 1734 valcntibus
724 1678 941 1734 Turcis.
974 1676 1076 1743 Qui
1125 1675 1336 1733 Latinis
1381 1677 1502 1732 loco
1555 1676 1731 1746 pulsis
1783 1677 1966 1746 campi

385 1772 627 1837 Domini,
659 1771 864 1825 vallum
908 1771 1106 1825 ibidem
1150 1769 1324 1840 ﬁgunt
1371 1771 1758 1838 deponuntque
1794 1769 1968 1825 sarci-

2070 568 2429 623 ὲναπέθεντο.
2488 567 2568 638 Τῇ
2598 567 2655 620 δὲ
2690 567 2809 637 μετ’
2841 568 3015 638 αὐτὴν
3052 561 3210 627 αὖθις
3242 565 3289 597 ”
3323 565 3494 634 ἄμφω
3520 566 3666 634 ἐμά-

2070 680 2228 734 χοντο
2253 661 2323 715 τὰ
2358 660 2772 732 στρατεύματα.
2808 661 2874 714 Ui
2926 660 2987 714 δὲ
3026 659 3264 727 Τοῦρκοι
3315 656 3669 726 κυκλοτέρως

2071 753 2633 824 κατασκηνώσαντις,
2682 753 2746 807 οὐ
2774 753 3159 824 χορταγωγίας
3202 750 3392 820 χώραν
3450 750 3667 812 τούτοις

2071 843 2295 904 ἐδίδουν.
2340 841 2466 897 οὕτε
2504 841 2611 914 μὴν
2645 843 2717 898 τὰ
2763 842 3040 910 ὑποζύγια
3070 842 3168 894 καὶ
3198 842 3325 901 τοὺς
3354 841 3563 903 ἵππους
3609 844 3667 903 ὲς

2072 938 2236 989 ποτὸν
2268 936 2487 1004 ἐξάγειν
2524 934 2890 1006 συνεχώρουν.
2919 934 3035 1005 Τὴν
3066 933 3280 989 ἑαυτῶν
3296 932 3392 986 οὖν
3418 933 3669 991 πανωλε-

2075 1028 2238 1099 θρίαν
2279 1028 2369 1081 ἐπ’
2399 1027 2704 1097 ὀφθαλμοῖς
2736 1027 2783 1061 ³⁸
2821 1026 2924 1098 ἢδη
2965 1026 3203 1096 ὁρῶντες
3233 1027 3285 1078 οἱ
3312 1026 3531 1090 Κελτοὶ,
3564 1021 3669 1095 τῆς

2074 1122 2289 1176 ἑαυτῶν
2321 1122 2471 1191 ζωῆς
2502 1121 2921 1190 ἀφειδήσαντες,
2961 1122 3030 1189 τῇ
3059 1120 3179 1190 μετ’
3212 1120 3407 1189 αὐτὴν,
3462 1121 3667 1188 τετράς

2071 1214 2129 1269 δὲ
2157 1210 2250 1285 ἦν,
2291 1214 2579 1285 καρτερῶς
2602 1213 2992 1285 ὁπλισάμενοι,
3022 1213 3115 1265 τὸν
3150 1212 3291 1281 μετὰ
3312 1213 3423 1264 τῶν
3445 1212 3662 1282 Βαρϐά-

2076 1324 2186 1375 ρων
2214 1308 2536 1373 ἀνεδέξαντο
2564 1306 2824 1376 πόλεμον.
2859 1308 2922 1360 Οί
2977 1306 3037 1360 δὲ
3067 1306 3308 1378 Τοῦρκοι
3350 1308 3431 1368 εἰς
3476 1308 3663 1375 χεῖρας

2071 1399 2300 1461 τούτους
2328 1399 2550 1469 ἔχοντες
2588 1400 2689 1453 οὐκ
2712 1397 2793 1452 ἔτι
2831 1397 2972 1468 μετά
3013 1398 3125 1453 τῶν
3150 1398 3393 1471 δοράτων
3422 1398 3543 1450 οὐδὲ
3578 1396 3666 1450 διὰ

2071 1490 2246 1556 τόξων
2281 1491 2420 1560 πρὸς
2448 1491 2651 1555 αὐτοὺς
2691 1491 3070 1561 ἀπεμάχοντο,
3098 1491 3236 1548 ἀλλά
3268 1492 3337 1545 τά
3373 1491 3503 1560 ξίφη
3527 1506 3660 1543 σπα-

2075 1584 2330 1651 σάμενοι,
2353 1583 2449 1639 καὶ
2481 1581 2593 1635 τῶν
2624 1580 2866 1636 κουλεῶν
2887 1582 3303 1648 ἱξελκύσαντες,
3345 1582 3669 1651 ἀγχέμαχον

2070 1674 2171 1743 τὴν
2199 1675 2382 1746 μάχην
2428 1674 2735 1741 ἰποιοῦντο,
2779 1677 2876 1729 καὶ
2922 1674 3184 1748 παρευθὺ
3237 1676 3506 1744 τρέπουσι
3541 1675 3669 1738 τοὺς

2072 1768 2426 1838 Νορμάνονς.
2477 1770 2542 1822 Οἱ
2573 1769 2631 1823 δὲ
2672 1768 3078 1832 καταλαϐόντες
3114 1769 3209 1823 τὸν
3259 1768 3393 1821 ἴδιον
3423 1766 3668 1837 χάρακα,

384 1880 506 1920 nas.
552 1865 828 1921 Postridie
854 1864 1054 1919 iterum
1099 1865 1261 1919 ambo
1292 1862 1574 1918 exercitus
1607 1866 1967 1918 concurrunt.

2082 1858 2388 1928 σύμϐουλον
2424 1858 2746 1929 ἀνεζήτουν.
2798 1860 2858 1913 '0
2902 1860 2947 1913 δ’
2978 1859 3203 1931 άριστος
3256 1860 3669 1930 αὐτοκράτωρὲ

383 1958 657 2015 Caeterum
709 1958 782 2013 ita
840 1954 980 2013 locis
1027 1954 1427 2025 prmoccupatis
1473 1955 1680 2010 circum
1733 1955 1971 2024 undique

2073 1953 2136 2006 τὰ
2174 1952 2352 2023 λῴονα
2404 1953 2617 2017 τούτοις
2647 1953 3043 2022 ὑποτιθέμενος
3072 1952 3170 2007 καὶ
3194 1952 3269 2024 μὴ
3287 1954 3668 2016 εἰσακουσθεὶς

386 2050 875 2117 tabernaculisque
948 2049 1061 2103 lato
1116 2047 1353 2103 circuitu
1420 2047 1679 2117 expansis
1746 2046 1972 2102 Latinos

2073 2048 2127 2100 οὐ
2187 2051 2394 2117 παρῆν.
2452 2049 2657 2101 Λοιπὸν
2716 2049 2811 2101 ἐπὶ
2852 2049 2955 2118 τὴν
2986 2047 3082 2101 τοῦ
3141 2048 3392 2117 Σαγγέλη
3448 2046 3669 2101 καὶτοῦ

385 2142 991 2207 Turciconclnserant,
1045 2151 1107 2195 ut
1160 2156 1262 2196 nec
1312 2155 1544 2195 annona)
1599 2150 1694 2195 aut
1745 2140 1973 2209 pabula-

334 2290 342 2299 ,
386 2237 553 2291 tionis
584 2250 747 2291 causa
772 2235 994 2303 prodire
1017 2249 1312 2304 quoquam,
1341 2246 1441 2286 nec
1465 2232 1711 2301 iumenta
1734 2246 1975 2301 equosve

387 2340 580 2400 potum
620 2329 824 2382 ducere
859 2327 1070 2381 liceret.
1102 2324 1345 2391 Qtterum
1378 2339 1545 2379 sensu
1596 2324 1970 2380 incommodo-

385 2437 504 2478 rum
554 2436 620 2476 ac
670 2420 927 2490 praesenti
977 2429 1276 2487 conspectu
1330 2418 1572 2488 supremi
1627 2417 1781 2473 exitii
1836 2416 1974 2471 Galli

384 2515 533 2569 velut
563 2513 997 2582 desperabundi,
1026 2521 1083 2566 at
1113 2527 1220 2566 non
1254 2511 1483 2565 inultam
1516 2511 1734 2579 passuri
1780 2526 1975 2566 necem

384 2622 510 2662 cum
553 2608 724 2661 armis
774 2606 828 2658 in
887 2607 1075 2658 hostes
1133 2610 1320 2656 ruunt.
1375 2601 1581 2667 Quarta
1635 2609 1756 2656 erat
1813 2601 1971 2656 feria.

384 2696 680 2752 Conﬂietus
710 2700 974 2750 miscetur
1023 2703 1205 2747 atrox.
1240 2690 1433 2761 Neque
1457 2691 1572 2761 jam
1605 2693 1844 2746 arcubus
1880 2699 1976 2745 aut

384 2791 560 2857 longis
585 2788 779 2853 hastis,
804 2789 898 2841 sed
944 2786 1165 2840 admoto
1196 2784 1264 2838 ad
1298 2799 1494 2838 manus
1526 2782 1715 2852 praelia
1764 2783 1971 2839 strictis

385 2883 637 2938 cominus
677 2881 902 2937 ensibus
929 2876 1096 2933 Turci
1124 2874 1429 2931 Normanos
1472 2877 1582 2930 cito
1615 2885 1854 2931 vertunt.
1904 2875 1971 2931 Hi

385 2975 603 3046 propria
634 2974 688 3028 io
723 2981 909 3028 castra
939 2969 1209 3039 compulsi
1233 2968 1450 3025 consilii
1490 2967 1649 3038 cujus
1671 2978 1829 3023 erant
1851 2969 1967 3039 jam

2072 2142 2114 2194 Τ
2119 2142 2248 2205 (ita.
2273 2139 2504 2211 γνώμην
2544 2140 3013 2209 καταφεύγουσιν.
3051 2140 3075 2159 "
3091 2141 3215 2211 Αμα
3237 2140 3294 2193 δὲ
3323 2139 3420 2195 καὶ
3444 2142 3494 2193 εί
3515 2142 3669 2211 χώρα

2068 2252 2154 2297 τις
2181 2231 2293 2287 τῶν
2336 2234 2443 2287 ὑπὸ
2470 2233 2562 2287 τὸν
2608 2234 2997 2303 αὐτοκράτορα
3044 2233 3272 2302 πλησίον
3334 2234 3668 2303 παράκειταί

2071 2327 2445 2381 ἐπυνθάνοντο
2492 2325 2898 2395 ἀναζητοῦντες
2957 2326 3154 2397 αὐτήν.
3208 2326 3319 2380 Καὶ
3365 2326 3432 2397 δὴ
3457 2327 3560 2390 τάς
3609 2344 3667 2379 τε

2073 2421 2278 2484 σκευὰς
2335 2422 2431 2474 καὶ
2491 2419 2592 2483 τὰς
2648 2421 2858 2487 σκηνάς
2892 2418 2987 2473 καὶ
3019 2419 3082 2472 τὸ
3117 2419 3283 2483 πεζὸν
3313 2420 3461 2474 ἅπαν
3500 2420 3668 2474 αὑτοῦ

2071 2530 2174 2566 που
2228 2511 2653 2577 καταλιπόντες,
2695 2514 2810 2574 τοῖς
2879 2513 3035 2575 ίδίοις
3066 2513 3257 2576 ἵπποις
3306 2514 3667 2583 ὲποχηθέντες

2072 2604 2147 2666 ὡς
2178 2598 2326 2673 εἶχον
2366 2603 2571 2673 τάχους
2612 2603 2751 2673 πρὸς
2782 2603 2852 2656 τά
2883 2605 3037 2674 παρά
3077 2605 3357 2659 θάλασσαν
3395 2605 3490 2657 τοῦ
3546 2606 3660 2676 Ἀρ·

2082 2696 2347 2767 μενιακοῦ
2384 2697 2480 2749 καὶ
2509 2696 2556 2728 ⁸³
2588 2695 2686 2763 τῆς
2710 2696 3014 2767 Παυράκης
3042 2696 3216 2752 ἔθεον.
3275 2698 3658 2751 Ἐπεισπεσόν-

2075 2804 2169 2849 τες
2194 2786 2241 2838 δ’
2270 2785 2472 2856 ἀθρόον
2504 2786 2554 2838 οἱ
2599 2786 2642 2837 Τ
2646 2784 2835 2854 οῦρκοι
2868 2786 3071 2840 τούτων
3122 2788 3202 2857 τῷ
3254 2790 3453 2857 χάρακι
3485 2789 3659 2842 πάντα

2072 2876 2381 2947 ἀφείλοντο.
2423 2874 2557 2930 Εἶτα
2579 2879 2811 2931 κατόπιν
2843 2879 3052 2932 τούτων
3095 2879 3385 2946 διώξαντες
3407 2880 3469 2933 τὺ
3498 2881 3663 2946 πεζὸν

2074 2970 2223 3024 ἅπαν
2242 2970 2546 3040 ἐφθακότες
2584 2971 2822 3037 ἀνεῖλον,
2860 2973 3018 3036 τινάς
3045 2973 3105 3027 δὲ
3144 2976 3240 3028 καὶ
3268 2975 3666 3045 κατασχόντες,

386 3069 576 3136 inopes
615 3074 893 3120 auctorem
948 3062 1207 3116 videlicet
1258 3060 1598 3130 quaerebant.
1644 3059 1809 3130 332
1854 3060 1971 3117 Nec

2075 3062 2213 3134 πρὸς
2242 3063 2336 3115 τὸν
2365 3064 2616 3142 Χοροσᾶν
2635 3063 2834 3134 δεῖγμα
2865 3067 3176 3136 ἀπήγαγον.

385 3161 573 3215 aderat
609 3155 937 3225 imperator,
1000 3153 1094 3208 ille
1145 3152 1281 3207 olim
1365 3162 1584 3222 spretus
1629 3153 1999 3220 consiliarius,
2041 3169 2167 3211 cum
2226 3170 2360 3212 sana
2388 3166 2445 3212 et
2470 3171 2616 3212 nunc
2637 3171 2763 3212 sero
2795 3160 3150 3227 comprobata
3176 3160 3446 3215 suaderet.
3514 3159 3668 3228 Quod

386 3249 625 3306 restabat
646 3250 850 3303 adeunt
874 3248 975 3303 sibi
1011 3248 1168 3304 datos
1192 3249 1260 3303 ab
1294 3250 1415 3318 ipso
1438 3250 1540 3305 viae
1567 3252 1797 3307 comites
1824 3254 2115 3323 Sangelem
2146 3261 2202 3308 et
2225 3252 2440 3308 'l'zitam
2504 3253 2636 3323 quid
2666 3267 2803 3322 opus
2865 3263 3155 3309 censerent
3225 3254 3373 3311 facto
3442 3272 3669 3327 percon-

385 3357 597 3410 tentes;
629 3360 695 3400 ae
721 3344 971 3412 nunquid
1002 3355 1147 3398 esset
1178 3343 1291 3399 illic
1329 3344 1381 3397 in
1419 3345 1673 3413 proximo
1700 3346 1969 3416 quaepiam
2009 3347 2378 3416 imperatoriae
2407 3345 2637 3401 ditionis
2680 3348 2827 3415 regio
2875 3344 2932 3399 in
2999 3360 3162 3416 quam
3197 3347 3400 3404 habere
3490 3361 3668 3405 tntum

385 3450 662 3512 receptum
720 3436 983 3508 possent?
1072 3434 1195 3491 Mox
1246 3436 1479 3491 sarcinis
1530 3445 1581 3492 et
1649 3438 2019 3495 tabernaculis
2091 3437 2301 3496 relictis
2348 3439 2728 3507 peditatuque'
2768 3437 2956 3505 omni,
3013 3439 3198 3494 caeteri
3261 3442 3416 3509 equis
3469 3443 3669 3499 invecti

385 3551 544 3607 quam
576 3522 962 3590 incitatissime
1006 3539 1237 3585 currunt
1276 3531 1341 3585 ad
1380 3539 1591 3600 partem
1630 3531 1964 3587 maritimam
2006 3531 2319 3587 Armeniaci
2355 3531 2544 3585 limitis
2588 3539 2646 3586 et
2688 3530 2990 3586 Pauracen.
3071 3533 3140 3586 At
3222 3533 3389 3589 Turci
3434 3538 3668 3605 primum

385 3635 654 3687 irruentes
684 3628 741 3681 in
765 3634 969 3690 castra,
1033 3633 1232 3678 cuncta
1275 3623 1563 3694 diripiunt.
1632 3623 1755 3678 Mox
1825 3626 1891 3678 ad
1968 3626 2367 3696 insequendum
2398 3623 2668 3695 fugientes
2713 3625 2883 3692 versi,
2917 3625 3211 3694 peditatum
3258 3631 3496 3699 primum
3545 3646 3669 3687 om-

385 3734 508 3776 nem
541 3717 916 3774 internecione
955 3717 1184 3772 delent:
1233 3718 1495 3785 quosdam
1540 3716 1704 3772 etiam
1735 3730 1803 3772 es
1850 3717 1974 3772 aliis
2014 3718 2261 3773 assecuti
2295 3718 2361 3773 ad
2421 3716 2755 3772 Corosanem
2804 3717 3123 3787 speciminis
3179 3736 3343 3777 causa
3376 3723 3668 3787 duxerunt.

455 3811 607 3866 Talia
660 3810 962 3864 'l‘urcornm
1021 3809 1072 3860 in
1116 3806 1425 3863 Normanos
1484 3807 1731 3864 facinora
1791 3808 2037 3873 fuere.C

387 3906 558 3959 Porro
598 3902 863 3972 Sangeles
908 3912 964 3955 et
1007 3899 1193 3955 Tzitas
1247 3917 1370 3955 eum
1422 3902 1659 3958 residuis
1704 3902 1978 3971 equitibus

388 3996 577 4067 paucis
622 3991 1155 4062 Constantinopolim
1189 3994 1399 4047 reversi
1426 4001 1577 4048 sunt.
1612 3992 1841 4063 Excepit
1879 4008 1977 4049 eos

388 4091 688 4158 imperator
746 4084 1187 4154 benignissime,
1254 4086 1611 4156 pecuniisquc
1675 4085 1976 4141 liberaliter

389 4186 643 4244 donatos,
679 4194 746 4233 ac
795 4178 985 4247 quiete
1034 4178 1228 4233 idonea
1287 4176 1521 4232 refectos
1571 4188 1764 4250 optare
1810 4177 1976 4248 jussit

389 4288 550 4342 (ptem
586 4271 813 4324 mallent
842 4270 898 4323 in
928 4269 1241 4326 locumire.
1285 4269 1659 4342 Hierosolyma
1690 4287 1749 4328 se
1774 4286 1977 4342 cupere

389 4368 672 4418 dixerunt.
704 4362 1010 4431 Eosigitur
1053 4361 1253 4415 iterum
1282 4364 1543 4417 muniﬁce
1591 4364 1821 4418 donatos
1872 4365 1976 4418 lm-

388 4454 540 4522 ponit
564 4452 818 4516 navibus.
849 4454 1234 4522 ducendosque
1264 4468 1375 4522 quo
1403 4455 1656 4509 volebant
1685 4454 1978 4510 navarchis

390 4547 591 4611 tradit,
623 4546 808 4601 omnia
845 4546 980 4614 ipsis
1019 4561 1085 4599 ex
1118 4560 1307 4601 eorum
1340 4548 1616 4602 sententia
1662 4547 1974 4619 indulgens.

389 4636 654 4708 Sangeles
695 4647 878 4691 autem
913 4647 1139 4701 exorato
1178 4638 1247 4692 ab
1277 4639 1399 4692 aula
1430 4639 1673 4693 discessu
1707 4638 1975 4695 Constan-

388 4730 616 4800 tinopoli
668 4729 935 4800 Tripolim
993 4741 1250 4800 repetens
1295 4746 1455 4786 suum
1507 4731 1619 4786 illic
1668 4732 1972 4787 exercitum

390 4821 604 4883 revisit,
638 4820 1017 4890 incumbitque
1049 4821 1225 4875 nihilo
1254 4823 1435 4878 secius
1467 4823 1520 4877 in
1552 4833 1791 4879 veterem
1823 4840 1973 4894 spem

390 4911 659 4981 cupidiori
689 4923 888 4967 conatu
918 4928 1082 4982 quam
1116 4929 1353 4983 unquam
1387 4915 1790 4972 civitatisillius
1810 4932 1972 4984 quam

2157 3808 2320 3863 Ἀλλά
2385 3807 2561 3862 ταῦτα
2620 3808 2723 3879 μὲν
2751 3808 2820 3862 τά
2874 3809 2988 3862 τῶν
3052 3809 3317 3879 Τούρκων
3366 3815 3514 3869 κατά
3556 3815 3669 3870 τῶν

2076 3902 2387 3974 Νορμάνων
2425 3902 2921 3973 ἀνδραγαθήματα.
2966 3905 3023 3957 '0
3056 3905 3113 3958 δέ
3143 3921 3208 3974 γε
3250 3907 3536 3978 Σαγγέλης
3569 3912 3669 3964 καὶ

2074 3998 2105 4051 ὁ
2145 3997 2348 4061 Τζίτας
2383 3995 2525 4067 μετά
2552 3995 2664 4049 τῶν
2693 3996 3170 4066 καταλειφθέντων
3202 4000 3403 4069 ὀλίγων
3454 4002 3669 4057 ἱππέων

2073 4089 2177 4162 τὴν
2215 4089 2616 4160 βασιλεύουσαν
2648 4089 2761 4159 (60)
2791 4090 3305 4161 καταλαμϐάνουσι.
3361 4094 3668 4166 Δεξάμενος

2073 4183 2130 4237 δὲ
2162 4181 2394 4247 τούτους
2417 4183 2446 4235 6
2474 4183 2839 4254 αὐτοκράτωρ
2881 4183 2979 4238 καὶ
3036 4185 3297 4255 χρήματα
3339 4185 3465 4251 δοὺς
3505 4189 3669 4242 ἱκανά

2073 4270 2172 4327 καὶ
2222 4270 2627 4338 διαναπαύσας,
2691 4271 2861 4342 ἤρετο
2892 4272 3027 4325 ὅπου
3059 4273 3154 4329 τοῦ
3210 4275 3401 4329 λοιποῦ
3448 4279 3668 4347 αἱρετὸν

2074 4363 2261 4428 αὐτοῖς
2286 4363 2535 4418 ἀπιέναι.
2568 4364 2633 4416 0i
2667 4363 2725 4417 δὲ
2767 4363 2838 4417 τά
2889 4363 3241 4437 Ἰεροσόλυμα
3269 4369 3569 4439 ἐπιζήτουν
3594 4371 3666 4429 ’⁸.

2073 4455 2591 4526 Φιλοτιμησάμενος
2624 4450 2718 4509 οὖν
2761 4457 2968 4520 αὐτοὺς
3019 4458 3281 4527 δαψιλῶς,
3320 4460 3669 4528 διαποντίους

2077 4548 2390 4618 ἐκπέμπει,
2422 4550 2488 4618 τῇ
2526 4547 2709 4601 αὐτῶν
2741 4546 2939 4624 γνώμῃ
2982 4549 3043 4601 τὸ
3074 4552 3180 4603 πᾶν
3205 4551 3563 4624 ἀναθέμενος.
3605 4556 3669 4611 '0

2081 4641 2140 4695 δέ
2171 4657 2236 4709 γε
2257 4640 2537 4710 Σαγγέλης
2574 4642 2639 4694 ὲκ
2677 4623 3098 4711 μεγαλοπόλεως
3130 4642 3369 4707 ἐξελθὼν
3401 4647 3502 4718 τὴν
3528 4649 3668 4720 πρὸς

2081 4734 2145 4786 τὸ
2171 4733 2370 4787 οίκείον
2430 4733 2749 4803 στράτευμα
2803 4732 3059 4805 ἀνεζήτει
3116 4736 3432 4806 ἀπέλευσιν,
3482 4742 3575 4794 καὶ
3601 4742 3668 4813 δὴ

2082 4824 2498 4897 καταλαμϐάνει
2560 4827 2719 4890 αὖθις
2759 4827 2860 4897 τὴν
2939 4828 3244 4899 Τρίπολιν,
3294 4832 3668 4902 χειρώσασθαι

2080 4917 2287 4990 ταύτην
2340 4919 2686 4990 γλιχόμενος.
2736 4919 2895 4973 Μετά
2959 4919 3133 4974 ταῦτα
3199 4921 3255 4975 δὲ
3302 4923 3441 4994 νόσῳ
3502 4925 3667 4977 θανα-

391 5002 528 5057 mire
570 5005 924 5075 concupierat
955 5003 1291 5075 subigendae.
1327 5003 1529 5062 Verum
1560 5008 1853 5065 intervenit
1892 5010 1973 5067 le-

2084 5011 2231 5085 σίμῳ
2264 5012 2376 5085 (61)
2406 5012 2725 5085 περιπεσὼν
2760 5014 2855 5067 καὶ
2889 5015 3069 5068 πνέων
3091 5013 3139 5047 ⁸⁸
3164 5015 3232 5068 τά
3254 5013 3462 5087 ἔσχατα
3495 5033 3666 5088 μετα-

1470 5165 1669 5228 Variis
1700 5166 2018 5233 lectiones
2048 5190 2126 5234 ex
2160 5175 2302 5237 cod.
2336 5172 2609 5235 Coislm.

462 5311 507 5343 θ’
538 5309 698 5367 Deest
725 5327 822 5364 vox
860 5305 1040 5373 αὖθις.
1116 5310 1163 5343 ⁸³
1193 5308 1516 5380 ὀφθαλμῶν.
1608 5312 1656 5344 ⁸⁸
1674 5311 1837 5369 Deest
1861 5330 1967 5370 vox

2073 5317 2109 5372 ί.
2188 5319 2234 5351 ⁸⁵
2265 5315 2599 5389 ἐπεζήτουν.
2676 5319 2724 5352 ⁹⁶
2749 5320 2988 5377 πενθῶν.

1468 5451 1604 5512 Car.
1637 5452 1964 5517 Dufresnii
1996 5457 2088 5518 Du
2121 5456 2344 5537 Cangii
2379 5465 2572 5520 notas.

463 5570 612 5649 (6Q)_
626 5571 745 5649 Ti}?
770 5573 1292 5649 _B_a0fz.icdov0’ar;‘
1308 5573 1523 5649 Albcrt.
1560 5575 1663 5647 Aq.
1715 5578 1811 5636 lib.
1845 5596 1965 5649 vui,

393 5641 632 5713 cap.l7.
655 5642 760 5710 2‘2;
791 5644 1038 5699 0rderie.
1075 5641 1355 5713 pag._79'2,
1397 5644 1489 5701 Illi.
1522 5663 1574 5700 κ.

465 5712 578 5780 (Gl)
609 5714 785 5780 Νόσῳ
810 5711 1401 5783 θανασίμφξΜοτὶιιιΓ
1429 5714 1762 5775 Raimundus
1785 5735 1967 5778 comes

395 5778 698 5839 Tolosanus
749 5778 801 5839 in
836 5778 1268 5841 castro'montis
1323 5785 1739 5859 Peregrinarum
1790 5792 1967 5862 pridie

2073 5585 2201 5638 Kal.
2228 5583 2388 5638 Mart.
2418 5599 2508 5639 an.
2547 5584 2717 5657 “05;
2754 5587 2886 5657 Tyr.
2940 5585 3033 5657 lib.
3066 5603 3139 5649 ιι,
3174 5603 3293 5657 cap.
3339 5592 3409 5651 2;
3450 5589 3662 5647 Albert.

2077 5660 2181 5730 Qui.
2212 5657 2313 5730 lib_.
2343 5671 2418 5721 ιχ,
2456 5670 2577 5723 cap.
2611 5656 2722 5730 3;};
2766 5656 3090 5730 F_nlch._lih.
3132 5674 3190 5724 ιι,
3225 5656 3345 5730 cap.
3373 5660 3442 5715 ἓξ)
3473 5671 3526 5714 et
3555 5660 3664 5729 58;

2076 5724 2232 5798 Gesta
2270 5725 2468 5798 Firanc.
2494 5743 2619 5798 cap.
2651 5725 2758 5798 5};
2787 5724 2928 5778 Hist.
2963 5725 3175 5785 Πίονος.
3214 5724 3306 5789 an.
3336 5730 3511 5798 1105;
3558 5724 3663 5786 Ca;

2079 5797 2255 5865 tellus,
2290 5797 2387 5854 lib.
2416 5813 2454 5854 ιι
2484 5795 2624 5854 Hist.
2660 5793 2840 5851 Tolos.
2870 5812 2991 5863 cap.
3027 5799 3080 5859 l.
