4088 6436
351 359 456 424 ἓᾶῗί

1665 354 1895 417 ANN/E
1936 350 2250 416 COMNEN
2256 351 2323 412 1E

3530 342 3636 405 8i8

355 471 680 543 excipiebat,
713 469 926 543 culpam
980 468 1036 526 in
1065 469 1368 541 Augustum
1416 467 1702 524 conferens
1749 482 1938 523 eorum

2055 466 2297 533 χόμεθα,
2323 461 2427 517 καὶ
2457 459 2640 531 λιμὸν
2668 455 2799 514 οἷον
2827 458 3025 525 οὐδείς
3053 473 3173 513 που
3195 459 3240 490 ’⁸
3273 456 3391 512 τῶν
3417 457 3644 522 ἀνθρώ-

353 580 478 635 qua:
515 565 631 633 ipse
660 577 942 635 perperam
984 572 1172 635 egerat
1203 580 1215 616 :
1245 558 1398 627 Quod
1425 577 1573 615 arces
1612 577 1715 613 non
1756 559 1943 612 reddi-

355 671 492 716 mus,
523 671 627 708 non
657 670 774 718 nos,
808 653 1002 724 inquit,
1025 655 1115 707 sed
1141 664 1197 707 tu
1228 654 1281 707 in
1324 670 1485 710 causa
1528 668 1604 707 es.
1656 651 1939 706 Pollicitus

2051 567 2186 605 πων
2217 550 2513 615 τεθέαται,
2541 550 2621 616 ὡς
2644 548 2788 615 τοὺς
2822 548 3161 614 πλείστους
3191 547 3367 615 ἡμῶν
3400 547 3500 601 καὶ
3529 551 3612 602 ἀπ
3633 548 3645 569 ⁹

2048 645 2252 702 αὐτῶν
2291 644 2479 715 ὑπὲρί
2504 644 2610 698 τοῦ
2645 647 2836 713 νόμου
2890 641 3405 712 ἀπηγορευμένων
3448 642 3647 710 κρεῶν

355 748 494 800 enim
522 758 797 800 venturum
833 756 880 798 te
908 755 1024 816 post
1050 759 1144 799 nos
1176 761 1292 798 cum
1324 740 1514 798 validis
1555 743 1741 813 copiis,
1783 743 1940 812 ﬁdem

2055 741 2432 811 βεϐρωκέναι.
2452 741 2577 811 Ἐφ’
2598 741 2809 796 ἱκανὸν
2820 740 2888 794 δὲ
2902 739 3427 810 ἐγκαρτερούντων
3450 735 3643 807 ἡμῶν,

356 838 637 892 verborum
668 838 827 908 factis
852 850 1106 908 prtestare
1132 836 1387 901 noluisti;
1427 837 1806 908 neglexistiqne
1853 853 1945 890 nos

274 910 311 989 ,³
357 948 476 985 cum
512 928 763 1002 pericut'is
785 933 1032 985 exiremis
1061 941 1109 984 et
1138 932 1389 985 arumnis
1436 933 1823 1000 conﬂictantes.
1848 947 1946 1001 per

354 1026 668 1079 trimestrem
703 1026 1025 1079 obsidionem
1061 1025 1356 1079 Antiocltiw
1382 1041 1401 1080 :
1431 1041 1533 1095 quo
1568 1034 1676 1078 toto
1715 1035 1946 1093 tempore

354 1129 549 1185 prtcter
576 1118 944 1185 intestationes
985 1134 1255 1189 nunquam
1297 1119 1545 1171 remissas
1582 1117 1946 1187 pertinacissi'

352 1225 559 1262 morum
595 1209 846 1271 hostium,
879 1210 1043 1263 etiam
1078 1212 1271 1280 [autent
1301 1211 1677 1275 sustinuimus,
1728 1226 1847 1281 qua:
1897 1216 1947 1263 et

351 1317 533 1354 senum
571 1303 883 1356 memoriam
918 1313 967 1357 et
1002 1303 1263 1375 juvenum
1307 1321 1370 1358 ac
1412 1304 1647 1358 virorum
1699 1311 1951 1358 constan-

354 1393 481 1447 tiam
512 1395 757 1452 vinceret.
796 1394 939 1450 Nam
968 1414 1062 1452 nec
1086 1410 1389 1453 nostrorum
1420 1399 1697 1470 quisquam
1722 1397 1949 1453 similem

352 1504 406 1543 se
458 1488 750 1559 aliquando
803 1490 1174 1545 calamitatem
1225 1495 1339 1560 ejus
1378 1492 1583 1561 generis
1630 1491 1942 1545 meminerat

2044 836 2144 891 καὶ
2162 835 2347 902 αὐτὸς
2364 839 2396 889 ό
2409 835 2607 901 δοθεὶς
2633 833 2778 904 ἡμῖν
2798 834 2886 897 εις
2905 832 3149 900 ἀρωγὴν
3177 832 3537 894 πιστότατος
3559 831 3646 883 ol-

2044 929 2223 996 κέτης
2240 928 2347 982 τοῦ
2367 926 2484 981 σοῦ
2509 926 2767 997 κράτους
2790 925 3052 987 Τατίκιος
3077 923 3232 977 οὕτω
3253 922 3647 976 κινδυνεύον-

2043 1040 2153 1089 τας
2169 1021 2517 1076 καταλιπὼν
2537 1022 2693 1090 ἡμᾶς
2708 1019 2922 1090 ᾤχετο.
2946 1020 3209 1088 Εϊλομεν
3231 1017 3299 1071 δὲ
3316 1018 3441 1085 τὴν
3461 1021 3649 1072 πόλιν

2044 1115 2401 1184 παραδόξως
2470 1115 2570 1168 καὶ
2602 1114 2792 1178 αὐτὰς
2815 1114 2924 1178 τὰς
2967 1113 3089 1166 ἀπὸ
3120 1111 3228 1165 τοῦ
3256 1108 3536 1178 Χοροσᾶν
3558 1114 3647 1178 είς

2045 1208 2290 1279 ἀρωγὴν
2352 1206 2472 1262 τῶν
2535 1204 2883 1275 Ἀντιοχέων
2936 1204 3407 1267 καταλαϐούσας
3462 1203 3645 1257 δυνά-

2043 1320 2201 1374 μεις,
2238 1298 2842 1369 κατετροπωσάμεθα.
2879 1296 2994 1351 Kal
3043 1296 3169 1363 πῶς
3193 1296 3434 1350 δίκαιόν
3472 1295 3643 1349 ἐστιν

2050 1395 2204 1464 ἅπερ
2263 1397 2509 1460 οἰκείοις
2562 1391 2771 1461 ἱδρῶσι
2826 1390 2926 1446 καὶ
2991 1391 3203 1458 πόνοις
3235 1388 3647 1458 ἐκτησάμεθα,

2044 1491 2273 1560 ῥᾳδίως
2304 1488 2493 1554 οὕτως
2518 1484 3042 1553 ἀποποιήσασθαι.

353 1595 627 1652 expertum
667 1600 686 1639 ε
728 1595 778 1639 et
820 1600 887 1640 ea:
934 1586 1001 1640 iis
1048 1584 1264 1653 plurimi
1310 1586 1440 1639 cibis
1482 1587 1659 1640 vetitis
1698 1595 1855 1656 atque
1905 1585 2145 1656 infandis
2175 1601 2269 1639 ora
2311 1582 2545 1653 polluere.
2592 1597 2787 1652 magno
2833 1581 2976 1634 malo
3016 1588 3139 1635 sunt
3182 1579 3375 1633 coacti.
3424 1576 3649 1632 Interim

354 1694 484 1732 sane
523 1677 648 1730 dum
679 1678 1055 1750 egregiusate
1076 1678 1225 1733 nobis
1292 1680 1598 1750 assignatus
1665 1679 2014 1748 expeditionis
2053 1694 2246 1741 comes,
2305 1676 2429 1732 belli
2485 1676 2682 1738 socius,
2745 1673 2988 1729 Toticius
3037 1674 3130 1728 ille
3186 1673 3474 1740 ﬁdissimus
3535 1689 3650 1724 ma.

353 1769 532 1831 iestati
569 1780 695 1832 tute,
730 1770 827 1822 tali
856 1786 950 1823 nos
982 1779 1231 1840 tempore,
1265 1782 1422 1841 atque
1467 1770 1696 1826 articulo
1736 1772 1961 1842 periculi
1998 1772 2254 1826 deseruit.
2284 1770 2354 1824 At
2400 1786 2505 1823 non
2548 1768 2776 1823 deseruit
2808 1766 2970 1833 Deus,
3001 1766 3156 1836 cujus
3189 1782 3284 1836 ope
3318 1763 3649 1820 admirabilis

354 1873 465 1932 post
503 1872 793 1917 vestrorum
825 1879 1104 1927 recessum,
1163 1866 1590 1934 supervenientes
1663 1882 1695 1918 a
1739 1863 2011 1918 Corosane
2071 1864 2128 1918 in
2181 1862 2631 1917 Antiochenorum
2703 1860 2966 1915 auxilium
3025 1857 3432 1913 innumerabiles
3469 1857 3651 1927 aptius

354 1957 539 2027 pswlio
570 1956 808 2012 ricimus.
849 1955 980 2022 Qua:
1010 1974 1127 2011 cum
1160 1959 1235 2010 ita
1260 1958 1389 2023 sint,
1417 1958 1505 2012 cui
1534 1958 1699 2013 videri
1747 1975 1957 2028 tequum
1994 1959 2182 2029 possit,
2230 1974 2324 2012 nos
2349 1974 2413 2012 ea
2439 1973 2556 2028 quae
2598 1955 2804 2025 magnis
2852 1970 2916 2007 ac
2942 1954 3126 2007 multis
3154 1953 3355 2007 nostris
3384 1953 3651 2006 laboribus

354 2056 738 2123 sudoribusque
763 2055 1208 2121 comparacimus,
1249 2054 1477 2125 abjicere
1518 2064 1628 2109 tam
1668 2056 1848 2120 facile,
1882 2073 1945 2110 ac
1981 2057 2114 2126 eripi
2149 2054 2294 2109 nobis
2325 2055 2530 2108 sinere?

430 2147 527 2202 llis
585 2148 779 2202 litteris
829 2147 1126 2217 legatorum
1179 2149 1353 2202 reditu
1402 2149 1469 2203 ad
1529 2164 1590 2204 se
1639 2149 1861 2219 perlatis
1927 2165 1961 2206 a
1993 2158 2034 2213 Β

357 2254 525 2311 seque
555 2238 804 2308 perlectis
839 2239 1136 2304 imperator
1161 2280 1178 2306 ,
1234 2238 1391 2294 facile
1441 2240 1667 2309 agnovit
1719 2240 1950 2295 rediisse

357 2332 632 2387 hominem
662 2331 728 2384 ad
760 2330 1033 2398 ingenium
1072 2329 1246 2399 prius,
1281 2345 1511 2385 excussa
1541 2329 1897 2385 simulatione
1930 2346 1945 2384 :

358 2425 625 2494 planeque
649 2424 802 2478 illum
842 2425 1018 2493 ipsum
1059 2434 1114 2478 et
1135 2424 1386 2478 eutudem
1421 2439 1546 2479 esse
1579 2425 1946 2479 Baimundum

357 2534 504 2573 nunc
532 2532 656 2571 cum
690 2518 945 2582 maxime,
978 2531 1138 2587 quem
1183 2526 1294 2571 tam
1324 2526 1542 2573 atroces
1575 2519 1706 2573 olim
1761 2533 1946 2574 secum

356 2609 674 2664 exercuisse
712 2608 1037 2663 inimicitias
1072 2608 1420 2665 meminerat.
1461 2610 1726 2677 Quocirca
1758 2625 1952 2667 neces-

357 2701 564 2757 sarium
596 2701 752 2755 duxit
787 2699 1044 2756 violentis
1072 2700 1194 2770 ejus
1232 2715 1529 2757 occurrere
1563 2703 1788 2758 ausibus
1817 2741 1834 2768 ,
1896 2712 1953 2758 et

358 2793 561 2848 limites
608 2791 823 2861 imperii
871 2789 1106 2845 Romani
1139 2792 1340 2848 talibus
1374 2790 1590 2848 munire
1641 2793 1908 2861 praesidiis
1934 2831 1950 2855 ,

358 2899 481 2955 quae
506 2883 767 2953 impetum
804 2884 1149 2938 vehementis
1189 2885 1361 2939 hostis
1403 2894 1627 2954 possent
1674 2884 1947 2956 frangere.

363 2977 570 3047 Detegit
591 2977 657 3030 ad
681 2976 783 3031 hoc
813 2974 1129 3032 Butuniiten
1152 2993 1313 3047 quem
1339 2978 1422 3033 ire
1439 2978 1604 3047 jussit
1631 2980 1682 3033 in
1705 2977 1950 3036 Ciliciam

360 3086 487 3125 cum
524 3069 694 3137 copiis
724 3068 1062 3136 lectissimis,
1093 3080 1257 3141 atque
1287 3072 1422 3125 adeo
1444 3070 1579 3129 llore
1606 3072 1721 3142 ipso
1748 3073 1954 3128 militia:

363 3164 622 3218 Romana:
643 3202 660 3228 ,
704 3162 850 3218 vires
876 3177 1065 3218 omnes
1104 3162 1436 3220 fortissimos
1465 3176 1519 3218 et
1562 3165 1952 3235 experimentis

365 3255 578 3324 magnis
634 3256 880 3324 probata:
914 3253 1149 3310 virtutis.
1204 3253 1370 3310 Erant
1427 3257 1479 3310 in
1539 3256 1604 3312 iis
1665 3255 1868 3314 Bardas
1898 3269 1954 3312 et

363 3350 752 3430 Pocillatorum
831 3353 1082 3421 princeps
1146 3350 1402 3416 Michael,
1470 3353 1728 3409 ﬂorentes
1792 3363 1953 3410 astate

359 3443 592 3513 juvenes
624 3450 679 3499 et
720 3445 897 3514 prima
946 3445 1202 3514 lanugine
1245 3446 1418 3500 malas
1462 3446 1783 3518 signantes:
1816 3462 1954 3517 quos

364 3551 393 3589 a
426 3536 600 3606 prima
632 3546 795 3591 aetate
828 3538 1130 3608 imperator
1164 3539 1398 3594 nutritas
1424 3540 1564 3608 apud
1595 3555 1677 3604 se,
1705 3540 1953 3597 imbuere
1981 3536 2003 3600 Ὗ

365 3626 694 3683 rudimentis
736 3628 990 3685 militaris
1022 3632 1159 3686 artis
1182 3646 1287 3700 per
1319 3631 1560 3702 seipsum
1593 3633 1727 3688 tanti
1779 3634 1951 3689 duxe-

361 3731 490 3785 rat,
534 3722 755 3776 beroica
795 3737 1085 3791 puerorum
1140 3723 1364 3786 indole,
1421 3724 1712 3795 studioque
1760 3726 1843 3781 sui
1889 3741 1954 3782 ac

364 3814 471 3868 tida
521 3814 726 3883 majore
782 3814 1107 3871 delectatus.
1162 3816 1299 3872 Cum
1368 3817 1454 3871 his
1513 3828 1569 3871 et
1614 3817 1752 3873 alios
1809 3819 1955 3876 mille

365 3908 817 3978 generosissimos
849 3908 1192 3981 eximiosque
1218 3909 1512 3964 bellatores
1536 3911 1732 3980 partim
1770 3911 1955 3967 Gallos

362 3998 560 4068 partim
595 3995 865 4053 Romanos
903 4000 1068 4053 tradit
1101 4000 1387 4054 Bulumitte
1433 3999 1634 4070 jubens
1683 4017 1776 4059 eos
1827 4002 1958 4058 sub-

362 4092 584 4144 mittere
627 4105 686 4144 se
731 4090 806 4143 illi
836 4098 892 4144 et
921 4090 1406 4160 obtemperarein
1450 4093 1743 4158 omnibus,
1788 4093 1956 4151 simul

362 4184 525 4238 etiam
558 4199 654 4253 pro
687 4184 947 4254 peculiari
1003 4184 1108 4239 lide
1155 4185 1395 4255 ipsorum
1448 4186 1552 4241 illis
1604 4188 1869 4242 inaudans
1899 4196 1957 4242 ut

362 4277 605 4332 omnium
637 4293 757 4348 qua:
788 4276 1105 4331 acciderent
1134 4278 1189 4332 in
1240 4286 1512 4334 momenta
1555 4279 1767 4345 singula
1815 4279 1955 4335 imii-

362 4373 511 4424 cium
545 4373 729 4426 statim
767 4371 831 4424 ad
862 4370 1245 4439 imperatorem
1275 4372 1556 4427 deferrent
1591 4387 1687 4441 per
1724 4387 1955 4430 arcanas

371 4461 604 4516 litteras.
654 4460 826 4514 Porro
872 4460 973 4514 hac
1016 4459 1362 4530 expeditione
1408 4461 1490 4515 sic
1517 4461 1832 4515 adornanda
1865 4462 1958 4516 de-

367 4554 755 4621 cernendaque
783 4551 1034 4619 cupiebat
1083 4552 1358 4621 Augustus
1405 4552 1627 4608 ﬁrmare
1679 4553 1784 4608 sibi
1833 4568 1955 4621 pns-

366 4645 668 4701 sessionem
705 4644 908 4699 Ciliciae
947 4642 1114 4716 334
1150 4645 1339 4711 totius,
1373 4646 1664 4714 provinciae
1695 4646 1956 4715 inprimis

364 4747 684 4807 opportunae
708 4738 776 4790 ad
801 4751 864 4790 ea
894 4738 1120 4791 consilia
1169 4752 1289 4805 quae
1338 4746 1452 4791 tum
1504 4745 1685 4791 mente
1717 4738 1956 4807 agitabat

2147 2148 2638 2220 ’Υποστρεψάντων
2687 2145 2733 2201 δ’
2787 2145 2999 2200 ἐκεῖθεν
3040 2145 3151 2200 τῶν
3209 2144 3519 2218 πρέσϐεων,
3575 2144 3652 2210 ὡς

2052 2245 2150 2305 τὰς
2208 2242 2305 2295 τοῦ
2368 2239 2711 2311 Βαῖμούντου
2769 2238 3064 2307 ὑπανέγνω
3119 2240 3361 2309 γραφὰς,
3399 2239 3651 2305 διαγνοὺς

2053 2335 2221 2388 αὑτὸν
2253 2335 2467 2387 ἐκεῖνον
2520 2328 2677 2394 αὖθις
2705 2329 2853 2385 εἶναι
2896 2332 2991 2385 τὸν
3021 2330 3364 2400 Βαῑμοῠντον
3391 2335 3651 2403 μηδοπω-

2054 2426 2183 2481 σοῦν
2210 2427 2306 2480 ἐπὶ
2351 2427 2413 2479 τὸ
2451 2424 2667 2496 βέλτιον
2725 2423 3164 2495 μεταϐληθὲντα,
3199 2425 3313 2478 δεῖν
3360 2426 3509 2493 ἔγνω
3543 2426 3652 2480 τῶν

2051 2522 2215 2592 ὁρίων
2244 2520 2343 2592 τῆς
2389 2518 2671 2589 βασιλείας
2714 2519 3007 2589 Ῥωμαίων
3040 2516 3389 2587 ἀντέχεσθαι,
3427 2519 3522 2572 καὶ
3551 2520 3651 2589 τὴν

2054 2612 2359 2668 ἀκάθεκτον
2387 2610 2554 2665 αὐτοῦ
2580 2610 2763 2681 ὁρμὴν
2817 2609 2893 2674 ὡς
2926 2609 3048 2664 ὲνὸν
3087 2611 3446 2666 ἀνακόπτειν.
3475 2612 3649 2665 Δυνά-

2057 2718 2180 2771 μεις
2208 2701 2389 2754 τοίνυν
2422 2700 2629 2764 πολλὰς
2669 2699 2811 2771 μετὰ
2842 2700 2937 2754 τοῦ
2973 2700 3344 2771 Βουτουμίτου
3376 2703 3515 2756 κατὰ
3548 2704 3648 2772 τῆς

2055 2794 2313 2858 Κιλικίας
2344 2793 2649 2865 ἐξέπεμψε,
2672 2794 2770 2847 καὶ
2803 2794 2865 2846 τὸ
2900 2792 3342 2864 ἔλλογιμὼτατον
3359 2793 3451 2848 τοῦ
3478 2812 3644 2865 στρα-

2054 2884 2314 2938 τιωτικοῦ
2382 2885 2693 2954 καταλόγου
2731 2925 2747 2951 ,
2800 2885 3007 2955 ἄνδρας
3074 2888 3501 2956 μαχιμωτάτους
3553 2887 3650 2941 καὶ

2060 2976 2260 3044 ’Ἄρεος
2320 2976 2675 3040 ὑπασπιστὰς
2735 2977 3011 3043 ἅπαντας,
3075 2979 3174 3033 καὶ
3239 2980 3406 3034 αὑτὸν
3445 2980 3510 3051 δὴ
3559 2980 3657 3035 τὸν

2055 3069 2271 3139 Βάρδαν
2323 3071 2419 3122 καὶ
2462 3069 2554 3124 τὸν
2612 3071 2980 3142 ἀρχιοινοχόον
3031 3072 3253 3143 Μιχαὴλ
3294 3072 3409 3143 (65)
3468 3074 3654 3141 ἀκμά-

2057 3161 2251 3226 ζοντας
2300 3162 2397 3215 καὶ
2452 3163 2743 3234 ἁρτιφυεῖς
2810 3164 2871 3217 τὸ
2925 3166 3159 3232 γένειον.
3215 3163 3324 3229 Οὓς
3389 3166 3655 3236 νηπιόθεν

2059 3251 2505 3324 προσλαϐόμενος
2537 3255 2567 3307 ό
2621 3255 2983 3327 αὐτοκράτωρ
3033 3260 3130 3310 καὶ
3173 3257 3244 3310 τὰ
3277 3262 3655 3323 στρατιωτικὰ

2056 3345 2424 3410 ἐκπαιδεύσας
2450 3345 2525 3409 ὡς
2559 3348 2958 3417 εὐνουστέρους
2993 3349 3106 3401 τῶν
3157 3349 3358 3415 ἄλλων,
3417 3351 3497 3419 τῷ
3524 3351 3656 3404 Βου-

2055 3438 2289 3508 τουμίτῃ
2359 3438 2707 3507 παραδίδωσι
2771 3440 2894 3509 μεθ’
2956 3441 3164 3512 ἐτέρων
3217 3443 3410 3514 χιλίων
3442 3444 3655 3516 ἀνδρῶν

2056 3529 2323 3598 γενναίων
2374 3531 2600 3584 Κελτῶν
2626 3533 2723 3586 καὶ
2763 3531 3076 3603 Ῥωμαίων,
3117 3535 3206 3603 ἐφ’
3257 3529 3303 3604 ᾧ
3366 3553 3657 3608 συμπαρο-

2060 3625 2294 3695 μαρτεῖν
2325 3640 2384 3678 τε
2413 3624 2567 3696 αὐτῷ
2633 3626 2731 3680 καὶ
2766 3627 3018 3682 ὑπείκειν
3052 3630 3111 3682 ὲν
3170 3628 3376 3684 ἅπασιν
3402 3670 3419 3699 ,
3452 3631 3571 3701 ἅμα
3595 3631 3653 3685 δὲ

2057 3718 2156 3771 καὶ
2199 3720 2260 3772 τὸ
2309 3718 2477 3790 τυχὸν
2527 3719 2634 3773 τῶν
2694 3720 2818 3774 καθ’
2900 3719 3052 3791 ὥραν
3098 3721 3529 3792 ξυμπιπτόντων
3574 3724 3656 3776 δι’

2057 3813 2398 3885 ἀπορρήτων
2424 3814 2777 3885 γραμμάτων
2827 3814 3027 3884 δηλοῦν
3057 3816 3229 3887 αὐτῷ.
3265 3818 3536 3873 Ἐσπευδε
3594 3818 3656 3872 δὲ

2058 3903 2155 3974 τὴν
2174 3904 2396 3958 ἃπασαν
2412 3903 2598 3975 χώραν
2627 3908 2724 3977 τῆς
2751 3908 3003 3972 Κιλικίας
3037 3913 3333 3981 κατασχεῖν
3360 3910 3428 3964 ἵν’
3463 3911 3657 3965 ὲντεῦ-

2059 3996 2151 4050 θεν
2183 3997 2314 4068 ῥᾷον
2347 3999 2416 4051 τὰ
2449 3997 2593 4052 κατὰ
2633 4000 2734 4068 τὴν
2777 3998 3111 4071 Ἀντιόχειαν
3128 4002 3390 4076 ἐξαρτύῃ,
3410 4004 3657 4074 Ἀπάρας

2058 4089 2204 4144 οὖνὸ
2232 4091 2606 4161 Βουτουμίτης
2663 4094 2763 4145 σὺν
2810 4092 2966 4158 ὅλαις
3012 4093 3302 4163 δυνάμεσι,
3377 4097 3470 4150 καὶ
3521 4098 3652 4168 περὶ

2061 4181 2160 4254 τὴν
2194 4182 2450 4236 Ἀττάλου
2497 4184 2610 4254 (66)
2672 4184 2952 4254 ὲφθακὼς,
3000 4187 3123 4237 ἐπεὶ
3170 4188 3263 4239 τὸν
3292 4187 3507 4259 Βάρδαν
3555 4192 3650 4242 καὶ

2057 4279 2150 4331 τὸν
2212 4278 2589 4351 ἀρχιοινοχόον
2632 4280 2855 4350 Μιχαὴλ
2883 4281 2959 4351 μὴ
2991 4281 3319 4342 ὑπείκοντας
3371 4281 3519 4353 ἐώρα
3571 4283 3650 4353 τῷ

2057 4368 2250 4423 τούτου
2282 4368 2553 4440 θελήματι
2608 4369 2700 4424 ἶνα
2757 4372 2833 4441 μὴ
2867 4371 2960 4424 καὶ
2989 4370 3050 4424 τὸ
3088 4371 3368 4425 ὁπλιτικὸν
3403 4371 3646 4442 συμϐαίη

2060 4466 2399 4529 στασιάζειν,
2451 4467 2563 4518 κάκ
2622 4462 2816 4517 τούτου
2876 4464 3236 4527 κενόσπουδος
3266 4466 3298 4532 ἡ
3344 4466 3549 4537 σπουδὴ
3579 4465 3657 4537 τῷ

2059 4555 2407 4627 Βουτουμίτῃ
2468 4555 2698 4625 γένηται
2754 4556 2848 4607 καὶ
2905 4553 3193 4625 ἄπρακτος
3245 4554 3347 4624 τῆς
3398 4555 3655 4618 Κιλικίας

2058 4649 2479 4720 ἀποπεμφθείη,
2538 4649 2889 4720 παραχρῆμα
2919 4648 2990 4701 τὰ
3015 4649 3147 4718 περὶ
3179 4647 3372 4702 τούτου
3397 4650 3550 4722 δηλοῖ
3576 4650 3657 4721 τῷ

2058 4742 2452 4813 αὐτοκράτορι,
2521 4741 2621 4812 τὴν
2655 4738 2775 4809 μετ’
2812 4738 2996 4793 αὐτῶν
3030 4730 3657 4813 συνδιατριὸὴνπαραι-

362 4831 433 4885 de
481 4829 790 4886 Antiochia.
842 4828 1113 4884 Caeterum
1168 4830 1447 4898 prolectus
1488 4829 1794 4886 Butumites
1831 4840 1951 4886 cum

2058 4833 2344 4905 τούμενος.
2386 4833 2445 4886 'O
2471 4831 2650 4894 δὲτὰς
2683 4833 2747 4884 ὲκ
2777 4829 2885 4884 τῶν
2915 4830 3178 4884 τοιούτων
3212 4831 3473 4896 εἰωθυίας
3506 4831 3658 4901 γίνε-

370 4924 455 4977 bis
494 4922 688 4991 copiis,
718 4922 809 4977 ubi
858 4924 924 4976 ad
975 4926 1161 4978 urbem
1212 4923 1376 4977 Attali
1409 4925 1678 4993 pervenit,
1727 4926 1861 4979 satis
1889 4941 1955 4979 eo

364 5014 559 5068 itinere
589 5022 846 5081 expertus
876 5014 1285 5070 contumaciam
1320 5015 1506 5068 Bardae
1535 5022 1589 5068 et
1617 5014 1951 5070 Arcliiteno-

365 5107 490 5161 (ξιιοὶ
525 5105 802 5160 Michaelis
825 5149 839 5171 ,
876 5106 967 5177 qui
1001 5107 1164 5161 ambo
1206 5105 1392 5159 favore
1432 5104 1694 5175 principis
1753 5115 1953 5175 prauu-

366 5200 522 5264 niidi,
557 5200 940 5264 obtemperare
970 5198 1071 5269 ipsi
1102 5199 1467 5263 recusabant;
1514 5208 1570 5253 et
1624 5198 1833 5254 veritus
1882 5214 1960 5253 ne

2060 4929 2186 4979 σθαι
2209 4925 2416 4993 βλάϐας
2448 4923 2757 4993 γινώσκων,
2791 4922 3009 4992 γοργῶς
3048 4923 3136 4993 ἐφ’
3164 4923 3361 4994 ἑτέραν
3389 4924 3650 4977 ὑπόθεσιν

2056 5018 2280 5080 τούτους
2315 5034 2374 5070 τε
2399 5018 2495 5070 καὶ
2524 5015 2759 5076 ὁπόσους
2784 5014 3065 5079 ὑπόπτους
3117 5010 3235 5086 εἶχε
3263 5015 3354 5069 διὰ
3381 5015 3655 5087 γραμμά-

2059 5127 2171 5162 των
2201 5108 2580 5179 προύτρέπετο
2618 5105 2705 5159 ἶνα
2732 5105 2831 5176 τὴν
2879 5106 3107 5178 Κύπρον
3174 5109 3360 5179 τάχιον
3411 5111 3655 5164 καταλα-

2062 5204 2270 5267 ϐόντες,
2303 5200 2384 5272 τῷ
2435 5200 2778 5272 Εὐφορϐηνῴ
2807 5202 3210 5275 Κωνσταντίνῳ
3248 5206 3346 5274 τὴν
3396 5204 3659 5275 δουκικὴν

1393 5312 1596 5375 Variae
1626 5312 1939 5377 lectiones
1974 5333 2054 5378 ex
2089 5315 2232 5377 cod.
2298 5312 2580 5376 Coislin.

436 5424 481 5454 ’9
504 5438 610 5476 πω.
690 5422 705 5451 ⁸
732 5418 859 5472 ὑπό.

1438 5509 1580 5571 Car.
1616 5509 1947 5573 Dufresnii
1993 5511 2089 5573 Du
2116 5510 2343 5590 Cangii
2381 5519 2573 5573 notae.

443 5636 881 5712 (ϐςγιῑιιχαήλ.
952 5633 1226 5706 Dignitate
1287 5626 1679 5705 pincernam,‘
1720 5637 1784 5692 de
1849 5652 1957 5707 quo

373 5711 715 5846 νδῖἶὶιιξῶἰῆν
751 5777 1063 5847 Ἀττάλου.
1109 5777 1449 5843 ’Λττάλειαν,
1484 5776 1812 5847 Pamphylius
1846 5792 1958 5831 meo

377 5844 627 5919 trnpnlim
659 5844 710 5903 in
751 5851 987 5905 themate
1018 5844 1281 5905 Orientuli
1334 5854 1474 5920 apud
1506 5844 1792 5905 (innatant.
1828 5849 1958 5904 νυτ-

2069 5639 2299 5707 phyrng.
2333 5652 2491 5705 quam
2526 5651 2744 5694 demum
2781 5642 3112 5706 expugnavit
3143 5635 3440 5693 lconiensns
3492 5641 3655 5692 sulta-

2068 5724 2171 5762 nus
2208 5725 2296 5761 an.
2329 5710 2485 5773 1212,
2521 5722 2577 5764 ut
2608 5721 2691 5764 est
2722 5712 2774 5762 in
2809 5710 3006 5763 Chron.
3044 5709 3288 5763 Altisiotl.
3318 5710 3654 5763 Describitur

2070 5793 2198 5832 Vero
2225 5780 2449 5904 :‘Is'ayrio
2480 5782 2845 5850 lib.x\'i,cap.
2873 5780 2965 5834 26.
2999 5780 3130 5837 Vide
3162 5779 3449 5836 Leunclav.
3473 5778 3651 5833 l’and.

2069 5865 2190 5918 cap.
2334 5888 2348 5905 .
