4088 6416
377 322 490 386 855

1689 327 1918 388 ΑΝΝᾹΞ
1956 328 2341 392 COMNEN/E

3544 325 3652 391 856

294 484 301 519 ς
378 431 611 487 stridere
663 439 1018 489 anteunarum
1079 448 1280 488 cornua
1312 473 1329 496 ,
1379 434 1548 506 frangi
1600 452 1665 491 ac
1722 438 1950 507 discerpi

2066 438 2399 509 άπέὸλεψαν.
2462 438 2634 495 Ἔνθα
2658 407 2667 417 ⁸
2690 438 2875 511 τυχὼν
2927 439 2956 493 ό
3010 437 3314 508 Φιλοκάλης
3370 435 3652 506 Εύμὰθιος

373 527 514 593 vela,
549 526 781 597 denique
813 526 864 580 iu
927 527 1181 598 praesenti
1214 529 1571 587 demersiouis
1604 531 1840 600 periculo
1893 549 1956 586 ac

373 628 525 674 metu
573 635 740 675 naves
781 635 926 676 esse.
971 620 1287 679 Communis
1356 623 1443 677 hic
1498 634 1616 675 crat
1674 624 1955 677 ambarum

373 711 610 779 partium
651 722 870 781 terror;
910 714 994 767 illa
1030 716 1249 784 propria
1304 716 1536 771 formido
1588 718 1908 771 Pisanorum
1938 758 1953 781 ,

372 802 515 870 ignis
551 806 771 861 missilis
800 822 1078 876 nunquam
1121 808 1228 863 illis
1262 809 1373 861 visa
1430 826 1638 876 usuque
1681 820 1955 881 comperta

373 908 610 962 natura;
674 916 795 952 nam
851 915 976 955 cum
1010 901 1150 968 ignis
1202 911 1361 954 notus
1402 914 1609 957 rectum
1644 912 1701 957 et
1756 914 1956 957 statqu

374 992 631 1058 impetum
668 990 866 1046 habeat
893 992 1092 1045 coelum
1119 1007 1308 1048 versus
1332 1033 1346 1055 ,
1379 994 1465 1049 hic
1508 995 1762 1048 videbant
1801 1003 1855 1048 et
1905 997 1956 1049 in

372 1096 597 1145 pronum
651 1082 794 1135 haud
842 1081 1199 1136 reluctantem
1245 1081 1520 1138 ﬂammam
1554 1085 1710 1153 dejici
1743 1125 1757 1149 ,
1787 1097 1843 1141 et
1889 1085 1956 1139 ad

372 1170 536 1224 latera
570 1172 771 1227 vibrari
807 1188 910 1226 non
938 1188 1082 1242 εῖδει-ο
1115 1185 1428 1243 sequentem
1468 1177 1571 1230 vim
1620 1186 1674 1230 et
1714 1177 1957 1233 destina-

372 1261 573 1314 tionem
602 1261 918 1327 iaculantis.
945 1263 1112 1332 Igitur
1143 1265 1223 1317 ha:
1258 1266 1525 1320 ntacbinze
1550 1267 1820 1321 artilieum
1843 1283 1958 1321 tito—

369 1351 574 1405 ἤιε-ἓως
607 1351 959 1424 fulgetrorum
994 1369 1109 1408 rem
1139 1369 1204 1409 eo
1233 1356 1317 1407 die
1348 1356 1633 1411 coniecere
1664 1374 1678 1411 :
1722 1357 1955 1426 perculsi

368 1440 515 1494 enim
549 1442 652 1495 isto
683 1444 1024 1511 potissimum
1060 1444 1203 1498 malo
1234 1444 1455 1501 Barbari
1512 1446 1651 1516 luga!
1685 1463 1744 1502 se
1798 1464 1960 1503 man-

372 1533 595 1586 darnnt.
624 1533 693 1586 At
727 1533 970 1588 Romana
1005 1535 1196 1591 classis
1230 1538 1462 1591 vitanda:
1509 1541 1818 1607 tempestati
1842 1552 1959 1597 sta-

372 1623 573 1676 tionem
632 1627 683 1678 ln
736 1640 975 1695 prmsens
1022 1639 1381 1696 opportunam
1433 1631 1578 1699 cepit
1619 1633 1687 1687 ad
1738 1647 1956 1702 parram

371 1714 602 1769 insulam
656 1718 744 1771 cui
783 1733 981 1774 nomen
1035 1718 1220 1774 Sentio
1272 1720 1393 1776 fuit.
1443 1723 1819 1779 Allucescente
1872 1725 1960 1780 die

370 1815 587 1874 postera
658 1822 936 1864 nmventes
997 1810 1123 1865 inde
1178 1816 1245 1866 ad
1321 1812 1578 1869 Rhodum
1633 1816 1954 1886 appellunt:
1992 1799 2033 1854 Β

370 1912 531 1965 quam
564 1896 617 1951 in
670 1899 902 1955 insulam
936 1916 1200 1959 cxscensu
1248 1902 1479 1961 Romani
1522 1907 1662 1963 facto
1696 1910 1959 1976 quosdam

369 2003 401 2040 e
448 1986 656 2045 ιιιίιιῐε
704 2000 938 2060 captos,
986 1992 1039 2046 in
1091 1993 1158 2047 iis
1206 1996 1589 2050 consobrinum
1636 1998 1959 2067 Baimundi,

371 2089 578 2134 terrere
612 2081 786 2147 primo
817 2082 1155 2136 conabantur
1203 2095 1348 2139 metu
1391 2088 1691 2149 servitutis,
1743 2098 1796 2142 et
1828 2105 1962 2143 ven-

371 2170 596 2225 ditionis
634 2172 880 2240 miseras;
912 2188 1097 2228 verum
1134 2191 1255 2229 cum
1294 2177 1426 2232 nihil
1449 2179 1571 2233 inde
1603 2182 1804 2236 moveri
1831 2198 1961 2248 ens,

372 2276 427 2316 et
464 2276 672 2317 tantum
702 2268 1121 2337 mancipatiouis
1162 2269 1437 2326 vilissima:
1485 2273 1720 2328 dedecus
1751 2290 1847 2342 pro
1880 2277 1964 2327 ni-

371 2355 482 2411 hilo
538 2359 684 2427 ipsos
745 2359 948 2414 habere
997 2362 1555 2428 animadverterunt,
1622 2366 1964 2421 trucidarunt

371 2451 679 2506 universos.
711 2451 891 2508 Pisani
926 2456 1249 2524 superstites
1288 2458 1471 2513 etetcri
1499 2459 1566 2513 ad
1597 2461 1804 2517 insulas
1862 2463 1962 2518 de-

372 2544 712 2610 praalandas,
757 2546 1064 2614 praesertim
1088 2548 1347 2619 Cyprum,
1380 2550 1699 2619 adjecerunt
1726 2554 1956 2609 animos.

370 2633 609 2703 Cyprum
647 2637 991 2705 gubernabat
1026 2647 1138 2692 tum
1171 2639 1474 2696 Philocales
1496 2640 1839 2710 Eumathius,
1866 2646 1961 2715 qui

369 2737 596 2795 repente
652 2729 705 2781 in
760 2728 981 2785 Latinos
1030 2747 1156 2787 cum
1191 2734 1362 2803 copiis
1418 2736 1612 2804 movit,
1653 2738 1814 2795 simul
1868 2755 1962 2796 co-

372 2820 555 2888 gnovit
592 2819 754 2891 337
780 2824 1040 2890 appulsos
1074 2842 1089 2879 :
1122 2835 1379 2897 tantoque
1410 2828 1556 2897 ipsos
1586 2837 1794 2885 terrore
1822 2830 1956 2886 alle-

370 2913 447 2965 rit
486 2921 546 2967 ut
573 2926 798 2968 suorum
830 2915 1004 2983 obliti,
1033 2930 1171 2985 quos
1199 2933 1302 2971 non
1331 2934 1530 2987 paucos
1550 2921 1661 2989 jam
1690 2922 1755 2976 ad
1787 2924 1962 2992 pabu-

370 3001 589 3056 landnm
626 3005 677 3057 in
716 3005 950 3061 insulam
979 3008 1297 3074 emiserant,
1328 3013 1512 3066 statim
1564 3026 1689 3067 cum
1740 3024 1954 3083 pertur-

2069 532 2189 584 κατ’
2232 533 2416 587 αὐτῶν
2486 535 2650 590 ἵεται.
2696 536 2759 589 Oi
2816 534 2875 588 δέ
2928 533 3059 602 περὶ
3123 532 3221 594 τὰς
3284 528 3419 593 ναῦς
3469 529 3646 602 δειλίᾳ

2068 620 2354 689 σχεθέντες
2424 622 2563 692 μηδὲ
2619 623 2717 678 τοῦ
2755 623 2991 688 ἐξιόντος
3023 622 3305 693 προνομῆς
3336 620 3498 690 χάριν
3531 621 3644 674 ἀπὸ

2064 710 2177 763 τῶν
2224 711 2428 764 πλοίων
2458 712 2641 766 αὐτῶν
2676 712 2812 766 λαοῦ
2846 711 3297 783 πεφροντικότες,
3347 708 3488 761 ἀλλὰ
3521 709 3650 772 τοὺς

2068 803 2325 867 πλείονας
2383 807 2514 874 περ)⁵
2570 805 2671 873 τὴν
2736 810 2900 877 νῆσον
2952 806 3241 866 ἐάσαντες,
3294 803 3653 864 ἀσυντάκτως

2067 894 2211 947 οὕτω
2251 894 2516 959 λύσαντες
2545 897 2614 950 τὰ
2651 897 2975 967 πρυμνήσια
3013 896 3151 967 πρὸς
3193 894 3293 965 τὴν
3328 894 3652 948 Λαοδίκειαν

2067 987 2367 1049 ἀπέπλεον,
2408 989 2500 1042 τὸν
2560 988 2899 1060 Βαῖμοῦντον
2951 988 3047 1042 ἐπὶ
3084 986 3211 1041 νοῦν
3253 988 3493 1057 ἔχοντες.
3541 989 3654 1041 Καὶ

2067 1078 2132 1148 δὴ
2162 1078 2289 1131 καὶ⁷
2313 1079 2718 1143 καταλαϐόντες
2743 1077 3249 1151 προσεληλύῦεισάν
3283 1094 3344 1129 τε
3376 1076 3523 1145 αὐτῷ
3556 1078 3653 1131 καὶ

2066 1171 2167 1242 τὴν
2193 1171 2312 1241 μετ’
2348 1171 2517 1225 αὐτοῦ
2562 1172 2788 1242 ἀγάπην
2823 1170 3170 1235 ἀσπάζεσθαι
3206 1170 3425 1238 ἔλεγον.
3477 1169 3539 1222 Ὀ
3570 1170 3649 1235 δέ,

2067 1267 2253 1327 ὁποῖος
2301 1266 2509 1327 ἐκεῖνος
2532 1265 2789 1333 ἁσμένως
2837 1263 3041 1324 αὐτοὺς
3080 1262 3439 1331 ὑποδέχεται.
3493 1261 3649 1315 Ἐπεὶ.

2067 1353 2112 1407 δ’
2140 1355 2190 1409 οἱ
2223 1354 2352 1424 περὶ
2398 1354 2498 1425 τὴν
2535 1354 2691 1423 ἠϊόνα
2716 1352 3175 1420 καταλειφθέντες
3208 1349 3645 1422 λαφυραγωγίας

2067 1445 2231 1499 ἕνεκα
2272 1445 2716 1516 ὑποστρέψαντες
2765 1447 2858 1499 τὸν
2887 1444 3021 1498 ἴδιον
3068 1444 3255 1498 στόλον
3288 1445 3388 1513 οὐχ
3439 1443 3649 1513 ἐώρων,

2068 1536 2328 1609 ἔρριπτον
2379 1536 2610 1599 ἑαυτοὺς
2662 1536 2900 1604 ἀφειδῶς
2948 1536 3029 1599 εἰς
3080 1534 3180 1606 τὴν
3230 1534 3513 1588 Θάλασσαν
3558 1537 3653 1587 καὶ

2068 1626 2460 1696 ἀπεπνίγοντο.
2504 1629 2568 1681 Οἱ
2607 1628 2663 1683 δέ
2702 1627 2798 1682 τοῦ
2852 1627 3166 1698 Ῥωμαῖκοῦ
3218 1627 3410 1680 στόλου
3445 1625 3653 1679 θαλασο

2072 1722 2399 1792 σοκράτορες
2423 1723 2518 1774 καὶ
2542 1722 2705 1785 αὐτὸς
2725 1720 2791 1792 δὴ
2815 1723 2844 1775 ὁ
2870 1719 3217 1789 Λαντοῦλφος
3245 1719 3654 1779 καταλαϐόντες

2065 1817 2165 1887 τὴν
2200 1814 2430 1886 Κύπρον
2462 1813 2891 1885 συνεληλυθότες
2924 1816 3051 1884 περὶ
3100 1815 3329 1883 εἰρήνης
3367 1811 3657 1882 ἐπερωτᾷν

2067 1909 2445 1963 ἐϐουλεύοντο.
2482 1909 2711 1963 Πάντων
2744 1903 2841 1962 οὖν
2885 1907 3471 1976 ὁμογνωμονησάντων
3520 1907 3660 1972 πρὸς

2064 2002 2247 2068 τοῦτο,
2280 2001 2614 2055 στέλλεταιό
2647 2000 3020 2071 Βουτουμίτης
3068 1997 3205 2067 πρὸς
3237 1997 3329 2050 τὸν
3378 1995 3656 2064 Βαῖμοῦν-

2063 2112 2179 2149 τον.
2236 2094 2440 2147 Τοῦτον
2502 2089 2600 2147 οὖν
2660 2092 3002 2162 θεασάμενος
3056 2090 3153 2144 καὶ
3207 2088 3660 2160 παρακατασχὼν

2065 2186 2159 2241 ἐπὶ
2186 2186 2339 2249 ὅλαις
2380 2185 2543 2238 πέντε
2580 2186 2674 2237 καὶ
2710 2184 2841 2238 δέκα
2877 2185 3111 2255 ἡμέραις
3143 2181 3270 2234 ἐπεὶ
3323 2181 3426 2250 τὴν
3471 2179 3663 2234 Λαοδί-

2067 2296 2227 2334 κειαν
2275 2279 2373 2331 καὶ
2406 2278 2564 2347 λιμὸς
2595 2276 2922 2346 κατειλήφει
2950 2278 3045 2330 καὶ
3071 2278 3099 2328 ὁ
3128 2274 3463 2344 Βαῖμοῦντος
3490 2270 3655 2334 αὖθις

2066 2368 2403 2440 Βαῐμοῦντος
2428 2366 2496 2440 ἦν
2528 2370 2621 2423 καὶ
2639 2371 2741 2421 οὐκ
2768 2367 3028 2438 ἠλλοίωτο
3061 2365 3185 2421 οὔτε
3222 2367 3329 2438 μὴν
3351 2365 3655 2437 εἰρηνεύειν

2064 2462 2431 2532 ἐμεμαθήκει,
2479 2461 2981 2530 μεταπεμψάμενος
3019 2460 3206 2521 αὐτὸν,
3246 2460 3431 2529 φησὶν,
3456 2460 3536 2511 Οὐ
3560 2456 3658 2511 διὰ

2063 2555 2277 2624 φιλίαν
2307 2551 2345 2620 ἢ
2386 2552 2636 2621 εἰρήνην
2663 2554 2848 2616 αὐτὸς
2881 2550 3169 2607 ἐνταυοοῖ
3210 2550 3652 2618 παραγέγονας.

2063 2644 2203 2702 ἀλλ’
2226 2636 2381 2713 esid)
2397 2643 2503 2709 τὰς
2518 2643 2665 2710 ἐμὰς
2689 2640 2993 2711 ἐμπρῆσαι
3009 2640 3181 2705 ναῦς.
3210 2642 3402 2694 ’Ἄπιθι
3417 2638 3651 2691 τοίνυν

2062 2737 2239 2808 ἀρκεῖ
2285 2737 2397 2806 γάρ
2443 2753 2543 2791 σοι
2590 2736 2763 2790 τοῦτο
2793 2736 2882 2799 τὸ,
2931 2734 3501 2803 ἀνακρωτηρίιιστον
3530 2728 3650 2783 τῶν

2063 2828 2325 2886 ἐνταῦθα
2383 2827 2793 2897 ἀπολυθῆναι.
2828 2828 3079 2895 Ἀπάρας
3112 2820 3207 2879 οὖν
3243 2824 3453 2877 ἐκεῖθεν
3476 2838 3647 2874 κατα-

2064 2920 2341 2990 λαμϐάνει
2364 2920 2491 2982 τοὺς
2515 2919 2680 2973 αὑτὸν
2708 2917 3145 2979 ἀποστείλαντας
3174 2916 3305 2984 περὶ
3327 2914 3437 2967 ’τὸν
3457 2911 3655 2982 λιμένα

2076 3011 2181 3083 τῆς
2220 3012 2468 3083 Κύπρου.
2504 3012 2615 3065 Καὶ
2640 3010 2739 3080 τὴν
2766 3008 3103 3079 Βοῖμούντου
3139 3007 3390 3087 πονηρὰν
3427 3003 3657 3073 γνώμην

369 3094 593 3149 batione
622 3098 897 3152 solverent
925 3098 1247 3154 Laodiceam
1279 3117 1489 3167 versus,
1511 3108 1577 3158 ad
1600 3104 1957 3162 Baimundum

2070 3105 2337 3159 ἐπιπλέον
2362 3106 2425 3158 ἐκ
2455 3103 2562 3157 τῶν
2590 3102 2804 3157 ἐκεῖθεν
2832 3101 3172 3173 μηνυμάτων
3211 3097 3526 3166 διαγνόντες
3559 3094 3660 3149 καὶ

368 3184 460 3241 cui
491 3201 549 3240 se
584 3202 791 3256 suaque
827 3188 1058 3244 libenter
1105 3191 1314 3247 scilicet
1365 3196 1647 3264 accipienti
1679 3206 1732 3251 et
1774 3209 1956 3254 mutua

2068 3198 2145 3262 ὡς
2199 3197 2468 3253 ἀδύνατον
2512 3195 2849 3250 σπείσασθαι
2893 3194 3034 3264 μετὰ
3097 3193 3194 3247 τοῦ
3228 3191 3657 3261 αὐτοκράτορος.

368 3279 659 3345 spondenti
697 3279 964 3338 detulere.
1000 3283 1070 3336 At
1097 3283 1198 3346 illi,
1233 3300 1371 3355 quos
1398 3287 1654 3354 diximus,
1690 3292 1872 3348 miseri
1900 3292 1952 3345 in

2066 3290 2273 3344 ἐκεῖθεν
2306 3290 2616 3360 ἀπάραντες
2643 3289 2788 3352 ὅλοις
2816 3288 3009 3349 ἱστίοις
3044 3284 3142 3357 τὴν
3191 3284 3328 3357 πρδς
3353 3283 3453 3353 τὴν
3488 3299 3662 3353 μεγαο

371 3369 608 3439 (Iyprum
638 3373 867 3443 expositi
904 3374 1264 3442 przedatores,
1301 3376 1392 3432 ubi
1429 3381 1495 3433 ad
1532 3379 1685 3436 littus
1732 3382 1959 3444 reversi,

2066 3382 2296 3435 λόπολιν
2346 3381 2521 3450 ὑγρὰν
2573 3380 2852 3434 ὑπέπλεον
2906 3379 3187 3457 κέλευθον.
3247 3376 3403 3430 Κατὰ
3449 3374 3505 3428 δὲ
3560 3372 3662 3442 τὴν

372 3463 604 3516 classem
644 3480 749 3518 non
778 3467 1032 3523 viderunt
1073 3485 1224 3525 suam
1250 3512 1266 3538 ,
1299 3473 1679 3542 desperatione
1714 3477 1819 3531 acti
1853 3493 1960 3529 ma-

2069 3474 2251 3543 Συκὴν
2280 3473 2393 3543 (77)
2423 3472 2720 3543 τρικυμίας
2775 3472 3026 3543 μεγάλης
3065 3470 3161 3524 καὶ
3188 3468 3463 3523 κλυδώνου
3493 3467 3514 3499 ⁸
3547 3466 3661 3519 διε-

373 3570 474 3623 gna
514 3555 858 3625 proiecerunt
896 3574 956 3615 se
995 3562 1046 3616 iu
1078 3578 1246 3630 mare,
1281 3566 1463 3636 ibique
1490 3566 1544 3621 in
1593 3570 1750 3638 aquis
1775 3571 1960 3639 praefo-

2069 3585 2132 3634 γε
2142 3568 2365 3637 ρθέντος
2393 3566 2651 3637 σφοδροῦ,
2678 3567 2751 3620 τὰ
2779 3566 2942 3619 πλοῖα
2974 3566 3041 3635 τῇ
3070 3562 3252 3634 χέρσῳ
3276 3559 3661 3633 προσραγέντα

370 3645 479 3697 cati
512 3658 660 3701 sunt.
703 3647 908 3706 Dehinc
937 3654 1105 3709 duces
1133 3652 1398 3711 Routame
1428 3658 1624 3714 classis
1647 3701 1662 3725 ,
1714 3669 1769 3713 et
1827 3659 1960 3714 Lan-

2075 3659 2432 3730 ήμίθραυστα
2466 3658 2647 3712 πάντα
2702 3657 2964 3728 γεγόνασι
3023 3655 3163 3727 πλὴν
3217 3655 3326 3708 τῶν
3388 3655 3526 3709 νεῶν
3584 3645 3661 3707 ὧν

377 3738 596 3805 tulphus
618 3741 732 3809 ipse
767 3743 818 3796 in
842 3745 1079 3814 Cyprum
1108 3750 1495 3804 convenientes
1529 3752 1714 3807 habito
1743 3753 1960 3806 consilia

2071 3754 2306 3823 ἐξῆρχεν
2356 3754 2384 3805 ό
2419 3752 2701 3814 Τατξκιος.

372 3833 821 3893 decreveruntde
851 3842 1127 3896 communi
1154 3843 1396 3900 omnium
1431 3852 1703 3903 sententia
1728 3859 1961 3904 tractare
1998 3850 2067 3904 de
2121 3864 2272 3918 pace.
2327 3847 2544 3901 Electus
2585 3846 2652 3902 ad
2721 3844 2776 3901 id
2824 3844 3124 3899 Butmnites
3202 3842 3298 3912 qui
3347 3841 3531 3896 statim
3587 3834 3658 3889 ml

373 3926 735 3983 Baimuudum
762 3946 821 3984 se
870 3934 1107 3989 contulit
1138 3951 1154 3989 :
1189 3943 1242 3989 et
1315 3939 1455 4007 apud
1535 3955 1658 3994 eum
1721 3942 1835 3997 dies
1896 3951 2039 3998 totos
2069 3942 2319 3997 detentus
2344 3950 2428 3994 est
2458 3939 2793 4008 quindecim.
2815 3939 2882 3993 At
2907 3935 3241 3992 Baimundus
3272 3936 3412 3990 idem
3441 3946 3660 4000 semper

378 4027 520 4083 erat,
556 4020 691 4076 nihil
725 4023 794 4076 ab
823 4024 914 4077 illo
938 4024 1283 4082 fraudulento
1333 4032 1483 4099 pacis
1534 4042 1588 4086 et
1646 4046 1961 4100 pacatarum
2005 4037 2202 4089 artium
2233 4033 2451 4088 indocili
2527 4041 2789 4087 mutatus.
2857 4030 3097 4083 Tandem
3155 4045 3286 4101 ergo
3335 4028 3659 4084 accersitum

375 4110 691 4166 Butumiteu
766 4115 847 4168 sic
894 4117 1178 4172 minaciter
1223 4120 1417 4177 allatus
1471 4134 1551 4179 est
1584 4140 1599 4178 :
1662 4125 1783 4180 Non
1834 4129 1935 4181 huc
1990 4138 2047 4180 lu
2086 4127 2334 4181 auricitiw
2358 4137 2452 4181 aut
2489 4126 2635 4195 pacis
2662 4125 2846 4179 venisti
2877 4138 3061 4185 causa,
3098 4123 3189 4177 sed
3211 4123 3660 4175 incendendarum

372 4222 612 4260 mearum
646 4205 885 4263 navium:
925 4210 1102 4280 itaque
1125 4213 1213 4280 [ac
1238 4215 1392 4268 abeas
1413 4234 1571 4284 quam
1605 4221 1855 4289 primum,
1904 4230 1953 4272 et
1990 4221 2129 4290 (luod
2161 4220 2371 4288 fraudis
2409 4228 2572 4274 tanta
2597 4220 2840 4274 conscius
2909 4234 2943 4271 α
3012 4217 3163 4271 nobis
3214 4215 3404 4269 inullis
3461 4215 3661 4283 integer

374 4315 533 4373 atque
576 4304 777 4359 illwsus
822 4305 1130 4371 dimitteris,
1172 4308 1228 4361 in
1305 4309 1454 4364 lucro
1504 4329 1656 4383 pone.
1711 4315 1846 4370 Cum
1918 4315 2004 4370 his
2082 4334 2302 4371 reverso
2348 4314 2621 4369 Butumite
2651 4315 2717 4367 ad
2746 4327 2839 4367 eos
2869 4327 2898 4365 a
2927 4313 3126 4383 quibus
3184 4312 3385 4367 missus
3438 4314 3610 4365 fuerat
3643 4359 3659 4382 ,

374 4399 700 4452 consultatio
727 4399 792 4453 ab
822 4400 886 4452 iis
932 4403 1295 4457 communiter
1334 4404 1637 4461 instituitur
1687 4410 1740 4462 in
1792 4408 1952 4477 Cypri
1999 4421 2178 4479 portu.
2216 4408 2291 4463 lbi
2329 4409 2493 4463 altius
2567 4408 2898 4471 introspecta
2960 4420 3024 4459 ex
3076 4404 3387 4459 recentibus
3440 4404 3659 4459 indit-iis

375 4490 580 4543 malitia
614 4490 1336 4565 Baimundi,desperataque
1404 4498 1545 4552 inter
1586 4500 1760 4568 ipsum
1824 4511 1881 4554 et
1929 4501 2310 4570 imperatorem
2385 4499 2697 4561 concordia,
2745 4495 2878 4552 nihil
2920 4507 3047 4551 tunc
3113 4496 3333 4565 quidem
3370 4497 3660 4550 decernere

376 4600 437 4637 se
486 4599 645 4652 posse
733 4595 1067 4655 putaverunt
1118 4590 1423 4644 consultius
1492 4608 1655 4659 quant
1701 4593 1748 4646 si
1799 4595 2030 4647 classem
2073 4593 2249 4662 plenis
2285 4593 2417 4647 velis
2442 4590 2971 4661 Constantinopolim
3000 4588 3285 4643 referrent.
3317 4589 3373 4643 ln
3403 4605 3468 4645 eo
3490 4605 3659 4643 cursu

374 4692 498 4730 eum
532 4684 714 4731 essent
744 4693 909 4746 prope
942 4679 1119 4750 Syceu
1151 4682 1301 4751 gravi
1334 4697 1398 4736 ac
1427 4685 1728 4738 vehementi
1764 4687 1957 4740 oborta
1999 4696 2323 4755 tempestate
2352 4693 2507 4741 vasto
2531 4683 2795 4738 ﬂuctuum
2864 4691 2920 4737 et
2951 4692 3236 4735 ventorum
3292 4684 3492 4751 impetu
3582 4688 3659 4736 al-

376 4771 459 4823 lisi
503 4769 567 4821 ad
599 4779 797 4822 terram
828 4779 977 4833 sunt,
1006 4773 1384 4841 conquassatis
1406 4776 1677 4832 universis
1699 4780 1951 4842 navibus,
1996 4790 2191 4848 praeter
2222 4794 2314 4832 eas
2357 4779 2555 4847 quibus
2584 4776 2798 4846 preprie
2835 4774 3076 4828 Taticius
3117 4783 3370 4841 praterat.

451 4857 549 4918 lli'c
578 4878 867 4919 successus
897 4865 1095 4921 classis
1148 4868 1359 4923 Pisans:
1393 4870 1515 4935 fuit,
1564 4880 1619 4926 et
1645 4874 1954 4942 expeditio-

2145 4873 2310 4926 Ἀλλά
2332 4873 2402 4926 τὰ
2436 4874 2535 4942 μὲν
2573 4870 2715 4925 κατὰ
2742 4870 2839 4922 τὸν
2888 4866 3188 4921 Πισσαῖκὸν
3219 4868 3407 4921 στόλον
3438 4862 3543 4922 ὧδέ
3573 4887 3657 4923 πω

376 4959 461 5011 nis
495 4956 705 5010 navalis
742 4957 865 5026 ejus
896 4958 1190 5028 occasione
1221 4972 1514 5031 susceptae.
1560 4963 1786 5018 Interim
1841 4965 1960 5019 Bai-

2073 4969 2522 5039 προκεχωρήκει.
2562 4965 2623 5017 '0
2654 4963 2713 5017 δὲ
2748 4959 3091 5031 Βαῖμοῦντος
3129 4959 3293 5029 φύσει
3341 4964 3656 5032 πονηρότα-

375 5048 618 5103 mundus
645 5065 746 5117 pro
778 5066 876 5103 sua
911 5059 1112 5104 caetera
1142 5049 1505 5109 solertissima
1541 5060 1802 5124 versutia,
1837 5060 1960 5113 vidit

2073 5077 2163 5122 τος
2192 5057 2267 5111 ὢν
2292 5058 2484 5112 ἐδεδίει
2521 5056 2685 5126 μὴτὸ
2725 5051 3004 5123 Κούρικον
3026 5051 3141 5124 (78)
3176 5054 3204 5105 ὁ
3226 5052 3487 5124 βασιλεὺς
3519 5073 3659 5125 προ-

310 4562 365 4595 Ὁ

1462 5169 1664 5233 Variae
1706 5171 2020 5235 lectiones
2051 5190 2129 5235 ex
2158 5172 2303 5235 cod.
2340 5170 2599 5233 Coislin.

445 5272 463 5302 "
499 5273 594 5324 καὶ
635 5271 723 5342 δή.
801 5271 822 5302 ⁸
857 5269 1161 5334 κλύδωνος.

1457 5381 1597 5443 Car.
1628 5381 1956 5443 Dui‘resnii
1984 5382 2078 5443 Du
2116 5381 2337 5460 Cangii
2394 5390 2585 5444 notas.

448 5486 560 5547 (Π)
591 5486 818 5551 Συχήν.
859 5484 1032 5555 Syrte,
1092 5484 1253 5555 hodie
1284 5481 1502 5546 Celata,
1536 5495 1588 5538 et
1641 5483 1797 5548 Pera,
1833 5486 1960 5539 olim

378 5560 531 5626 urnis
562 5557 669 5610 (LP.
719 5573 819 5611 χιιι
866 5554 1032 5626 regio.
1066 5554 1204 5609 Vide
1270 5554 1414 5609 llist.
1468 5567 1713 5609 nostram
1775 5556 1962 5611 Gallo-

378 5624 726 5696 BgzautClib.
761 5643 815 5687 v,
860 5624 1040 5681 ".52.

449 5698 563 5763 t78)
597 5694 917 5765 Κούρηιον.
968 5697 1170 5752 ΟιΙίεὶιιῖ
1205 5701 1354 5760 urbs,
1391 5697 1442 5752 iu
1486 5713 1588 5764 qua
1616 5695 1960 5751 Justinianus

380 5767 507 5834 imp.
537 5767 785 5821 balneum
824 5778 877 5822 ct
912 5772 1182 5839 πτωλεῐον
1234 5769 1538 5833 renovavit,
1571 5780 1625 5823 ut
1653 5778 1843 5824 auctor
1875 5780 1960 5825 est

2066 5484 2390 5556 Procopius;
2419 5484 2513 5539 ιιι).
2550 5501 2578 5537 v
2638 5486 2715 5539 De
2757 5488 2907 5556 wdif.
2935 5487 3081 5543 Just.
3108 5500 3390 5555 extremo;
3429 5494 3664 5549 Curcum

2069 5555 2276 5633 §auuto
2445 5572 2506 5619 ιι,
2537 5569 2681 5633 part.
2723 5574 2795 5633 tv,
2829 5555 2951 5633 cap.
2992 5560 3061 5613 ‘26
3090 5579 3104 5615 1
3129 5560 3351 5633 _Cnrcn,
3379 5566 3659 5633 Tagenoni

2066 5627 2234 5680 Patau
2259 5642 2274 5691 ;
2301 5624 2560 5695 Coryrtts,
2586 5628 2636 5696 iu
2664 5632 2852 5681 nmitia
2874 5628 3077 5694 Gneo;
3101 5629 3260 5696 Curc,
3293 5624 3658 5692 Willebrando

2066 5700 2133 5771 ab
2165 5697 2472 5771 Oldenbnrg
2503 5699 2554 5750 in
2584 5695 2773 5771 Itiner.
2804 5696 2863 5749 T.
2899 5698 2957 5753 S.
2987 5703 3075 5754 ubi
3103 5704 3431 5758 describitur
3457 5724 3471 5771 ;
3506 5707 3656 5762 hodie

2065 5767 2257 5822 (ἐιινιό.
2320 5766 2513 5838 Ejuscc
2544 5770 2750 5840 tqqlidi,
2788 5775 2936 5841 quod
2985 5776 3083 5830 sub
3136 5777 3408 5831 Armenia:
3442 5766 3655 5845 regibus
