4088 6416
368 363 476 427 859

1690 356 1921 418 ᾹΝΝίΕ
1964 353 2347 415 COMNEN/E

3537 344 3643 412 860

369 482 496 527 rent
539 472 608 526 ad
650 470 1012 525 Baimundum
1065 468 1284 525 :simul
1343 468 1510 526 etiam
1565 467 1950 539 invigilaturas

2067 463 2303 517 εαλιπὼν
2349 462 2497 517 κατὰ
2542 460 2644 525 τὰς
2683 459 2783 515 τοῦ
2843 459 3247 531 αὐτοκράτορος
3307 456 3635 525 εἰσηγήσεις

371 565 638 621 custodiae
668 564 854 634 Cypri.
892 564 1020 618 Hac
1049 565 1230 617 omnia
1260 564 1424 632 plane
1450 562 1529 617 uti
1560 561 1747 631 jussus
1772 560 1952 614 fuerat

374 671 641 714 executus
702 660 1021 714 Eustathius
1064 659 1594 727 Constantinopolim
1638 673 1697 712 se
1745 657 1951 722 retulit,

375 753 611 819 amplam
666 753 737 806 ibi
770 754 840 807 ob
870 768 991 807 eam
1029 767 1141 805 rem
1180 751 1412 805 feliciter
1452 751 1799 818 ﬁdeliterque
1826 766 1957 803 conv

375 844 600 907 rectam,
639 844 708 899 ab
756 845 1092 914 imperatore
1139 843 1351 898 laudem
1395 852 1449 897 et
1504 843 1696 897 merita
1727 841 1953 912 praaiuia

373 947 729 992 εοιιεειοιιιιιε.

449 1028 509 1081 Et
553 1029 666 1081 haec
715 1026 934 1096 quidem
977 1025 1044 1078 de
1109 1025 1331 1079 Curico.
1378 1025 1607 1080 Evolnto
1650 1026 1780 1081 hinc
1812 1039 1958 1079 anno

376 1119 582 1172 certior
647 1116 823 1170 Iactus
858 1116 1164 1182 Imperator
1198 1116 1379 1181 parari
1421 1116 1769 1171 Genuensem
1813 1116 1957 1171 clas-

376 1227 488 1265 sem
541 1209 593 1262 in
649 1209 908 1261 auxilium
962 1206 1333 1269 Francorum.
1370 1208 1546 1262 sensit
1608 1208 1791 1263 statim
1852 1223 1958 1261 non

376 1301 673 1356 mediocris
720 1300 946 1367 periculi
977 1315 1093 1353 rem
1134 1314 1281 1364 esse,
1317 1315 1416 1354 nec
1457 1302 1524 1353 ab
1576 1300 1959 1355 Genuensibus

376 1394 588 1447 minora
646 1392 897 1446 Ruitiano
956 1392 1192 1461 imperio
1237 1392 1435 1446 damna
1472 1407 1691 1461 quanta
1749 1392 1962 1447 Pisanis

379 1488 575 1539 merito
610 1485 873 1539 timenda.
903 1483 1046 1553 Ergo
1077 1494 1137 1538 ut
1173 1485 1242 1539 iis
1277 1492 1589 1539 occurreret
1619 1485 1960 1540 Cantacuze—

380 1592 507 1629 num
543 1591 666 1629 cum
714 1576 927 1630 idoneis
983 1576 1156 1643 coniis
1208 1591 1305 1645 per
1350 1577 1722 1630 continentem
1755 1578 1959 1641 mittit;

380 1669 515 1720 mari
551 1683 685 1721 vero
741 1668 1106 1732 Lantulpbum
1137 1684 1261 1723 cum
1315 1668 1492 1722 valide
1528 1678 1739 1722 armata
1785 1668 1963 1723 classe

379 1760 635 1813 festinare
688 1759 851 1828 jussit
887 1761 951 1811 ad
987 1758 1410 1826 praeoccupanda
1470 1758 1689 1813 insidiis
1722 1759 1839 1813 loca
1871 1762 1963 1814 de-

2058 557 2498 624 ἑπαναζεύγνυσι
2524 556 2663 627 πρὸς
2688 554 2787 627 τὴν
2825 555 3219 625 μεγαλόπολιν,
3253 553 3346 605 καὶ
3382 550 3641 621 μεγάλως

2057 650 2212 720 παρά
2246 649 2343 702 τοῦ
2382 650 2796 720 αὐτοκράτορος
2841 647 3155 709 ἐπαινεθεὶς
3199 643 3442 706 δαψιλῶς
3481 662 3647 712 πεφι-

2058 739 2375 812 λοτίμηται.
2430 739 2595 793 Ἀλλά
2622 739 2796 793 ταῦτα
2828 739 2927 811 μὲν
2950 739 3022 792 τά
3069 738 3214 792 κατά
3252 735 3316 789 τὸ
3349 735 3645 807 Κούρικον.

2128 1003 2285 1058 Μετὰ
2308 1003 2365 1057 δὲ
2400 1003 2767 1074 παραδρομὴν
2801 1003 3058 1058 ἐνιαυτοῦ
3091 1002 3398 1071 ἀναμαθὼν
3421 1004 3449 1055 ό
3491 1003 3653 1072 βασι-

2060 1096 2191 1159 λεὺς
2221 1097 2305 1149 ὅτι
2345 1096 2442 1149 καὶ
2478 1095 2763 1159 Γενούσιος
2801 1096 2846 1128 ¹⁰
2892 1096 3081 1158 στόλος
3135 1095 3250 1165 (81)
3288 1097 3369 1157 εἰς
3421 1111 3651 1163 συμμα-

2061 1188 2189 1259 χίαν
2226 1189 2339 1243 τῶν
2363 1188 2637 1258 Φράγγων
2668 1187 2909 1252 ἐξελθεῖν
2952 1186 3328 1254 ἑτοιμάζεται.
3374 1187 3651 1255 στοχασά-

2067 1299 2228 1351 μενος
2265 1283 2348 1335 ὅτι
2375 1281 2437 1334 ού
2484 1282 2691 1350 μικρᾶς
2734 1277 2941 1350 βλάϐης
2970 1279 3066 1332 καὶ
3095 1280 3377 1349 παραίτιοι
3427 1278 3583 1331 αὐτοὶ
3609 1278 3650 1311 ¹⁸

2062 1377 2129 1444 τῇ
2172 1373 2283 1426 τῶν
2347 1372 2640 1442 Ῥωμαίων
2691 1373 2834 1443 ἀρχῇ
2888 1371 3128 1434 ἔσονται.
3164 1372 3254 1425 τὸν
3301 1373 3398 1441 μὲν
3433 1375 3653 1427 Καντα-

2063 1465 2327 1535 κουξηνδν
2372 1464 2462 1517 διὰ
2497 1463 2599 1531 τῆς
2644 1464 2883 1534 ἠπείρου
2942 1462 3081 1533 μετά
3119 1462 3454 1533 ἀποχρώσης
3496 1463 3652 1517 δυνά-

2069 1575 2238 1627 μεως,
2267 1557 2362 1610 τὸν
2412 1555 2470 1608 δὲ
2518 1554 2876 1624 Λαντοῦλφον
2920 1554 3140 1622 γοργῶς
3174 1554 3470 1622 ὲξοπλίσας
3514 1552 3653 1623 μετά

2070 1649 2261 1702 στόλου
2298 1647 2387 1700 διά
2414 1646 2689 1717 Θαλάττης
2732 1645 3048 1705 ἀπέστειλε,
3089 1644 3653 1715 παρακελευσάμενος

2067 1738 2221 1809 αὑτῷ
2273 1739 2336 1791 τδ
2381 1738 2550 1807 τάχος
2599 1736 2939 1791 καταλαϐεέν
2980 1740 3053 1788 τὰ
3100 1736 3417 1807 κατώτερα,
3470 1737 3555 1804 ἐφ’
3609 1731 3654 1805 ᾧ

379 1807 633 1813 ---ην-η
688 1807 849 1828 ,ηρ
987 1807 1409 1826 ...πη---.με----τ
1473 1807 1686 1813 ---------_
1725 1807 1839 1813 -.---
1875 1807 1933 1814 .--

379 1852 673 1920 pressiora,
714 1851 857 1903 unde
909 1851 960 1903 iu
1015 1850 1372 1903 transituram
1442 1850 1570 1905 illac
1617 1850 1957 1905 Genuensem

2068 1830 2161 1881 τὸν
2192 1807 2347 1898 ἡμετά
2391 1830 2504 1882 τῶν
2560 1828 2867 1882 Γενουσίων
2922 1830 3102 1882 ἐκεῖσε
3131 1829 3499 1900 διερχομένων
3526 1830 3653 1882 ἀνα-

378 1947 634 2006 classem,
669 1944 933 1996 victorem
984 1956 1049 1995 ex
1084 1951 1204 1995 tuto
1245 1944 1505 2009 impetum
1538 1942 1720 1997 facere
1755 1953 1958 2012 posset.

378 2035 477 2089 lvit
503 2047 713 2087 mature
750 2034 1086 2102 Lautnlphus
1135 2049 1243 2103 quo
1292 2036 1615 2098 imperatum
1658 2046 1776 2088 erat
1812 2053 1960 2092 τρω-

380 2139 558 2181 terum
594 2128 860 2194 sapientis
898 2127 1102 2194 incepti
1127 2142 1440 2183 successum
1478 2129 1559 2183 vis
1595 2128 1770 2195 major
1793 2130 1962 2183 inter—

377 2219 544 2281 cepit.
580 2216 819 2268 Procella
859 2216 1039 2284 gravis
1064 2225 1118 2269 et
1162 2231 1328 2284 supra
1359 2219 1614 2284 quamvis
1655 2218 1958 2273 validarum

378 2307 593 2361 navium
636 2308 947 2360 firmitatem
1003 2307 1301 2361 vehemens
1353 2308 1603 2361 incubuit
1639 2308 1691 2361 in
1727 2309 1958 2364 classem

376 2407 483 2452 tam
514 2414 653 2453 szeva
684 2406 907 2466 tamque
939 2399 1272 2454 ineluctabili
1318 2400 1366 2451 vi
1406 2408 1458 2452 ut
1496 2401 1766 2469 pleneque
1797 2416 1962 2457 naves

377 2491 761 2559 frangerentur
816 2492 1003 2557 utique
1037 2510 1050 2546 :
1087 2507 1222 2560 quas
1255 2492 1377 2546 ideo
1426 2492 1726 2548 subductas
1761 2494 1814 2547 in
1855 2503 1962 2548 ter-

377 2596 489 2636 ram
513 2583 675 2637 linire
707 2584 829 2653 pice
861 2599 923 2638 ac
968 2593 1367 2647 crassamento,
1406 2594 1719 2653 cteteraque
1776 2602 1961 2639 resar-

377 2676 487 2728 cire
510 2688 643 2728 cura
679 2674 800 2744 ejus
827 2674 1044 2743 generis
1070 2689 1296 2730 necesse
1323 2675 1444 2729 fuit.
1480 2676 1595 2729 Hac
1625 2676 1743 2731 vice
1778 2692 1961 2731 rerum

377 2763 763 2818 Cantaeuzeno
813 2764 1075 2820 indicium
1107 2761 1375 2834 defertur,
1406 2767 1635 2821 classem
1665 2770 1964 2825 adventare

377 2856 737 2911 Genuensem.
796 2855 911 2911 Hoc
964 2856 1056 2911 ille
1089 2868 1335 2927 accepto,
1380 2868 1575 2914 auctor
1601 2868 1687 2914 est
1737 2861 1964 2915 Lautul-

378 2950 505 3016 pho,
536 2957 595 3003 ut
630 2963 751 3003 cum
787 2949 1018 3003 navibus
1052 2951 1355 3005 octodecim
1386 2967 1523 3021 quas
1550 2952 1783 3007 habebat
1818 2955 1962 3008 solas

378 3056 428 3093 tu
467 3040 626 3103 mari,
679 3041 897 3096 caeteris
932 3040 1248 3099 refcctionis
1306 3045 1637 3101 necessitate
1682 3048 1962 3103 subductis

2067 1922 2326 1985 δέξασθαι
2378 1923 2640 1991 πόλεμον.
2701 1921 2928 1975 Τούτων
2982 1920 3333 1975 ἀπελθόντων
3381 1922 3510 1974 ἔνθα
3561 1923 3655 1976 καὶ
3744 1948 3751 1953 -

2068 2013 2548 2082 προσετάχθησαν.
2579 2012 2790 2083 χειμὼν
2829 2013 3000 2083 βαρὺς
3049 2012 3341 2080 ἐπιγέγονε
3377 2013 3473 2064 καὶ
3524 2014 3656 2079 ἀφό·

2072 2124 2260 2177 ρητος.
2300 2105 2395 2173 ὑφ’
2450 2099 2512 2159 οὗ
2566 2107 2663 2159 καὶ
2720 2105 2925 2167 πολλὰς
2971 2105 3080 2158 τῶν
3128 2104 3269 2158 νεῶν
3301 2103 3503 2173 συνέϐη
3542 2105 3655 2159 δια-

2069 2198 2431 2267 θραυσθῆναι,
2491 2196 2672 2268 ἅσπερ
2711 2197 2874 2250 πάλιν
2904 2198 3041 2267 πρὸς
3086 2197 3186 2264 τὴν
3218 2195 3415 2267 χέρσον
3446 2196 3657 2261 ὲξελκύυ

2068 2309 2285 2355 σαντες,
2300 2290 2581 2359 ἐπιμελῶς
2597 2292 2698 2361 τὴν
2712 2290 2803 2344 διὰ
2818 2291 2922 2359 τῆς
2944 2291 3123 2359 ὑγρᾶς
3144 2290 3315 2358 πίσση
3328 2309 3349 2343 :
3365 2290 3656 2360 ὲπίχρησιι

2067 2383 2303 2447 ταύταις
2342 2383 2637 2452 ἐπέφερον.
2682 2381 3009 2451 Τηνικαῦτα
3048 2381 3106 2434 δὲ
3140 2382 3240 2434 καὶ
3271 2384 3299 2433 ὁ
3334 2382 3655 2434 Καντακου⁹

2068 2476 2233 2545 ζηνὸς
2266 2475 2361 2528 τὸν
2394 2475 2506 2528 τῶν
2530 2474 2839 2529 Γενουσίων
2877 2472 3068 2527 στόλον
3108 2471 3238 2542 περὶ
3268 2472 3337 2526 τὰ
3373 2470 3657 2541 κατώτερα

2067 2566 2395 2621 διαπλέοντα
2429 2567 2600 2635 ἐγγύς
2639 2584 2743 2619 που
2778 2560 2923 2618 εἶναι
2968 2561 3308 2633 μεμαθηκὼς
3341 2562 3657 2616 ὑποτίθεται

2066 2660 2147 2727 τῷ
2201 2659 2538 2728 Λαντούλιρῳ
2616 2657 3002 2711 ὀκτωκαίδεκα
3070 2654 3208 2718 ναῦς
3287 2653 3656 2709 ἀναλαϐέσθαι

2071 2750 2367 2821 (τοσαύτας
2397 2751 2509 2821 γὰρ
2539 2750 2711 2820 μόνας
2742 2749 2944 2815 σύνεϐη
2971 2747 3051 2818 τῷ
3073 2750 3197 2800 τότε
3226 2746 3527 2801 ἀποπλέειν
3551 2746 3653 2798 τῶι

2074 2844 2257 2899 ἄλλων
2288 2844 2725 2909 ὲξελκυσθεισῶν
2741 2846 2843 2914 τῆς
2872 2842 3199 2908 θαλάσσης),
3228 2842 3327 2893 καὶ
3352 2841 3653 2895 ἀπελθόντα

2071 2936 2216 2991 κατά
2249 2937 2310 2991 τὸ
2339 2936 2692 3006 ἀκρωτήριον
2723 2935 2818 2988 τοῦ
2845 2935 3069 2989 Μαλέου
3103 2934 3460 3005 προσοκεῖλαι
3489 2916 3657 2997 αὐτὰς

2069 3029 2214 3082 κατά
2244 3029 2346 3091 τάς
2378 3028 2474 3082 τοῦ
2510 3027 2925 3097 αὐτοκράτορος
2968 3027 3278 3096 ὑποθήκας,
3316 3027 3412 3078 καὶ
3452 3025 3658 3095 διερχο-

379 3132 432 3184 in
463 3143 687 3197 terram,
717 3133 1029 3189 subsideret
1059 3134 1212 3203 juxta
1260 3138 1577 3191 mandatum
1617 3138 1961 3207 imperatoris

2075 3120 2255 3189 μένων
2287 3120 2400 3174 τῶν
2425 3120 2733 3174 Γενουσίων
2756 3119 2806 3171 εί
2841 3118 2938 3187 μὲν
2977 3117 3071 3171 τὸν
3119 3116 3239 3187 μετ’
3280 3116 3464 3171 αὐτῶν
3520 3118 3657 3170 ἀποσ

380 3221 519 3276 circa
581 3222 1023 3279 Promontorium
1062 3225 1241 3294 Malei,
1275 3226 1697 3297 imminerelque
1742 3230 1865 3287 inde
1905 3230 1962 3287 in

380 3315 716 3369 occasionem
753 3318 1235 3387 aggrediendarum
1270 3334 1335 3374 ex
1367 3328 1503 3385 tuto,
1526 3322 1571 3374 si
1601 3337 1688 3375 res
1715 3332 1769 3376 et
1798 3338 1962 3377 occa-

380 3408 461 3461 sio
502 3408 692 3473 l‘erret,
754 3425 876 3463 mox
930 3411 1354 3466 transiturarum
1420 3412 1789 3469 Genueusium
1863 3432 1964 3469 na-

379 3502 543 3555 vium.
577 3500 672 3557 Sin
696 3503 744 3556 ei
777 3503 828 3555 in
867 3503 1120 3571 praesenti
1153 3512 1456 3573 conspectu
1492 3506 1688 3561 classis
1753 3508 1965 3565 hostilis

381 3591 521 3645 aliud
553 3594 807 3648 suaderet
849 3608 946 3648 sua
975 3596 1227 3664 paucitas
1253 3605 1309 3651 et
1335 3596 1676 3653 conscientia
1728 3598 1966 3653 inﬁrmi-

379 3684 523 3750 tatis,
558 3692 706 3739 certe
733 3692 1013 3754 receptum
1046 3686 1342 3741 salutarem
1388 3688 1504 3744 suis
1549 3690 1763 3759 exiguis
1794 3692 1964 3761 copiis

380 3785 497 3829 tuto
528 3776 837 3843 perliceret,
868 3779 1043 3833 classe
1098 3787 1211 3833 tota
1269 3780 1540 3835 Coronam
1602 3784 1959 3852 deportanda,

379 3881 484 3935 quo
529 3877 734 3935 certus,
760 3877 815 3921 et
838 3868 983 3922 nulla
1016 3869 1067 3923 vi
1103 3870 1289 3925 hostili
1326 3873 1607 3940 prohiberi
1643 3873 1841 3937 facitis,
1872 3877 1962 3929 tali

379 3966 622 4011 lucorum
653 3959 759 4013 situ
820 3974 1018 4015 cursus
1047 3970 1190 4017 erat.
1220 3963 1511 4032 Aequievit
1557 3966 1790 4021 consilio
1822 3967 1967 4021 Lan-

382 4048 632 4116 tulplius;
665 4051 757 4103 scd
790 4066 919 4105 cum
949 4052 1187 4106 admotis
1226 4052 1634 4120 Genuensilius.
1669 4058 1852 4126 plures
1875 4074 1966 4115 cos

381 4136 539 4208 longe
592 4139 997 4208 validioresque
1044 4156 1323 4212 cerneret,
1377 4162 1539 4213 quam
1582 4157 1644 4203 ut
1677 4166 1968 4217 capessere

380 4242 504 4281 cum
542 4242 639 4297 spe
671 4230 849 4299 aliqua
882 4230 1049 4303 339
1079 4246 1312 4300 pugnam
1345 4245 1536 4290 contra
1584 4236 1730 4305 ipsos
1761 4250 1966 4307 posset,

381 4320 648 4375 Coronam
674 4332 732 4377 ut
765 4324 1127 4379 constitutum
1165 4335 1308 4388 erat,
1339 4341 1401 4382 se
1445 4327 1655 4397 recipit.
1693 4328 1967 4385 Cantacu-

383 4428 409 4463 ιι
446 4429 547 4467 nus
565 4429 718 4478 cura,
754 4426 1015 4483 quantam
1053 4419 1347 4473 maximam
1401 4421 1589 4476 debuit
1640 4422 1696 4477 in
1733 4424 1964 4477 classem

2067 3212 2298 3283 θαρῤοίη
2340 3214 2382 3244 ¹²
2415 3213 2678 3283 πόλεμον,
2724 3210 2884 3273 εὐθὺς
2916 3209 3014 3280 τὴν
3063 3207 3183 3278 μετ’
3222 3209 3405 3262 αὐτῶν
3461 3208 3660 3262 ἀναδέ-

2066 3305 2262 3370 ξασθαι
2311 3305 2514 3375 μάχην·
2562 3307 2609 3358 εξ
2642 3304 2689 3357 δ’
2738 3305 2799 3357 οὐ
2840 3303 2942 3372 τὴν
2991 3301 3273 3371 σωτηρίαν
3334 3301 3514 3371 ἑαυτῷ
3566 3302 3661 3355 καὶ

2062 3400 2184 3460 τατς
2236 3398 2329 3451 ὑπ’
2393 3397 2559 3450 αὐτὸν
2612 3396 2777 3465 νηυσὶ
2831 3396 2930 3449 σὺν
2963 3396 3154 3457 αὐτοῖς
3202 3393 3524 3465 πλωτῆρσιν
3583 3397 3659 3450 είς

2065 3488 2336 3561 Κορώνην
2410 3488 2860 3559 προσοκείλαντι,
2925 3485 3419 3556 περιποιήσασθαι.
3497 3487 3556 3540 'O
3607 3487 3658 3540 δέ

2064 3577 2319 3632 ἀπελθὼν
2373 3579 2469 3631 καὶ
2520 3577 2614 3630 τὸν
2668 3575 2839 3629 πολὺν
2890 3575 3082 3628 στόλον
3124 3575 3236 3628 τῶν
3288 3574 3329 3627 Γ
3332 3575 3594 3630 ενουσίων
3620 3576 3658 3607 ¹³

2068 3671 2415 3740 θεασάμενος
2469 3669 2567 3722 καὶ
2636 3667 3033 3738 ἀπαγορεύσας
3115 3667 3216 3737 τὴν
3293 3666 3413 3737 μετ’
3483 3667 3656 3721 αὐτῶν

2073 3765 2273 3832 μάχην,
2337 3761 2536 3815 θᾶττον
2618 3759 2719 3831 τὴν
2781 3758 3044 3829 Κορώνην
3100 3758 3422 3813 κατέλαϐεν.
3491 3760 3549 3813 ’0
3601 3760 3654 3815 δι

2069 3850 2526 3920 Καντακουζηνδς
2568 3850 2663 3903 τὸν
2736 3848 2859 3902 ὅλον
2943 3848 3253 3919 Ῥωμαϊκὸν
3329 3848 3517 3902 στόλον
3587 3849 3659 3913 ὡς

2068 3942 2177 3996 ἔδει
2248 3942 2754 4012 περιποιησάμενος
2783 3979 2799 4003 ,
2852 3940 2949 3992 καὶ
3003 3940 3135 4002 τοὺς
3194 3937 3457 4001 συνόντας
3511 3939 3660 4010 αύτῷ

2070 4038 2248 4088 ἐκεῖσε
2282 4032 2628 4101 συναγαγὼν,
2663 4033 2737 4094 ὡς
2769 4027 2881 4101 εἷχε
2911 4032 3120 4102 τάχους
3146 4031 3382 4083 κατόπιν
3413 4030 3526 4083 τῶν
3560 4031 3664 4084 Γε-

2069 4128 2300 4181 νουσέων
2331 4127 2547 4181 ἐδίωκε.
2580 4126 2675 4195 Μὴ
2704 4124 2961 4193 ὲφθακὼς
2992 4124 3050 4178 δὲ
3080 4124 3180 4195 τὴν
3211 4122 3538 4177 Λαοδίκειαν
3565 4140 3663 4177 κα-

2068 4223 2293 4288 τέλαϐε,
2336 4220 2586 4275 σπεύδων
2642 4218 2781 4288 πρὸς
2822 4219 2952 4283 τοὺς
3002 4221 3144 4289 μετὰ
3191 4217 3286 4271 τοῦ
3323 4216 3662 4289 Βαῖμούντου

2071 4315 2378 4385 πολεμῆσαι
2406 4313 2503 4383 ὅλῃ
2552 4313 2749 4382 γνώμῃ
2801 4312 2899 4365 καὶ
2950 4312 3097 4383 χειρὶ
3129 4309 3493 4364 ἀποδύεσθαι.
3551 4310 3664 4363 Καὶ

2073 4409 2257 4478 μέντοι
2297 4406 2390 4459 τού
2436 4405 2600 4477 ἔργου
2648 4404 2953 4475 ἁψάμενος,
3005 4404 3099 4457 τὸν
3129 4402 3331 4473 λιμένα
3389 4401 3662 4455 κατέλαϐε

382 4503 682 4559 llomanam
713 4506 935 4573 collata,
966 4518 1027 4561 ut
1060 4508 1281 4577 impune
1313 4511 1364 4564 in
1418 4520 1624 4566 terram
1683 4514 1961 4583 expositos

2071 4501 2164 4553 καὶ
2192 4499 2282 4552 διὰ
2313 4498 2496 4567 πάσης
2525 4497 2719 4560 νυκτὸς
2753 4497 2851 4549 καὶ
2903 4495 3121 4565 ἡμέρας
3151 4496 3255 4563 τῆς
3296 4494 3662 4565 τειχομαχίας

380 4593 691 4652 Genuenses
716 4598 930 4663 didicit,
959 4600 1101 4668 quod
1140 4617 1305 4655 unum
1337 4615 1650 4671 supererat,
1682 4605 1963 4673 expedivit

381 4701 440 4741 se
472 4701 536 4741 ac
560 4702 689 4742 suos
730 4689 795 4744 ad
830 4704 924 4745 eos
982 4691 1364 4762 insequendos.
1397 4694 1543 4761 Quos
1603 4697 1691 4749 ubi
1744 4698 1962 4767 assequi

380 4792 486 4829 non
551 4778 753 4846 potuit,
805 4778 1128 4836 Laodiceam
1171 4783 1413 4848 deﬂexit,
1470 4796 1586 4839 toto
1617 4785 1731 4840 illic
1766 4799 1963 4843 conatu

381 4868 579 4922 bellum
618 4886 743 4925 cum
771 4870 1074 4929 Baimuudo
1114 4886 1393 4946 gesturus.
1423 4877 1500 4932 Ac
1535 4880 1714 4949 primo
1740 4880 1963 4947 quidem

402 4968 583 5027 mpetu
619 4973 833 5029 portum
863 4968 1188 5035 occupavit;
1232 4967 1427 5023 deinde
1457 4983 1640 5023 arcem
1674 4985 1964 5040 aggressus

381 5050 699 5106 cominuata
764 5069 863 5123 per
925 5067 1143 5113 noctem
1197 5065 1254 5113 et
1312 5058 1453 5113 diem
1510 5063 1963 5131 oppugnatione,

380 5142 582 5197 frustra
621 5145 723 5199 fuit
771 5156 978 5214 tamen,
1028 5160 1085 5204 et
1133 5151 1435 5220 smpissime
1481 5153 1689 5208 assultu
1729 5162 1964 5219 tentato,

383 5235 633 5301 repulsus
663 5247 747 5293 est
796 5241 976 5297 toties.
1031 5241 1303 5309 Expertus
1341 5243 1469 5310 quin
1520 5244 1684 5297 etiam
1732 5254 1959 5312 pacatas

382 5336 548 5392 artes,
579 5336 635 5381 et
670 5328 939 5386 demereri
981 5331 1255 5400 colloquio
1295 5344 1525 5386 conatus
1560 5332 1745 5389 Gallos
1770 5375 1782 5396 .
1852 5350 1960 5389 non

2067 4591 2170 4643 ούκ
2221 4589 2506 4657 ἀφίστατο·
2537 4587 2615 4651 ὡς
2645 4587 2690 4639 δ’
2723 4586 3006 4655 ἄπρακτος
3053 4586 3148 4639 τοῦ
3192 4584 3360 4638 λοποῦ
3402 4584 3448 4617 ⁸⁸
3495 4584 3658 4653 ἔμενε

2075 4683 2339 4752 μυριάκις
2372 4681 2474 4749 μὲν
2518 4679 2845 4750 προσϐαλὼν
2865 4722 2880 4746 ,
2922 4678 3254 4742 τοσαυτάκις
3280 4678 3324 4732 δ’
3352 4676 3661 4749 ἀποτυχών·

2070 4775 2166 4830 καὶ
2192 4774 2268 4845 πῆ
2296 4775 2396 4844 μὲν
2424 4772 2862 4843 ὑποποιούμενος
2886 4772 3012 4834 τοὺς
3039 4771 3280 4835 Κελτοὺς
3310 4771 3412 4824 οὐκ
3446 4770 3657 4833 ἔπειθε,

2072 4867 2147 4938 πῆ
2175 4868 2233 4921 δὲ
2262 4868 2570 4937 μαχόμενος
2600 4864 2972 4934 ἀπετύγχανε.
3005 4864 3221 4935 Τειχίον
3252 4880 3307 4917 τι
3354 4864 3445 4918 διὰ
3478 4861 3663 4932 ξηρῶν

2071 4959 2236 5012 λίθων
2282 4957 2614 5028 κυκλοτερὲς
2649 4957 2980 5026 δειμάμενος
3029 4956 3346 5027 άναμεταξὺ
3379 4956 3480 5025 τῆς
3512 4955 3662 5024 ψάμ-

2075 5068 2178 5122 μου
2225 5049 2459 5103 καὶτῶν
2490 5047 2691 5119 τειχῶν
2725 5048 3053 5111 Λαοδικείας
3086 5052 3144 5101 ὲν
3193 5049 3345 5116 τρισὶ
3377 5044 3662 5117 νυχθημέ-

2074 5163 2189 5215 ροις
2229 5144 2464 5198 κᾶκτοτε
2499 5143 2574 5206 ὡς
2604 5142 2843 5212 ἔρεισμα
2889 5140 3050 5196 τοῦτο
3082 5140 3430 5211 κτησάμενος
3466 5139 3662 5209 ἕτερον

2073 5237 2349 5306 πολίχνιον
2382 5236 2449 5287 δι’
2480 5236 2789 5306 ὲγχορήγου
2841 5234 2977 5305 ὕλης
3035 5232 3189 5296 ἐντὸς
3230 5232 3423 5285 τούτου
3461 5230 3660 5283 θᾶττον

2071 5331 2387 5398 ἀνήγειρεν,
2415 5326 2482 5381 ἵν’
2509 5325 2761 5380 ἐντεῦθεν
2795 5329 2868 5391 ὼς
2899 5329 2959 5393 ἐξ
2988 5325 3333 5399 ὁρμητηρίῳ)
3364 5324 3511 5387 tua;
3539 5337 3659 5392 γεν.

1454 5448 1655 5510 Variae
1688 5448 1997 5512 lectiones
2034 5463 2111 5507 ex
2133 5444 2279 5507 cod.
2309 5443 2570 5505 Coislin.

451 5541 497 5576 ί)
527 5541 816 5609 Θνούσιος.
842 5548 933 5602 Sic
970 5564 1210 5618 semper.
1304 5550 1342 5581 ¹¹
1390 5552 1554 5606 Deest
1577 5567 1681 5607 vox
1707 5553 1885 5607 αὐτοί.

1968 5552 2013 5583 ¹²
2055 5548 2311 5621 θαρροίη.

2395 5547 2436 5577 ’³
2463 5546 2761 5602 Θνουσίωγ.
2808 5546 2899 5602 Sic
2925 5559 3162 5614 semper.
3245 5541 3290 5577 "
3314 5539 3533 5598 λοιποῦ.

1453 5687 1593 5752 Car.
1628 5685 1953 5749 Dufrcsnii
1988 5686 2081 5746 Du
2116 5684 2339 5765 Cangii
2385 5690 2569 5747 notae.

455 5804 570 5875 (81)
631 5809 959 5878 Γενοὺσιος
1010 5817 1255 5882 στόλος.
1309 5814 1455 5874 Will.
1505 5815 1701 5888 Tyrius
1748 5816 1845 5871 l.b.
1903 5833 1957 5882 κ,
2001 5832 2117 5883 Cap.
2149 5816 2238 5869 ‘28.
