4088 6438
428 411 539 481 8‘15

1713 404 1935 466 ANN/E
1979 398 2360 464 COMNEN/E
3580 387 3690 455 δῖε

416 531 781 602 perfectaque.
807 524 1085 594 Siquidem
1111 537 1286 593 prima
1318 522 1406 575 illa
1431 518 1689 575 effusione
1717 521 1770 574 in
1802 516 1985 576 Asiam

2112 512 2193 583 τὴν
2241 508 2429 563 Ἀσίαν
2456 510 2556 580 τήν
2599 525 2659 562 τε
2696 507 2974 580 Ἀντιόχου
3002 507 3183 569 πόλιν,
3240 504 3335 557 καὶ
3359 503 3461 573 τὴν
3486 501 3667 573 Τύρον

421 592 892 673 innumerabilium
920 592 1250 668 Gallicorum
1283 611 1648 675 exercituum,
1691 608 1910 676 quando
1938 615 1995 657 et

2112 602 2194 655 ιαὶ
2217 601 2317 664 τὰς
2368 600 2784 671 παρακειμένας
2837 599 3058 661 ἁπάσας
3116 596 3301 659 πόλεις
3361 595 3458 649 καὶ
3507 592 3691 664 χώρας

418 708 701 765 Antiochia
735 718 787 762 et
826 702 1004 776 Tyrus
1033 713 1088 759 et
1110 702 1417 771 adjacentes
1447 703 1715 755 universae
1749 698 1996 753 civitates

2112 692 2367 763 ὲμάστιζε
2446 692 2544 745 καὶ
2569 688 2854 760 δεσμώτας
2905 687 3253 760 ἐμφρούρους
3303 680 3487 756 εἶχεν·
3546 687 3581 753 ἡ
3631 684 3691 737 δὲ

429 804 516 857 illa
547 802 808 870 ﬂagrante
837 799 885 850 vi
912 798 1069 867 primi
1100 795 1360 850 tumultus
1394 792 1733 857 laborabant,
1763 788 1995 856 quodam

424 909 676 951 successu
710 891 878 945 Gallis
925 887 1184 952 infausto,
1236 896 1291 938 ιιι
1338 895 1461 939 sunt
1518 883 1680 936 vatim
1732 880 1995 935 bellorum

2099 784 2316 856 φρουρά
2341 784 2489 853 δεινὴ
2514 783 2622 836 τῶν
2643 782 2816 836 πάλαι
2845 781 3255 851 γεγενημένων.
3286 780 3395 832 Καὶ
3427 794 3495 831 πε
3506 778 3558 847 pi.
3581 779 3684 848 τῆς

2099 877 2307 929 τούτων
2370 875 2629 938 ἁλώσεως
2692 875 2787 927 καὶ
2842 873 2953 927 τῶν
2989 871 3242 925 ἐντεῦθεν
3290 870 3694 938 συμπεσόντων

424 928 676 951 successu
712 928 878 945 um...
925 928 1184 952 ......ww,
1527 928 1679 936 .-.ω

422 988 590 1052 vices,
614 982 940 1052 Babylonius
970 990 1231 1048 tyrannus
1254 973 1495 1030 Francos
1525 974 1752 1028 comites
1785 970 1901 1026 fere
1929 969 1994 1023 ad

2112 969 2320 1031 τούτοις
2347 967 2540 1022 δεινῶν
2576 928 2923 1037 μεμαθηκὼς
2953 968 2980 1019 ὁ
3006 928 3395 1034 αὐτοκράτωρ,
3431 961 3693 1015 ὲδάκνετό

426 1083 694 1130 trecentos
728 1080 944 1140 ceperat
972 1067 1249 1122 etduraiu
1270 1066 1456 1136 primis
1488 1064 1729 1120 custodia
1764 1062 1996 1125 tenebat;

427 1168 477 1220 itt
521 1165 819 1231 teterrima,
852 1173 1015 1230 atque
1053 1162 1116 1214 ad
1171 1161 1488 1215 inusitatum
1522 1158 1763 1226 antiqua!
1799 1156 1997 1210 crude-

423 1258 590 1312 litatis
617 1269 825 1310 morem
855 1263 909 1307 et
936 1267 1116 1317 usum,
1142 1251 1268 1306 olim
1304 1251 1588 1319 designato
1615 1249 1848 1317 quodam
1876 1261 1999 1301 car-

423 1362 567 1402 cere.
604 1345 710 1399 Eos
738 1345 846 1399 illic
878 1354 956 1398 tot
991 1359 1055 1396 ac
1088 1346 1225 1397 tales
1248 1342 1405 1410 longe
1432 1340 1836 1395 acerbissimam
1873 1336 2002 1393 tole-

428 1452 547 1490 rare
580 1435 949 1504 captivitatem
992 1432 1183 1487 audire
1226 1432 1522 1499 imperator
1550 1429 1669 1483 sine
1709 1424 2002 1480 tenerrimo

432 1526 830 1582 misericordia:
865 1539 1029 1580 sensu
1066 1537 1170 1577 non
1204 1522 1378 1592 potuit
1409 1538 1424 1574 :
1458 1534 1557 1574 nec
1582 1519 1700 1573 sine
1727 1517 2003 1588 pr0posito

428 1635 490 1673 ac
525 1622 744 1673 decreto
778 1615 949 1671 animi
986 1630 1092 1670 non
1124 1615 1295 1685 magis
1324 1612 1566 1667 beneﬁca
1591 1626 1770 1680 quam,
1790 1607 1998 1663 efficaci

427 1709 768 1764 liberationis
801 1723 864 1762 ac
897 1706 1164 1762 libertatis
1214 1703 1430 1759 illorum
1473 1702 1667 1773 quovis
1714 1701 1892 1770 pretio
1936 1714 2002 1754 ac

424 1798 604 1854 studio
636 1795 1108 1865 repraesentanda.
1140 1793 1220 1849 Ad
1244 1793 1387 1847 hanc
1420 1807 1534 1846 rem
1573 1789 1776 1844 Nicetac
1822 1790 2004 1843 Panu-

2100 1073 2158 1111 τε
2205 1059 2304 1119 τὴν
2359 1057 2536 1128 ψυχὴν
2586 1059 2681 1110 καὶ
2729 1057 2849 1118 ὅλος
2903 1056 3003 1125 τῆς
3055 1054 3282 1109 ἐκείνων
3329 1051 3694 1123 ἁναρρύσεως

2102 1150 2354 1219 ἐγεγόνει
2382 1165 2397 1179 ο
2428 1151 2527 1201 καὶ
2577 1147 3087 1218 μεταπεμψάμενος
3128 1145 3375 1213 Νικήταν
3433 1144 3526 1196 τὸν
3584 1144 3692 1196 Πα-

2101 1243 2458 1313 νουκωμίτην
2484 1242 2528 1272 ³⁰
2559 1240 2702 1310 μετὰ
2736 1241 3041 1310 χρημάτων
3057 1237 3197 1308 πρὸς
3226 1236 3318 1290 τὸν
3346 1234 3695 1288 Βαϐυλώνιον

2110 1334 2466 1399 ἐξαπέστειλε
2500 1330 2722 1402 γραφὰς
2777 1331 2914 1402 πρὸς
2951 1328 3114 1383 αὑτὸν
3166 1327 3485 1399 ἐγχειρίσας
3505 1327 3573 1380 δι’
3620 1321 3699 1380 ῶν

2102 1427 2231 1490 τοὺς
2257 1423 2635 1496 δορυαλώτους
2660 1423 2911 1484 ἐκείνους
2936 1424 3125 1493 ᾐτεῖτο
3153 1424 3432 1490 κόμητας,
3493 1420 3697 1484 πολλάς

2107 1516 2496 1587 ὑποσχόμενος
2524 1515 2675 1585 αύτῷ
2703 1515 2805 1579 τὰς
2859 1515 3091 1586 χάριτας
3136 1515 3186 1567 εί
3242 1512 3470 1577 τούτους
3525 1512 3697 1575 λύσας

2104 1610 2213 1663 τῶν
2250 1609 2468 1678 δεσμῶν
2502 1607 2793 1664 ἀπολύσει.
2841 1606 2915 1660 Ὀ
2956 1607 3012 1660 δὲ
3043 1603 3390 1668 Βαϐυλώνιος
3434 1606 3528 1659 τὸν
3580 1608 3697 1660 Πα-

2108 1701 2457 1773 νουκωμίτην
2497 1701 2859 1770 θεασάμενος,
2886 1702 2982 1754 καὶ
3012 1702 3256 1761 ἀκούσας
3293 1700 3429 1752 ἅττα
3449 1698 3512 1770 δὴ
3544 1698 3700 1770 παρὰ

2108 1796 2203 1847 τοῦ
2240 1793 2649 1864 αὐτοκράτορος
2675 1792 2811 1863 πρὸς
2844 1792 3013 1844 αὑτὸν
3058 1790 3391 1861 διεμηνύθη,
3447 1788 3697 1857 ἀνελίξεις

427 1891 640 1945 comitce
671 1889 867 1943 litteris
894 1898 950 1943 ct
976 1887 1217 1956 pecuniis
1249 1887 1521 1940 instructo
1557 1890 1782 1952 imperat
1814 1893 1871 1937 ut
1900 1882 2003 1936 Ba-

2112 1889 2169 1943 δὲ
2232 1891 2328 1943 καὶ
2397 1855 2499 1952 τὰς
2557 1855 2777 1959 ίγραφάς
2833 1887 2954 1942 λύει
3004 1889 3106 1959 μὲν
3149 1855 3506 1959 παραχρῆμα
3567 1855 3697 1951 τοὺς

429 1980 641 2052 bylonis
675 1983 832 2034 adeat
886 1980 1181 2047 principem
1214 2019 1227 2043 ,
1272 1977 1604 2045 redditisque
1649 1976 1713 2031 ab
1763 1975 2008 2046 Augusto

430 2072 689 2141 Epistolis
717 2072 1037 2141 legationem
1068 2072 1119 2123 in
1150 2070 1487 2138 captivorum
1536 2068 1796 2122 auxilium
1843 2066 2008 2121 verbo

430 2176 645 2231 quoque
669 2159 783 2228 ipse
816 2168 1032 2227 perorct
1077 2173 1238 2227 quam
1283 2156 1736 2224 accuratissime;
1777 2165 2004 2211 conten-

428 2253 563 2307 dens
620 2269 648 2304 a
708 2249 1000 2322 Babylonio
1053 2249 1213 2302 multa
1269 2247 1588 2317 interposita
1644 2248 2007 2316 promissione

429 2344 613 2414 gratiae
652 2342 719 2396 ab
750 2343 1081 2411 imperatore
1133 2340 1382 2394 ineundas
1413 2348 1474 2394 ut
1504 2340 1737 2393 miseros
1782 2338 2005 2393 comites

394 2424 395 2427 ‘
430 2436 636 2491 solutos
663 2434 898 2489 vinculis
930 2434 1080 2487 abire
1114 2433 1318 2487 liberos
1349 2431 1577 2486 sineret.
1612 2426 1744 2485 Viso
1775 2429 2007 2502 Babylo-

432 2527 554 2582 nius
610 2525 988 2588 Panucomita,
1033 2525 1347 2592 auditoque,
1387 2522 1543 2578 lectis
1590 2523 1756 2592 etiam
1812 2523 2008 2578 litteris

429 2637 565 2692 quas
591 2621 658 2675 ab
704 2624 947 2690 Augusto
978 2618 1274 2682 attulerat,
1315 2616 1522 2672 solutos
1553 2617 1735 2671 statim
1777 2615 2008 2670 vinculis

428 2715 656 2770 comites
692 2711 932 2767 custodia
957 2710 1158 2774 educit,
1187 2723 1527 2779 nequaquam
1557 2715 1734 2763 tamen
1757 2709 2009 2763 libertate

433 2806 551 2860 illos
582 2805 737 2875 plena
769 2805 979 2858 donans
1016 2817 1029 2853 :
1063 2802 1159 2855 sed
1193 2815 1224 2855 e
1257 2816 1351 2854 sua
1386 2807 1655 2870 potestate
1683 2800 1737 2852 in
1774 2798 1866 2864 jus
1907 2799 2010 2852 im-

431 2898 701 2969 peratoris
745 2894 1098 2958 transferens,
1128 2893 1473 2947 deducendos
1513 2896 1577 2945 ad
1609 2892 1780 2960 ipsum
1829 2891 2011 2945 Panu-

430 2991 646 3048 comitm
678 2988 869 3052 tradit,
895 2985 1141 3057 pecuniis
1167 2999 1285 3054 quae
1319 2981 1689 3037 oﬂ‘erebantur
1723 2982 1881 3051 plane
1923 2998 2008 3036 re-

432 3084 633 3139 cusatis
669 3100 682 3137 :
719 3082 833 3135 sive
881 3078 1022 3148 quod
1062 3078 1306 3132 minores
1341 3089 1434 3129 eas
1471 3075 1694 3128 duceret
1740 3088 1904 3142 quam
1951 3083 2010 3127 ut

2114 1981 2361 2052 κόμητας
2382 1979 2497 2033 τῶν
2536 1979 2776 2049 δεσμῶν,
2823 1979 3010 2048 ἐξάγει
3057 1980 3114 2034 δὲ
3155 1979 3258 2049 τῆς
3314 1982 3579 2051 φρουρᾶς.
3620 1982 3697 2034 Ού

2115 2071 2300 2141 μέντοι
2335 2086 2397 2137 γε
2435 2069 2715 2133 παν-ελῶς
2745 2069 3062 2139 ἐλευθερίας
3111 2069 3313 2132 αὐτοὺς
3364 2070 3526 2137 ἀξιοῖ,
3563 2071 3700 2125 ἀλλὰ

2111 2165 2190 2236 τῷ
2221 2164 2626 2235 Πανουκωμίτῃ
2695 2164 3056 2236 παραδίδωσι,
3098 2164 3237 2235 πρὸς
3297 2164 3390 2217 τὸν
3432 2164 3701 2235 αὐτοκράο

2112 2274 2248 2329 τορα
2275 2257 2502 2320 τούτους
2533 2256 2953 2321 ἐξαποστείλας,
3000 2255 3293 2326 μηὸοτιοῦν
3316 2257 3424 2309 τῶν
3449 2257 3701 2309 ἀποσταο

2109 2349 2311 2403 λὲντων
2335 2350 2640 2421 χρημάτων
2677 2349 3107 2419 ἁναλαϐὀμενος,
3133 2349 3243 2403 εἴτε
3268 2347 3323 2400 δὲ
3353 2348 3428 2410 ὡς
3460 2347 3536 2417 μὴ
3566 2348 3701 2399 ἀπ)-

2111 2441 2368 2511 χρώντων
2399 2441 2538 2512 πρὸς
2564 2440 2837 2493 τοσούτων
2886 2438 3104 2508 λύτρον,
3173 2439 3283 2491 εἴτε
3312 2436 3404 2492 καὶ
3458 2438 3701 2509 δωρολη-

2112 2531 2243 2600 ψίας
2272 2532 2563 2600 ὲκφεύγων
2593 2531 2876 2593 ὑπόνοιαν,
2912 2533 3007 2583 καὶ
3034 2529 3110 2591 ὡς
3145 2530 3220 2599 μὴ
3245 2530 3491 2598 φαίνοιτο
3531 2530 3702 2599 τιμῑς

2112 2624 2339 2686 τούτους
2378 2622 2790 2692 ἀποδιδόμενος,
2851 2622 2988 2676 ἀλλά
3052 2622 3306 2690 καθαρὰν
3376 2621 3478 2690 τὴν
3536 2623 3701 2691 χάριν

2114 2714 2407 2783 ἀπονέμων
2435 2713 2513 2782 τῷ
2550 2712 2765 2782 βασιλεῖ
2789 2714 2882 2765 καὶ
2904 2710 3224 2781 ἀκίϐδηλον,
3262 2711 3373 2764 εἴτε
3399 2711 3497 2765 καὶ
3545 2711 3702 2763 πλει-

2112 2804 2249 2857 όνων
2280 2805 2591 2873 ἐφιέμενος,
2625 2803 2761 2867 Θεὸς
2792 2805 2858 2857 ἂν
2890 2804 3081 2871 είδείη.
3109 2803 3346 2867 Τούτους
3370 2806 3398 2857 ὁ
3447 2802 3698 2873 βασιλεὺς

2114 2896 2520 2961 καταλαϐόντας
2558 2896 2893 2967 θεασάμενος
2925 2896 3285 2968 ὑπερηγάσθη
3337 2896 3434 2967 μὲν
3466 2896 3565 2967 τὴν
3601 2895 3700 2948 τοῦ

2115 2990 2396 3062 βαρϐάρου
2428 2988 2658 3061 γνώμην
2697 2990 2795 3043 καὶ
2845 2989 3220 3060 τεθαύμακεν.
3270 2988 3582 3052 Ἐπιπόνως
3640 2987 3702 3042 δὲ

2113 3083 2340 3149 τούτους
2417 3084 2550 3153 περὶ
2609 3082 2719 3136 τῶν
2767 3082 3199 3153 συμϐεϐηκότων
3248 3082 3436 3145 αὐτοῖς
3486 3082 3703 3151 ἐπερω-

434 3178 486 3230 iu
516 3175 744 3244 pretium
781 3181 857 3225 tot
890 3170 1183 3236 taliumque
1213 3168 1451 3235 capitum
1490 3178 1708 3234 possent
1736 3164 2004 3230 sume-ere;

2112 3176 2317 3247 τήσαςο
2343 3174 2438 3228 καὶ
2466 3173 2804 3246 μεμαθηκὼς
2856 3176 3005 3237 ὅπως
3041 3176 3135 3227 ἐπὶ
3186 3174 3446 3227 τοσοῦτον
3508 3173 3704 3243 χρόνον

435 3269 550 3321 sive
582 3264 725 3335 quod
759 3263 999 3316 avaritiae
1031 3260 1395 3329 suspicionem
1425 3254 1637 3328 fugeret
1665 3274 1680 3324 ;
1711 3260 1825 3313 sive
1853 3258 2009 3313 deui-

430 3373 538 3428 que
564 3357 706 3427 quod
746 3362 912 3408 totam
941 3366 1055 3406 rem
1086 3351 1340 3421 imputari
1372 3350 1439 3403 ab
1469 3350 1795 3419 imperatore
1824 3349 2011 3405 solidre

431 3450 639 3521 gratiae,
664 3457 719 3502 et
745 3445 1016 3502 reddendo
1045 3446 1145 3513 ipsi
1179 3443 1469 3514 aliquando
1505 3458 1624 3498 cum
1654 3459 1817 3499 usura
1846 3442 2009 3514 35.7

430 3540 716 3606 beneﬁcio,
747 3539 992 3594 studeret
1023 3553 1038 3590 :
1073 3551 1302 3605 quarunt
1331 3535 1718 3606 cogitationum
1751 3551 1873 3606 qua:
1917 3551 2007 3604 po-

434 3635 701 3689 tissimum
735 3631 877 3700 apud
906 3630 1133 3684 Barbari
1167 3627 1407 3682 animum
1446 3628 1812 3696 prrcvaluerit,
1871 3628 2012 3682 Deus

430 3724 640 3782 scilicet
676 3723 845 3778 novit.
868 3720 997 3777 Utut
1024 3721 1092 3774 sit
1117 3720 1374 3775 deductos
1401 3719 1468 3772 ad
1500 3734 1560 3773 se
1590 3719 1835 3788 captivos
1862 3719 2013 3788 prius

433 3816 662 3873 comites
720 3815 1014 3882 imperator
1078 3826 1327 3876 cernens,
1392 3809 1716 3864 facilitatem
1774 3808 2008 3865 inﬁdelis

435 3925 456 3979 τ
503 3908 696 3976 incipis
727 3915 782 3959 et
806 3902 963 3957 valde
997 3902 1300 3957 admiratus
1325 3912 1431 3966 est,
1476 3910 1528 3955 et
1562 3902 1613 3954 in
1645 3901 1776 3955 lucri
1824 3917 1887 3955 ac
1919 3904 2013 3957 be-

437 3998 613 4054 neticii
644 3995 865 4050 rnaximi
888 4004 1047 4062 parte
1074 3992 1404 4046 numeravit.
1429 3990 1599 4046 Porro
1622 3992 1765 4060 ipsos
1791 3992 2015 4047 miseros

434 4089 583 4146 omni
614 4087 926 4155 complexus
967 4083 1274 4148 cltaritate,
1328 4081 1532 4136 nullum
1583 4083 1743 4137 tinem
1785 4098 2014 4150 pcreono

437 4181 582 4237 tandi
626 4178 863 4233 faciebat
916 4174 1281 4244 audiendique
1331 4174 1397 4227 de
1442 4189 1644 4243 nupera
1697 4172 2015 4230 infelicitate

432 4276 670 4344 ipsorum
699 4286 713 4323 :
752 4279 913 4337 atque
944 4265 1017 4320 illi
1058 4281 1180 4320 cum
1223 4272 1507 4319 narrarent
1540 4280 1660 4320 sese
1687 4274 1835 4319 tanto
1866 4276 2006 4320 tem-

431 4378 585 4435 pore,
617 4370 805 4430 totque
835 4357 1066 4413 evolutis
1098 4356 1342 4426 periodis
1370 4355 1626 4411 solarium
1682 4357 1895 4411 orbium
1942 4372 2008 4412 ex

431 4472 540 4528 quo
568 4456 620 4510 in
650 4467 924 4509 carcerem
961 4450 1163 4504 detrusi
1195 4447 1429 4512 fuerant,
1473 4449 1640 4503 solem
1687 4450 1890 4504 vidisse
1936 4465 2004 4504 ne

426 4546 596 4602 semel
625 4545 864 4613 quidem,
897 4557 961 4595 ac
1003 4554 1180 4610 neque
1226 4541 1292 4593 ad
1347 4551 1679 4594 momentum
1741 4541 2010 4594 reiaxatos

431 4653 553 4693 esse
579 4653 609 4690 a
640 4635 893 4698 vinculis,
934 4634 1030 4688 sed
1071 4647 1173 4686 nec
1204 4630 1367 4685 alium
1414 4632 1639 4685 omnino
1686 4647 2011 4701 quemquam

433 4742 678 4800 gustasse
704 4727 883 4781 cibum
919 4734 1012 4778 aut
1052 4733 1237 4793 potum
1283 4738 1446 4792 quam
1479 4737 1673 4792 panem
1719 4731 1774 4776 et
1817 4739 2011 4793 aquam

436 4837 659 4881 uterum,
687 4814 1106 4886 colliquescebat
1151 4813 1453 4868 calentibus
1493 4814 1747 4882 lacrymis
1790 4816 1910 4883 pius
1960 4827 2014 4871 et

2118 3267 2213 3321 καὶ
2275 3266 2548 3320 τοσούτων
2596 3265 2816 3319 κύκλων
2850 3266 3135 3336 περιόδους
3189 3264 3493 3336 ἔμφρουροι
3547 3264 3704 3327 ὄντες

2116 3360 2241 3413 οὐδὲ
2305 3358 2454 3424 ἅπαξ
2508 3358 2668 3429 ἥλιον
2731 3357 3071 3423 ἐθεάσαντο,
3134 3358 3255 3411 οὐδὲ
3308 3357 3418 3410 τῶν
3479 3355 3703 3424 δεσμῶν

2117 3453 2408 3523 ἐλύθησαν,
2476 3450 2611 3505 ἀλλά
2663 3452 2758 3508 καὶ
2818 3450 3033 3520 τροφῶν
3113 3449 3387 3503 παντοίων
3446 3447 3703 3515 ἄγευστοι

2114 3547 2175 3598 τὸ
2227 3546 2491 3616 παράπαν
2550 3544 2644 3598 ἐπὶ
2688 3541 2948 3597 τοσοῦτον
3015 3541 3541 3611 διαμεμενήκεσαν,
3607 3538 3679 3608 μὸ

2115 3655 2206 3691 νου
2253 3639 2417 3707 ἄρτου
2458 3638 2554 3690 καὶ
2595 3635 2789 3697 ὓδατος
2847 3628 3384 3705 μεταλαμϐάνοντες,
3418 3629 3700 3700 οἰκτείρας

2117 3727 2213 3779 τοῦ
2249 3727 2457 3789 πάθους
2480 3726 2578 3780 καὶ
2612 3725 2821 3797 θερμὸν
2842 3722 3196 3788 καταστάξας
3225 3724 3467 3793 δάκρυον
3496 3720 3698 3791 πολλῆς

2121 3816 2471 3886 παραχρῆμα
2499 3814 2655 3883 ἠξίου
2683 3812 3116 3884 φιλοφροσύνης,
3151 3815 3421 3884 χρήματα
3455 3830 3516 3866 τε
3574 3814 3699 3865 ὲπι-

2117 3907 2241 3968 δοὺς
2271 3888 2367 3959 καὶ
2395 3904 2579 3975 άμφια
2632 3907 2867 3958 παντοῖα
2923 3905 3266 3974 παρασχώνο
3311 3906 3392 3966 είς
3434 3903 3701 3975 βαλανεῖά

2118 4012 2184 4047 τε
2218 3994 2663 4065 προτρεπόμενος
2685 3994 2779 4047 καὶ
2801 3994 3073 4058 παντοίως
3098 3994 3199 4063 τῆς
3232 3993 3507 4065 τοσαύτης
3536 3993 3705 4048 κακό-

2118 4104 2279 4159 τητος
2310 4087 2726 4157 ἀνακτήσασθαι
2756 4085 2981 4149 τούτους
3026 4084 3449 4157 μηχανώμενος.
3514 4086 3579 4138 Οἱ
3641 4084 3704 4138 δὲ

2118 4181 2337 4251 ἔχαιρον
2377 4180 2460 4248 ἐφ’
2482 4175 2564 4242 οἷς
2604 4179 2759 4249 παρὰ
2788 4177 2883 4232 τοῦ
2908 4179 3318 4251 αὐτοκράτορος
3377 4173 3437 4230 εὗ
3492 4176 3703 4229 πεπόν-

2118 4275 2275 4328 θασιν
2300 4275 2351 4327 οἱ
2414 4274 2542 4345 πρὶν
2589 4273 2776 4343 ἐχθροὶ
2822 4273 2918 4325 καὶ
2962 4271 3248 4341 πολέμιοι,
3306 4269 3704 4340 οίπαραεάτσι

2117 4367 2226 4420 τῶν
2263 4367 2397 4436 πρὸς
2424 4365 2587 4420 αὑτὸν
2615 4364 2819 4435 ὁρκίων
2858 4363 2953 4416 καὶ
2982 4362 3333 4432 ὑποσχέσεων
3363 4360 3464 4429 τὴν
3491 4358 3702 4415 τοσαύ-

2116 4474 2217 4529 την
2262 4460 2319 4522 ὲς
2367 4458 2569 4519 αὐτοὺς
2624 4455 3026 4517 κατανοοῦντες
3083 4452 3466 4518 ἀνεξικακίαν.
3522 4450 3583 4504 Ὀ
3639 4452 3703 4504 δὲ

2120 4547 2244 4617 μεθ’
2270 4547 2487 4619 ἡμέρας
2522 4546 3025 4616 μεταπεμψάμενος
3046 4541 3268 4605 τούτους
3300 4542 3429 4614 ἔφη·
3467 4542 3705 4597 Ἀδειαν

2115 4638 2266 4707 ὑμῖν
2289 4639 2396 4692 τοῦ
2435 4635 2659 4691 λοιποῦ
2695 4635 2906 4705 δίδωμι
2952 4635 3053 4687 ἵνα
3099 4634 3337 4686 ὁπόσον
3387 4633 3703 4697 βούλεσθε

2113 4727 2268 4780 κατὰ
2324 4727 2552 4793 ταύτην
2608 4724 2724 4793 τὴν
2789 4723 2977 4777 πόλιν
3039 4722 3527 4792 ἐγκαρτερήσητε
3568 4722 3700 4793 μεθ’

2112 4819 2303 4890 ἡμῶν.
2376 4819 2675 4887 Ὀπηνίκα
2730 4817 2799 4871 δέ
2850 4834 2941 4881 τις
2989 4814 3111 4868 τῶν
3159 4817 3401 4869 οἰκείων
3450 4817 3703 4886 ἐπιμνη-

437 4918 708 4968 ltutnanus
737 4910 1019 4976 princeps;
1061 4915 1117 4961 et
1163 4922 1271 4959 non
1316 4906 1500 4976 utique
1526 4908 1698 4962 otiosa
1733 4908 2007 4977 signiﬁca-

2112 4913 2284 4977 σθεὶς
2341 4911 2625 4978 ἐθελήσω
2667 4908 3021 4978 ἀναχωρεῖν,
3085 4909 3407 4975 ἀκωλύτως
3465 4909 3703 4976 καὶτῆς

436 5009 582 5060 tione
631 4999 1014 5056 misericordia:
1060 5013 1120 5053 se
1172 4998 1487 5052 defunctum
1550 5008 1722 5066 ratus,
1780 5000 2010 5072 insuper

429 5099 578 5153 omni
604 5094 912 5164 oggerenda
949 5092 1102 5160 copia
1133 5100 1560 5159 opportunarum
1602 5106 1812 5158 rerum,
1849 5109 2012 5165 pecu-

436 5193 667 5253 niarum,
700 5184 967 5244 ciborum,
1003 5183 1257 5244 vestium,
1306 5180 1623 5237 balnearum
1667 5186 1797 5254 quin
1843 5187 2006 5241 etiam

432 5294 486 5333 et
520 5273 857 5332 remissionis
899 5284 1110 5325 cmterte
1134 5307 1151 5333 ,
1189 5270 1502 5342 abstergere
1550 5273 1657 5327 illis
1690 5276 2007 5330 memoriam

430 5367 666 5423 ttiS'ilitB
696 5363 914 5433 prioris,
940 5371 994 5415 et
1027 5359 1301 5415 fortunam
1333 5361 1611 5417 meliorem
1645 5363 1817 5432 plenis
1850 5367 2012 5423 totius

431 5453 781 5528 benignitatis
810 5452 1001 5511 oﬂiciis
1023 5452 1315 5525 propinare
1350 5453 1654 5523 satagebat,
1687 5458 2011 5514 mirantibus

432 5552 548 5605 sine
575 5552 678 5601 tine
716 5543 867 5613 ipsis,
899 5558 963 5597 ac
993 5556 1268 5611 nunquam
1288 5543 1422 5598 satis
1448 5547 1725 5611 suspicere
1748 5551 2003 5619 praedica-

2114 5008 2262 5074 πρὸς
2297 5005 2369 5059 τὰ
2399 5004 2555 5058 οἴκοι
2615 5003 2924 5072 φερούσης
2964 5001 3185 5071 ἅψαιτο
3240 5000 3701 5068 συνταξάμενος

2114 5098 2278 5167 ἡμῖν,
2334 5097 2431 5149 καὶ
2488 5094 2643 5148 οὕτω
2702 5093 2801 5148 δίὰ
2854 5095 3177 5164 χρημάτων
3235 5093 3333 5147 καὶ
3401 5089 3688 5153 παντοίας

2115 5186 2312 5253 ἄλλης
2340 5185 2687 5253 οἰκονομίας
2712 5182 3096 5252 ἐφοδιασθεὶς
3148 5180 3349 5247 καλῶς
3397 5180 3694 5244 ὃιευθετη-

2116 5278 2267 5345 θείη.
2293 5277 2402 5330 Καὶ
2428 5275 2636 5342 ἁπλῶς
2665 5278 2761 5329 καὶ
2790 5275 3067 5346 παρεῖναι
3087 5276 3186 5329 καί
3213 5274 3453 5329 ἀπεῖναι
3480 5269 3694 5323 ἄδειαν

2119 5371 2283 5438 ἔχειν
2348 5367 2506 5436 ὑμᾶς
2557 5370 2880 5439 βούλομαι,
2947 5369 3047 5423 καί
3114 5367 3183 5421 τὸ
3235 5362 3548 5432 βουλητὸν
3612 5364 3694 5431 ὠς

2120 5461 2479 5528 ἐλευθέρους
2515 5463 2664 5515 κατὰ
2688 5460 2803 5528 τὴν
2825 5460 3057 5514 οικείαν
3086 5458 3332 5530 γνώμην
3386 5455 3693 5525 πράττειν.

2120 5550 2300 5607 Ἦσαν
2333 5552 2434 5624 μὲν
2461 5551 2552 5607 οὖν
2580 5552 2720 5618 τέως
2749 5554 2800 5606 οι
2834 5552 3076 5623 κόμητες
3109 5549 3252 5621 μετὰ
3283 5550 3375 5606 τοῦ
3424 5550 3699 5625 αύτοκρά·

1511 5707 1713 5770 Varia;
1738 5708 2044 5775 lectiones
2074 5730 2151 5776 ex
2195 5711 2339 5775 cod.
2363 5711 2615 5773 Coislin.

511 5838 556 5871 ³⁸
584 5840 1020 5910 Πανουκομίτην.
1062 5838 1152 5896 Sic
1185 5853 1423 5911 semper.
