4088 6406
391 364 502 428 889

1665 366 2077 427 ALEXIADIS
2120 369 2266 429 LIB.
2299 368 2437 430 ΧΠ.

3546 369 3652 433 890

390 497 556 549 νομα.
625 477 772 531 Ἀλλ’
828 477 1017 545 ἐπειδὴ
1071 476 1139 530 τὰ
1194 478 1293 547 μὲν
1324 479 1423 548 τῆς
1478 478 1802 548 συμπλοκῆς
1859 482 1969 533 τῶν

2149 482 2251 547 Qui
2286 482 2499 534 rabidos
2526 490 2725 534 sauch
2753 479 2930 533 dentes
2963 480 3163 533 illidere
3191 480 3371 549 facta),

392 569 697 640 Βαρϐάρων
743 568 961 635 ἔμελλε,
1027 569 1164 638 πρὸς
1206 569 1261 621 δὲ
1309 570 1666 640 παρασκευὴν
1724 572 1832 623 τῶν
1871 572 1972 639 τῆς

397 659 723 728 συμπλοκῆς
763 661 790 711 ὁ
820 658 1076 729 βασιλεὺς
1097 659 1344 729 ἀφεώρα,
1376 661 1471 712 καὶ
1509 661 1577 713 τὰ
1616 663 1714 731 μὲν
1742 663 1974 730 ἀσφαλί-

393 750 593 805 σασθαι
618 749 730 801 τῶν
768 750 1052 818 φρουρίων
1079 751 1281 803 σκοπὸν
1308 746 1444 821 εἶχε,
1483 749 1551 805 τὰ
1571 752 1628 804 δὲ
1657 754 1973 822 κατοχυρῶ-

392 860 506 907 σαι,
530 842 626 894 καὶ⁵
659 841 795 904 ὅλως
824 840 989 893 εῠοξα
1018 841 1199 894 πάντα
1228 843 1294 894 τὰ
1326 844 1467 894 κατὰ
1501 843 1594 895 τοῦ
1632 844 1972 911 Βαῖμούντου

392 932 845 1001 καταστήσασθαι
873 931 1122 997 ἔσπευδε,
1144 934 1550 1004 συνεξυπήγετο
1568 935 1665 987 καὶ
1688 936 1788 1006 τὴν
1811 935 1971 1005 βασι·-

389 1024 422 1076 λ
448 1024 513 1076 δα
544 1023 606 1074 το
650 1023 752 1092 μὲν
782 1040 863 1075 τοι
893 1024 986 1075 καὶ
1017 1023 1213 1077 ἑαυτοῦ
1241 1024 1427 1088 ἓνεκα,
1459 1027 1554 1078 καὶ
1583 1026 1650 1079 δι’
1679 1025 1743 1088 ἃς
1793 1026 1972 1089 αἰτίας

388 1118 734 1184 εἰρήκειμεν,
781 1116 842 1166 τὸ
861 1116 917 1168 δέ
953 1132 1004 1169 τι
1051 1118 1145 1168 καὶ
1176 1119 1232 1166 ἐν
1273 1117 1317 1148 ⁸⁸
1361 1118 1627 1187 ἀκινδύνῳ
1678 1118 1788 1171 τῶν
1828 1136 1974 1188 πρα-

389 1208 618 1277 γμάτων
653 1208 732 1259 ἔτι
758 1208 1173 1277 καθεστηκότων
1196 1212 1290 1261 καὶ
1323 1211 1489 1278 μήπω
1513 1211 1703 1279 καιροῦ
1731 1211 1856 1262 πολέ
1868 1226 1972 1279 μου

386 1298 876 1367 δπιδεδημηκότος.
934 1298 1341 1368 ’Λναλαόομένη
1405 1300 1585 1351 τοίνυν
1636 1300 1837 1352 ὁπόσον
1888 1299 1975 1351 διὰ

385 1389 596 1459 κρυςοῦ
652 1393 744 1444 καὶ
802 1390 973 1459 ἄλλης
1028 1392 1311 1461 ποιότητος
1375 1396 1587 1463 προσῆν
1654 1394 1794 1462 αὐτῇ
1878 1391 1974 1461 χὼ

386 1499 579 1551 ραγμα
639 1482 735 1535 καὶ
794 1482 963 1550 ἕτερά
1018 1499 1140 1535 τινα
1175 1484 1279 1535 τῶν
1314 1485 1615 1555 χρημάτων
1657 1484 1826 1547 ἔξεισι
1873 1485 1972 1552 τῆς

388 1574 622 1635 πόλεως,
660 1572 755 1625 καὶ
792 1573 887 1625 τοῦ
940 1575 1131 1626 λοιποῦ
1190 1578 1248 1627 ὲν
1280 1576 1354 1640 τῷ
1413 1574 1611 1628 διιέναι
1670 1579 1767 1639 τὰς
1821 1576 1974 1639 ὀδοὺς

392 1668 533 1718 πᾶσι
589 1667 705 1728 τοῖς
758 1668 1014 1729 ὲπαίταις
1080 1669 1173 1720 καὶ
1237 1671 1348 1728 τοῖς
1408 1669 1815 1739 σισυροφόροις,
1876 1670 1972 1722 καὶ

389 1760 625 1826 γυμνοῖς
655 1756 856 1826 δαψιλῆ
927 1761 1025 1826 τὴν
1066 1761 1224 1828 χεῖρα
1273 1762 1523 1828 παρεῖχε.
1582 1762 1691 1811 Καὶ
1735 1761 1909 1823 οὐδεὶς
1943 1763 1971 1813 ὁ

387 1850 763 1918 αἰτησάμενος
818 1852 914 1903 καὶ
972 1853 1127 1912 κενοὺς
1186 1852 1460 1909 ἀπελθών,

384 1944 409 1993 ἑ
424 1941 827 2012 πιτεταγμένην
849 1942 1055 2013 σκηνὴν
1088 1946 1432 2017 κατειλήφει.
1455 1945 1515 1997 ού
1534 1946 1667 2015 πρὸς
1691 1944 1973 2016 ῥᾳστώνην

386 2033 552 2095 εὐθὺς
578 2033 870 2087 ἀπέκλινεν
901 2034 1033 2086 εἴσω
1066 2035 1270 2104 ταύτης
1302 2038 1580 2105 γεγονυῖα,
1609 2036 1747 2089 ἀλλὰ
1772 2038 1975 2089 ἀναπε-

384 2125 625 2179 ταννῦσα
669 2127 895 2197 ταύτην,
968 2127 1160 2182 ἄνετον
1202 2132 1314 2191 τοῖς
1351 2130 1563 2183 αἰτοῦσι
1605 2132 1843 2200 παρεῖχε
1873 2129 1973 2199 τὴν

382 2219 595 2272 εἴσοδον
616 2237 628 2249 ·
662 2223 773 2284 τοῖς
850 2220 1116 2283 τοιούτοις
1150 2221 1259 2293 γὰρ
1289 2224 1384 2276 καὶ
1443 2223 1593 2293 μάλα
1650 2224 1974 2293 εὐπρόσιτος

379 2309 452 2380 ἦν
486 2312 580 2364 καὶ
615 2314 879 2381 παρεῖχεν
925 2314 1131 2382 ἑαυτὴν
1170 2314 1405 2384 ὁρᾶσθαί
1431 2332 1489 2366 τε
1528 2314 1622 2367 καὶ
1651 2312 1971 2367 ἀκούεσθαι.

386 2404 797 2474 (“)ύ.χρημάτων
817 2404 873 2456 δὲ
906 2404 1187 2473 μετεδίδου
1233 2409 1346 2468 τοῖς
1383 2406 1581 2474 πένησι
1615 2405 1799 2475 μόνον,
1832 2404 1973 2457 ἀλλὰ

384 2498 484 2547 καὶ
510 2496 578 2545 τὰ
613 2492 790 2563 λῴονα
824 2494 1217 2549 συνεϐούλευε·
1260 2499 1355 2549 καὶ
1390 2497 1629 2559 ὁπόσους
1658 2498 1757 2565 μὲν
1795 2497 1972 2568 εὑρώ-

384 2604 547 2648 στους
603 2588 669 2640 τὰ
729 2588 960 2658 σώματα
1015 2590 1287 2657 κατενόει,
1322 2591 1582 2662 ῥᾳθύμως
1625 2592 1681 2644 δὲ
1715 2593 1843 2659 περὶ
1878 2592 1972 2645 τὸν

381 2680 502 2747 βίον
532 2679 774 2747 ἔχοντας,
794 2681 928 2751 πρὸς
954 2681 1091 2749 ἔργα
1121 2683 1216 2734 καὶ
1237 2681 1462 2753 πράξεις
1484 2683 1883 2754 προύτρέπετο.
1906 2683 1972 2737 ἵν’

377 2766 630 2818 ἐντεῦθεν
669 2768 735 2819 τὰ
768 2770 902 2836 πρὸς
939 2771 1130 2840 χρείαν
1163 2772 1497 2840 κομίζοιντο,
1531 2774 1627 2826 καὶ
1660 2774 1733 2844 μὴ
1780 2773 1850 2826 δι’
1907 2775 1973 2827 ἀ-

380 2858 603 2924 μέλειαν
645 2859 819 2911 ἁναπε
831 2861 1110 2924 πτωχότας
1132 2862 1303 2931 Θύραν
1338 2866 1400 2914 ὲκ
1418 2863 1587 2934 θύρας
1613 2866 1972 2929 ἐπαιτοῦντας

384 2964 453 2997 πε
469 2952 752 3015 ρινοετείν.
776 2951 980 3020 Καιρὺς
1006 2952 1063 3004 δὲ
1092 2953 1273 3016 οὐδεὶς
1298 2954 1395 3022 τῆς
1418 2956 1682 3026 τοιαύτης
1705 2958 1974 3029 ἐργασίας

376 3042 611 3108 ἀπεῖργε
641 3044 740 3113 τὴν
764 3044 1035 3111 βασιλίδα.
1071 3046 1128 3098 '0
1152 3047 1251 3116 μὲν
1276 3043 1369 3101 οὖν
1393 3048 1560 3103 Δαυῒδ
1595 3052 1745 3118 μετὰ
1778 3056 1966 3105 κλαυ-

378 3132 533 3198 θμοῦ
574 3133 642 3185 τὸ
694 3137 853 3204 πόμα
896 3136 1121 3206 κιρινῶν
1180 3140 1494 3207 φαίνεται·
1536 3142 1570 3211 ἡ
1637 3141 1692 3193 δέ
1744 3158 1805 3209 γε
1868 3141 1963 3211 βα-

378 3226 515 3285 cali;
571 3224 708 3297 αὕτη
770 3232 861 3283 καὶ
899 3232 1105 3302 τροφὴν
1152 3234 1247 3285 καὶ
1279 3233 1441 3287 ποτὸν
1487 3234 1623 3303 ἐλέῳ
1657 3251 1963 3303 συγκεραν-

374 3314 512 3367 vin
552 3320 669 3369 καθ’
732 3320 967 3389 ἑκάστην
996 3322 1297 3376 ὲδεῖκνυτο.
1334 3324 1446 3376 Καὶ
1498 3323 1667 3378 πολλὰ
1702 3323 1768 3379 ἂν
1821 3321 1968 3395 εἶχον

373 3408 551 3461 είπείν
577 3412 706 3477 περὶ
724 3410 927 3477 ταύτης
955 3412 1055 3477 τῆς
1078 3413 1371 3482 βασιλίδος,
1391 3416 1439 3466 εί
1470 3416 1545 3486 μὴ
1590 3417 1651 3467 τὸ
1674 3415 1965 3486 θυγάτριον

379 3493 522 3550 εἶναι
572 3500 805 3570 ψεύδους
873 3507 1136 3575 παρεῖχεν
1194 3506 1479 3569 ὑπόνοιαν,
1524 3507 1619 3560 καὶ
1667 3507 1749 3560 ὃτι
1795 3508 1962 3576 μητρὶ

378 3588 744 3659 χαριζόμεθα.
777 3593 917 3660 Πρὸς
959 3595 1015 3648 δὲ
1041 3597 1168 3660 τοὺς
1206 3595 1381 3650 ταῦτα
1411 3597 1771 3661 ὑπονοοῦντας
1810 3615 1943 3667 παρ·

375 3680 569 3750 ἀξομαι
588 3687 697 3747 τοῖς
725 3685 900 3754 λόγοις
921 3688 1502 3758 συνεπιμαρτυροῦντα
1525 3689 1591 3741 τὰ
1619 3690 1944 3759 πράγματα.

2148 575 2212 628 Et
2248 573 2513 627 maculam
2539 574 2685 639 puris
2714 573 2954 642 aﬁingere
2985 571 3216 624 moribus
3249 574 3456 628 ardent.

2074 666 2244 732 Quale
2276 664 2495 719 Homeri
2529 664 2677 719 Musa
2701 704 2714 726 ,
2756 666 3000 734 apprime
3030 673 3198 731 perita
3237 663 3654 719 consuetudinis

2076 760 2325 813 humana:
2365 758 2635 827 ingenium
2682 772 2801 811 esse
2866 756 3259 823 plurimorum,
3310 757 3529 811 cecinit.
3577 754 3655 812 Ne

2076 851 2240 917 igitur
2310 844 2792 902 comminiscantnr
2850 862 2984 901 neve
3042 846 3445 903 calumnientur
3507 848 3652 903 aliud

2076 940 2384 1008 suspicaces
2433 948 2489 992 et
2538 937 2788 991 maledici
2821 937 3069 991 homines
3102 936 3169 991 de
3200 939 3381 992 causis
3411 952 3655 993 commo-

2079 1032 2305 1086 rationis
2350 1046 2482 1083 mea:
2517 1029 2705 1082 matris
2753 1030 2805 1082 in
2858 1030 3055 1083 castris
3088 1039 3144 1085 et
3177 1030 3388 1085 itineris
3428 1030 3550 1102 ejus
3590 1045 3655 1085 ac

2075 1122 2424 1195 profectionis
2481 1135 2585 1188 qua
2648 1135 2707 1173 se
2769 1121 3020 1174 comitem
3075 1121 3437 1189 expeditionis
3490 1121 3649 1177 istius

2077 1228 2239 1281 quam
2274 1212 2431 1263 modo
2467 1211 2799 1277 descriptum
2836 1211 2975 1264 imus
3025 1227 3053 1264 a
3097 1222 3249 1279 patre
3294 1226 3416 1266 meo
3462 1213 3657 1267 adver-

2076 1318 2167 1356 sus
2196 1299 2549 1353 Baimundum
2583 1310 2864 1368 susceptaz,
2916 1299 3061 1355 dedit
3094 1302 3289 1370 partim
3324 1302 3492 1356 invita
3526 1317 3652 1372 par-

2078 1394 2173 1446 tim
2210 1391 2416 1456 volens,
2452 1402 2674 1461 pmptcr
2707 1392 3013 1446 contrarias
3061 1393 3220 1447 modo
3253 1407 3651 1451 commemora-

2080 1495 2160 1538 tas
2187 1484 2468 1553 utriusque
2500 1481 2658 1537 oﬂicii
2697 1483 3017 1551 consiliique
3056 1484 3312 1539 rationes.
3350 1482 3465 1538 Non
3509 1485 3651 1539 enim

2078 1580 2263 1647 utique
2316 1592 2426 1631 rem
2485 1587 2701 1647 gestura
2740 1592 2901 1629 mauu
2963 1578 3209 1631 cominus
3262 1585 3315 1631 et
3348 1577 3653 1645 praeliatura

2078 1685 2199 1723 cum
2232 1668 2485 1722 Barbaris
2534 1667 2802 1736 processit
2836 1685 2848 1721 :
2885 1665 3191 1737 Tomyridis
3241 1668 3294 1721 id
3342 1666 3524 1728 interit,
3561 1676 3655 1719 aut

2080 1761 2389 1830 Sparethra:
2445 1759 2855 1829 Massagetidis,
2908 1774 3011 1813 non
3057 1757 3240 1814 lrenes
3278 1774 3449 1835 meae;
3500 1756 3655 1811 fortis

1542 1854 1712 1907 Ἑπὰν
1771 1854 1828 1907 ἑὲ
1873 1854 1969 1922 τὴν

2078 1852 2221 1905 illius
2279 1850 2495 1918 quidem
2545 1858 2600 1903 et
2633 1850 2868 1917 praedita:
2902 1849 3088 1903 animo
3140 1848 3302 1913 virili,
3355 1849 3447 1903 sed
3490 1848 3657 1902 robur

2078 1939 2218 1993 istud
2252 1954 2409 1991 suum
2452 1937 2519 1991 ad
2547 1937 2648 1991 alia
2683 1938 2838 2007 longe
2872 1937 3111 1992 facinora
3147 1938 3447 2003 vertentis;
3477 1937 3552 1991 uti
3598 1948 3653 1993 et

2084 2032 2255 2085 armis
2300 2031 2564 2085 instructa
2597 2039 2712 2083 erat
2756 2029 2911 2100 longe
2940 2029 3063 2084 aliis
3094 2045 3257 2098 quam
3292 2030 3445 2084 hasta
3478 2030 3652 2084 Palla-

2076 2124 2277 2194 dis.aut
2305 2122 2453 2192 galea
2492 2121 2755 2176 Plutonis.
2789 2120 2981 2175 Parma
3013 2120 3141 2175 huic
3173 2132 3226 2175 et
3252 2131 3463 2176 scutum
3490 2130 3543 2175 ct
3573 2131 3651 2174 te-

2076 2217 2185 2270 lum
2233 2223 2370 2277 erat.
2416 2222 2678 2269 constans
2715 2221 2903 2281 pectus
2942 2228 3216 2282 Opponere
3262 2213 3424 2267 rebus
3465 2212 3655 2265 adver-

2076 2307 2205 2363 sis:
2258 2322 2321 2360 ac
2353 2316 2538 2361 contra
2587 2305 2916 2360 rebelliones
2981 2313 3144 2374 atque
3189 2304 3417 2359 insultus
3459 2304 3656 2374 quibus

2077 2416 2246 2471 genus
2284 2401 2461 2469 ipsum
2504 2413 2771 2468 supremze
2803 2398 3085 2467 potestatis
3106 2406 3300 2450 natura
3339 2396 3570 2463 quadam
3601 2406 3653 2450 et

2078 2492 2391 2548 conditione
2434 2492 2649 2561 propria
2674 2492 2978 2560 expositum
3014 2499 3117 2553 est,
3172 2502 3386 2555 semper
3428 2487 3654 2541 interri-

2078 2596 2183 2641 tam
2215 2600 2429 2654 semper
2458 2594 2699 2654 paratam
2737 2594 2902 2637 stare.
2927 2583 3061 2636 Tum
3086 2597 3215 2637 vero
3243 2581 3403 2636 etiam
3433 2588 3654 2634 strenue

2076 2692 2196 2733 sese
2246 2693 2463 2733 versare
2506 2677 2560 2730 in
2589 2674 2763 2731 olﬁcio
2802 2675 3075 2746 fungendo
3111 2685 3164 2728 et
3209 2671 3512 2725 actionibus
3568 2671 3652 2724 sui

2077 2770 2317 2824 muneris
2345 2769 2397 2822 in
2433 2777 2673 2838 tempore
2696 2767 3007 2822 reddendis.
3042 2763 3309 2818 Praeterea
3333 2774 3653 2830 responsare

2076 2861 2485 2930 cupiditatibus,
2524 2869 2579 2914 et
2626 2858 3022 2913 contumaciam
3073 2870 3258 2909 earmn
3296 2861 3514 2906 austero
3559 2864 3649 2903 ra-

2078 2954 2242 3009 tionis
2291 2952 2518 3021 imperio
2554 2966 2825 3022 premere.
2873 2950 3113 3019 Denique
3141 2947 3300 3003 ﬁdem
3335 2954 3388 3000 et
3436 2942 3652 3011 religio-

2076 3064 2200 3103 nem
2240 3048 2305 3101 ad
2361 3045 2529 3100 Deum
2587 3060 2693 3098 non
2747 3043 2928 3098 ﬁctam
2992 3055 3167 3111 neque
3226 3035 3650 3109 perfunctoriam

2080 3140 2297 3193 habere.
2360 3138 2490 3203 Quae
2544 3135 2655 3190 fere
2714 3144 2993 3189 armatura
3040 3140 3125 3187 est
3163 3146 3270 3203 qua
3334 3129 3651 3183 instructam

2071 3231 2349 3286 mulierem
2393 3229 2585 3285 fertem
2632 3228 2889 3283 Salomon
2919 3227 3067 3281 velut
3114 3226 3166 3279 in
3197 3223 3370 3279 aciem
3401 3218 3583 3275 educit
3607 3216 3650 3269 ί.

2068 3323 2140 3376 Αι
2219 3321 2484 3392 ejusmodi
2559 3320 2696 3375 bella
2759 3328 3129 3389 comparatam
3194 3325 3251 3370 et
3312 3310 3648 3384 procinctam

2066 3415 2232 3487 355
2282 3414 2447 3469 fuisse
2478 3430 2649 3469 meam
2684 3424 2911 3468 matrem
2946 3413 3142 3466 lateor.
3169 3408 3373 3465 Caetera
3403 3403 3650 3463 moribus

2063 3507 2418 3576 quietissimis
2463 3516 2517 3559 et
2549 3506 2641 3574 qui
2675 3504 2836 3560 facile
2866 3504 3047 3559 studio
3078 3501 3339 3571 cultuque
3386 3504 3647 3570 perpetuo

2066 3598 2237 3669 pacis,
2281 3613 2439 3652 omen
2481 3597 2553 3651 illi
2591 3596 2704 3651 dati
2745 3596 2874 3651 olim
2925 3594 3160 3650 nominis
3197 3591 3503 3662 implerent.
3534 3585 3647 3641 Ne-

2058 3704 2163 3759 que
2194 3688 2325 3743 illud
2355 3687 2742 3752 omittendum,
2772 3703 2895 3743 cum
2923 3695 3077 3755 patre
3122 3698 3244 3739 meo
3263 3682 3495 3754 jubente
3521 3690 3646 3748 pro-

372 3792 560 3847 gressa
606 3779 765 3833 simul
799 3790 884 3833 est
938 3781 1004 3834 ad
1061 3781 1259 3835 bellum
1304 3798 1501 3852 parens
1541 3799 1655 3837 mea
1708 3798 2046 3852 nequaquam
2086 3784 2394 3853 opinionem
2435 3781 2612 3836 adhuc
2652 3782 2817 3836 fuisse
2857 3796 2977 3833 mox
3021 3778 3187 3833 futuri
3224 3776 3415 3848 praelii,
3458 3770 3648 3846 procul

370 3869 845 3937 siquidemadliuc
880 3871 1210 3929 Baimundus
1288 3877 1671 3942 cunctabatur,
1767 3889 1822 3932 et
1874 3878 2039 3932 lentis
2087 3878 2460 3933 tantummodo
2531 3875 2773 3931 consiliis
2828 3873 3290 3945 praemuniebatur
3352 3868 3507 3940 quasi
3562 3865 3647 3920 via

371 3965 526 4018 Marti
556 3982 899 4034 procesSuro,
941 3970 1066 4023 dum
1109 3980 1253 4025 totus
1285 3972 1499 4025 interim
1537 3984 1653 4027 erat
1705 3974 2020 4044 imperator,
2054 3975 2105 4028 in
2138 3974 2354 4029 arcibus
2402 3974 2523 4028 aliis
2596 3972 2848 4042 praesidio
2927 3971 3222 4040 imposito,
3297 3966 3418 4021 aliis
3482 3976 3644 4019 manu

372 4074 537 4130 atque
564 4080 726 4133 opere
758 4066 1056 4130 ﬁrmandis,
1146 4070 1604 4138 providendisque
1677 4072 1840 4126 rebus
1913 4074 2234 4141 ejusmodi;
2257 4072 2471 4126 caeteris
2502 4085 2622 4140 quae
2647 4070 2711 4123 ad
2750 4069 3145 4124 occurrendum
3175 4062 3453 4120 Baimundi
3484 4072 3649 4116 cona-

373 4163 519 4213 ltitils
558 4160 847 4224 aliquando
875 4162 1148 4227 erupturis
1179 4176 1388 4217 mature
1432 4165 1749 4219 adhibendae
1798 4166 2140 4219 videbantur.
2174 4168 2350 4233 Atque
2376 4166 2475 4217 hoc
2503 4163 2701 4231 ipsum,
2774 4175 2967 4229 nempe
3028 4159 3170 4227 quod
3236 4158 3402 4211 sciret
3473 4154 3647 4223 impe-

372 4263 526 4305 rator
552 4252 752 4304 nullam
782 4249 930 4315 fore,
962 4252 1065 4306 nisi
1105 4265 1227 4322 post
1253 4254 1470 4322 longum
1506 4256 1646 4310 forte
1690 4256 1952 4324 spatium,
1991 4257 2337 4309 occasionem
2369 4252 2693 4307 conserendi
2731 4252 2919 4318 praelii,
2967 4250 3183 4303 animos
3225 4247 3301 4301 illi
3375 4242 3507 4300 fecit
3575 4240 3641 4293 ad

374 4346 667 4411 timendam
718 4344 941 4399 liberius
979 4357 1199 4414 prOpter
1269 4350 1505 4403 rationes
1567 4348 1718 4416 prius
1791 4355 2137 4409 memoratas,
2214 4345 2511 4413 Augustam
2554 4356 2709 4395 suam
2746 4339 3026 4409 conjugem
3072 4347 3132 4392 ut
3174 4336 3325 4390 exire
3380 4332 3448 4386 ad
3500 4331 3642 4386 hanc

371 4434 764 4501 exneditionem
805 4449 988 4487 secum
1038 4433 1239 4487 vellet?
1311 4434 1399 4486 Illa
1450 4451 1576 4488 vero
1610 4435 1925 4489 necessitati
1968 4435 2129 4489 simul
2179 4452 2207 4487 a
2250 4436 2362 4487 viro
2408 4434 2674 4501 impositae
2720 4432 2923 4496 paruit,
3004 4427 3167 4482 simul
3254 4426 3466 4478 dilecta:
3538 4421 3640 4477 sibi

370 4523 685 4577 exercenda:
716 4520 992 4578 liberalius
1023 4524 1407 4578 misericordia:
1433 4525 1667 4593 captavit
1695 4525 2064 4578 occasionem.
2160 4522 2589 4593 Peregrinationi
2630 4524 2774 4576 enim
2818 4518 2963 4572 outni
3039 4531 3204 4586 quam
3271 4526 3379 4568 tum
3452 4512 3642 4571 habuit

368 4625 587 4685 sumpta
637 4632 823 4671 secum
866 4618 1086 4685 pecunia
1118 4617 1197 4670 vel
1239 4634 1403 4671 aurea
1448 4618 1529 4671 vel
1565 4634 1630 4671 ex
1673 4617 1780 4671 alio
1810 4619 2001 4686 quovis
2036 4616 2253 4670 metallo
2335 4631 2394 4670 se
2435 4616 2583 4669 dedit
2620 4633 2634 4668 :
2699 4627 2927 4681 eamque
3004 4626 3098 4679 per
3148 4618 3313 4662 totam
3368 4606 3505 4660 viam
3587 4607 3639 4662 in

368 4712 561 4765 obvios
592 4690 833 4778 quosque
860 4710 1154 4773 mendicos,
1198 4720 1290 4762 aut
1320 4720 1613 4779 egestatem
1645 4710 1736 4763 vili
1773 4725 1836 4763 ac
1878 4712 2075 4765 misero
2110 4712 2305 4763 vestitu
2330 4709 2699 4777 praeferentes,
2777 4705 3010 4758 maxime
3070 4710 3249 4756 autem
3312 4702 3363 4755 in
3434 4701 3639 4758 nudos,

371 4802 865 4857 beueticentissimc
906 4802 1170 4868 profudit,
1217 4803 1351 4855 adeo
1383 4812 1438 4854 ut
1475 4818 1631 4855 nemo
1663 4803 1754 4872 qui
1787 4801 1855 4855 ab
1882 4817 1943 4853 ea
1986 4803 2209 4869 petierit
2280 4801 2477 4854 abierit
2548 4813 2772 4853 vacuus.
2810 4796 3103 4866 Postquam
3134 4808 3262 4848 vero
3295 4793 3348 4846 in
3392 4790 3638 4846 destina-

370 4905 488 4947 tum
532 4892 633 4944 sibi
677 4892 1080 4944 tabernaculum
1126 4903 1509 4958 concesserat,
1564 4910 1668 4944 non
1721 4893 1808 4946 illa
1894 4894 2177 4961 ρηνιίιηιιω
2216 4892 2415 4960 quietis
2450 4890 2857 4961 opportunitate
2930 4888 3229 4951 fruebatur.
3306 4892 3401 4937 θυι
3440 4882 3642 4936 θ¹³υὲί⁵

367 4985 525 5041 ostiis
581 4985 697 5037 sine
770 4984 973 5037 arbitro
1006 5000 1193 5037 somno
1222 4987 1557 5055 corporique.
1587 4987 1816 5040 otiosam
1892 4986 2055 5039 dabat
2106 5000 2369 5054 operam:
2437 4985 2532 5038 sed
2578 4982 2712 5037 velis
2774 4981 3011 5035 reductis
3093 4976 3324 5046 amplam
3375 4973 3641 5028 adeunda

369 5081 454 5134 sui
494 5078 723 5131 faciebat
762 5078 977 5145 copiam
1031 5079 1283 5133 omnibus
1326 5082 1437 5148 ipsa
1491 5091 1754 5133 conventa
1808 5096 1945 5148 opus
1992 5080 2318 5133 habentibus
2351 5079 2654 5148 praesertim
2698 5091 2828 5130 vero
2861 5084 3046 5145 petere
3122 5071 3321 5142 aliquid
3385 5069 3634 5138 paratis;

368 5175 609 5242 qualium
645 5190 921 5229 accessum
969 5184 1081 5230 tota
1128 5176 1234 5229 vita
1276 5175 1429 5231 facile
1471 5176 1723 5240 admisit;
1807 5182 1861 5229 et
1900 5175 1965 5227 ad
2040 5176 2144 5228 tale
2179 5174 2446 5227 duntaxat
2476 5187 2647 5243 genus
2680 5169 2959 5225 remisisse
2986 5165 3327 5221 verecundia:
3372 5160 3637 5232 superstio

367 5263 571 5317 tionem
624 5264 769 5316 velut
822 5264 964 5317 illam
1012 5263 1296 5316 videbatur
1328 5280 1463 5332 pene
1508 5264 1774 5329 nimiam;
1811 5264 1936 5317 dum
1980 5262 2044 5317 iis
2074 5264 2335 5316 duntaxat
2368 5264 2609 5329 praebere
2644 5276 2705 5316 se
2745 5260 3064 5323 videndam,
3093 5266 3148 5312 et
3216 5256 3431 5310 eosdem
3498 5252 3637 5307 alio.

369 5354 461 5423 qui
493 5363 851 5405 consueverat
884 5352 1134 5408 libenter.
1162 5352 1332 5407 Porro
1365 5354 1648 5421 pecuniam
1688 5352 2017 5423 pauperibus
2046 5352 2275 5406 donasse
2311 5352 2627 5418 neutiquam
2694 5359 2971 5411 contenta,
3049 5345 3354 5411 consilium,
3421 5343 3467 5397 si
3542 5350 3633 5397 rei

370 5441 559 5509 ferret,
606 5442 826 5510 insuper
867 5443 1138 5509 addebat;
1188 5452 1240 5497 et
1279 5459 1413 5513 quos
1440 5443 1581 5499 forte
1624 5454 1840 5513 vegetos
1915 5457 1979 5495 ac
2048 5442 2332 5496 commode
2388 5441 2639 5495 Valentes
2693 5442 2857 5493 vitam
2907 5440 3135 5492 inertem
3206 5435 3294 5491 cib
3383 5431 3631 5506 precario

372 5540 589 5593 trahere
632 5539 867 5598 videbat,
933 5537 1000 5591 iis
1047 5537 1205 5591 ﬁebat
1266 5550 1456 5593 auctor
1524 5549 1583 5592 ut
1647 5538 1951 5607 proﬁtendo
1987 5536 2128 5605 apud
2182 5552 2295 5590 rem
2348 5537 2611 5595 habentes
2672 5534 2854 5589 labore
2917 5534 3115 5588 victum
3187 5530 3287 5587 sibi
3377 5526 3627 5586 mercede

443 5632 460 5662 ¹
491 5631 650 5684 Prov.
696 5644 849 5695 XXXI,
887 5629 950 5683 lt)
976 5646 1125 5700 seqq.

1429 5722 1625 5785 Vat-ite
1658 5724 1964 5789 lectiones
2001 5741 2080 5787 ex
2107 5721 2253 5788 cod.
2290 5719 2546 5785 Coislin.

440 5823 486 5861 ιε
522 5824 579 5880 ὲν
600 5821 697 5893 τῷ.
