  <div class='ocr_page' id='page_1' title='image "/cluster/home/n/w/nwhite01/storage/ocr_20150623/131:no.4/coo.31924054870369/458.png"; bbox 0 0 4088 6404; ppageno 0'>
   <div class='ocr_carea' id='block_1_1' title="bbox 416 357 3688 433">
    <p class='ocr_par' dir='ltr' id='par_1_1' title="bbox 416 357 3688 433">
     <span class='ocr_line' id='line_1_1' title="bbox 416 357 3688 433; baseline 0.004 -16"><span class='ocrx_word' id='word_1_1' title='bbox 416 357 508 423; x_wconf 76' lang='lat'><strong>90!</strong></span> <span class='ocrx_word' id='word_1_2' title='bbox 1668 364 2079 424; x_wconf 76' lang='lat' dir='ltr'><strong>ALEXlADlS</strong></span> <span class='ocrx_word' id='word_1_3' title='bbox 2111 366 2260 424; x_wconf 78' lang='lat' dir='ltr'><strong>LIB.</strong></span> <span class='ocrx_word' id='word_1_4' title='bbox 2294 365 2434 427; x_wconf 87' lang='lat' dir='ltr'><strong>XII.</strong></span> <span class='ocrx_word' id='word_1_5' title='bbox 3581 371 3688 433; x_wconf 79' lang='lat'><strong>90?.</strong></span> 
     </span>
    </p>
   </div>
   <div class='ocr_carea' id='block_1_2' title="bbox 421 472 1972 552">
    <p class='ocr_par' dir='ltr' id='par_1_2' title="bbox 421 472 1970 546">
     <span class='ocr_line' id='line_1_2' title="bbox 421 472 1970 546; baseline 0.003 -20"><span class='ocrx_word' id='word_1_6' title='bbox 421 473 760 544; x_wconf 68' lang='grc' dir='ltr'><strong>πανταχόθεν</strong></span> <span class='ocrx_word' id='word_1_7' title='bbox 782 472 1111 545; x_wconf 71' lang='grc' dir='ltr'>συνέρῤευσε</span> <span class='ocrx_word' id='word_1_8' title='bbox 1134 473 1204 526; x_wconf 74' lang='grc' dir='ltr'><strong>τὰ</strong></span> <span class='ocrx_word' id='word_1_9' title='bbox 1227 474 1377 528; x_wconf 83' lang='grc' dir='ltr'>δεινὰ</span> <span class='ocrx_word' id='word_1_10' title='bbox 1401 476 1496 528; x_wconf 75' lang='grc' dir='ltr'><strong>καὶ</strong></span> <span class='ocrx_word' id='word_1_11' title='bbox 1519 478 1848 546; x_wconf 78' lang='grc' dir='ltr'><strong>ἐτετάρακτο</strong></span> <span class='ocrx_word' id='word_1_12' title='bbox 1873 482 1970 534; x_wconf 67' lang='grc' dir='ltr'><strong>αὐτ</strong></span> 
     </span>
    </p>
   </div>
   <div class='ocr_carea' id='block_1_3' title="bbox 2076 472 3692 552">
    <p class='ocr_par' dir='ltr' id='par_1_3' title="bbox 2108 480 3692 552">
     <span class='ocr_line' id='line_1_3' title="bbox 2108 480 3692 552; baseline 0.003 -18"><span class='ocrx_word' id='word_1_13' title='bbox 2108 497 2214 534; x_wconf 89' lang='lat' dir='ltr'><strong>non</strong></span> <span class='ocrx_word' id='word_1_14' title='bbox 2252 480 2553 552; x_wconf 80' lang='lat' dir='ltr'><strong>propalatis</strong></span> <span class='ocrx_word' id='word_1_15' title='bbox 2581 480 2900 551; x_wconf 87' lang='lat' dir='ltr'><strong>plerumque</strong></span> <span class='ocrx_word' id='word_1_16' title='bbox 2929 481 3112 536; x_wconf 88' lang='lat' dir='ltr'><strong>adhuc</strong></span> <span class='ocrx_word' id='word_1_17' title='bbox 3143 481 3380 538; x_wconf 89' lang='lat' dir='ltr'><strong>hostium</strong></span> <span class='ocrx_word' id='word_1_18' title='bbox 3415 490 3471 539; x_wconf 89' lang='lat' dir='ltr'><strong>et</strong></span> <span class='ocrx_word' id='word_1_19' title='bbox 3515 485 3692 541; x_wconf 85' lang='lat' dir='ltr'><strong>rebel-</strong></span> 
     </span>
    </p>
   </div>
   <div class='ocr_carea' id='block_1_4' title="bbox 413 566 1972 644">
    <p class='ocr_par' dir='ltr' id='par_1_4' title="bbox 413 566 1962 643">
     <span class='ocr_line' id='line_1_4' title="bbox 413 566 1962 643; baseline 0.007 -27"><span class='ocrx_word' id='word_1_20' title='bbox 413 582 479 617; x_wconf 83' lang='grc' dir='ltr'><strong>τε</strong></span> <span class='ocrx_word' id='word_1_21' title='bbox 504 566 564 617; x_wconf 76' lang='grc' dir='ltr'><strong>τὸ</strong></span> <span class='ocrx_word' id='word_1_22' title='bbox 612 567 770 635; x_wconf 82' lang='grc' dir='ltr'>σῶμα</span> <span class='ocrx_word' id='word_1_23' title='bbox 801 567 897 634; x_wconf 78' lang='grc' dir='ltr'>τῆς</span> <span class='ocrx_word' id='word_1_24' title='bbox 943 567 1224 630; x_wconf 77' lang='grc' dir='ltr'><strong>πολιτείας</strong></span> <span class='ocrx_word' id='word_1_25' title='bbox 1266 571 1360 621; x_wconf 82' lang='grc' dir='ltr'><strong>καὶ</strong></span> <span class='ocrx_word' id='word_1_26' title='bbox 1413 570 1520 622; x_wconf 75' lang='grc' dir='ltr'>πᾶν</span> <span class='ocrx_word' id='word_1_27' title='bbox 1547 570 1830 642; x_wconf 85' lang='grc' dir='ltr'>ἀλλότριον</span> <span class='ocrx_word' id='word_1_28' title='bbox 1861 576 1962 643; x_wconf 83' lang='grc' dir='ltr'><strong>ὲμε</strong></span> 
     </span>
    </p>
   </div>
   <div class='ocr_carea' id='block_1_5' title="bbox 2076 566 3691 644">
    <p class='ocr_par' dir='ltr' id='par_1_5' title="bbox 2099 571 3691 644">
     <span class='ocr_line' id='line_1_5' title="bbox 2099 571 3691 644; baseline 0.003 -20"><span class='ocrx_word' id='word_1_29' title='bbox 2099 571 2227 624; x_wconf 79' lang='lat' dir='ltr'><strong>lium</strong></span> <span class='ocrx_word' id='word_1_30' title='bbox 2261 572 2502 626; x_wconf 85' lang='lat' dir='ltr'><strong>consiliis</strong></span> <span class='ocrx_word' id='word_1_31' title='bbox 2556 574 2876 637; x_wconf 79' lang='lat' dir='ltr'><strong>occurrerit,</strong></span> <span class='ocrx_word' id='word_1_32' title='bbox 2921 573 3142 627; x_wconf 83' lang='lat' dir='ltr'><strong>solert&#39;a</strong></span> <span class='ocrx_word' id='word_1_33' title='bbox 3201 574 3432 644; x_wconf 65' lang='lat' dir='ltr'><strong>quadam</strong></span> <span class='ocrx_word' id='word_1_34' title='bbox 3497 577 3691 639; x_wconf 84' lang='lat' dir='ltr'><strong>animi,</strong></span> 
     </span>
    </p>
   </div>
   <div class='ocr_carea' id='block_1_6' title="bbox 417 654 1972 737">
    <p class='ocr_par' dir='ltr' id='par_1_6' title="bbox 417 654 1969 734">
     <span class='ocr_line' id='line_1_6' title="bbox 417 654 1969 734; baseline 0.005 -26"><span class='ocrx_word' id='word_1_35' title='bbox 417 656 583 726; x_wconf 80' lang='grc' dir='ltr'>μήνει</span> <span class='ocrx_word' id='word_1_36' title='bbox 621 654 784 709; x_wconf 82' lang='grc' dir='ltr'>’κατὰ</span> <span class='ocrx_word' id='word_1_37' title='bbox 831 657 930 725; x_wconf 81' lang='grc' dir='ltr'>τῆς</span> <span class='ocrx_word' id='word_1_38' title='bbox 992 655 1273 724; x_wconf 73' lang='grc' dir='ltr'><strong>βασιλείας</strong></span> <span class='ocrx_word' id='word_1_39' title='bbox 1307 659 1621 728; x_wconf 81' lang='grc' dir='ltr'>Ῥωμαίων.</span> <span class='ocrx_word' id='word_1_40' title='bbox 1691 663 1779 724; x_wconf 87' lang='grc' dir='ltr'>Ὠς</span> <span class='ocrx_word' id='word_1_41' title='bbox 1831 666 1894 734; x_wconf 67' lang='grc' dir='ltr'>εἴ,</span> <span class='ocrx_word' id='word_1_42' title='bbox 1917 682 1969 716; x_wconf 90' lang='grc' dir='ltr'><strong>τι</strong></span> 
     </span>
    </p>
   </div>
   <div class='ocr_carea' id='block_1_7' title="bbox 2076 654 3692 737">
    <p class='ocr_par' dir='ltr' id='par_1_7' title="bbox 2111 665 3692 737">
     <span class='ocr_line' id='line_1_7' title="bbox 2111 665 3692 737; baseline 0.001 -20"><span class='ocrx_word' id='word_1_43' title='bbox 2111 665 2506 734; x_wconf 76' lang='lat' dir='ltr'><strong>diligentiaque</strong></span> <span class='ocrx_word' id='word_1_44' title='bbox 2537 676 2769 719; x_wconf 73' lang='lat' dir='ltr'><strong>strenum</strong></span> <span class='ocrx_word' id='word_1_45' title='bbox 2805 668 3118 730; x_wconf 78' lang='lat' dir='ltr'><strong>celeritatis,</strong></span> <span class='ocrx_word' id='word_1_46' title='bbox 3157 667 3354 737; x_wconf 80' lang='lat' dir='ltr'><strong>ingenii</strong></span> <span class='ocrx_word' id='word_1_47' title='bbox 3401 668 3692 736; x_wconf 75' lang='lat' dir='ltr'><strong>providen-</strong></span> 
     </span>
    </p>
   </div>
   <div class='ocr_carea' id='block_1_8' title="bbox 412 746 1972 829">
    <p class='ocr_par' dir='ltr' id='par_1_8' title="bbox 412 746 1968 817">
     <span class='ocr_line' id='line_1_8' title="bbox 412 746 1968 817; baseline 0.004 -17"><span class='ocrx_word' id='word_1_48' title='bbox 412 746 588 810; x_wconf 78' lang='grc' dir='ltr'>οὕτως</span> <span class='ocrx_word' id='word_1_49' title='bbox 619 749 733 817; x_wconf 78' lang='grc' dir='ltr'>ἔχοι</span> <span class='ocrx_word' id='word_1_50' title='bbox 790 749 978 812; x_wconf 85' lang='grc' dir='ltr'>κακῶς</span> <span class='ocrx_word' id='word_1_51' title='bbox 1024 749 1164 802; x_wconf 80' lang='grc' dir='ltr'>ὥστε</span> <span class='ocrx_word' id='word_1_52' title='bbox 1221 752 1315 804; x_wconf 68' lang='grc' dir='ltr'><strong>καὶ</strong></span> <span class='ocrx_word' id='word_1_53' title='bbox 1376 753 1482 804; x_wconf 72' lang='grc' dir='ltr'>ὑπὸ</span> <span class='ocrx_word' id='word_1_54' title='bbox 1537 752 1645 804; x_wconf 85' lang='grc' dir='ltr'><strong>τῶν</strong></span> <span class='ocrx_word' id='word_1_55' title='bbox 1677 755 1968 808; x_wconf 81' lang='grc' dir='ltr'>ἀλλοδαπῶ</span> 
     </span>
    </p>
   </div>
   <div class='ocr_carea' id='block_1_9' title="bbox 2076 746 3690 829">
    <p class='ocr_par' dir='ltr' id='par_1_9' title="bbox 2104 757 3690 829">
     <span class='ocr_line' id='line_1_9' title="bbox 2104 757 3690 829; baseline 0.004 -23"><span class='ocrx_word' id='word_1_56' title='bbox 2104 758 2175 810; x_wconf 86' lang='lat' dir='ltr'><strong>tis</strong></span> <span class='ocrx_word' id='word_1_57' title='bbox 2204 771 2403 808; x_wconf 83' lang='lat' dir='ltr'><strong>motum</strong></span> <span class='ocrx_word' id='word_1_58' title='bbox 2439 757 2714 812; x_wconf 89' lang='lat' dir='ltr'><strong>volucrem</strong></span> <span class='ocrx_word' id='word_1_59' title='bbox 2749 758 2915 829; x_wconf 82' lang='lat'><strong>359</strong></span> <span class='ocrx_word' id='word_1_60' title='bbox 2952 759 3066 827; x_wconf 89' lang='lat' dir='ltr'><strong>pari</strong></span> <span class='ocrx_word' id='word_1_61' title='bbox 3121 775 3287 828; x_wconf 92' lang='lat' dir='ltr'><strong>prope</strong></span> <span class='ocrx_word' id='word_1_62' title='bbox 3321 759 3690 813; x_wconf 80' lang='lat' dir='ltr'><strong>exsecutinnis</strong></span> 
     </span>
    </p>
   </div>
   <div class='ocr_carea' id='block_1_10' title="bbox 405 830 1972 920">
    <p class='ocr_par' dir='ltr' id='par_1_10' title="bbox 405 840 1972 917">
     <span class='ocr_line' id='line_1_10' title="bbox 405 840 1972 917; baseline 0.006 -27"><span class='ocrx_word' id='word_1_63' title='bbox 405 840 778 908; x_wconf 67' lang='grc' dir='ltr'>’πολεμεῖσθαι</span> <span class='ocrx_word' id='word_1_64' title='bbox 817 841 914 894; x_wconf 70' lang='grc' dir='ltr'><strong>καὶ</strong></span> <span class='ocrx_word' id='word_1_65' title='bbox 967 841 1072 894; x_wconf 72' lang='grc' dir='ltr'>ὑπὸ</span> <span class='ocrx_word' id='word_1_66' title='bbox 1115 842 1230 895; x_wconf 87' lang='grc' dir='ltr'><strong>τῶν</strong></span> <span class='ocrx_word' id='word_1_67' title='bbox 1282 843 1502 896; x_wconf 77' lang='grc' dir='ltr'>οἰκείων</span> <span class='ocrx_word' id='word_1_68' title='bbox 1559 848 1972 917; x_wconf 75' lang='grc' dir='ltr'>κατατρύχεσοα</span> 
     </span>
    </p>
   </div>
   <div class='ocr_carea' id='block_1_11' title="bbox 2076 830 3676 920">
    <p class='ocr_par' dir='ltr' id='par_1_11' title="bbox 2076 840 3676 918">
     <span class='ocr_line' id='line_1_11' title="bbox 2076 840 3676 918; baseline 0.003 -21"><span class='ocrx_word' id='word_1_69' title='bbox 2076 840 2387 914; x_wconf 48' lang='lat' dir='ltr'><strong>ﬁculni-nate</strong></span> <span class='ocrx_word' id='word_1_70' title='bbox 2411 848 2774 916; x_wconf 67' lang='lat' dir='ltr'><strong>adiequantis.</strong></span> <span class='ocrx_word' id='word_1_71' title='bbox 2805 850 2992 918; x_wconf 84' lang='lat' dir='ltr'><strong>Itaque</strong></span> <span class='ocrx_word' id='word_1_72' title='bbox 3025 851 3092 904; x_wconf 88' lang='lat' dir='ltr'><strong>ad</strong></span> <span class='ocrx_word' id='word_1_73' title='bbox 3121 851 3498 903; x_wconf 72' lang='lat' dir='ltr'><strong>aestimandam</strong></span> <span class='ocrx_word' id='word_1_74' title='bbox 3525 866 3676 902; x_wconf 84' lang='lat' dir='ltr'><strong>tuen-</strong></span> 
     </span>
    </p>
   </div>
   <div class='ocr_carea' id='block_1_12' title="bbox 401 931 1972 1008">
    <p class='ocr_par' dir='ltr' id='par_1_12' title="bbox 401 931 1972 1008">
     <span class='ocr_line' id='line_1_12' title="bbox 401 931 1972 1008; baseline 0.006 -27"><span class='ocrx_word' id='word_1_75' title='bbox 401 931 513 993; x_wconf 71' lang='grc' dir='ltr'>·τὲς</span> <span class='ocrx_word' id='word_1_76' title='bbox 555 931 768 998; x_wconf 78' lang='grc' dir='ltr'><strong>σάρκας</strong></span> <span class='ocrx_word' id='word_1_77' title='bbox 832 932 1314 1003; x_wconf 86' lang='grc' dir='ltr'>διαμασσὼμενον,</span> <span class='ocrx_word' id='word_1_78' title='bbox 1341 935 1532 987; x_wconf 84' lang='grc' dir='ltr'>τοῦτον</span> <span class='ocrx_word' id='word_1_79' title='bbox 1562 937 1649 988; x_wconf 87' lang='grc' dir='ltr'>δεῖ</span> <span class='ocrx_word' id='word_1_80' title='bbox 1719 941 1972 1008; x_wconf 61' lang='grc' dir='ltr'>ἀνεγεῖραι</span> 
     </span>
    </p>
   </div>
   <div class='ocr_carea' id='block_1_13' title="bbox 2076 931 3750 1008">
    <p class='ocr_par' dir='ltr' id='par_1_13' title="bbox 2108 937 3750 1008">
     <span class='ocr_line' id='line_1_13' title="bbox 2108 937 3750 1008; baseline 0.002 -20"><span class='ocrx_word' id='word_1_81' title='bbox 2108 940 2177 990; x_wconf 88' lang='lat' dir='ltr'><strong>tis</strong></span> <span class='ocrx_word' id='word_1_82' title='bbox 2211 955 2329 1004; x_wconf 87' lang='lat' dir='ltr'><strong>qu:e</strong></span> <span class='ocrx_word' id='word_1_83' title='bbox 2378 939 2431 992; x_wconf 92' lang='lat' dir='ltr'><strong>iu</strong></span> <span class='ocrx_word' id='word_1_84' title='bbox 2483 954 2547 992; x_wconf 89' lang='lat' dir='ltr'><strong>eo</strong></span> <span class='ocrx_word' id='word_1_85' title='bbox 2595 937 2694 992; x_wconf 90' lang='lat' dir='ltr'><strong>fuit</strong></span> <span class='ocrx_word' id='word_1_86' title='bbox 2750 941 2994 1008; x_wconf 81' lang='lat' dir='ltr'><strong>principe</strong></span> <span class='ocrx_word' id='word_1_87' title='bbox 3045 942 3327 1003; x_wconf 88' lang='lat' dir='ltr'><strong>virtutem,</strong></span> <span class='ocrx_word' id='word_1_88' title='bbox 3373 940 3532 993; x_wconf 88' lang='lat' dir='ltr'><strong>talem</strong></span> <span class='ocrx_word' id='word_1_89' title='bbox 3587 954 3687 1007; x_wconf 76' lang='lat' dir='ltr'><strong>ego</strong></span> <span class='ocrx_word' id='word_1_90' title='bbox 3739 986 3750 998; x_wconf 81' lang='grc'><strong>,</strong></span> 
     </span>
    </p>
   </div>
   <div class='ocr_carea' id='block_1_14' title="bbox 401 1021 1972 1101">
    <p class='ocr_par' dir='ltr' id='par_1_14' title="bbox 401 1021 1964 1101">
     <span class='ocr_line' id='line_1_14' title="bbox 401 1021 1964 1101; baseline 0.008 -30"><span class='ocrx_word' id='word_1_91' title='bbox 401 1021 516 1090; x_wconf 75' lang='grc' dir='ltr'><strong>τὴν</strong></span> <span class='ocrx_word' id='word_1_92' title='bbox 547 1023 805 1092; x_wconf 83' lang='grc' dir='ltr'>πρόνοιαν</span> <span class='ocrx_word' id='word_1_93' title='bbox 831 1023 920 1077; x_wconf 81' lang='grc' dir='ltr'><strong>ἵνα</strong></span> <span class='ocrx_word' id='word_1_94' title='bbox 951 1026 1088 1094; x_wconf 81' lang='grc' dir='ltr'>πρὸς</span> <span class='ocrx_word' id='word_1_95' title='bbox 1117 1027 1184 1078; x_wconf 74' lang='grc' dir='ltr'><strong>τὰ</strong></span> <span class='ocrx_word' id='word_1_96' title='bbox 1223 1028 1561 1096; x_wconf 67' lang='grc' dir='ltr'>πανταχόθεν</span> <span class='ocrx_word' id='word_1_97' title='bbox 1589 1032 1734 1082; x_wconf 70' lang='grc' dir='ltr'>κακὰ</span> <span class='ocrx_word' id='word_1_98' title='bbox 1762 1034 1964 1101; x_wconf 84' lang='grc' dir='ltr'>ἁντιμη</span> 
     </span>
    </p>
   </div>
   <div class='ocr_carea' id='block_1_15' title="bbox 2076 1021 3680 1101">
    <p class='ocr_par' dir='ltr' id='par_1_15' title="bbox 2103 1027 3680 1098">
     <span class='ocr_line' id='line_1_15' title="bbox 2103 1027 3680 1098; baseline 0.003 -20"><span class='ocrx_word' id='word_1_99' title='bbox 2103 1027 2391 1095; x_wconf 64' lang='grc' dir='ltr'>(μιιιιιίιιιιιι</span> <span class='ocrx_word' id='word_1_100' title='bbox 2429 1027 2722 1082; x_wconf 72' lang='lat' dir='ltr'><strong>informare</strong></span> <span class='ocrx_word' id='word_1_101' title='bbox 2755 1030 3040 1098; x_wconf 74' lang='lat' dir='ltr'><strong>imaginem</strong></span> <span class='ocrx_word' id='word_1_102' title='bbox 3068 1030 3200 1082; x_wconf 91' lang='lat' dir='ltr'><strong>mihi</strong></span> <span class='ocrx_word' id='word_1_103' title='bbox 3234 1030 3403 1085; x_wconf 90' lang='lat' dir='ltr'><strong>soleo.</strong></span> <span class='ocrx_word' id='word_1_104' title='bbox 3433 1029 3488 1083; x_wconf 90' lang='lat' dir='ltr'><strong>Si</strong></span> <span class='ocrx_word' id='word_1_105' title='bbox 3527 1029 3680 1095; x_wconf 85' lang='lat' dir='ltr'><strong>cujus</strong></span> 
     </span>
    </p>
   </div>
   <div class='ocr_carea' id='block_1_16' title="bbox 411 1114 1972 1189">
    <p class='ocr_par' dir='ltr' id='par_1_16' title="bbox 411 1114 1972 1188">
     <span class='ocr_line' id='line_1_16' title="bbox 411 1114 1972 1188; baseline 0.006 -24"><span class='ocrx_word' id='word_1_106' title='bbox 411 1114 645 1183; x_wconf 82' lang='grc' dir='ltr'>χανῷτο,</span> <span class='ocrx_word' id='word_1_107' title='bbox 681 1114 870 1186; x_wconf 74' lang='grc' dir='ltr'>ὥσπερ</span> <span class='ocrx_word' id='word_1_108' title='bbox 896 1117 960 1187; x_wconf 86' lang='grc' dir='ltr'><strong>δὴ</strong></span> <span class='ocrx_word' id='word_1_109' title='bbox 1003 1117 1426 1188; x_wconf 73' lang='grc' dir='ltr'>καὶτηνικαῦτα</span> <span class='ocrx_word' id='word_1_110' title='bbox 1457 1121 1689 1174; x_wconf 76' lang='grc' dir='ltr'><strong>συνιδεῖν</strong></span> <span class='ocrx_word' id='word_1_111' title='bbox 1723 1121 1851 1172; x_wconf 74' lang='grc' dir='ltr'>ἔδει·</span> <span class='ocrx_word' id='word_1_112' title='bbox 1886 1123 1913 1174; x_wconf 83' lang='grc' dir='ltr'><strong>ὃ</strong></span> <span class='ocrx_word' id='word_1_113' title='bbox 1937 1139 1972 1173; x_wconf 57' lang='grc' dir='ltr'>τη</span> 
     </span>
    </p>
   </div>
   <div class='ocr_carea' id='block_1_17' title="bbox 2076 1114 3689 1189">
    <p class='ocr_par' dir='ltr' id='par_1_17' title="bbox 2102 1118 3689 1189">
     <span class='ocr_line' id='line_1_17' title="bbox 2102 1118 3689 1189; baseline 0.002 -19"><span class='ocrx_word' id='word_1_114' title='bbox 2102 1118 2338 1172; x_wconf 86' lang='lat' dir='ltr'><strong>hominis</strong></span> <span class='ocrx_word' id='word_1_115' title='bbox 2373 1134 2570 1187; x_wconf 86' lang='lat' dir='ltr'><strong>corpus</strong></span> <span class='ocrx_word' id='word_1_116' title='bbox 2598 1128 2651 1174; x_wconf 89' lang='lat' dir='ltr'><strong>et</strong></span> <span class='ocrx_word' id='word_1_117' title='bbox 2688 1120 2872 1174; x_wconf 89' lang='lat' dir='ltr'><strong>multis</strong></span> <span class='ocrx_word' id='word_1_118' title='bbox 2899 1122 3101 1175; x_wconf 86' lang='lat' dir='ltr'><strong>circum</strong></span> <span class='ocrx_word' id='word_1_119' title='bbox 3157 1120 3398 1189; x_wconf 85' lang='lat' dir='ltr'><strong>undique</strong></span> <span class='ocrx_word' id='word_1_120' title='bbox 3443 1120 3689 1173; x_wconf 74' lang='lat' dir='ltr'><strong>inimico-</strong></span> 
     </span>
    </p>
   </div>
   <div class='ocr_carea' id='block_1_18' title="bbox 410 1205 1972 1282">
    <p class='ocr_par' dir='ltr' id='par_1_18' title="bbox 410 1205 1968 1282">
     <span class='ocr_line' id='line_1_18' title="bbox 410 1205 1968 1282; baseline 0.001 -20"><span class='ocrx_word' id='word_1_121' title='bbox 410 1205 519 1275; x_wconf 70' lang='grc' dir='ltr'>γὰρ</span> <span class='ocrx_word' id='word_1_122' title='bbox 552 1205 885 1274; x_wconf 75' lang='grc' dir='ltr'>Βαῖμοῦντος</span> <span class='ocrx_word' id='word_1_123' title='bbox 935 1211 960 1261; x_wconf 89' lang='grc' dir='ltr'>ὁ</span> <span class='ocrx_word' id='word_1_124' title='bbox 1006 1207 1283 1278; x_wconf 71' lang='grc' dir='ltr'>βάρϐαρος</span> <span class='ocrx_word' id='word_1_125' title='bbox 1325 1210 1352 1262; x_wconf 90' lang='lat'><strong>6</strong></span> <span class='ocrx_word' id='word_1_126' title='bbox 1383 1211 1642 1273; x_wconf 77' lang='grc' dir='ltr'><strong>πολλάκις</strong></span> <span class='ocrx_word' id='word_1_127' title='bbox 1679 1213 1814 1280; x_wconf 82' lang='grc' dir='ltr'>ἡμῖν</span> <span class='ocrx_word' id='word_1_128' title='bbox 1847 1215 1968 1282; x_wconf 83' lang='grc' dir='ltr'>εἱρη</span> 
     </span>
    </p>
   </div>
   <div class='ocr_carea' id='block_1_19' title="bbox 2076 1205 3686 1282">
    <p class='ocr_par' dir='ltr' id='par_1_19' title="bbox 2102 1206 3686 1276">
     <span class='ocr_line' id='line_1_19' title="bbox 2102 1206 3686 1276; baseline 0.004 -20"><span class='ocrx_word' id='word_1_129' title='bbox 2102 1220 2218 1256; x_wconf 90' lang='lat' dir='ltr'><strong>rum</strong></span> <span class='ocrx_word' id='word_1_130' title='bbox 2275 1206 2486 1258; x_wconf 85' lang='lat' dir='ltr'><strong>infestis</strong></span> <span class='ocrx_word' id='word_1_131' title='bbox 2536 1209 2781 1260; x_wconf 85' lang='lat' dir='ltr'><strong>manibus</strong></span> <span class='ocrx_word' id='word_1_132' title='bbox 2813 1223 2875 1261; x_wconf 87' lang='lat' dir='ltr'><strong>ac</strong></span> <span class='ocrx_word' id='word_1_133' title='bbox 2913 1209 3031 1262; x_wconf 89' lang='lat' dir='ltr'><strong>telis</strong></span> <span class='ocrx_word' id='word_1_134' title='bbox 3076 1217 3390 1276; x_wconf 75' lang='lat' dir='ltr'><strong>peteretur;</strong></span> <span class='ocrx_word' id='word_1_135' title='bbox 3437 1219 3490 1262; x_wconf 86' lang='lat' dir='ltr'><strong>et</strong></span> <span class='ocrx_word' id='word_1_136' title='bbox 3544 1210 3686 1262; x_wconf 67' lang='lat' dir='ltr'><strong>idern</strong></span> 
     </span>
    </p>
   </div>
   <div class='ocr_carea' id='block_1_20' title="bbox 415 1297 1972 1373">
    <p class='ocr_par' dir='ltr' id='par_1_20' title="bbox 415 1297 1972 1373">
     <span class='ocr_line' id='line_1_20' title="bbox 415 1297 1972 1373; baseline 0.005 -26"><span class='ocrx_word' id='word_1_137' title='bbox 415 1297 574 1366; x_wconf 82' lang='grc' dir='ltr'>μένος</span> <span class='ocrx_word' id='word_1_138' title='bbox 628 1297 922 1368; x_wconf 78' lang='grc' dir='ltr'><strong>ἐξηρτύετο</strong></span> <span class='ocrx_word' id='word_1_139' title='bbox 978 1302 1118 1354; x_wconf 71' lang='grc' dir='ltr'>κατὰ</span> <span class='ocrx_word' id='word_1_140' title='bbox 1179 1300 1290 1354; x_wconf 83' lang='grc' dir='ltr'><strong>τῶν</strong></span> <span class='ocrx_word' id='word_1_141' title='bbox 1345 1303 1642 1373; x_wconf 81' lang='grc' dir='ltr'><strong>σκήπτρων</strong></span> <span class='ocrx_word' id='word_1_142' title='bbox 1707 1303 1972 1370; x_wconf 67' lang='grc' dir='ltr'>Ῥωμαίωε</span> 
     </span>
    </p>
   </div>
   <div class='ocr_carea' id='block_1_21' title="bbox 2076 1297 3684 1373">
    <p class='ocr_par' dir='ltr' id='par_1_21' title="bbox 2100 1297 3684 1370">
     <span class='ocr_line' id='line_1_21' title="bbox 2100 1297 3684 1370; baseline 0.003 -21"><span class='ocrx_word' id='word_1_143' title='bbox 2100 1297 2288 1349; x_wconf 89' lang='lat' dir='ltr'><strong>eodem</strong></span> <span class='ocrx_word' id='word_1_144' title='bbox 2323 1307 2567 1365; x_wconf 89' lang='lat' dir='ltr'><strong>tempore</strong></span> <span class='ocrx_word' id='word_1_145' title='bbox 2601 1299 2785 1366; x_wconf 89' lang='lat' dir='ltr'><strong>gravia</strong></span> <span class='ocrx_word' id='word_1_146' title='bbox 2841 1299 2989 1354; x_wconf 88' lang='lat' dir='ltr'><strong>intus</strong></span> <span class='ocrx_word' id='word_1_147' title='bbox 3041 1303 3381 1370; x_wconf 79' lang='lat' dir='ltr'><strong>experiretur</strong></span> <span class='ocrx_word' id='word_1_148' title='bbox 3439 1302 3684 1354; x_wconf 87' lang='lat' dir='ltr'><strong>dolorum</strong></span> 
     </span>
    </p>
   </div>
   <div class='ocr_carea' id='block_1_22' title="bbox 398 1387 1972 1462">
    <p class='ocr_par' dir='ltr' id='par_1_22' title="bbox 398 1388 1972 1462">
     <span class='ocr_line' id='line_1_22' title="bbox 398 1388 1972 1462; baseline 0.001 -21"><span class='ocrx_word' id='word_1_149' title='bbox 398 1388 716 1460; x_wconf 41' lang='grc' dir='ltr'>,βαρύτατον</span> <span class='ocrx_word' id='word_1_150' title='bbox 756 1391 1072 1462; x_wconf 75' lang='grc' dir='ltr'>στράτευμα</span> <span class='ocrx_word' id='word_1_151' title='bbox 1125 1393 1471 1462; x_wconf 83' lang='grc' dir='ltr'>ἐπαγόμενος</span> <span class='ocrx_word' id='word_1_152' title='bbox 1523 1393 1617 1445; x_wconf 71' lang='grc' dir='ltr'>καὶ</span> <span class='ocrx_word' id='word_1_153' title='bbox 1662 1395 1972 1460; x_wconf 56' lang='grc' dir='ltr'>τυραννικὸι</span> 
     </span>
    </p>
   </div>
   <div class='ocr_carea' id='block_1_23' title="bbox 2076 1387 3685 1462">
    <p class='ocr_par' dir='ltr' id='par_1_23' title="bbox 2099 1387 3685 1460">
     <span class='ocr_line' id='line_1_23' title="bbox 2099 1387 3685 1460; baseline 0.004 -19"><span class='ocrx_word' id='word_1_154' title='bbox 2099 1389 2312 1442; x_wconf 79' lang='lat' dir='ltr'><strong>viscera</strong></span> <span class='ocrx_word' id='word_1_155' title='bbox 2343 1387 2532 1443; x_wconf 84' lang='lat' dir='ltr'><strong>intima</strong></span> <span class='ocrx_word' id='word_1_156' title='bbox 2554 1393 3038 1446; x_wconf 87' lang='lat' dir='ltr'><strong>eommordentiutn</strong></span> <span class='ocrx_word' id='word_1_157' title='bbox 3075 1395 3302 1447; x_wconf 83' lang='lat' dir='ltr'><strong>tormina</strong></span> <span class='ocrx_word' id='word_1_158' title='bbox 3328 1412 3343 1460; x_wconf 89' lang='lat'><strong>;</strong></span> <span class='ocrx_word' id='word_1_159' title='bbox 3385 1394 3685 1448; x_wconf 67' lang='lat' dir='ltr'><strong>suﬂit-erc-t-</strong></span> 
     </span>
    </p>
   </div>
   <div class='ocr_carea' id='block_1_24' title="bbox 394 1479 1972 1553">
    <p class='ocr_par' dir='ltr' id='par_1_24' title="bbox 394 1479 1972 1553">
     <span class='ocr_line' id='line_1_24' title="bbox 394 1479 1972 1553; baseline 0.003 -24"><span class='ocrx_word' id='word_1_160' title='bbox 394 1479 603 1532; x_wconf 75' lang='grc' dir='ltr'>τούτου</span> <span class='ocrx_word' id='word_1_161' title='bbox 666 1479 869 1549; x_wconf 79' lang='grc' dir='ltr'>πλῆθος</span> <span class='ocrx_word' id='word_1_162' title='bbox 929 1481 1198 1553; x_wconf 77' lang='grc' dir='ltr'>ἑτέρωθεν</span> <span class='ocrx_word' id='word_1_163' title='bbox 1246 1481 1676 1551; x_wconf 83' lang='grc' dir='ltr'>ἀντεπηγείρετο</span> <span class='ocrx_word' id='word_1_164' title='bbox 1737 1481 1972 1552; x_wconf 60' lang='grc' dir='ltr'>καθάπερ</span> 
     </span>
    </p>
   </div>
   <div class='ocr_carea' id='block_1_25' title="bbox 2076 1479 3685 1553">
    <p class='ocr_par' dir='ltr' id='par_1_25' title="bbox 2097 1483 3685 1553">
     <span class='ocr_line' id='line_1_25' title="bbox 2097 1483 3685 1553; baseline 0.002 -18"><span class='ocrx_word' id='word_1_165' title='bbox 2097 1497 2206 1551; x_wconf 89' lang='lat' dir='ltr'><strong>que</strong></span> <span class='ocrx_word' id='word_1_166' title='bbox 2238 1489 2419 1534; x_wconf 89' lang='lat' dir='ltr'><strong>tamen</strong></span> <span class='ocrx_word' id='word_1_167' title='bbox 2456 1497 2620 1534; x_wconf 90' lang='lat' dir='ltr'><strong>unum</strong></span> <span class='ocrx_word' id='word_1_168' title='bbox 2669 1492 2724 1534; x_wconf 88' lang='lat' dir='ltr'><strong>et</strong></span> <span class='ocrx_word' id='word_1_169' title='bbox 2771 1483 2836 1536; x_wconf 89' lang='lat' dir='ltr'><strong>ad</strong></span> <span class='ocrx_word' id='word_1_170' title='bbox 2892 1483 3203 1537; x_wconf 81' lang='lat' dir='ltr'><strong>refutandas</strong></span> <span class='ocrx_word' id='word_1_171' title='bbox 3255 1485 3619 1553; x_wconf 81' lang='lat' dir='ltr'><strong>impugnatinu</strong></span> <span class='ocrx_word' id='word_1_172' title='bbox 3658 1501 3685 1538; x_wconf 86' lang='lat' dir='ltr'><strong>s</strong></span> 
     </span>
    </p>
   </div>
   <div class='ocr_carea' id='block_1_26' title="bbox 403 1569 1972 1643">
    <p class='ocr_par' dir='ltr' id='par_1_26' title="bbox 403 1569 1452 1643">
     <span class='ocr_line' id='line_1_26' title="bbox 403 1569 1452 1643; baseline 0.005 -20"><span class='ocrx_word' id='word_1_173' title='bbox 403 1569 618 1623; x_wconf 79' lang='grc' dir='ltr'>’ἄνωθεν</span> <span class='ocrx_word' id='word_1_174' title='bbox 649 1572 743 1624; x_wconf 78' lang='grc' dir='ltr'>τοῦ</span> <span class='ocrx_word' id='word_1_175' title='bbox 769 1572 930 1640; x_wconf 83' lang='grc' dir='ltr'><strong>λόγου</strong></span> <span class='ocrx_word' id='word_1_176' title='bbox 959 1575 1452 1643; x_wconf 85' lang='grc' dir='ltr'>πεπροοιμίασται.</span> 
     </span>
    </p>
   </div>
   <div class='ocr_carea' id='block_1_27' title="bbox 2076 1569 3680 1643">
    <p class='ocr_par' dir='ltr' id='par_1_27' title="bbox 2094 1574 3680 1642">
     <span class='ocr_line' id='line_1_27' title="bbox 2094 1574 3680 1642; baseline 0 -16"><span class='ocrx_word' id='word_1_177' title='bbox 2094 1574 2409 1642; x_wconf 84' lang='lat' dir='ltr'><strong>ingruentes</strong></span> <span class='ocrx_word' id='word_1_178' title='bbox 2439 1575 2798 1638; x_wconf 82' lang='lat' dir='ltr'><strong>extrinsecus,</strong></span> <span class='ocrx_word' id='word_1_179' title='bbox 2842 1586 2895 1628; x_wconf 88' lang='lat' dir='ltr'><strong>et</strong></span> <span class='ocrx_word' id='word_1_180' title='bbox 2940 1577 3004 1628; x_wconf 91' lang='lat' dir='ltr'><strong>ad</strong></span> <span class='ocrx_word' id='word_1_181' title='bbox 3053 1575 3224 1629; x_wconf 86' lang='lat' dir='ltr'><strong>morbi</strong></span> <span class='ocrx_word' id='word_1_182' title='bbox 3287 1577 3394 1629; x_wconf 91' lang='lat' dir='ltr'><strong>vim</strong></span> <span class='ocrx_word' id='word_1_183' title='bbox 3440 1577 3680 1628; x_wconf 72' lang='lat' dir='ltr'><strong>inolitazn</strong></span> 
     </span>
    </p>
   </div>
   <div class='ocr_carea' id='block_1_28' title="bbox 407 1663 3670 1736">
    <p class='ocr_par' dir='ltr' id='par_1_28' title="bbox 407 1663 3670 1736">
     <span class='ocr_line' id='line_1_28' title="bbox 407 1663 3670 1736; baseline 0.002 -23"><span class='ocrx_word' id='word_1_184' title='bbox 407 1663 712 1732; x_wconf 76' lang='lat' dir='ltr'><strong>venenique</strong></span> <span class='ocrx_word' id='word_1_185' title='bbox 733 1665 980 1734; x_wconf 87' lang='lat' dir='ltr'><strong>concepti</strong></span> <span class='ocrx_word' id='word_1_186' title='bbox 1016 1665 1310 1731; x_wconf 88' lang='lat' dir='ltr'><strong>diritatem,</strong></span> <span class='ocrx_word' id='word_1_187' title='bbox 1344 1669 1668 1736; x_wconf 78' lang='lat' dir='ltr'><strong>praevalente</strong></span> <span class='ocrx_word' id='word_1_188' title='bbox 1711 1667 2121 1736; x_wconf 88' lang='lat' dir='ltr'><strong>temperamenti</strong></span> <span class='ocrx_word' id='word_1_189' title='bbox 2169 1666 2357 1736; x_wconf 89' lang='lat' dir='ltr'><strong>optimi</strong></span> <span class='ocrx_word' id='word_1_190' title='bbox 2413 1676 2654 1727; x_wconf 86' lang='lat' dir='ltr'><strong>natura,_</strong></span> <span class='ocrx_word' id='word_1_191' title='bbox 2698 1668 3100 1734; x_wconf 79' lang='lat' dir='ltr'><strong>superandam;</strong></span> <span class='ocrx_word' id='word_1_192' title='bbox 3165 1683 3264 1735; x_wconf 85' lang='lat' dir='ltr'><strong>age</strong></span> <span class='ocrx_word' id='word_1_193' title='bbox 3340 1678 3670 1735; x_wconf 87' lang='lat' dir='ltr'><strong>quantarnm</strong></span> 
     </span>
    </p>
   </div>
   <div class='ocr_carea' id='block_1_29' title="bbox 407 1758 3678 1832">
    <p class='ocr_par' dir='ltr' id='par_1_29' title="bbox 407 1758 3678 1832">
     <span class='ocr_line' id='line_1_29' title="bbox 407 1758 3678 1832; baseline 0.003 -24"><span class='ocrx_word' id='word_1_194' title='bbox 407 1758 630 1822; x_wconf 83' lang='lat' dir='ltr'><strong>virium,</strong></span> <span class='ocrx_word' id='word_1_195' title='bbox 661 1775 820 1829; x_wconf 87' lang='lat' dir='ltr'><strong>quam</strong></span> <span class='ocrx_word' id='word_1_196' title='bbox 850 1761 1086 1815; x_wconf 84' lang='lat' dir='ltr'><strong>robustae</strong></span> <span class='ocrx_word' id='word_1_197' title='bbox 1116 1762 1520 1819; x_wconf 79' lang='lat' dir='ltr'><strong>ccttstitutiouis</strong></span> <span class='ocrx_word' id='word_1_198' title='bbox 1551 1765 1600 1817; x_wconf 93' lang='lat' dir='ltr'><strong>id</strong></span> <span class='ocrx_word' id='word_1_199' title='bbox 1642 1764 1838 1818; x_wconf 82' lang='lat' dir='ltr'><strong>animal</strong></span> <span class='ocrx_word' id='word_1_200' title='bbox 1873 1763 2209 1818; x_wconf 81' lang='lat' dir='ltr'><strong>haberetur?</strong></span> <span class='ocrx_word' id='word_1_201' title='bbox 2242 1760 2394 1814; x_wconf 88' lang='lat' dir='ltr'><strong>Paris</strong></span> <span class='ocrx_word' id='word_1_202' title='bbox 2461 1763 2516 1814; x_wconf 89' lang='lat' dir='ltr'><strong>in</strong></span> <span class='ocrx_word' id='word_1_203' title='bbox 2549 1761 2764 1816; x_wconf 88' lang='lat' dir='ltr'><strong>diverso</strong></span> <span class='ocrx_word' id='word_1_204' title='bbox 2831 1777 3030 1830; x_wconf 84' lang='lat' dir='ltr'><strong>genere</strong></span> <span class='ocrx_word' id='word_1_205' title='bbox 3097 1764 3426 1832; x_wconf 67' lang='lat' dir='ltr'><strong>praestantia:</strong></span> <span class='ocrx_word' id='word_1_206' title='bbox 3504 1765 3678 1818; x_wconf 72' lang='lat' dir='ltr'><strong>Alt-xi</strong></span> 
     </span>
    </p>
   </div>
   <div class='ocr_carea' id='block_1_30' title="bbox 406 1852 3675 1924">
    <p class='ocr_par' dir='ltr' id='par_1_30' title="bbox 406 1852 3675 1924">
     <span class='ocr_line' id='line_1_30' title="bbox 406 1852 3675 1924; baseline 0.002 -22"><span class='ocrx_word' id='word_1_207' title='bbox 406 1853 654 1920; x_wconf 71' lang='lat' dir='ltr'><strong>Allglbli,</strong></span> <span class='ocrx_word' id='word_1_208' title='bbox 688 1852 776 1906; x_wconf 91' lang='lat' dir='ltr'><strong>ille</strong></span> <span class='ocrx_word' id='word_1_209' title='bbox 798 1852 1028 1916; x_wconf 90' lang='lat' dir='ltr'><strong>animus,</strong></span> <span class='ocrx_word' id='word_1_210' title='bbox 1061 1853 1202 1906; x_wconf 88' lang='lat' dir='ltr'><strong>inter</strong></span> <span class='ocrx_word' id='word_1_211' title='bbox 1231 1854 1735 1910; x_wconf 86' lang='lat' dir='ltr'><strong>vehementissimos</strong></span> <span class='ocrx_word' id='word_1_212' title='bbox 1769 1855 2155 1908; x_wconf 84' lang='lat' dir='ltr'><strong>deseriminum</strong></span> <span class='ocrx_word' id='word_1_213' title='bbox 2188 1852 2433 1906; x_wconf 84' lang='lat' dir='ltr'><strong>turbines</strong></span> <span class='ocrx_word' id='word_1_214' title='bbox 2456 1853 2640 1920; x_wconf 80' lang='lat' dir='ltr'><strong>vigens</strong></span> <span class='ocrx_word' id='word_1_215' title='bbox 2701 1868 2915 1919; x_wconf 87' lang='lat' dir='ltr'><strong>semper</strong></span> <span class='ocrx_word' id='word_1_216' title='bbox 2984 1862 3039 1907; x_wconf 90' lang='lat' dir='ltr'><strong>et</strong></span> <span class='ocrx_word' id='word_1_217' title='bbox 3102 1855 3296 1916; x_wconf 90' lang='lat' dir='ltr'><strong>victor,</strong></span> <span class='ocrx_word' id='word_1_218' title='bbox 3361 1856 3675 1924; x_wconf 76' lang='lat' dir='ltr'><strong>exemplum</strong></span> 
     </span>
    </p>
   </div>
   <div class='ocr_carea' id='block_1_31' title="bbox 405 1945 3682 2018">
    <p class='ocr_par' dir='ltr' id='par_1_31' title="bbox 405 1945 3682 2018">
     <span class='ocr_line' id='line_1_31' title="bbox 405 1945 3682 2018; baseline 0 -17"><span class='ocrx_word' id='word_1_219' title='bbox 405 1947 613 2002; x_wconf 76' lang='lat' dir='ltr'><strong>eXSIitit</strong></span> <span class='ocrx_word' id='word_1_220' title='bbox 663 1963 678 2000; x_wconf 90' lang='lat'><strong>:</strong></span> <span class='ocrx_word' id='word_1_221' title='bbox 731 1946 809 2001; x_wconf 89' lang='lat' dir='ltr'><strong>uti</strong></span> <span class='ocrx_word' id='word_1_222' title='bbox 856 1954 1053 2015; x_wconf 52' lang='lat' dir='ltr'><strong>praeter</strong></span> <span class='ocrx_word' id='word_1_223' title='bbox 1107 1958 1297 2001; x_wconf 79' lang='lat' dir='ltr'><strong>caetera</strong></span> <span class='ocrx_word' id='word_1_224' title='bbox 1363 1965 1482 2018; x_wconf 77' lang='lat' dir='ltr'><strong>qua:</strong></span> <span class='ocrx_word' id='word_1_225' title='bbox 1530 1949 1832 2012; x_wconf 82' lang='lat' dir='ltr'><strong>retulimus,</strong></span> <span class='ocrx_word' id='word_1_226' title='bbox 1875 1948 1976 2001; x_wconf 89' lang='lat' dir='ltr'><strong>hoc</strong></span> <span class='ocrx_word' id='word_1_227' title='bbox 2006 1945 2408 2016; x_wconf 48' lang='lat' dir='ltr'><strong>quoque,quo.l</strong></span> <span class='ocrx_word' id='word_1_228' title='bbox 2444 1960 2666 1998; x_wconf 88' lang='lat' dir='ltr'><strong>narrare</strong></span> <span class='ocrx_word' id='word_1_229' title='bbox 2702 1961 2843 1998; x_wconf 90' lang='lat' dir='ltr'><strong>nunc</strong></span> <span class='ocrx_word' id='word_1_230' title='bbox 2910 1955 3144 2014; x_wconf 80' lang='lat' dir='ltr'><strong>oportet,</strong></span> <span class='ocrx_word' id='word_1_231' title='bbox 3210 1962 3363 2001; x_wconf 74' lang='lat' dir='ltr'><strong>nova:</strong></span> <span class='ocrx_word' id='word_1_232' title='bbox 3429 1949 3682 2018; x_wconf 78' lang='lat' dir='ltr'><strong>conjura‘</strong></span> 
     </span>
    </p>
   </div>
   <div class='ocr_carea' id='block_1_32' title="bbox 399 2040 3396 2112">
    <p class='ocr_par' dir='ltr' id='par_1_32' title="bbox 399 2040 3396 2112">
     <span class='ocr_line' id='line_1_32' title="bbox 399 2040 3396 2112; baseline -0 -16"><span class='ocrx_word' id='word_1_233' title='bbox 399 2043 570 2100; x_wconf 85' lang='lat' dir='ltr'><strong>ttonis</strong></span> <span class='ocrx_word' id='word_1_234' title='bbox 615 2043 667 2097; x_wconf 92' lang='lat' dir='ltr'><strong>in</strong></span> <span class='ocrx_word' id='word_1_235' title='bbox 711 2057 833 2096; x_wconf 90' lang='lat' dir='ltr'><strong>eum</strong></span> <span class='ocrx_word' id='word_1_236' title='bbox 868 2041 1074 2098; x_wconf 81' lang='lat' dir='ltr'><strong>nefarie</strong></span> <span class='ocrx_word' id='word_1_237' title='bbox 1112 2042 1376 2108; x_wconf 70' lang='lat' dir='ltr'><strong>conflatm,</strong></span> <span class='ocrx_word' id='word_1_238' title='bbox 1437 2045 1504 2097; x_wconf 87' lang='lat' dir='ltr'><strong>ab</strong></span> <span class='ocrx_word' id='word_1_239' title='bbox 1562 2058 1626 2098; x_wconf 86' lang='lat' dir='ltr'><strong>eo</strong></span> <span class='ocrx_word' id='word_1_240' title='bbox 1689 2043 1980 2112; x_wconf 88' lang='lat' dir='ltr'><strong>prudenter</strong></span> <span class='ocrx_word' id='word_1_241' title='bbox 2020 2041 2342 2110; x_wconf 79' lang='lat' dir='ltr'><strong>fortiterque</strong></span> <span class='ocrx_word' id='word_1_242' title='bbox 2376 2040 2659 2092; x_wconf 61' lang='lat' dir='ltr'><strong>declinata!</strong></span> <span class='ocrx_word' id='word_1_243' title='bbox 2690 2040 3076 2094; x_wconf 86' lang='lat' dir='ltr'><strong>documentum</strong></span> <span class='ocrx_word' id='word_1_244' title='bbox 3109 2051 3396 2096; x_wconf 85' lang='lat' dir='ltr'><strong>monstrat.</strong></span> 
     </span>
    </p>
   </div>
   <div class='ocr_carea' id='block_1_33' title="bbox 476 2130 1972 2205">
    <p class='ocr_par' dir='ltr' id='par_1_33' title="bbox 476 2130 1972 2205">
     <span class='ocr_line' id='line_1_33' title="bbox 476 2130 1972 2205; baseline -0.001 -17"><span class='ocrx_word' id='word_1_245' title='bbox 476 2136 754 2204; x_wconf 73' lang='grc' dir='ltr'>Τέσσαρτς</span> <span class='ocrx_word' id='word_1_246' title='bbox 822 2134 920 2203; x_wconf 80' lang='grc' dir='ltr'><strong>μὲν</strong></span> <span class='ocrx_word' id='word_1_247' title='bbox 962 2130 1100 2205; x_wconf 81' lang='grc' dir='ltr'>ἦσαν</span> <span class='ocrx_word' id='word_1_248' title='bbox 1132 2136 1181 2187; x_wconf 83' lang='lat' dir='ltr'><strong>oi</strong></span> <span class='ocrx_word' id='word_1_249' title='bbox 1212 2133 1526 2202; x_wconf 82' lang='grc' dir='ltr'>ξύμπαντες</span> <span class='ocrx_word' id='word_1_250' title='bbox 1558 2137 1608 2187; x_wconf 83' lang='grc' dir='ltr'>οἱ</span> <span class='ocrx_word' id='word_1_251' title='bbox 1637 2136 1733 2204; x_wconf 84' lang='grc' dir='ltr'><strong>τῆς</strong></span> <span class='ocrx_word' id='word_1_252' title='bbox 1777 2134 1972 2204; x_wconf 83' lang='grc' dir='ltr'>βουλῆς</span> 
     </span>
    </p>
   </div>
   <div class='ocr_carea' id='block_1_34' title="bbox 2076 2130 3671 2205">
    <p class='ocr_par' dir='ltr' id='par_1_34' title="bbox 2153 2130 3671 2200">
     <span class='ocr_line' id='line_1_34' title="bbox 2153 2130 3671 2200; baseline 0.005 -16"><span class='ocrx_word' id='word_1_253' title='bbox 2153 2131 2279 2200; x_wconf 85' lang='lat' dir='ltr'><strong>Ejus</strong></span> <span class='ocrx_word' id='word_1_254' title='bbox 2303 2140 2560 2184; x_wconf 86' lang='lat' dir='ltr'><strong>auctores</strong></span> <span class='ocrx_word' id='word_1_255' title='bbox 2591 2130 2740 2183; x_wconf 82' lang='lat' dir='ltr'><strong>fuere</strong></span> <span class='ocrx_word' id='word_1_256' title='bbox 2775 2131 2971 2184; x_wconf 85' lang='lat' dir='ltr'><strong>fratres</strong></span> <span class='ocrx_word' id='word_1_257' title='bbox 3006 2140 3238 2200; x_wconf 87' lang='lat' dir='ltr'><strong>quatuor</strong></span> <span class='ocrx_word' id='word_1_258' title='bbox 3265 2137 3541 2189; x_wconf 85' lang='lat' dir='ltr'><strong>communi</strong></span> <span class='ocrx_word' id='word_1_259' title='bbox 3574 2153 3671 2192; x_wconf 86' lang='lat' dir='ltr'><strong>co~</strong></span> 
     </span>
    </p>
   </div>
   <div class='ocr_carea' id='block_1_35' title="bbox 400 2224 1979 2296">
    <p class='ocr_par' dir='ltr' id='par_1_35' title="bbox 400 2224 1979 2296">
     <span class='ocr_line' id='line_1_35' title="bbox 400 2224 1979 2296; baseline -0.004 -14"><span class='ocrx_word' id='word_1_260' title='bbox 400 2227 834 2296; x_wconf 70' lang='grc' dir='ltr'>καταρχόμενοι,</span> <span class='ocrx_word' id='word_1_261' title='bbox 900 2224 1194 2292; x_wconf 52' lang='grc' dir='ltr'>’Δνερςὰδες</span> <span class='ocrx_word' id='word_1_262' title='bbox 1233 2224 1308 2293; x_wconf 85' lang='grc'><strong>(9)</strong></span> <span class='ocrx_word' id='word_1_263' title='bbox 1363 2224 1461 2293; x_wconf 78' lang='grc' dir='ltr'><strong>τὴν</strong></span> <span class='ocrx_word' id='word_1_264' title='bbox 1511 2224 1979 2293; x_wconf 76' lang='grc' dir='ltr'>ὲπωνυμίαν,τὰς</span> 
     </span>
    </p>
   </div>
   <div class='ocr_carea' id='block_1_36' title="bbox 395 2315 1983 2389">
    <p class='ocr_par' dir='ltr' id='par_1_36' title="bbox 395 2315 1983 2389">
     <span class='ocr_line' id='line_1_36' title="bbox 395 2315 1983 2389; baseline -0.004 -17"><span class='ocrx_word' id='word_1_265' title='bbox 395 2320 627 2389; x_wconf 81' lang='grc' dir='ltr'>κλήσεις</span> <span class='ocrx_word' id='word_1_266' title='bbox 656 2319 682 2370; x_wconf 97' lang='lat'><strong>6</strong></span> <span class='ocrx_word' id='word_1_267' title='bbox 718 2316 816 2386; x_wconf 80' lang='grc' dir='ltr'><strong>μὲν</strong></span> <span class='ocrx_word' id='word_1_268' title='bbox 864 2316 1106 2386; x_wconf 78' lang='grc' dir='ltr'>Μιχαὴλ,</span> <span class='ocrx_word' id='word_1_269' title='bbox 1131 2317 1158 2369; x_wconf 94' lang='lat'><strong>6</strong></span> <span class='ocrx_word' id='word_1_270' title='bbox 1193 2315 1251 2368; x_wconf 84' lang='grc' dir='ltr'><strong>δὲ</strong></span> <span class='ocrx_word' id='word_1_271' title='bbox 1281 2316 1435 2368; x_wconf 82' lang='grc' dir='ltr'>Λέων</span> <span class='ocrx_word' id='word_1_272' title='bbox 1485 2318 1512 2368; x_wconf 86' lang='grc' dir='ltr'><strong>ό</strong></span> <span class='ocrx_word' id='word_1_273' title='bbox 1553 2316 1742 2386; x_wconf 76' lang='grc' dir='ltr'>ἕτερος</span> <span class='ocrx_word' id='word_1_274' title='bbox 1765 2317 1792 2366; x_wconf 89' lang='lat'><strong>6</strong></span> <span class='ocrx_word' id='word_1_275' title='bbox 1823 2315 1983 2374; x_wconf 87' lang='grc' dir='ltr'>ἄλλος</span> 
     </span>
    </p>
   </div>
   <div class='ocr_carea' id='block_1_37' title="bbox 404 2403 1980 2482">
    <p class='ocr_par' dir='ltr' id='par_1_37' title="bbox 404 2403 1980 2482">
     <span class='ocr_line' id='line_1_37' title="bbox 404 2403 1980 2482; baseline -0.005 -16"><span class='ocrx_word' id='word_1_276' title='bbox 404 2409 865 2482; x_wconf 77' lang='grc' dir='ltr'>προσηγορεύετο.</span> <span class='ocrx_word' id='word_1_277' title='bbox 929 2407 1179 2476; x_wconf 74' lang='grc' dir='ltr'>Ἀδελφοὶ</span> <span class='ocrx_word' id='word_1_278' title='bbox 1231 2407 1274 2460; x_wconf 85' lang='grc' dir='ltr'><strong>δ’</strong></span> <span class='ocrx_word' id='word_1_279' title='bbox 1306 2403 1450 2477; x_wconf 83' lang='grc' dir='ltr'>ἦσαν</span> <span class='ocrx_word' id='word_1_280' title='bbox 1501 2407 1597 2459; x_wconf 74' lang='grc' dir='ltr'><strong>καὶ</strong></span> <span class='ocrx_word' id='word_1_281' title='bbox 1648 2407 1718 2458; x_wconf 77' lang='grc' dir='ltr'>τὰ</span> <span class='ocrx_word' id='word_1_282' title='bbox 1751 2406 1980 2476; x_wconf 84' lang='grc' dir='ltr'>σώματα</span> 
     </span>
    </p>
   </div>
   <div class='ocr_carea' id='block_1_38' title="bbox 403 2497 1976 2572">
    <p class='ocr_par' dir='ltr' id='par_1_38' title="bbox 403 2497 1976 2572">
     <span class='ocr_line' id='line_1_38' title="bbox 403 2497 1976 2572; baseline -0.002 -19"><span class='ocrx_word' id='word_1_283' title='bbox 403 2501 684 2572; x_wconf 82' lang='grc' dir='ltr'>πρότεροι,</span> <span class='ocrx_word' id='word_1_284' title='bbox 742 2501 833 2552; x_wconf 72' lang='grc' dir='ltr'><strong>καὶ</strong></span> <span class='ocrx_word' id='word_1_285' title='bbox 900 2501 1023 2551; x_wconf 86' lang='grc' dir='ltr'>τότε</span> <span class='ocrx_word' id='word_1_286' title='bbox 1065 2498 1164 2569; x_wconf 82' lang='grc' dir='ltr'>τὴν</span> <span class='ocrx_word' id='word_1_287' title='bbox 1221 2497 1470 2566; x_wconf 82' lang='grc' dir='ltr'><strong>γνώμην,</strong></span> <span class='ocrx_word' id='word_1_288' title='bbox 1523 2499 1604 2559; x_wconf 83' lang='grc' dir='ltr'><strong>είς</strong></span> <span class='ocrx_word' id='word_1_289' title='bbox 1669 2498 1839 2550; x_wconf 85' lang='grc' dir='ltr'>ταυτὸ</span> <span class='ocrx_word' id='word_1_290' title='bbox 1868 2497 1976 2567; x_wconf 81' lang='grc' dir='ltr'>γὰρ</span> 
     </span>
    </p>
   </div>
   <div class='ocr_carea' id='block_1_39' title="bbox 398 2589 1978 2662">
    <p class='ocr_par' dir='ltr' id='par_1_39' title="bbox 398 2589 1978 2662">
     <span class='ocr_line' id='line_1_39' title="bbox 398 2589 1978 2662; baseline -0.003 -15"><span class='ocrx_word' id='word_1_291' title='bbox 398 2595 641 2656; x_wconf 73' lang='grc' dir='ltr'>ἅπαντες</span> <span class='ocrx_word' id='word_1_292' title='bbox 675 2592 1111 2662; x_wconf 80' lang='grc' dir='ltr'>συνεφρόνησαν,</span> <span class='ocrx_word' id='word_1_293' title='bbox 1151 2590 1475 2646; x_wconf 80' lang='grc' dir='ltr'>ἀποκτεῖναί</span> <span class='ocrx_word' id='word_1_294' title='bbox 1505 2607 1564 2642; x_wconf 89' lang='grc' dir='ltr'><strong>τε</strong></span> <span class='ocrx_word' id='word_1_295' title='bbox 1583 2590 1675 2642; x_wconf 83' lang='grc' dir='ltr'><strong>τὸν</strong></span> <span class='ocrx_word' id='word_1_296' title='bbox 1702 2589 1978 2660; x_wconf 80' lang='grc' dir='ltr'>αὐτοκρά-</span> 
     </span>
    </p>
   </div>
   <div class='ocr_carea' id='block_1_40' title="bbox 409 2683 1976 2755">
    <p class='ocr_par' dir='ltr' id='par_1_40' title="bbox 409 2683 1976 2755">
     <span class='ocr_line' id='line_1_40' title="bbox 409 2683 1976 2755; baseline -0.001 -17"><span class='ocrx_word' id='word_1_297' title='bbox 409 2704 537 2755; x_wconf 83' lang='grc' dir='ltr'>τορα</span> <span class='ocrx_word' id='word_1_298' title='bbox 594 2687 684 2738; x_wconf 77' lang='grc' dir='ltr'><strong>καὶ</strong></span> <span class='ocrx_word' id='word_1_299' title='bbox 743 2685 853 2737; x_wconf 83' lang='grc' dir='ltr'><strong>τῶν</strong></span> <span class='ocrx_word' id='word_1_300' title='bbox 905 2684 1204 2754; x_wconf 78' lang='grc' dir='ltr'>βασιλικῶν</span> <span class='ocrx_word' id='word_1_301' title='bbox 1258 2683 1624 2752; x_wconf 68' lang='grc' dir='ltr'><strong>ἐπιλήψεσθαι</strong></span> <span class='ocrx_word' id='word_1_302' title='bbox 1659 2684 1976 2750; x_wconf 82' lang='grc' dir='ltr'>σκήπτρων.</span> 
     </span>
    </p>
   </div>
   <div class='ocr_carea' id='block_1_41' title="bbox 403 2774 1983 2848">
    <p class='ocr_par' dir='ltr' id='par_1_41' title="bbox 403 2774 1983 2848">
     <span class='ocr_line' id='line_1_41' title="bbox 403 2774 1983 2848; baseline -0.001 -19"><span class='ocrx_word' id='word_1_303' title='bbox 403 2778 793 2848; x_wconf 77' lang='grc' dir='ltr'>Συνυπήγοντο</span> <span class='ocrx_word' id='word_1_304' title='bbox 823 2777 879 2830; x_wconf 85' lang='grc' dir='ltr'><strong>δὲ</strong></span> <span class='ocrx_word' id='word_1_305' title='bbox 910 2778 1092 2840; x_wconf 78' lang='grc' dir='ltr'>αὐτοῖς</span> <span class='ocrx_word' id='word_1_306' title='bbox 1161 2777 1254 2829; x_wconf 81' lang='grc' dir='ltr'><strong>καὶ</strong></span> <span class='ocrx_word' id='word_1_307' title='bbox 1296 2776 1476 2845; x_wconf 77' lang='grc' dir='ltr'>ἕτεροι</span> <span class='ocrx_word' id='word_1_308' title='bbox 1506 2775 1613 2826; x_wconf 81' lang='grc' dir='ltr'><strong>τῶν</strong></span> <span class='ocrx_word' id='word_1_309' title='bbox 1644 2774 1900 2841; x_wconf 67' lang='grc' dir='ltr'>εὐγενῶν,</span> <span class='ocrx_word' id='word_1_310' title='bbox 1929 2775 1983 2827; x_wconf 80' lang='grc' dir='ltr'><strong>οἵ</strong></span> 
     </span>
    </p>
   </div>
   <div class='ocr_carea' id='block_1_42' title="bbox 407 2865 1978 2940">
    <p class='ocr_par' dir='ltr' id='par_1_42' title="bbox 407 2865 1978 2940">
     <span class='ocr_line' id='line_1_42' title="bbox 407 2865 1978 2940; baseline -0.003 -18"><span class='ocrx_word' id='word_1_311' title='bbox 407 2887 459 2922; x_wconf 81' lang='grc' dir='ltr'><strong>τε</strong></span> <span class='ocrx_word' id='word_1_312' title='bbox 501 2870 762 2940; x_wconf 84' lang='grc' dir='ltr'>Ἀντίοχοι</span> <span class='ocrx_word' id='word_1_313' title='bbox 797 2871 990 2937; x_wconf 84' lang='grc' dir='ltr'>γένους</span> <span class='ocrx_word' id='word_1_314' title='bbox 1013 2868 1166 2930; x_wconf 79' lang='grc' dir='ltr'>ὄντες</span> <span class='ocrx_word' id='word_1_315' title='bbox 1195 2865 1555 2939; x_wconf 81' lang='grc' dir='ltr'>περιφανοῦς,</span> <span class='ocrx_word' id='word_1_316' title='bbox 1593 2867 1686 2918; x_wconf 85' lang='grc' dir='ltr'><strong>καὶ</strong></span> <span class='ocrx_word' id='word_1_317' title='bbox 1717 2868 1762 2918; x_wconf 80' lang='lat' dir='ltr'><strong>oi</strong></span> <span class='ocrx_word' id='word_1_318' title='bbox 1820 2867 1978 2933; x_wconf 80' lang='grc' dir='ltr'>Ἐξαο</span> 
     </span>
    </p>
   </div>
   <div class='ocr_carea' id='block_1_43' title="bbox 402 2958 1978 3033">
    <p class='ocr_par' dir='ltr' id='par_1_43' title="bbox 402 2958 1978 3033">
     <span class='ocr_line' id='line_1_43' title="bbox 402 2958 1978 3033; baseline -0.004 -18"><span class='ocrx_word' id='word_1_319' title='bbox 402 2963 549 3032; x_wconf 64' lang='lat' dir='ltr'><strong>{moi</strong></span> <span class='ocrx_word' id='word_1_320' title='bbox 580 2962 931 3033; x_wconf 78' lang='grc' dir='ltr'>καλούμενοι,</span> <span class='ocrx_word' id='word_1_321' title='bbox 961 2963 989 3015; x_wconf 83' lang='grc' dir='ltr'><strong>ὃ</strong></span> <span class='ocrx_word' id='word_1_322' title='bbox 1015 2979 1071 3014; x_wconf 91' lang='grc' dir='ltr'><strong>τε</strong></span> <span class='ocrx_word' id='word_1_323' title='bbox 1102 2961 1309 3022; x_wconf 88' lang='grc' dir='ltr'>Δούκας</span> <span class='ocrx_word' id='word_1_324' title='bbox 1341 2960 1434 3013; x_wconf 77' lang='grc' dir='ltr'><strong>καὶ</strong></span> <span class='ocrx_word' id='word_1_325' title='bbox 1457 2962 1483 3012; x_wconf 89' lang='grc' dir='ltr'>ὁ</span> <span class='ocrx_word' id='word_1_326' title='bbox 1518 2959 1762 3022; x_wconf 80' lang='grc' dir='ltr'>’Υελέας,</span> <span class='ocrx_word' id='word_1_327' title='bbox 1789 2958 1978 3028; x_wconf 84' lang='grc' dir='ltr'>ἄνδρες</span> 
     </span>
    </p>
   </div>
   <div class='ocr_carea' id='block_1_44' title="bbox 401 3050 1979 3123">
    <p class='ocr_par' dir='ltr' id='par_1_44' title="bbox 401 3050 1979 3123">
     <span class='ocr_line' id='line_1_44' title="bbox 401 3050 1979 3123; baseline -0.004 -17"><span class='ocrx_word' id='word_1_328' title='bbox 401 3054 757 3123; x_wconf 77' lang='grc' dir='ltr'>ὲκθυμότατοι</span> <span class='ocrx_word' id='word_1_329' title='bbox 789 3054 897 3106; x_wconf 78' lang='grc' dir='ltr'><strong>τῶν</strong></span> <span class='ocrx_word' id='word_1_330' title='bbox 933 3053 1154 3106; x_wconf 86' lang='grc' dir='ltr'>πώποτε</span> <span class='ocrx_word' id='word_1_331' title='bbox 1190 3050 1580 3120; x_wconf 80' lang='grc' dir='ltr'>γεγενημένων</span> <span class='ocrx_word' id='word_1_332' title='bbox 1626 3051 1762 3118; x_wconf 83' lang='grc' dir='ltr'>πρὸς</span> <span class='ocrx_word' id='word_1_333' title='bbox 1800 3051 1979 3119; x_wconf 81' lang='grc' dir='ltr'>μάχας</span> 
     </span>
    </p>
   </div>
   <div class='ocr_carea' id='block_1_45' title="bbox 401 3143 1977 3216">
    <p class='ocr_par' dir='ltr' id='par_1_45' title="bbox 401 3143 1977 3216">
     <span class='ocr_line' id='line_1_45' title="bbox 401 3143 1977 3216; baseline -0.003 -18"><span class='ocrx_word' id='word_1_334' title='bbox 401 3148 537 3216; x_wconf 76' lang='grc' dir='ltr'>πρὸς</span> <span class='ocrx_word' id='word_1_335' title='bbox 576 3148 633 3200; x_wconf 84' lang='grc' dir='ltr'><strong>δὲ</strong></span> <span class='ocrx_word' id='word_1_336' title='bbox 679 3147 772 3200; x_wconf 79' lang='grc' dir='ltr'>καὶ</span> <span class='ocrx_word' id='word_1_337' title='bbox 822 3147 1066 3215; x_wconf 78' lang='grc' dir='ltr'>Νικήτας</span> <span class='ocrx_word' id='word_1_338' title='bbox 1101 3146 1128 3197; x_wconf 92' lang='lat'><strong>6</strong></span> <span class='ocrx_word' id='word_1_339' title='bbox 1160 3144 1586 3213; x_wconf 79' lang='grc' dir='ltr'>Κασταμονὶτης</span> <span class='ocrx_word' id='word_1_340' title='bbox 1650 3143 1744 3196; x_wconf 74' lang='grc' dir='ltr'><strong>καὶ</strong></span> <span class='ocrx_word' id='word_1_341' title='bbox 1796 3144 1977 3212; x_wconf 88' lang='grc' dir='ltr'>Κουρ-</span> 
     </span>
    </p>
   </div>
   <div class='ocr_carea' id='block_1_46' title="bbox 401 3228 1978 3305">
    <p class='ocr_par' dir='ltr' id='par_1_46' title="bbox 401 3228 1978 3305">
     <span class='ocr_line' id='line_1_46' title="bbox 401 3228 1978 3305; baseline -0.003 -15"><span class='ocrx_word' id='word_1_342' title='bbox 401 3240 567 3302; x_wconf 82' lang='grc' dir='ltr'>τικίος</span> <span class='ocrx_word' id='word_1_343' title='bbox 614 3257 721 3302; x_wconf 86' lang='grc' dir='ltr'>τις,</span> <span class='ocrx_word' id='word_1_344' title='bbox 781 3240 874 3292; x_wconf 73' lang='grc' dir='ltr'><strong>καὶ</strong></span> <span class='ocrx_word' id='word_1_345' title='bbox 904 3241 930 3291; x_wconf 83' lang='grc' dir='ltr'>ὁ</span> <span class='ocrx_word' id='word_1_346' title='bbox 955 3237 1282 3299; x_wconf 84' lang='grc' dir='ltr'>Βασιλάκιος</span> <span class='ocrx_word' id='word_1_347' title='bbox 1339 3235 1632 3305; x_wconf 76' lang='grc' dir='ltr'>Γεώργιος.</span> <span class='ocrx_word' id='word_1_348' title='bbox 1695 3228 1850 3287; x_wconf 60' lang='grc' dir='ltr'>Οὗτοι</span> <span class='ocrx_word' id='word_1_349' title='bbox 1879 3234 1978 3304; x_wconf 77' lang='grc' dir='ltr'>μὲν</span> 
     </span>
    </p>
   </div>
   <div class='ocr_carea' id='block_1_47' title="bbox 400 3326 1976 3401">
    <p class='ocr_par' dir='ltr' id='par_1_47' title="bbox 400 3326 1976 3401">
     <span class='ocr_line' id='line_1_47' title="bbox 400 3326 1976 3401; baseline -0.002 -21"><span class='ocrx_word' id='word_1_350' title='bbox 400 3327 493 3383; x_wconf 79' lang='grc' dir='ltr'><strong>οὖν</strong></span> <span class='ocrx_word' id='word_1_351' title='bbox 521 3326 660 3401; x_wconf 78' lang='grc' dir='ltr'>ἦσαν</span> <span class='ocrx_word' id='word_1_352' title='bbox 689 3331 784 3382; x_wconf 77' lang='grc' dir='ltr'>τοῦ</span> <span class='ocrx_word' id='word_1_353' title='bbox 813 3329 1210 3400; x_wconf 75' lang='grc' dir='ltr'>στρατιωτικοῦ</span> <span class='ocrx_word' id='word_1_354' title='bbox 1238 3329 1541 3394; x_wconf 82' lang='grc' dir='ltr'>καταλόγου</span> <span class='ocrx_word' id='word_1_355' title='bbox 1575 3326 1976 3396; x_wconf 81' lang='grc' dir='ltr'>πρωτεύοντες,</span> 
     </span>
    </p>
   </div>
   <div class='ocr_carea' id='block_1_48' title="bbox 401 3419 1978 3492">
    <p class='ocr_par' dir='ltr' id='par_1_48' title="bbox 401 3419 1978 3492">
     <span class='ocr_line' id='line_1_48' title="bbox 401 3419 1978 3492; baseline 0.001 -19"><span class='ocrx_word' id='word_1_356' title='bbox 401 3423 493 3490; x_wconf 77' lang='grc' dir='ltr'>τῆς</span> <span class='ocrx_word' id='word_1_357' title='bbox 520 3422 576 3475; x_wconf 82' lang='grc' dir='ltr'>δέ</span> <span class='ocrx_word' id='word_1_358' title='bbox 609 3439 674 3490; x_wconf 88' lang='grc' dir='ltr'><strong>γε</strong></span> <span class='ocrx_word' id='word_1_359' title='bbox 738 3421 1068 3492; x_wconf 84' lang='grc' dir='ltr'>συγκλήτου,</span> <span class='ocrx_word' id='word_1_360' title='bbox 1129 3423 1158 3472; x_wconf 92' lang='lat'><strong>6</strong></span> <span class='ocrx_word' id='word_1_361' title='bbox 1205 3420 1456 3489; x_wconf 82' lang='grc' dir='ltr'>Σολομῶν</span> <span class='ocrx_word' id='word_1_362' title='bbox 1490 3419 1766 3488; x_wconf 83' lang='grc' dir='ltr'>Ἰωάννης,</span> <span class='ocrx_word' id='word_1_363' title='bbox 1803 3421 1860 3472; x_wconf 84' lang='grc' dir='ltr'>ὃν</span> <span class='ocrx_word' id='word_1_364' title='bbox 1889 3421 1978 3474; x_wconf 72' lang='grc' dir='ltr'><strong>διὰ</strong></span> 
     </span>
    </p>
   </div>
   <div class='ocr_carea' id='block_1_49' title="bbox 406 3511 1976 3582">
    <p class='ocr_par' dir='ltr' id='par_1_49' title="bbox 406 3511 1976 3582">
     <span class='ocr_line' id='line_1_49' title="bbox 406 3511 1976 3582; baseline 0.001 -18"><span class='ocrx_word' id='word_1_365' title='bbox 406 3513 624 3568; x_wconf 82' lang='grc' dir='ltr'>πλούτου</span> <span class='ocrx_word' id='word_1_366' title='bbox 661 3514 982 3582; x_wconf 73' lang='grc' dir='ltr'>περιουσίαν</span> <span class='ocrx_word' id='word_1_367' title='bbox 1011 3515 1104 3566; x_wconf 74' lang='grc' dir='ltr'><strong>καὶ</strong></span> <span class='ocrx_word' id='word_1_368' title='bbox 1127 3513 1315 3581; x_wconf 78' lang='grc' dir='ltr'>γένους</span> <span class='ocrx_word' id='word_1_369' title='bbox 1350 3512 1712 3582; x_wconf 78' lang='grc' dir='ltr'>λαμπρότητα</span> <span class='ocrx_word' id='word_1_370' title='bbox 1747 3511 1976 3581; x_wconf 84' lang='grc' dir='ltr'>βασιλέα</span> 
     </span>
    </p>
   </div>
   <div class='ocr_carea' id='block_1_50' title="bbox 399 3602 1975 3674">
    <p class='ocr_par' dir='ltr' id='par_1_50' title="bbox 399 3602 1975 3674">
     <span class='ocr_line' id='line_1_50' title="bbox 399 3602 1975 3674; baseline -0.001 -18"><span class='ocrx_word' id='word_1_371' title='bbox 399 3606 603 3674; x_wconf 75' lang='grc' dir='ltr'>χρίσειν</span> <span class='ocrx_word' id='word_1_372' title='bbox 631 3607 658 3657; x_wconf 90' lang='lat'><strong>6</strong></span> <span class='ocrx_word' id='word_1_373' title='bbox 695 3603 916 3674; x_wconf 82' lang='grc' dir='ltr'>Μιχαὴλ</span> <span class='ocrx_word' id='word_1_374' title='bbox 939 3605 1033 3658; x_wconf 68' lang='grc' dir='ltr'><strong>καὶ</strong></span> <span class='ocrx_word' id='word_1_375' title='bbox 1049 3605 1095 3636; x_wconf 81' lang='grc'><strong>⁸⁷</strong></span> <span class='ocrx_word' id='word_1_376' title='bbox 1146 3604 1462 3672; x_wconf 79' lang='grc' dir='ltr'>Κορυφαῖος</span> <span class='ocrx_word' id='word_1_377' title='bbox 1509 3602 1604 3671; x_wconf 78' lang='grc' dir='ltr'>τῆς</span> <span class='ocrx_word' id='word_1_378' title='bbox 1645 3605 1975 3672; x_wconf 84' lang='grc' dir='ltr'>τετρακτύος</span> 
     </span>
    </p>
   </div>
   <div class='ocr_carea' id='block_1_51' title="bbox 403 3676 1975 3764">
    <p class='ocr_par' dir='ltr' id='par_1_51' title="bbox 403 3676 1975 3764">
     <span class='ocr_line' id='line_1_51' title="bbox 403 3676 1975 3764; baseline 0 -17"><span class='ocrx_word' id='word_1_379' title='bbox 403 3697 500 3747; x_wconf 76' lang='grc' dir='ltr'><strong>τῶν</strong></span> <span class='ocrx_word' id='word_1_380' title='bbox 534 3696 846 3764; x_wconf 80' lang='grc' dir='ltr'>’Λνεμάδων</span> <span class='ocrx_word' id='word_1_381' title='bbox 880 3676 1356 3764; x_wconf 74' lang='grc' dir='ltr'>σχηματιζόμενος</span> <span class='ocrx_word' id='word_1_382' title='bbox 1391 3693 1781 3762; x_wconf 77' lang='grc' dir='ltr'>ἐπηγγέλλετο.</span> <span class='ocrx_word' id='word_1_383' title='bbox 1826 3693 1884 3746; x_wconf 83' lang='grc' dir='ltr'>Ὀ</span> <span class='ocrx_word' id='word_1_384' title='bbox 1919 3694 1975 3747; x_wconf 81' lang='grc' dir='ltr'><strong>δὲ</strong></span> 
     </span>
    </p>
   </div>
   <div class='ocr_carea' id='block_1_52' title="bbox 394 3780 1974 3857">
    <p class='ocr_par' dir='ltr' id='par_1_52' title="bbox 394 3780 1974 3857">
     <span class='ocr_line' id='line_1_52' title="bbox 394 3780 1974 3857; baseline -0.009 -18"><span class='ocrx_word' id='word_1_385' title='bbox 394 3788 456 3857; x_wconf 68' lang='grc' dir='ltr'>δὴ</span> <span class='ocrx_word' id='word_1_386' title='bbox 481 3787 526 3818; x_wconf 83' lang='grc'><strong>⁵⁸</strong></span> <span class='ocrx_word' id='word_1_387' title='bbox 553 3785 808 3856; x_wconf 85' lang='grc' dir='ltr'>Σολομῶν</span> <span class='ocrx_word' id='word_1_388' title='bbox 833 3780 986 3847; x_wconf 78' lang='grc' dir='ltr'>οὗτος</span> <span class='ocrx_word' id='word_1_389' title='bbox 1010 3785 1110 3852; x_wconf 83' lang='grc' dir='ltr'>τῆς</span> <span class='ocrx_word' id='word_1_390' title='bbox 1141 3783 1450 3852; x_wconf 83' lang='grc' dir='ltr'>συγκλήτου</span> <span class='ocrx_word' id='word_1_391' title='bbox 1471 3783 1698 3850; x_wconf 78' lang='grc' dir='ltr'>λογάὸος</span> <span class='ocrx_word' id='word_1_392' title='bbox 1729 3784 1794 3836; x_wconf 71' lang='grc' dir='ltr'><strong>τὰ</strong></span> <span class='ocrx_word' id='word_1_393' title='bbox 1825 3783 1974 3854; x_wconf 78' lang='grc' dir='ltr'>πρῶ.</span> 
     </span>
    </p>
   </div>
   <div class='ocr_carea' id='block_1_53' title="bbox 393 3875 1976 3950">
    <p class='ocr_par' dir='ltr' id='par_1_53' title="bbox 393 3875 1976 3950">
     <span class='ocr_line' id='line_1_53' title="bbox 393 3875 1976 3950; baseline -0.003 -18"><span class='ocrx_word' id='word_1_394' title='bbox 393 3897 462 3932; x_wconf 82' lang='grc' dir='ltr'><strong>τα</strong></span> <span class='ocrx_word' id='word_1_395' title='bbox 523 3879 731 3950; x_wconf 80' lang='grc' dir='ltr'>φέρων,</span> <span class='ocrx_word' id='word_1_396' title='bbox 787 3879 849 3930; x_wconf 83' lang='grc' dir='ltr'><strong>οὐ</strong></span> <span class='ocrx_word' id='word_1_397' title='bbox 912 3879 1073 3948; x_wconf 79' lang='grc' dir='ltr'>μόνον</span> <span class='ocrx_word' id='word_1_398' title='bbox 1131 3877 1239 3927; x_wconf 83' lang='grc' dir='ltr'>τῶν</span> <span class='ocrx_word' id='word_1_399' title='bbox 1299 3875 1497 3939; x_wconf 76' lang='grc' dir='ltr'>ἄλλων,</span> <span class='ocrx_word' id='word_1_400' title='bbox 1562 3875 1826 3927; x_wconf 70' lang='grc' dir='ltr'>ἀλλὰκαὶ</span> <span class='ocrx_word' id='word_1_401' title='bbox 1867 3875 1976 3928; x_wconf 83' lang='grc' dir='ltr'><strong>τῶν</strong></span> 
     </span>
    </p>
   </div>
   <div class='ocr_carea' id='block_1_54' title="bbox 396 3963 1969 4041">
    <p class='ocr_par' dir='ltr' id='par_1_54' title="bbox 396 3963 1969 4041">
     <span class='ocr_line' id='line_1_54' title="bbox 396 3963 1969 4041; baseline -0.005 -17"><span class='ocrx_word' id='word_1_402' title='bbox 396 3971 927 4041; x_wconf 79' lang='grc' dir='ltr'>ξυνεξηπατημὲνων</span> <span class='ocrx_word' id='word_1_403' title='bbox 961 3966 1135 4037; x_wconf 77' lang='grc' dir='ltr'>αὐτῷ,</span> <span class='ocrx_word' id='word_1_404' title='bbox 1174 3966 1382 4037; x_wconf 80' lang='grc' dir='ltr'>βραχὺς</span> <span class='ocrx_word' id='word_1_405' title='bbox 1424 3969 1522 4037; x_wconf 80' lang='grc' dir='ltr'>μὲν</span> <span class='ocrx_word' id='word_1_406' title='bbox 1565 3963 1632 4038; x_wconf 81' lang='grc' dir='ltr'>ἦν</span> <span class='ocrx_word' id='word_1_407' title='bbox 1661 3968 1727 4036; x_wconf 86' lang='grc' dir='ltr'>τῇ</span> <span class='ocrx_word' id='word_1_408' title='bbox 1757 3966 1969 4037; x_wconf 70' lang='grc' dir='ltr'>ἡλικίᾳ,</span> 
     </span>
    </p>
   </div>
   <div class='ocr_carea' id='block_1_55' title="bbox 396 4059 1975 4134">
    <p class='ocr_par' dir='ltr' id='par_1_55' title="bbox 396 4059 1975 4134">
     <span class='ocr_line' id='line_1_55' title="bbox 396 4059 1975 4134; baseline -0.005 -16"><span class='ocrx_word' id='word_1_409' title='bbox 396 4065 728 4134; x_wconf 66' lang='grc' dir='ltr'>κουφότατος</span> <span class='ocrx_word' id='word_1_410' title='bbox 756 4065 811 4116; x_wconf 81' lang='grc' dir='ltr'><strong>δὲ</strong></span> <span class='ocrx_word' id='word_1_411' title='bbox 845 4062 943 4132; x_wconf 81' lang='grc' dir='ltr'>τὴν</span> <span class='ocrx_word' id='word_1_412' title='bbox 971 4061 1215 4130; x_wconf 87' lang='grc' dir='ltr'>γνώμην,</span> <span class='ocrx_word' id='word_1_413' title='bbox 1268 4059 1722 4130; x_wconf 83' lang='grc' dir='ltr'>Ἀριστοτελικῶν</span> <span class='ocrx_word' id='word_1_414' title='bbox 1772 4077 1829 4111; x_wconf 87' lang='grc' dir='ltr'><strong>τε</strong></span> <span class='ocrx_word' id='word_1_415' title='bbox 1880 4059 1975 4111; x_wconf 78' lang='grc' dir='ltr'><strong>καὶ</strong></span> 
     </span>
    </p>
   </div>
   <div class='ocr_carea' id='block_1_56' title="bbox 397 4150 1973 4225">
    <p class='ocr_par' dir='ltr' id='par_1_56' title="bbox 397 4150 1973 4225">
     <span class='ocr_line' id='line_1_56' title="bbox 397 4150 1973 4225; baseline -0.001 -16"><span class='ocrx_word' id='word_1_416' title='bbox 397 4155 760 4210; x_wconf 82' lang='grc' dir='ltr'>Πλατωνικῶν</span> <span class='ocrx_word' id='word_1_417' title='bbox 789 4154 1134 4225; x_wconf 76' lang='grc' dir='ltr'>μαθημάτων</span> <span class='ocrx_word' id='word_1_418' title='bbox 1161 4151 1300 4222; x_wconf 75' lang='grc' dir='ltr'>ᾤετο</span> <span class='ocrx_word' id='word_1_419' title='bbox 1322 4154 1401 4216; x_wconf 85' lang='grc' dir='ltr'><strong>είς</strong></span> <span class='ocrx_word' id='word_1_420' title='bbox 1431 4153 1598 4221; x_wconf 76' lang='grc' dir='ltr'>ἄκρον</span> <span class='ocrx_word' id='word_1_421' title='bbox 1631 4150 1973 4222; x_wconf 75' lang='grc' dir='ltr'>ἐληλυθέναι.</span> 
     </span>
    </p>
   </div>
   <div class='ocr_carea' id='block_1_57' title="bbox 396 4242 1975 4319">
    <p class='ocr_par' dir='ltr' id='par_1_57' title="bbox 396 4242 1975 4319">
     <span class='ocr_line' id='line_1_57' title="bbox 396 4242 1975 4319; baseline -0.006 -17"><span class='ocrx_word' id='word_1_422' title='bbox 396 4251 468 4302; x_wconf 77' lang='grc' dir='ltr'><strong>Οὐ</strong></span> <span class='ocrx_word' id='word_1_423' title='bbox 511 4250 618 4319; x_wconf 81' lang='grc' dir='ltr'>μὴν</span> <span class='ocrx_word' id='word_1_424' title='bbox 651 4247 712 4302; x_wconf 81' lang='grc' dir='ltr'>εὖ</span> <span class='ocrx_word' id='word_1_425' title='bbox 751 4242 854 4319; x_wconf 79' lang='grc' dir='ltr'>ἧκε</span> <span class='ocrx_word' id='word_1_426' title='bbox 885 4247 980 4316; x_wconf 85' lang='grc' dir='ltr'>τῆς</span> <span class='ocrx_word' id='word_1_427' title='bbox 1011 4245 1305 4315; x_wconf 83' lang='grc' dir='ltr'>φιλοσόφου</span> <span class='ocrx_word' id='word_1_428' title='bbox 1333 4244 1617 4311; x_wconf 82' lang='grc' dir='ltr'>εἰδήσεως.</span> <span class='ocrx_word' id='word_1_429' title='bbox 1644 4243 1762 4296; x_wconf 86' lang='grc' dir='ltr'>ἀλλ’</span> <span class='ocrx_word' id='word_1_430' title='bbox 1823 4243 1975 4311; x_wconf 86' lang='grc' dir='ltr'>ὅμως</span> 
     </span>
    </p>
   </div>
   <div class='ocr_carea' id='block_1_58' title="bbox 395 4334 1972 4409">
    <p class='ocr_par' dir='ltr' id='par_1_58' title="bbox 395 4334 1972 4409">
     <span class='ocr_line' id='line_1_58' title="bbox 395 4334 1972 4409; baseline -0.004 -17"><span class='ocrx_word' id='word_1_431' title='bbox 395 4342 705 4409; x_wconf 79' lang='grc' dir='ltr'>ὲτετύφωτο</span> <span class='ocrx_word' id='word_1_432' title='bbox 736 4340 825 4392; x_wconf 79' lang='grc' dir='ltr'>διὰ</span> <span class='ocrx_word' id='word_1_433' title='bbox 868 4338 1195 4408; x_wconf 85' lang='grc' dir='ltr'>περιουσίαν</span> <span class='ocrx_word' id='word_1_434' title='bbox 1236 4337 1592 4406; x_wconf 69' lang='grc' dir='ltr'>κουφότητος,</span> <span class='ocrx_word' id='word_1_435' title='bbox 1620 4334 1805 4387; x_wconf 71' lang='grc' dir='ltr'>λοιπὸν</span> <span class='ocrx_word' id='word_1_436' title='bbox 1837 4334 1972 4402; x_wconf 83' lang='grc' dir='ltr'>πρὸς</span> 
     </span>
    </p>
   </div>
   <div class='ocr_carea' id='block_1_59' title="bbox 399 4424 1976 4501">
    <p class='ocr_par' dir='ltr' id='par_1_59' title="bbox 399 4424 1976 4501">
     <span class='ocr_line' id='line_1_59' title="bbox 399 4424 1976 4501; baseline -0.005 -18"><span class='ocrx_word' id='word_1_437' title='bbox 399 4433 492 4499; x_wconf 83' lang='grc' dir='ltr'><strong>τὴν</strong></span> <span class='ocrx_word' id='word_1_438' title='bbox 546 4431 830 4501; x_wconf 78' lang='grc' dir='ltr'>βασιλείαν</span> <span class='ocrx_word' id='word_1_439' title='bbox 881 4429 1024 4491; x_wconf 80' lang='grc' dir='ltr'>ὅλοις</span> <span class='ocrx_word' id='word_1_440' title='bbox 1062 4429 1258 4490; x_wconf 78' lang='grc' dir='ltr'>ἱστίοις</span> <span class='ocrx_word' id='word_1_441' title='bbox 1286 4429 1542 4492; x_wconf 83' lang='grc' dir='ltr'>ἁπένευε,</span> <span class='ocrx_word' id='word_1_442' title='bbox 1577 4426 1832 4494; x_wconf 85' lang='grc' dir='ltr'>καθάπερ</span> <span class='ocrx_word' id='word_1_443' title='bbox 1871 4424 1976 4476; x_wconf 77' lang='grc' dir='ltr'>ὑπὸ</span> 
     </span>
    </p>
   </div>
   <div class='ocr_carea' id='block_1_60' title="bbox 393 4512 1970 4590">
    <p class='ocr_par' dir='ltr' id='par_1_60' title="bbox 393 4512 1970 4590">
     <span class='ocr_line' id='line_1_60' title="bbox 393 4512 1970 4590; baseline -0.006 -15"><span class='ocrx_word' id='word_1_444' title='bbox 393 4523 595 4575; x_wconf 72' lang='grc' dir='ltr'>τούτων</span> <span class='ocrx_word' id='word_1_445' title='bbox 641 4523 750 4574; x_wconf 85' lang='grc' dir='ltr'><strong>τῶν</strong></span> <span class='ocrx_word' id='word_1_446' title='bbox 798 4519 1110 4590; x_wconf 79' lang='grc' dir='ltr'>Ἀνεμάδων</span> <span class='ocrx_word' id='word_1_447' title='bbox 1175 4521 1578 4588; x_wconf 85' lang='grc' dir='ltr'>ὲμπνεόμενος.</span> <span class='ocrx_word' id='word_1_448' title='bbox 1641 4515 1784 4568; x_wconf 77' lang='grc' dir='ltr'>Ἀλλ’</span> <span class='ocrx_word' id='word_1_449' title='bbox 1825 4512 1970 4586; x_wconf 75' lang='grc' dir='ltr'>ἦσαν</span> 
     </span>
    </p>
   </div>
   <div class='ocr_carea' id='block_1_61' title="bbox 393 4608 1968 4683">
    <p class='ocr_par' dir='ltr' id='par_1_61' title="bbox 393 4608 1968 4683">
     <span class='ocr_line' id='line_1_61' title="bbox 393 4608 1968 4683; baseline -0.004 -15"><span class='ocrx_word' id='word_1_450' title='bbox 393 4615 497 4683; x_wconf 65' lang='grc' dir='ltr'>ἄρα</span> <span class='ocrx_word' id='word_1_451' title='bbox 535 4613 603 4667; x_wconf 83' lang='grc' dir='ltr'>τὰ</span> <span class='ocrx_word' id='word_1_452' title='bbox 634 4613 812 4666; x_wconf 78' lang='grc' dir='ltr'>πάντα</span> <span class='ocrx_word' id='word_1_453' title='bbox 846 4612 1020 4681; x_wconf 83' lang='grc' dir='ltr'>πλάνη</span> <span class='ocrx_word' id='word_1_454' title='bbox 1048 4614 1116 4676; x_wconf 77' lang='grc'><strong>⁵⁸,</strong></span> <span class='ocrx_word' id='word_1_455' title='bbox 1154 4612 1214 4664; x_wconf 81' lang='grc' dir='ltr'><strong>οὐ</strong></span> <span class='ocrx_word' id='word_1_456' title='bbox 1249 4615 1356 4680; x_wconf 72' lang='grc' dir='ltr'>γὰρ</span> <span class='ocrx_word' id='word_1_457' title='bbox 1388 4608 1532 4680; x_wconf 80' lang='grc' dir='ltr'>εἶχον</span> <span class='ocrx_word' id='word_1_458' title='bbox 1581 4612 1638 4662; x_wconf 84' lang='grc' dir='ltr'>ὲν</span> <span class='ocrx_word' id='word_1_459' title='bbox 1673 4611 1747 4679; x_wconf 83' lang='grc' dir='ltr'>νῷ</span> <span class='ocrx_word' id='word_1_460' title='bbox 1774 4609 1968 4664; x_wconf 85' lang='grc' dir='ltr'>τοῦτον</span> 
     </span>
    </p>
   </div>
   <div class='ocr_carea' id='block_1_62' title="bbox 391 4704 1972 4774">
    <p class='ocr_par' dir='ltr' id='par_1_62' title="bbox 391 4704 1972 4774">
     <span class='ocr_line' id='line_1_62' title="bbox 391 4704 1972 4774; baseline -0.001 -16"><span class='ocrx_word' id='word_1_461' title='bbox 391 4707 438 4758; x_wconf 79' lang='grc' dir='ltr'>οἱ</span> <span class='ocrx_word' id='word_1_462' title='bbox 464 4705 606 4774; x_wconf 75' lang='grc' dir='ltr'>ἀμφὶ</span> <span class='ocrx_word' id='word_1_463' title='bbox 663 4711 754 4757; x_wconf 56' lang='grc' dir='ltr'>τὴν</span> <span class='ocrx_word' id='word_1_464' title='bbox 794 4705 1012 4774; x_wconf 71' lang='grc' dir='ltr'>Μιχαὴλ</span> <span class='ocrx_word' id='word_1_465' title='bbox 1037 4709 1091 4766; x_wconf 69' lang='grc' dir='ltr'>ἐς</span> <span class='ocrx_word' id='word_1_466' title='bbox 1120 4705 1208 4755; x_wconf 73' lang='grc' dir='ltr'><strong>τὸν</strong></span> <span class='ocrx_word' id='word_1_467' title='bbox 1245 4704 1524 4773; x_wconf 81' lang='grc' dir='ltr'>βασιλικὸν</span> <span class='ocrx_word' id='word_1_468' title='bbox 1551 4704 1742 4773; x_wconf 85' lang='grc' dir='ltr'>θρόνον</span> <span class='ocrx_word' id='word_1_469' title='bbox 1777 4705 1972 4758; x_wconf 82' lang='grc' dir='ltr'>ἐνανα·</span> 
     </span>
    </p>
   </div>
   <div class='ocr_carea' id='block_1_63' title="bbox 2086 2223 3679 2293">
    <p class='ocr_par' dir='ltr' id='par_1_63' title="bbox 2086 2223 3679 2293">
     <span class='ocr_line' id='line_1_63' title="bbox 2086 2223 3679 2293; baseline 0.003 -17"><span class='ocrx_word' id='word_1_470' title='bbox 2086 2235 2377 2293; x_wconf 79' lang='lat' dir='ltr'><strong>gnomento</strong></span> <span class='ocrx_word' id='word_1_471' title='bbox 2397 2225 2697 2277; x_wconf 82' lang='lat' dir='ltr'><strong>Anetnades</strong></span> <span class='ocrx_word' id='word_1_472' title='bbox 2723 2223 2870 2284; x_wconf 68' lang='lat' dir='ltr'><strong>dicti,</strong></span> <span class='ocrx_word' id='word_1_473' title='bbox 2906 2225 3139 2291; x_wconf 85' lang='lat' dir='ltr'><strong>propriis</strong></span> <span class='ocrx_word' id='word_1_474' title='bbox 3170 2226 3399 2293; x_wconf 81' lang='lat' dir='ltr'><strong>quisque</strong></span> <span class='ocrx_word' id='word_1_475' title='bbox 3433 2229 3679 2284; x_wconf 87' lang='lat' dir='ltr'><strong>distincti</strong></span> 
     </span>
    </p>
   </div>
   <div class='ocr_carea' id='block_1_64' title="bbox 2085 2315 3676 2386">
    <p class='ocr_par' dir='ltr' id='par_1_64' title="bbox 2085 2315 3676 2386">
     <span class='ocr_line' id='line_1_64' title="bbox 2085 2315 3676 2386; baseline 0.003 -16"><span class='ocrx_word' id='word_1_476' title='bbox 2085 2317 2415 2371; x_wconf 86' lang='lat' dir='ltr'><strong>nominibus.</strong></span> <span class='ocrx_word' id='word_1_477' title='bbox 2449 2315 2720 2370; x_wconf 81' lang='lat' dir='ltr'><strong>Maximus</strong></span> <span class='ocrx_word' id='word_1_478' title='bbox 2756 2327 2908 2380; x_wconf 91' lang='lat' dir='ltr'><strong>natu,</strong></span> <span class='ocrx_word' id='word_1_479' title='bbox 2934 2316 3201 2383; x_wconf 68' lang='lat' dir='ltr'><strong>Michael;</strong></span> <span class='ocrx_word' id='word_1_480' title='bbox 3243 2320 3380 2372; x_wconf 86' lang='lat' dir='ltr'><strong>alter</strong></span> <span class='ocrx_word' id='word_1_481' title='bbox 3398 2319 3544 2386; x_wconf 86' lang='lat' dir='ltr'><strong>Leo;</strong></span> <span class='ocrx_word' id='word_1_482' title='bbox 3573 2331 3676 2375; x_wconf 90' lang='lat' dir='ltr'><strong>ter-</strong></span> 
     </span>
    </p>
   </div>
   <div class='ocr_carea' id='block_1_65' title="bbox 2082 2407 3675 2475">
    <p class='ocr_par' dir='ltr' id='par_1_65' title="bbox 2082 2407 3675 2475">
     <span class='ocr_line' id='line_1_65' title="bbox 2082 2407 3675 2475; baseline 0.006 -18"><span class='ocrx_word' id='word_1_483' title='bbox 2082 2407 2280 2466; x_wconf 86' lang='lat' dir='ltr'><strong>tius...,</strong></span> <span class='ocrx_word' id='word_1_484' title='bbox 2317 2417 2619 2474; x_wconf 86' lang='lat' dir='ltr'><strong>postremus</strong></span> <span class='ocrx_word' id='word_1_485' title='bbox 2648 2407 2948 2475; x_wconf 80' lang='lat' dir='ltr'><strong>denique...</strong></span> <span class='ocrx_word' id='word_1_486' title='bbox 2986 2409 3298 2462; x_wconf 72' lang='lat' dir='ltr'><strong>vt&#39;cabatttr.</strong></span> <span class='ocrx_word' id='word_1_487' title='bbox 3351 2409 3388 2463; x_wconf 91' lang='lat' dir='ltr'><strong>li</strong></span> <span class='ocrx_word' id='word_1_488' title='bbox 3421 2414 3675 2468; x_wconf 81' lang='lat' dir='ltr'><strong>concordi</strong></span> 
     </span>
    </p>
   </div>
   <div class='ocr_carea' id='block_1_66' title="bbox 2081 2499 3679 2568">
    <p class='ocr_par' dir='ltr' id='par_1_66' title="bbox 2081 2499 3679 2568">
     <span class='ocr_line' id='line_1_66' title="bbox 2081 2499 3679 2568; baseline 0.006 -17"><span class='ocrx_word' id='word_1_489' title='bbox 2081 2499 2304 2553; x_wconf 65' lang='lat' dir='ltr'><strong>consilio</strong></span> <span class='ocrx_word' id='word_1_490' title='bbox 2323 2500 2671 2552; x_wconf 72' lang='lat' dir='ltr'><strong>decreverant</strong></span> <span class='ocrx_word' id='word_1_491' title='bbox 2695 2500 2871 2552; x_wconf 84' lang='lat' dir='ltr'><strong>occiso</strong></span> <span class='ocrx_word' id='word_1_492' title='bbox 2900 2501 3220 2568; x_wconf 81' lang='lat' dir='ltr'><strong>iutperato:e</strong></span> <span class='ocrx_word' id='word_1_493' title='bbox 3241 2518 3418 2556; x_wconf 83' lang='lat' dir='ltr'><strong>rerum</strong></span> <span class='ocrx_word' id='word_1_494' title='bbox 3439 2504 3679 2560; x_wconf 84' lang='lat' dir='ltr'><strong>habenas</strong></span> 
     </span>
    </p>
   </div>
   <div class='ocr_carea' id='block_1_67' title="bbox 2080 2590 3672 2660">
    <p class='ocr_par' dir='ltr' id='par_1_67' title="bbox 2080 2590 3672 2660">
     <span class='ocr_line' id='line_1_67' title="bbox 2080 2590 3672 2660; baseline 0.004 -17"><span class='ocrx_word' id='word_1_495' title='bbox 2080 2592 2342 2658; x_wconf 75' lang='lat' dir='ltr'><strong>arripere.</strong></span> <span class='ocrx_word' id='word_1_496' title='bbox 2375 2590 2761 2656; x_wconf 76' lang='lat' dir='ltr'><strong>Adjunxerant</strong></span> <span class='ocrx_word' id='word_1_497' title='bbox 2788 2607 2844 2644; x_wconf 86' lang='lat' dir='ltr'><strong>se</strong></span> <span class='ocrx_word' id='word_1_498' title='bbox 2873 2592 2973 2644; x_wconf 90' lang='lat' dir='ltr'><strong>illis</strong></span> <span class='ocrx_word' id='word_1_499' title='bbox 2995 2603 3048 2644; x_wconf 89' lang='lat' dir='ltr'><strong>et</strong></span> <span class='ocrx_word' id='word_1_500' title='bbox 3071 2593 3672 2660; x_wconf 79' lang='lat' dir='ltr'><strong>aliinobiles,uimirnut</strong></span> 
     </span>
    </p>
   </div>
   <div class='ocr_carea' id='block_1_68' title="bbox 2078 2682 3664 2752">
    <p class='ocr_par' dir='ltr' id='par_1_68' title="bbox 2078 2682 3664 2752">
     <span class='ocr_line' id='line_1_68' title="bbox 2078 2682 3664 2752; baseline 0.004 -16"><span class='ocrx_word' id='word_1_501' title='bbox 2078 2682 2466 2736; x_wconf 87' lang='lat' dir='ltr'><strong>Antiochorum</strong></span> <span class='ocrx_word' id='word_1_502' title='bbox 2500 2682 2702 2734; x_wconf 86' lang='lat' dir='ltr'><strong>familia</strong></span> <span class='ocrx_word' id='word_1_503' title='bbox 2737 2683 2981 2745; x_wconf 87' lang='lat' dir='ltr'><strong>illustris,</strong></span> <span class='ocrx_word' id='word_1_504' title='bbox 3012 2693 3064 2735; x_wconf 88' lang='lat' dir='ltr'><strong>et</strong></span> <span class='ocrx_word' id='word_1_505' title='bbox 3099 2687 3190 2752; x_wconf 73' lang='lat' dir='ltr'><strong>qui</strong></span> <span class='ocrx_word' id='word_1_506' title='bbox 3233 2684 3467 2740; x_wconf 78' lang='lat' dir='ltr'><strong>Exazeni</strong></span> <span class='ocrx_word' id='word_1_507' title='bbox 3499 2704 3664 2743; x_wconf 88' lang='lat' dir='ltr'><strong>voca-</strong></span> 
     </span>
    </p>
   </div>
   <div class='ocr_carea' id='block_1_69' title="bbox 2080 2773 3673 2847">
    <p class='ocr_par' dir='ltr' id='par_1_69' title="bbox 2080 2773 3673 2847">
     <span class='ocr_line' id='line_1_69' title="bbox 2080 2773 3673 2847; baseline 0.006 -21"><span class='ocrx_word' id='word_1_508' title='bbox 2080 2775 2278 2826; x_wconf 92' lang='lat' dir='ltr'><strong>bantur</strong></span> <span class='ocrx_word' id='word_1_509' title='bbox 2322 2774 2493 2827; x_wconf 80' lang='lat' dir='ltr'><strong>Ducas</strong></span> <span class='ocrx_word' id='word_1_510' title='bbox 2521 2783 2569 2826; x_wconf 87' lang='lat' dir='ltr'><strong>et</strong></span> <span class='ocrx_word' id='word_1_511' title='bbox 2609 2773 2856 2842; x_wconf 81' lang='lat' dir='ltr'><strong>Hyeleas,</strong></span> <span class='ocrx_word' id='word_1_512' title='bbox 2912 2775 3007 2828; x_wconf 74' lang='lat' dir='ltr'><strong>viri</strong></span> <span class='ocrx_word' id='word_1_513' title='bbox 3067 2777 3304 2831; x_wconf 90' lang='lat' dir='ltr'><strong>omnium</strong></span> <span class='ocrx_word' id='word_1_514' title='bbox 3366 2779 3416 2831; x_wconf 94' lang='lat' dir='ltr'><strong>in</strong></span> <span class='ocrx_word' id='word_1_515' title='bbox 3469 2781 3673 2847; x_wconf 66' lang='lat' dir='ltr'><strong>praeliis</strong></span> 
     </span>
    </p>
   </div>
   <div class='ocr_carea' id='block_1_70' title="bbox 2079 2863 3663 2933">
    <p class='ocr_par' dir='ltr' id='par_1_70' title="bbox 2079 2863 3663 2933">
     <span class='ocr_line' id='line_1_70' title="bbox 2079 2863 3663 2933; baseline 0.003 -16"><span class='ocrx_word' id='word_1_516' title='bbox 2079 2865 2461 2926; x_wconf 86' lang='lat' dir='ltr'><strong>audacissimi;</strong></span> <span class='ocrx_word' id='word_1_517' title='bbox 2499 2875 2756 2933; x_wconf 67' lang='lat' dir='ltr'><strong>praeterea</strong></span> <span class='ocrx_word' id='word_1_518' title='bbox 2787 2863 2996 2917; x_wconf 78' lang='lat' dir='ltr'><strong>Niectas</strong></span> <span class='ocrx_word' id='word_1_519' title='bbox 3026 2866 3442 2933; x_wconf 82' lang='lat' dir='ltr'><strong>Castamonites,</strong></span> <span class='ocrx_word' id='word_1_520' title='bbox 3479 2870 3663 2925; x_wconf 81' lang='lat' dir='ltr'><strong>Curti—</strong></span> 
     </span>
    </p>
   </div>
   <div class='ocr_carea' id='block_1_71' title="bbox 2081 2955 3668 3030">
    <p class='ocr_par' dir='ltr' id='par_1_71' title="bbox 2081 2955 3668 3030">
     <span class='ocr_line' id='line_1_71' title="bbox 2081 2955 3668 3030; baseline 0.004 -20"><span class='ocrx_word' id='word_1_521' title='bbox 2081 2955 2200 3010; x_wconf 83' lang='lat' dir='ltr'><strong>cius</strong></span> <span class='ocrx_word' id='word_1_522' title='bbox 2233 2955 2475 3023; x_wconf 83' lang='lat' dir='ltr'><strong>quidam,</strong></span> <span class='ocrx_word' id='word_1_523' title='bbox 2526 2967 2572 3009; x_wconf 88' lang='lat' dir='ltr'><strong>el</strong></span> <span class='ocrx_word' id='word_1_524' title='bbox 2628 2955 2924 3009; x_wconf 64' lang='lat' dir='ltr'><strong>Basilacius</strong></span> <span class='ocrx_word' id='word_1_525' title='bbox 2990 2955 3276 3026; x_wconf 50' lang='lat' dir='ltr'><strong>Georgius.</strong></span> <span class='ocrx_word' id='word_1_526' title='bbox 3342 2958 3406 3013; x_wconf 91' lang='lat' dir='ltr'><strong>Hi</strong></span> <span class='ocrx_word' id='word_1_527' title='bbox 3465 2963 3668 3030; x_wconf 83' lang='lat' dir='ltr'><strong>primas</strong></span> 
     </span>
    </p>
   </div>
   <div class='ocr_carea' id='block_1_72' title="bbox 2081 3045 3668 3110">
    <p class='ocr_par' dir='ltr' id='par_1_72' title="bbox 2081 3045 3668 3110">
     <span class='ocr_line' id='line_1_72' title="bbox 2081 3045 3668 3110; baseline 0.007 -12"><span class='ocrx_word' id='word_1_528' title='bbox 2081 3045 2238 3101; x_wconf 87' lang='lat' dir='ltr'><strong>facile</strong></span> <span class='ocrx_word' id='word_1_529' title='bbox 2278 3046 2840 3102; x_wconf 85' lang='lat' dir='ltr'><strong>ferebantcastrensis</strong></span> <span class='ocrx_word' id='word_1_530' title='bbox 2882 3049 3195 3103; x_wconf 72' lang='lat' dir='ltr'><strong>nobilitatis.</strong></span> <span class='ocrx_word' id='word_1_531' title='bbox 3254 3050 3292 3104; x_wconf 88' lang='lat' dir='ltr'><strong>E</strong></span> <span class='ocrx_word' id='word_1_532' title='bbox 3355 3064 3668 3110; x_wconf 86' lang='lat' dir='ltr'><strong>senatorum</strong></span> 
     </span>
    </p>
   </div>
   <div class='ocr_carea' id='block_1_73' title="bbox 2079 3141 3665 3208">
    <p class='ocr_par' dir='ltr' id='par_1_73' title="bbox 2079 3141 3665 3208">
     <span class='ocr_line' id='line_1_73' title="bbox 2079 3141 3665 3208; baseline 0.007 -19"><span class='ocrx_word' id='word_1_533' title='bbox 2079 3154 2294 3208; x_wconf 85' lang='lat' dir='ltr'><strong>quoque</strong></span> <span class='ocrx_word' id='word_1_534' title='bbox 2328 3155 2552 3192; x_wconf 89' lang='lat' dir='ltr'><strong>numero</strong></span> <span class='ocrx_word' id='word_1_535' title='bbox 2588 3156 2782 3192; x_wconf 88' lang='lat' dir='ltr'><strong>nomen</strong></span> <span class='ocrx_word' id='word_1_536' title='bbox 2822 3141 2876 3193; x_wconf 89' lang='lat' dir='ltr'><strong>in</strong></span> <span class='ocrx_word' id='word_1_537' title='bbox 2909 3141 3063 3193; x_wconf 83' lang='lat' dir='ltr'><strong>istius</strong></span> <span class='ocrx_word' id='word_1_538' title='bbox 3105 3143 3314 3196; x_wconf 88' lang='lat' dir='ltr'><strong>consilii</strong></span> <span class='ocrx_word' id='word_1_539' title='bbox 3352 3146 3665 3200; x_wconf 85' lang='lat' dir='ltr'><strong>societatem</strong></span> 
     </span>
    </p>
   </div>
   <div class='ocr_carea' id='block_1_74' title="bbox 2079 3232 3667 3313">
    <p class='ocr_par' dir='ltr' id='par_1_74' title="bbox 2079 3232 3667 3313">
     <span class='ocr_line' id='line_1_74' title="bbox 2079 3232 3667 3313; baseline 0.004 -25"><span class='ocrx_word' id='word_1_540' title='bbox 2079 3235 2304 3288; x_wconf 85' lang='lat' dir='ltr'><strong>dederat</strong></span> <span class='ocrx_word' id='word_1_541' title='bbox 2338 3233 2589 3287; x_wconf 84' lang='lat' dir='ltr'><strong>Salomon</strong></span> <span class='ocrx_word' id='word_1_542' title='bbox 2625 3232 2880 3313; x_wconf 66' lang='lat' dir='ltr'><strong>Joanpes,</strong></span> <span class='ocrx_word' id='word_1_543' title='bbox 2925 3237 3008 3288; x_wconf 86' lang='lat' dir='ltr'><strong>cui</strong></span> <span class='ocrx_word' id='word_1_544' title='bbox 3048 3235 3118 3290; x_wconf 91' lang='lat' dir='ltr'><strong>ob</strong></span> <span class='ocrx_word' id='word_1_545' title='bbox 3153 3238 3540 3292; x_wconf 86' lang='lat' dir='ltr'><strong>abundantiam</strong></span> <span class='ocrx_word' id='word_1_546' title='bbox 3577 3258 3667 3308; x_wconf 86' lang='lat' dir='ltr'><strong>pe-</strong></span> 
     </span>
    </p>
   </div>
   <div class='ocr_carea' id='block_1_75' title="bbox 2035 3326 3663 3398">
    <p class='ocr_par' dir='ltr' id='par_1_75' title="bbox 2035 3326 3663 3398">
     <span class='ocr_line' id='line_1_75' title="bbox 2035 3326 3663 3398; baseline 0.005 -20"><span class='ocrx_word' id='word_1_547' title='bbox 2035 3375 2038 3378; x_wconf 89' lang='lat'><strong>.</strong></span> <span class='ocrx_word' id='word_1_548' title='bbox 2079 3327 2252 3380; x_wconf 69' lang='lat' dir='ltr'><strong>cuuiaa</strong></span> <span class='ocrx_word' id='word_1_549' title='bbox 2285 3335 2340 3378; x_wconf 89' lang='lat' dir='ltr'><strong>et</strong></span> <span class='ocrx_word' id='word_1_550' title='bbox 2363 3326 2702 3393; x_wconf 68' lang='lat' dir='ltr'><strong>Spleniloretu</strong></span> <span class='ocrx_word' id='word_1_551' title='bbox 2741 3329 2955 3395; x_wconf 76' lang='lat' dir='ltr'><strong>generis</strong></span> <span class='ocrx_word' id='word_1_552' title='bbox 2995 3329 3311 3396; x_wconf 67' lang='lat' dir='ltr'><strong>praatumido</strong></span> <span class='ocrx_word' id='word_1_553' title='bbox 3365 3335 3663 3398; x_wconf 87' lang='lat' dir='ltr'><strong>persuasit,</strong></span> 
     </span>
    </p>
   </div>
   <div class='ocr_carea' id='block_1_76' title="bbox 2084 3416 3666 3487">
    <p class='ocr_par' dir='ltr' id='par_1_76' title="bbox 2084 3416 3666 3487">
     <span class='ocr_line' id='line_1_76' title="bbox 2084 3416 3666 3487; baseline 0.004 -17"><span class='ocrx_word' id='word_1_554' title='bbox 2084 3417 2307 3471; x_wconf 83' lang='lat' dir='ltr'><strong>Michael</strong></span> <span class='ocrx_word' id='word_1_555' title='bbox 2360 3416 2690 3487; x_wconf 78' lang='lat' dir='ltr'><strong>Coryplizeus</strong></span> <span class='ocrx_word' id='word_1_556' title='bbox 2737 3419 3110 3485; x_wconf 88' lang='lat' dir='ltr'><strong>quaternionis</strong></span> <span class='ocrx_word' id='word_1_557' title='bbox 3159 3421 3558 3476; x_wconf 84' lang='lat' dir='ltr'><strong>Anemadarum</strong></span> <span class='ocrx_word' id='word_1_558' title='bbox 3607 3441 3666 3476; x_wconf 86' lang='lat' dir='ltr'><strong>se</strong></span> 
     </span>
    </p>
   </div>
   <div class='ocr_carea' id='block_1_77' title="bbox 2083 3510 3664 3583">
    <p class='ocr_par' dir='ltr' id='par_1_77' title="bbox 2083 3510 3664 3583">
     <span class='ocr_line' id='line_1_77' title="bbox 2083 3510 3664 3583; baseline 0.003 -20"><span class='ocrx_word' id='word_1_559' title='bbox 2083 3511 2255 3580; x_wconf 90' lang='lat' dir='ltr'><strong>ipsum</strong></span> <span class='ocrx_word' id='word_1_560' title='bbox 2299 3511 2349 3563; x_wconf 93' lang='lat' dir='ltr'><strong>iu</strong></span> <span class='ocrx_word' id='word_1_561' title='bbox 2387 3510 2770 3578; x_wconf 86' lang='lat' dir='ltr'><strong>imperatorem</strong></span> <span class='ocrx_word' id='word_1_562' title='bbox 2827 3512 2960 3565; x_wconf 81' lang='lat' dir='ltr'><strong>velle</strong></span> <span class='ocrx_word' id='word_1_563' title='bbox 3001 3527 3222 3582; x_wconf 83' lang='lat' dir='ltr'><strong>ungere,</strong></span> <span class='ocrx_word' id='word_1_564' title='bbox 3282 3529 3386 3582; x_wconf 88' lang='lat' dir='ltr'><strong>qua</strong></span> <span class='ocrx_word' id='word_1_565' title='bbox 3430 3517 3664 3583; x_wconf 84' lang='lat' dir='ltr'><strong>promis-</strong></span> 
     </span>
    </p>
   </div>
   <div class='ocr_carea' id='block_1_78' title="bbox 2079 3601 3658 3670">
    <p class='ocr_par' dir='ltr' id='par_1_78' title="bbox 2079 3601 3658 3670">
     <span class='ocr_line' id='line_1_78' title="bbox 2079 3601 3658 3670; baseline 0.004 -15"><span class='ocrx_word' id='word_1_566' title='bbox 2079 3604 2230 3656; x_wconf 91' lang='lat' dir='ltr'><strong>sione</strong></span> <span class='ocrx_word' id='word_1_567' title='bbox 2253 3603 2503 3670; x_wconf 82' lang='lat' dir='ltr'><strong>quamvis</strong></span> <span class='ocrx_word' id='word_1_568' title='bbox 2526 3601 2768 3656; x_wconf 87' lang='lat' dir='ltr'><strong>mendaci</strong></span> <span class='ocrx_word' id='word_1_569' title='bbox 2794 3603 2942 3656; x_wconf 87' lang='lat' dir='ltr'><strong>vafer</strong></span> <span class='ocrx_word' id='word_1_570' title='bbox 2971 3604 3165 3657; x_wconf 88' lang='lat' dir='ltr'><strong>nebulo</strong></span> <span class='ocrx_word' id='word_1_571' title='bbox 3189 3603 3395 3658; x_wconf 87' lang='lat' dir='ltr'><strong>futilem</strong></span> <span class='ocrx_word' id='word_1_572' title='bbox 3415 3606 3658 3661; x_wconf 88' lang='lat' dir='ltr'><strong>animum</strong></span> 
     </span>
    </p>
   </div>
   <div class='ocr_carea' id='block_1_79' title="bbox 2078 3692 3658 3764">
    <p class='ocr_par' dir='ltr' id='par_1_79' title="bbox 2078 3692 3658 3764">
     <span class='ocr_line' id='line_1_79' title="bbox 2078 3692 3658 3764; baseline 0.003 -18"><span class='ocrx_word' id='word_1_573' title='bbox 2078 3694 2234 3748; x_wconf 88' lang='lat' dir='ltr'><strong>facile</strong></span> <span class='ocrx_word' id='word_1_574' title='bbox 2267 3693 2482 3748; x_wconf 87' lang='lat' dir='ltr'><strong>tenebat</strong></span> <span class='ocrx_word' id='word_1_575' title='bbox 2512 3694 2613 3748; x_wconf 91' lang='lat' dir='ltr'><strong>sibi</strong></span> <span class='ocrx_word' id='word_1_576' title='bbox 2643 3692 2920 3747; x_wconf 86' lang='lat' dir='ltr'><strong>addictum</strong></span> <span class='ocrx_word' id='word_1_577' title='bbox 2961 3701 3152 3764; x_wconf 85' lang='lat' dir='ltr'><strong>magno</strong></span> <span class='ocrx_word' id='word_1_578' title='bbox 3193 3696 3445 3750; x_wconf 90' lang='lat' dir='ltr'><strong>factionis</strong></span> <span class='ocrx_word' id='word_1_579' title='bbox 3476 3697 3658 3751; x_wconf 83' lang='lat' dir='ltr'><strong>firma-</strong></span> 
     </span>
    </p>
   </div>
   <div class='ocr_carea' id='block_1_80' title="bbox 2077 3785 3660 3854">
    <p class='ocr_par' dir='ltr' id='par_1_80' title="bbox 2077 3785 3660 3854">
     <span class='ocr_line' id='line_1_80' title="bbox 2077 3785 3660 3854; baseline 0.003 -16"><span class='ocrx_word' id='word_1_580' title='bbox 2077 3795 2279 3840; x_wconf 88' lang='lat' dir='ltr'><strong>mento.</strong></span> <span class='ocrx_word' id='word_1_581' title='bbox 2313 3785 2364 3839; x_wconf 84' lang='lat' dir='ltr'><strong>Is</strong></span> <span class='ocrx_word' id='word_1_582' title='bbox 2388 3786 2532 3838; x_wconf 88' lang='lat' dir='ltr'><strong>enim</strong></span> <span class='ocrx_word' id='word_1_583' title='bbox 2566 3786 2644 3838; x_wconf 84' lang='lat' dir='ltr'><strong>vir</strong></span> <span class='ocrx_word' id='word_1_584' title='bbox 2675 3801 2778 3837; x_wconf 91' lang='lat' dir='ltr'><strong>non</strong></span> <span class='ocrx_word' id='word_1_585' title='bbox 2822 3787 2980 3838; x_wconf 82' lang='lat' dir='ltr'><strong>modo</strong></span> <span class='ocrx_word' id='word_1_586' title='bbox 3029 3787 3171 3840; x_wconf 84' lang='lat' dir='ltr'><strong>inter</strong></span> <span class='ocrx_word' id='word_1_587' title='bbox 3218 3788 3524 3854; x_wconf 87' lang='lat' dir='ltr'><strong>conjttratos</strong></span> <span class='ocrx_word' id='word_1_588' title='bbox 3553 3804 3660 3843; x_wconf 71' lang='lat' dir='ltr'><strong>caa-</strong></span> 
     </span>
    </p>
   </div>
   <div class='ocr_carea' id='block_1_81' title="bbox 2076 3877 3660 3944">
    <p class='ocr_par' dir='ltr' id='par_1_81' title="bbox 2076 3877 3660 3944">
     <span class='ocr_line' id='line_1_81' title="bbox 2076 3877 3660 3944; baseline 0.002 -13"><span class='ocrx_word' id='word_1_589' title='bbox 2076 3888 2224 3932; x_wconf 89' lang='lat' dir='ltr'><strong>teros</strong></span> <span class='ocrx_word' id='word_1_590' title='bbox 2261 3878 2420 3931; x_wconf 88' lang='lat' dir='ltr'><strong>simili</strong></span> <span class='ocrx_word' id='word_1_591' title='bbox 2453 3878 2681 3931; x_wconf 88' lang='lat' dir='ltr'><strong>fratrum</strong></span> <span class='ocrx_word' id='word_1_592' title='bbox 2710 3888 2940 3944; x_wconf 82' lang='lat' dir='ltr'><strong>quatuor</strong></span> <span class='ocrx_word' id='word_1_593' title='bbox 2969 3877 3182 3933; x_wconf 87' lang='lat' dir='ltr'><strong>fallacia</strong></span> <span class='ocrx_word' id='word_1_594' title='bbox 3231 3878 3512 3942; x_wconf 86' lang='lat' dir='ltr'><strong>seductos,</strong></span> <span class='ocrx_word' id='word_1_595' title='bbox 3569 3897 3660 3934; x_wconf 79' lang='lat' dir='ltr'><strong>ve-</strong></span> 
     </span>
    </p>
   </div>
   <div class='ocr_carea' id='block_1_82' title="bbox 2078 3970 3657 4042">
    <p class='ocr_par' dir='ltr' id='par_1_82' title="bbox 2078 3970 3657 4042">
     <span class='ocr_line' id='line_1_82' title="bbox 2078 3970 3657 4042; baseline 0.004 -19"><span class='ocrx_word' id='word_1_596' title='bbox 2078 3986 2197 4024; x_wconf 91' lang='lat' dir='ltr'><strong>rum</strong></span> <span class='ocrx_word' id='word_1_597' title='bbox 2227 3971 2390 4023; x_wconf 90' lang='lat' dir='ltr'><strong>etiam</strong></span> <span class='ocrx_word' id='word_1_598' title='bbox 2420 3970 2561 4023; x_wconf 79' lang='lat' dir='ltr'><strong>inter</strong></span> <span class='ocrx_word' id='word_1_599' title='bbox 2587 3971 2814 4023; x_wconf 83' lang='lat' dir='ltr'><strong>eximios</strong></span> <span class='ocrx_word' id='word_1_600' title='bbox 2846 3985 3089 4038; x_wconf 88' lang='lat' dir='ltr'><strong>quosque</strong></span> <span class='ocrx_word' id='word_1_601' title='bbox 3121 3983 3432 4025; x_wconf 84' lang='lat' dir='ltr'><strong>senatorqu</strong></span> <span class='ocrx_word' id='word_1_602' title='bbox 3461 3975 3657 4042; x_wconf 78' lang='lat' dir='ltr'><strong>Opibus</strong></span> 
     </span>
    </p>
   </div>
   <div class='ocr_carea' id='block_1_83' title="bbox 2076 4046 3659 4129">
    <p class='ocr_par' dir='ltr' id='par_1_83' title="bbox 2076 4046 3659 4129">
     <span class='ocr_line' id='line_1_83' title="bbox 2076 4046 3659 4129; baseline 0.002 -14"><span class='ocrx_word' id='word_1_603' title='bbox 2076 4071 2128 4115; x_wconf 86' lang='lat' dir='ltr'><strong>et</strong></span> <span class='ocrx_word' id='word_1_604' title='bbox 2152 4063 2411 4128; x_wconf 80' lang='lat' dir='ltr'><strong>dignitate</strong></span> <span class='ocrx_word' id='word_1_605' title='bbox 2446 4060 2809 4129; x_wconf 72' lang='lat' dir='ltr'><strong>praecellebat.</strong></span> <span class='ocrx_word' id='word_1_606' title='bbox 2869 4046 3041 4116; x_wconf 76' lang='lat' dir='ltr'><strong>lictno</strong></span> <span class='ocrx_word' id='word_1_607' title='bbox 3089 4059 3270 4115; x_wconf 85' lang='lat' dir='ltr'><strong>brevis</strong></span> <span class='ocrx_word' id='word_1_608' title='bbox 3307 4073 3537 4127; x_wconf 85' lang='lat' dir='ltr'><strong>statura,</strong></span> <span class='ocrx_word' id='word_1_609' title='bbox 3579 4065 3659 4118; x_wconf 87' lang='lat' dir='ltr'><strong>le-</strong></span> 
     </span>
    </p>
   </div>
   <div class='ocr_carea' id='block_1_84' title="bbox 2075 4151 3656 4224">
    <p class='ocr_par' dir='ltr' id='par_1_84' title="bbox 2075 4151 3656 4224">
     <span class='ocr_line' id='line_1_84' title="bbox 2075 4151 3656 4224; baseline 0.004 -20"><span class='ocrx_word' id='word_1_610' title='bbox 2075 4152 2331 4206; x_wconf 88' lang='lat' dir='ltr'><strong>vissimus</strong></span> <span class='ocrx_word' id='word_1_611' title='bbox 2360 4154 2607 4218; x_wconf 87' lang='lat' dir='ltr'><strong>ingenio;</strong></span> <span class='ocrx_word' id='word_1_612' title='bbox 2650 4151 3012 4205; x_wconf 73' lang='lat' dir='ltr'><strong>Aristotelicis</strong></span> <span class='ocrx_word' id='word_1_613' title='bbox 3063 4152 3150 4205; x_wconf 92' lang='lat' dir='ltr'><strong>ille</strong></span> <span class='ocrx_word' id='word_1_614' title='bbox 3187 4155 3424 4221; x_wconf 86' lang='lat' dir='ltr'><strong>quidem,</strong></span> <span class='ocrx_word' id='word_1_615' title='bbox 3469 4167 3524 4209; x_wconf 88' lang='lat' dir='ltr'><strong>ut</strong></span> <span class='ocrx_word' id='word_1_616' title='bbox 3558 4158 3656 4224; x_wconf 88' lang='lat' dir='ltr'><strong>ipsi</strong></span> 
     </span>
    </p>
   </div>
   <div class='ocr_carea' id='block_1_85' title="bbox 2079 4241 3657 4316">
    <p class='ocr_par' dir='ltr' id='par_1_85' title="bbox 2079 4241 3657 4316">
     <span class='ocr_line' id='line_1_85' title="bbox 2079 4241 3657 4316; baseline 0.005 -21"><span class='ocrx_word' id='word_1_617' title='bbox 2079 4241 2388 4308; x_wconf 80' lang='lat' dir='ltr'><strong>videbatur,</strong></span> <span class='ocrx_word' id='word_1_618' title='bbox 2442 4242 2601 4296; x_wconf 85' lang='lat' dir='ltr'><strong>simul</strong></span> <span class='ocrx_word' id='word_1_619' title='bbox 2652 4254 2704 4296; x_wconf 88' lang='lat' dir='ltr'><strong>et</strong></span> <span class='ocrx_word' id='word_1_620' title='bbox 2763 4241 3056 4298; x_wconf 82' lang='lat' dir='ltr'><strong>Platonicis</strong></span> <span class='ocrx_word' id='word_1_621' title='bbox 3110 4246 3358 4299; x_wconf 87' lang='lat' dir='ltr'><strong>eruditus</strong></span> <span class='ocrx_word' id='word_1_622' title='bbox 3411 4249 3657 4316; x_wconf 84' lang='lat' dir='ltr'><strong>apprime</strong></span> 
     </span>
    </p>
   </div>
   <div class='ocr_carea' id='block_1_86' title="bbox 2077 4332 3650 4399">
    <p class='ocr_par' dir='ltr' id='par_1_86' title="bbox 2077 4332 3650 4399">
     <span class='ocr_line' id='line_1_86' title="bbox 2077 4332 3650 4399; baseline 0.004 -14"><span class='ocrx_word' id='word_1_623' title='bbox 2077 4332 2397 4399; x_wconf 63' lang='lat' dir='ltr'><strong>disciplinis,</strong></span> <span class='ocrx_word' id='word_1_624' title='bbox 2430 4347 2614 4386; x_wconf 86' lang='lat' dir='ltr'><strong>revera</strong></span> <span class='ocrx_word' id='word_1_625' title='bbox 2650 4341 2763 4385; x_wconf 90' lang='lat' dir='ltr'><strong>tota</strong></span> <span class='ocrx_word' id='word_1_626' title='bbox 2816 4335 2896 4386; x_wconf 81' lang='lat' dir='ltr'><strong>via</strong></span> <span class='ocrx_word' id='word_1_627' title='bbox 2944 4334 3204 4388; x_wconf 83' lang='lat' dir='ltr'><strong>deerrans</strong></span> <span class='ocrx_word' id='word_1_628' title='bbox 3246 4351 3274 4388; x_wconf 90' lang='lat' dir='ltr'><strong>a</strong></span> <span class='ocrx_word' id='word_1_629' title='bbox 3326 4347 3468 4389; x_wconf 87' lang='lat' dir='ltr'><strong>recta</strong></span> <span class='ocrx_word' id='word_1_630' title='bbox 3509 4353 3650 4392; x_wconf 82' lang='lat' dir='ltr'><strong>verae</strong></span> 
     </span>
    </p>
   </div>
   <div class='ocr_carea' id='block_1_87' title="bbox 2076 4422 3650 4492">
    <p class='ocr_par' dir='ltr' id='par_1_87' title="bbox 2076 4422 3650 4492">
     <span class='ocr_line' id='line_1_87' title="bbox 2076 4422 3650 4492; baseline 0.003 -18"><span class='ocrx_word' id='word_1_631' title='bbox 2076 4422 2426 4492; x_wconf 66' lang='lat' dir='ltr'><strong>philosophiae</strong></span> <span class='ocrx_word' id='word_1_632' title='bbox 2451 4423 2664 4486; x_wconf 89' lang='lat' dir='ltr'><strong>semita,</strong></span> <span class='ocrx_word' id='word_1_633' title='bbox 2697 4432 2972 4490; x_wconf 88' lang='lat' dir='ltr'><strong>utcunque</strong></span> <span class='ocrx_word' id='word_1_634' title='bbox 3010 4423 3082 4475; x_wconf 92' lang='lat' dir='ltr'><strong>illi</strong></span> <span class='ocrx_word' id='word_1_635' title='bbox 3115 4439 3244 4477; x_wconf 86' lang='lat' dir='ltr'><strong>suus</strong></span> <span class='ocrx_word' id='word_1_636' title='bbox 3273 4432 3448 4477; x_wconf 86' lang='lat' dir='ltr'><strong>tumor</strong></span> <span class='ocrx_word' id='word_1_637' title='bbox 3482 4438 3530 4481; x_wconf 88' lang='lat' dir='ltr'><strong>et</strong></span> <span class='ocrx_word' id='word_1_638' title='bbox 3568 4429 3650 4479; x_wconf 78' lang='lat' dir='ltr'><strong>fn—</strong></span> 
     </span>
    </p>
   </div>
   <div class='ocr_carea' id='block_1_88' title="bbox 2078 4513 3648 4583">
    <p class='ocr_par' dir='ltr' id='par_1_88' title="bbox 2078 4513 3648 4583">
     <span class='ocr_line' id='line_1_88' title="bbox 2078 4513 3648 4583; baseline 0.003 -17"><span class='ocrx_word' id='word_1_639' title='bbox 2078 4514 2239 4567; x_wconf 90' lang='lat' dir='ltr'><strong>tilitas</strong></span> <span class='ocrx_word' id='word_1_640' title='bbox 2269 4516 2464 4566; x_wconf 84' lang='lat' dir='ltr'><strong>tuentis</strong></span> <span class='ocrx_word' id='word_1_641' title='bbox 2494 4513 2647 4582; x_wconf 89' lang='lat' dir='ltr'><strong>longe</strong></span> <span class='ocrx_word' id='word_1_642' title='bbox 2673 4513 2814 4565; x_wconf 87' lang='lat' dir='ltr'><strong>aliud</strong></span> <span class='ocrx_word' id='word_1_643' title='bbox 2848 4527 3214 4582; x_wconf 86' lang='lat' dir='ltr'><strong>persuaserat.</strong></span> <span class='ocrx_word' id='word_1_644' title='bbox 3254 4515 3334 4567; x_wconf 84' lang='lat' dir='ltr'><strong>Ad</strong></span> <span class='ocrx_word' id='word_1_645' title='bbox 3368 4517 3648 4583; x_wconf 83' lang='lat' dir='ltr'><strong>impetin-n</strong></span> 
     </span>
    </p>
   </div>
   <div class='ocr_carea' id='block_1_89' title="bbox 2075 4607 3655 4670">
    <p class='ocr_par' dir='ltr' id='par_1_89' title="bbox 2075 4607 3655 4670">
     <span class='ocr_line' id='line_1_89' title="bbox 2075 4607 3655 4670; baseline 0.001 -12"><span class='ocrx_word' id='word_1_646' title='bbox 2075 4620 2204 4658; x_wconf 88' lang='lat' dir='ltr'><strong>vero</strong></span> <span class='ocrx_word' id='word_1_647' title='bbox 2242 4607 2381 4658; x_wconf 90' lang='lat' dir='ltr'><strong>haud</strong></span> <span class='ocrx_word' id='word_1_648' title='bbox 2416 4607 2577 4658; x_wconf 85' lang='lat' dir='ltr'><strong>dubie</strong></span> <span class='ocrx_word' id='word_1_649' title='bbox 2608 4621 2830 4660; x_wconf 89' lang='lat' dir='ltr'><strong>cursum</strong></span> <span class='ocrx_word' id='word_1_650' title='bbox 2860 4607 3164 4670; x_wconf 88' lang='lat' dir='ltr'><strong>intendens,</strong></span> <span class='ocrx_word' id='word_1_651' title='bbox 3205 4609 3331 4661; x_wconf 90' lang='lat' dir='ltr'><strong>totis</strong></span> <span class='ocrx_word' id='word_1_652' title='bbox 3355 4609 3485 4663; x_wconf 89' lang='lat' dir='ltr'><strong>velis</strong></span> <span class='ocrx_word' id='word_1_653' title='bbox 3512 4610 3655 4662; x_wconf 73' lang='lat' dir='ltr'><strong>Ane-</strong></span> 
     </span>
    </p>
   </div>
   <div class='ocr_carea' id='block_1_90' title="bbox 2078 4695 3654 4770">
    <p class='ocr_par' dir='ltr' id='par_1_90' title="bbox 2078 4695 3654 4770">
     <span class='ocr_line' id='line_1_90' title="bbox 2078 4695 3654 4770; baseline 0.003 -21"><span class='ocrx_word' id='word_1_654' title='bbox 2078 4695 2293 4749; x_wconf 88' lang='lat' dir='ltr'><strong>madutu</strong></span> <span class='ocrx_word' id='word_1_655' title='bbox 2334 4696 2695 4765; x_wconf 85' lang='lat' dir='ltr'><strong>aspi‘rantiutn</strong></span> <span class='ocrx_word' id='word_1_656' title='bbox 2727 4713 2888 4749; x_wconf 80' lang='lat' dir='ltr'><strong>auras</strong></span> <span class='ocrx_word' id='word_1_657' title='bbox 2925 4697 3228 4766; x_wconf 82' lang='lat' dir='ltr'><strong>excipiebat</strong></span> <span class='ocrx_word' id='word_1_658' title='bbox 3262 4718 3275 4754; x_wconf 91' lang='lat'><strong>:</strong></span> <span class='ocrx_word' id='word_1_659' title='bbox 3314 4715 3458 4753; x_wconf 76' lang='lat' dir='ltr'><strong>aurze</strong></span> <span class='ocrx_word' id='word_1_660' title='bbox 3487 4716 3654 4770; x_wconf 88' lang='lat' dir='ltr'><strong>porro</strong></span> 
     </span>
    </p>
   </div>
   <div class='ocr_carea' id='block_1_91' title="bbox 390 4787 1972 4872">
    <p class='ocr_par' dir='ltr' id='par_1_91' title="bbox 390 4791 1965 4863">
     <span class='ocr_line' id='line_1_91' title="bbox 390 4791 1965 4863; baseline -0.001 -17"><span class='ocrx_word' id='word_1_661' title='bbox 390 4798 620 4862; x_wconf 70' lang='grc' dir='ltr'>γκγείνο</span> <span class='ocrx_word' id='word_1_662' title='bbox 665 4793 860 4846; x_wconf 74' lang='grc' dir='ltr'>πολλοῦ</span> <span class='ocrx_word' id='word_1_663' title='bbox 899 4809 963 4854; x_wconf 80' lang='grc' dir='ltr'><strong>γε</strong></span> <span class='ocrx_word' id='word_1_664' title='bbox 1000 4793 1095 4846; x_wconf 72' lang='grc' dir='ltr'>καὶ</span> <span class='ocrx_word' id='word_1_665' title='bbox 1122 4793 1224 4854; x_wconf 83' lang='grc' dir='ltr'>δεῖ,</span> <span class='ocrx_word' id='word_1_666' title='bbox 1262 4792 1397 4846; x_wconf 75' lang='grc' dir='ltr'>ἀλλὰ</span> <span class='ocrx_word' id='word_1_667' title='bbox 1433 4795 1500 4861; x_wconf 80' lang='grc' dir='ltr'>τῇ</span> <span class='ocrx_word' id='word_1_668' title='bbox 1537 4796 1840 4863; x_wconf 85' lang='grc' dir='ltr'>κουφότητι</span> <span class='ocrx_word' id='word_1_669' title='bbox 1869 4791 1965 4845; x_wconf 82' lang='grc' dir='ltr'>τοῦ</span> 
     </span>
    </p>
   </div>
   <div class='ocr_carea' id='block_1_92' title="bbox 2076 4787 3649 4872">
    <p class='ocr_par' dir='ltr' id='par_1_92' title="bbox 2077 4787 3649 4855">
     <span class='ocr_line' id='line_1_92' title="bbox 2077 4787 3649 4855; baseline 0.004 -15"><span class='ocrx_word' id='word_1_670' title='bbox 2077 4798 2231 4840; x_wconf 89' lang='lat' dir='ltr'><strong>erant</strong></span> <span class='ocrx_word' id='word_1_671' title='bbox 2267 4787 2370 4842; x_wconf 65' lang='lat' dir='ltr'><strong>illa:</strong></span> <span class='ocrx_word' id='word_1_672' title='bbox 2398 4803 2654 4855; x_wconf 89' lang='lat' dir='ltr'><strong>prorsus,</strong></span> <span class='ocrx_word' id='word_1_673' title='bbox 2690 4789 2888 4852; x_wconf 88' lang='lat' dir='ltr'><strong>illusio,</strong></span> <span class='ocrx_word' id='word_1_674' title='bbox 2919 4803 3094 4852; x_wconf 89' lang='lat' dir='ltr'><strong>error,</strong></span> <span class='ocrx_word' id='word_1_675' title='bbox 3132 4799 3184 4844; x_wconf 89' lang='lat' dir='ltr'><strong>et</strong></span> <span class='ocrx_word' id='word_1_676' title='bbox 3220 4791 3350 4844; x_wconf 91' lang='lat' dir='ltr'><strong>nihil</strong></span> <span class='ocrx_word' id='word_1_677' title='bbox 3390 4793 3649 4846; x_wconf 92' lang='lat' dir='ltr'><strong>solidum.</strong></span> 
     </span>
    </p>
   </div>
   <div class='ocr_carea' id='block_1_93' title="bbox 390 4884 1964 4958">
    <p class='ocr_par' dir='ltr' id='par_1_93' title="bbox 390 4884 1964 4958">
     <span class='ocr_line' id='line_1_93' title="bbox 390 4884 1964 4958; baseline -0.003 -18"><span class='ocrx_word' id='word_1_678' title='bbox 390 4889 582 4958; x_wconf 77' lang='grc' dir='ltr'>ἀνδρὸς</span> <span class='ocrx_word' id='word_1_679' title='bbox 612 4890 704 4940; x_wconf 70' lang='grc' dir='ltr'><strong>καὶ</strong></span> <span class='ocrx_word' id='word_1_680' title='bbox 732 4885 810 4953; x_wconf 81' lang='grc' dir='ltr'><strong>τῷ</strong></span> <span class='ocrx_word' id='word_1_681' title='bbox 861 4885 1077 4954; x_wconf 76' lang='grc' dir='ltr'>πλούτῳ</span> <span class='ocrx_word' id='word_1_682' title='bbox 1137 4885 1276 4954; x_wconf 78' lang='grc' dir='ltr'>πρὸς</span> <span class='ocrx_word' id='word_1_683' title='bbox 1304 4884 1402 4953; x_wconf 83' lang='grc' dir='ltr'>τὴν</span> <span class='ocrx_word' id='word_1_684' title='bbox 1429 4884 1566 4936; x_wconf 85' lang='grc' dir='ltr'>ίδίαν</span> <span class='ocrx_word' id='word_1_685' title='bbox 1614 4886 1964 4953; x_wconf 69' lang='grc' dir='ltr'>ἐπιχείρησιν</span> 
     </span>
    </p>
   </div>
   <div class='ocr_carea' id='block_1_94' title="bbox 391 4971 1965 5046">
    <p class='ocr_par' dir='ltr' id='par_1_94' title="bbox 391 4971 1965 5046">
     <span class='ocr_line' id='line_1_94' title="bbox 391 4971 1965 5046; baseline -0.004 -17"><span class='ocrx_word' id='word_1_686' title='bbox 391 4976 736 5046; x_wconf 80' lang='grc' dir='ltr'>ἀπεχρῶντο.</span> <span class='ocrx_word' id='word_1_687' title='bbox 804 4974 916 5026; x_wconf 84' lang='grc' dir='ltr'>Ἀεί</span> <span class='ocrx_word' id='word_1_688' title='bbox 950 4991 1004 5026; x_wconf 91' lang='grc' dir='ltr'><strong>τι</strong></span> <span class='ocrx_word' id='word_1_689' title='bbox 1036 4974 1245 5027; x_wconf 80' lang='grc' dir='ltr'>ἐκεῖθεν</span> <span class='ocrx_word' id='word_1_690' title='bbox 1289 4973 1382 5026; x_wconf 77' lang='grc' dir='ltr'>τοῦ</span> <span class='ocrx_word' id='word_1_691' title='bbox 1435 4971 1639 5042; x_wconf 73' lang='grc' dir='ltr'>χρυσοῦ</span> <span class='ocrx_word' id='word_1_692' title='bbox 1693 4971 1965 5041; x_wconf 77' lang='grc' dir='ltr'>ῥεύματος</span> 
     </span>
    </p>
   </div>
   <div class='ocr_carea' id='block_1_95' title="bbox 390 5064 1962 5136">
    <p class='ocr_par' dir='ltr' id='par_1_95' title="bbox 390 5064 1962 5136">
     <span class='ocr_line' id='line_1_95' title="bbox 390 5064 1962 5136; baseline -0.005 -14"><span class='ocrx_word' id='word_1_693' title='bbox 390 5069 732 5130; x_wconf 77' lang='grc' dir='ltr'>ἐπισπῶντες</span> <span class='ocrx_word' id='word_1_694' title='bbox 761 5067 852 5119; x_wconf 75' lang='grc' dir='ltr'><strong>καὶ</strong></span> <span class='ocrx_word' id='word_1_695' title='bbox 887 5069 1006 5128; x_wconf 89' lang='grc' dir='ltr'>ταῖς</span> <span class='ocrx_word' id='word_1_696' title='bbox 1064 5066 1245 5118; x_wconf 81' lang='grc' dir='ltr'>ἐλπίσι</span> <span class='ocrx_word' id='word_1_697' title='bbox 1273 5066 1370 5136; x_wconf 79' lang='grc' dir='ltr'>τῆς</span> <span class='ocrx_word' id='word_1_698' title='bbox 1406 5064 1687 5134; x_wconf 71' lang='grc' dir='ltr'>βασιλείας</span> <span class='ocrx_word' id='word_1_699' title='bbox 1743 5064 1962 5116; x_wconf 80' lang='grc' dir='ltr'>ποιοῦν-</span> 
     </span>
    </p>
   </div>
   <div class='ocr_carea' id='block_1_96' title="bbox 2074 4875 3642 4951">
    <p class='ocr_par' dir='ltr' id='par_1_96' title="bbox 2074 4875 3642 4951">
     <span class='ocr_line' id='line_1_96' title="bbox 2074 4875 3642 4951; baseline 0.004 -21"><span class='ocrx_word' id='word_1_700' title='bbox 2074 4875 2260 4947; x_wconf 84' lang='lat' dir='ltr'><strong>Neque</strong></span> <span class='ocrx_word' id='word_1_701' title='bbox 2294 4877 2436 4931; x_wconf 86' lang='lat' dir='ltr'><strong>enim</strong></span> <span class='ocrx_word' id='word_1_702' title='bbox 2467 4877 2694 4932; x_wconf 84' lang='lat' dir='ltr'><strong>Michael</strong></span> <span class='ocrx_word' id='word_1_703' title='bbox 2729 4887 2781 4932; x_wconf 91' lang='lat' dir='ltr'><strong>et</strong></span> <span class='ocrx_word' id='word_1_704' title='bbox 2812 4879 2903 4947; x_wconf 92' lang='lat' dir='ltr'><strong>qui</strong></span> <span class='ocrx_word' id='word_1_705' title='bbox 2938 4879 3210 4932; x_wconf 91' lang='lat' dir='ltr'><strong>communi</strong></span> <span class='ocrx_word' id='word_1_706' title='bbox 3245 4895 3356 4934; x_wconf 87' lang='lat' dir='ltr'><strong>rem</strong></span> <span class='ocrx_word' id='word_1_707' title='bbox 3384 4884 3642 4951; x_wconf 84' lang='lat' dir='ltr'><strong>gerebant</strong></span> 
     </span>
    </p>
   </div>
   <div class='ocr_carea' id='block_1_97' title="bbox 2077 4970 3656 5043">
    <p class='ocr_par' dir='ltr' id='par_1_97' title="bbox 2077 4970 3656 5043">
     <span class='ocr_line' id='line_1_97' title="bbox 2077 4970 3656 5043; baseline 0 -17"><span class='ocrx_word' id='word_1_708' title='bbox 2077 4971 2304 5026; x_wconf 88' lang='lat' dir='ltr'><strong>consilio</strong></span> <span class='ocrx_word' id='word_1_709' title='bbox 2339 4979 2450 5027; x_wconf 87' lang='lat' dir='ltr'><strong>tres</strong></span> <span class='ocrx_word' id='word_1_710' title='bbox 2477 4970 2676 5026; x_wconf 88' lang='lat' dir='ltr'><strong>fratres</strong></span> <span class='ocrx_word' id='word_1_711' title='bbox 2706 4973 2896 5043; x_wconf 87' lang='lat' dir='ltr'><strong>reliqui</strong></span> <span class='ocrx_word' id='word_1_712' title='bbox 2944 4973 3307 5040; x_wconf 89' lang='lat' dir='ltr'><strong>principatum</strong></span> <span class='ocrx_word' id='word_1_713' title='bbox 3341 4973 3656 5040; x_wconf 62' lang='lat' dir='ltr'><strong>quaerebant</strong></span> 
     </span>
    </p>
   </div>
   <div class='ocr_carea' id='block_1_98' title="bbox 2080 5062 3655 5136">
    <p class='ocr_par' dir='ltr' id='par_1_98' title="bbox 2080 5062 3655 5136">
     <span class='ocr_line' id='line_1_98' title="bbox 2080 5062 3655 5136; baseline 0.003 -19"><span class='ocrx_word' id='word_1_714' title='bbox 2080 5062 2352 5118; x_wconf 88' lang='lat' dir='ltr'><strong>Salomoni</strong></span> <span class='ocrx_word' id='word_1_715' title='bbox 2380 5079 2395 5128; x_wconf 89' lang='lat'><strong>;</strong></span> <span class='ocrx_word' id='word_1_716' title='bbox 2432 5063 2563 5117; x_wconf 87' lang='lat' dir='ltr'><strong>nihil</strong></span> <span class='ocrx_word' id='word_1_717' title='bbox 2595 5079 2724 5119; x_wconf 87' lang='lat' dir='ltr'><strong>sane</strong></span> <span class='ocrx_word' id='word_1_718' title='bbox 2753 5065 2952 5118; x_wconf 89' lang='lat' dir='ltr'><strong>minus.</strong></span> <span class='ocrx_word' id='word_1_719' title='bbox 2993 5065 3100 5119; x_wconf 85' lang='lat' dir='ltr'><strong>Sed</strong></span> <span class='ocrx_word' id='word_1_720' title='bbox 3127 5065 3343 5119; x_wconf 85' lang='lat' dir='ltr'><strong>levitate</strong></span> <span class='ocrx_word' id='word_1_721' title='bbox 3377 5065 3655 5136; x_wconf 75' lang='lat' dir='ltr'><strong>pecuniosi</strong></span> 
     </span>
    </p>
   </div>
   <div class='ocr_carea' id='block_1_99' title="bbox 1391 5181 2522 5244">
    <p class='ocr_par' dir='ltr' id='par_1_99' title="bbox 1391 5181 2522 5244">
     <span class='ocr_line' id='line_1_99' title="bbox 1391 5181 2522 5244; baseline 0 -2"><span class='ocrx_word' id='word_1_722' title='bbox 1391 5182 1584 5243; x_wconf 64' lang='lat' dir='ltr'><strong>Varias</strong></span> <span class='ocrx_word' id='word_1_723' title='bbox 1627 5181 1935 5244; x_wconf 86' lang='lat' dir='ltr'><strong>lectiones</strong></span> <span class='ocrx_word' id='word_1_724' title='bbox 1969 5197 2044 5242; x_wconf 83' lang='lat' dir='ltr'><strong>ex</strong></span> <span class='ocrx_word' id='word_1_725' title='bbox 2075 5181 2218 5243; x_wconf 88' lang='lat' dir='ltr'><strong>cod.</strong></span> <span class='ocrx_word' id='word_1_726' title='bbox 2256 5181 2522 5243; x_wconf 88' lang='lat' dir='ltr'><strong>Coislin.</strong></span> 
     </span>
    </p>
   </div>
   <div class='ocr_carea' id='block_1_100' title="bbox 1474 5287 1782 5342">
    <p class='ocr_par' dir='ltr' id='par_1_100' title="bbox 1474 5287 1782 5342">
     <span class='ocr_line' id='line_1_100' title="bbox 1474 5287 1782 5342; baseline -0.003 -1"><span class='ocrx_word' id='word_1_727' title='bbox 1474 5290 1518 5321; x_wconf 72' lang='grc'><strong>⁸⁸</strong></span> <span class='ocrx_word' id='word_1_728' title='bbox 1558 5287 1782 5342; x_wconf 85' lang='grc' dir='ltr'>πλάνον.</span> 
     </span>
    </p>
   </div>
   <div class='ocr_carea' id='block_1_101' title="bbox 463 5290 1396 5360">
    <p class='ocr_par' dir='ltr' id='par_1_101' title="bbox 463 5290 1396 5360">
     <span class='ocr_line' id='line_1_101' title="bbox 463 5290 1396 5360; baseline -0.006 -12"><span class='ocrx_word' id='word_1_729' title='bbox 463 5295 506 5328; x_wconf 79' lang='grc'><strong>⁵⁷</strong></span> <span class='ocrx_word' id='word_1_730' title='bbox 538 5298 565 5349; x_wconf 75' lang='grc' dir='ltr'>ὁ</span> <span class='ocrx_word' id='word_1_731' title='bbox 605 5296 720 5348; x_wconf 81' lang='grc' dir='ltr'>καί.</span> <span class='ocrx_word' id='word_1_732' title='bbox 797 5294 842 5325; x_wconf 82' lang='grc'><strong>⁸⁸</strong></span> <span class='ocrx_word' id='word_1_733' title='bbox 892 5291 1054 5349; x_wconf 88' lang='lat' dir='ltr'><strong>Deest</strong></span> <span class='ocrx_word' id='word_1_734' title='bbox 1081 5290 1276 5346; x_wconf 85' lang='lat' dir='ltr'><strong>vocula</strong></span> <span class='ocrx_word' id='word_1_735' title='bbox 1310 5290 1396 5360; x_wconf 78' lang='grc' dir='ltr'><strong>δή.</strong></span> 
     </span>
    </p>
   </div>
   <div class='ocr_carea' id='block_1_102' title="bbox 1467 5404 2608 5484">
    <p class='ocr_par' dir='ltr' id='par_1_102' title="bbox 1467 5404 2608 5484">
     <span class='ocr_line' id='line_1_102' title="bbox 1467 5404 2608 5484; baseline 0.003 -18"><span class='ocrx_word' id='word_1_736' title='bbox 1467 5407 1605 5466; x_wconf 87' lang='lat' dir='ltr'><strong>Car.</strong></span> <span class='ocrx_word' id='word_1_737' title='bbox 1641 5404 1978 5466; x_wconf 88' lang='lat' dir='ltr'><strong>Dufresnii</strong></span> <span class='ocrx_word' id='word_1_738' title='bbox 2024 5407 2124 5467; x_wconf 89' lang='lat' dir='ltr'><strong>Du</strong></span> <span class='ocrx_word' id='word_1_739' title='bbox 2161 5406 2382 5484; x_wconf 79' lang='lat' dir='ltr'><strong>Cangii</strong></span> <span class='ocrx_word' id='word_1_740' title='bbox 2419 5413 2608 5469; x_wconf 64' lang='lat' dir='ltr'><strong>notae.</strong></span> 
     </span>
    </p>
   </div>
   <div class='ocr_carea' id='block_1_103' title="bbox 464 5506 1958 5584">
    <p class='ocr_par' dir='ltr' id='par_1_103' title="bbox 464 5506 1958 5584">
     <span class='ocr_line' id='line_1_103' title="bbox 464 5506 1958 5584; baseline -0.009 -14"><span class='ocrx_word' id='word_1_741' title='bbox 464 5515 539 5584; x_wconf 87' lang='lat'><strong>(9)</strong></span> <span class='ocrx_word' id='word_1_742' title='bbox 615 5511 953 5580; x_wconf 77' lang='grc' dir='ltr'>Ἀνεμάδες.</span> <span class='ocrx_word' id='word_1_743' title='bbox 1008 5510 1190 5584; x_wconf 73' lang='lat' dir='ltr'><strong>Genus</strong></span> <span class='ocrx_word' id='word_1_744' title='bbox 1243 5507 1512 5584; x_wconf 79' lang='lat' dir='ltr'><strong>ducebant</strong></span> <span class='ocrx_word' id='word_1_745' title='bbox 1542 5521 1816 5584; x_wconf 75' lang='lat' dir='ltr'><strong>proceres</strong></span> <span class='ocrx_word' id='word_1_746' title='bbox 1839 5506 1958 5584; x_wconf 73' lang='lat' dir='ltr'><strong>_isti</strong></span> 
     </span>
    </p>
   </div>
   <div class='ocr_carea' id='block_1_104' title="bbox 389 5577 1960 5656">
    <p class='ocr_par' dir='ltr' id='par_1_104' title="bbox 389 5577 1960 5656">
     <span class='ocr_line' id='line_1_104' title="bbox 389 5577 1960 5656; baseline -0.008 -16"><span class='ocrx_word' id='word_1_747' title='bbox 389 5577 692 5656; x_wconf 58' lang='lat' dir='ltr'><strong>By&#39;iatititti,</strong></span> <span class='ocrx_word' id='word_1_748' title='bbox 744 5577 799 5635; x_wconf 84' lang='lat' dir='ltr'><strong>ut</strong></span> <span class='ocrx_word' id='word_1_749' title='bbox 849 5577 1186 5656; x_wconf 13' lang='lat' dir='ltr'><strong>opinor,ra_b</strong></span> <span class='ocrx_word' id='word_1_750' title='bbox 1231 5580 1503 5656; x_wconf 59' lang='lat' dir='ltr'><strong>Aut-made</strong></span> <span class='ocrx_word' id='word_1_751' title='bbox 1535 5581 1770 5656; x_wconf 65' lang='lat' dir='ltr'><strong>Uurttpa,</strong></span> <span class='ocrx_word' id='word_1_752' title='bbox 1827 5577 1960 5656; x_wconf 43' lang='lat' dir='ltr'><strong>Cret</strong></span> 
     </span>
    </p>
   </div>
   <div class='ocr_carea' id='block_1_105' title="bbox 391 5646 1953 5719">
    <p class='ocr_par' dir='ltr' id='par_1_105' title="bbox 391 5646 1953 5719">
     <span class='ocr_line' id='line_1_105' title="bbox 391 5646 1953 5719; baseline -0.006 -11"><span class='ocrx_word' id='word_1_753' title='bbox 391 5646 564 5708; x_wconf 58' lang='lat' dir='ltr'><strong>tensis</strong></span> <span class='ocrx_word' id='word_1_754' title='bbox 604 5671 801 5705; x_wconf 65' lang='lat' dir='ltr'><strong>anteme</strong></span> <span class='ocrx_word' id='word_1_755' title='bbox 836 5646 967 5713; x_wconf 79' lang='lat' dir='ltr'><strong>lilio,</strong></span> <span class='ocrx_word' id='word_1_756' title='bbox 1006 5655 1094 5719; x_wconf 73' lang='lat' dir='ltr'><strong>qui</strong></span> <span class='ocrx_word' id='word_1_757' title='bbox 1131 5649 1324 5719; x_wconf 44' lang='lat' dir='ltr'><strong>Joanni</strong></span> <span class='ocrx_word' id='word_1_758' title='bbox 1355 5647 1601 5700; x_wconf 68' lang='lat' dir='ltr'><strong>Zimisrae</strong></span> <span class='ocrx_word' id='word_1_759' title='bbox 1640 5646 1953 5719; x_wconf 69' lang='lat' dir='ltr'><strong>imperatori</strong></span> 
     </span>
    </p>
   </div>
   <div class='ocr_carea' id='block_1_106' title="bbox 390 5715 1952 5789">
    <p class='ocr_par' dir='ltr' id='par_1_106' title="bbox 390 5715 1952 5789">
     <span class='ocr_line' id='line_1_106' title="bbox 390 5715 1952 5789; baseline -0.006 -14"><span class='ocrx_word' id='word_1_760' title='bbox 390 5742 627 5784; x_wconf 79' lang='lat' dir='ltr'><strong>merens,</strong></span> <span class='ocrx_word' id='word_1_761' title='bbox 667 5728 716 5776; x_wconf 83' lang='lat' dir='ltr'><strong>in</strong></span> <span class='ocrx_word' id='word_1_762' title='bbox 773 5723 898 5789; x_wconf 62' lang='lat' dir='ltr'><strong>pru&#39;l</strong></span> <span class='ocrx_word' id='word_1_763' title='bbox 927 5743 957 5774; x_wconf 88' lang='grc' dir='ltr'><strong>υ</strong></span> <span class='ocrx_word' id='word_1_764' title='bbox 993 5715 1177 5773; x_wconf 73' lang='lat' dir='ltr'><strong>contra</strong></span> <span class='ocrx_word' id='word_1_765' title='bbox 1221 5718 1425 5770; x_wconf 71' lang='lat' dir='ltr'><strong>Russus</strong></span> <span class='ocrx_word' id='word_1_766' title='bbox 1457 5732 1628 5789; x_wconf 62' lang='lat' dir='ltr'><strong>Cit‘S‘lS</strong></span> <span class='ocrx_word' id='word_1_767' title='bbox 1670 5728 1781 5789; x_wconf 50' lang='lat' dir='ltr'><strong>est.</strong></span> <span class='ocrx_word' id='word_1_768' title='bbox 1827 5715 1952 5780; x_wconf 63' lang='lat' dir='ltr'><strong>Ejus</strong></span> 
     </span>
    </p>
   </div>
   <div class='ocr_carea' id='block_1_107' title="bbox 389 5787 1951 5860">
    <p class='ocr_par' dir='ltr' id='par_1_107' title="bbox 389 5787 1951 5860">
     <span class='ocr_line' id='line_1_107' title="bbox 389 5787 1951 5860; baseline -0.008 -11"><span class='ocrx_word' id='word_1_769' title='bbox 389 5804 641 5849; x_wconf 70' lang='grc' dir='ltr'>νιι-ιιιιεειι</span> <span class='ocrx_word' id='word_1_770' title='bbox 679 5787 941 5860; x_wconf 32' lang='lat' dir='ltr'><strong>sust—gnem</strong></span> <span class='ocrx_word' id='word_1_771' title='bbox 973 5793 1219 5845; x_wconf 78' lang='lat' dir='ltr'><strong>bechun</strong></span> <span class='ocrx_word' id='word_1_772' title='bbox 1258 5792 1388 5840; x_wconf 73' lang='lat' dir='ltr'><strong>inire</strong></span> <span class='ocrx_word' id='word_1_773' title='bbox 1421 5788 1628 5841; x_wconf 61' lang='grc' dir='ltr'>ιςχξοιιιι</span> <span class='ocrx_word' id='word_1_774' title='bbox 1666 5787 1951 5854; x_wconf 52' lang='grc' dir='ltr'>διυγίαινε,</span> 
     </span>
    </p>
   </div>
   <div class='ocr_carea' id='block_1_108' title="bbox 2070 5503 3644 5578">
    <p class='ocr_par' dir='ltr' id='par_1_108' title="bbox 2070 5503 3644 5578">
     <span class='ocr_line' id='line_1_108' title="bbox 2070 5503 3644 5578; baseline -0.004 -15"><span class='ocrx_word' id='word_1_775' title='bbox 2070 5523 2194 5578; x_wconf 81' lang='lat' dir='ltr'><strong>pag.</strong></span> <span class='ocrx_word' id='word_1_776' title='bbox 2231 5507 2354 5578; x_wconf 79' lang='lat'><strong>678,</strong></span> <span class='ocrx_word' id='word_1_777' title='bbox 2390 5507 2511 5578; x_wconf 74' lang='lat' dir='ltr'><strong>68L</strong></span> <span class='ocrx_word' id='word_1_778' title='bbox 2541 5505 2785 5560; x_wconf 79' lang='lat' dir='ltr'><strong>Meminit</strong></span> <span class='ocrx_word' id='word_1_779' title='bbox 2814 5515 3074 5575; x_wconf 63' lang='lat' dir='ltr'><strong>praterea</strong></span> <span class='ocrx_word' id='word_1_780' title='bbox 3113 5503 3482 5578; x_wconf 64' lang='lat' dir='ltr'><strong>Theotrhanes</strong></span> <span class='ocrx_word' id='word_1_781' title='bbox 3512 5503 3644 5578; x_wconf 81' lang='lat' dir='ltr'><strong>Bar-</strong></span> 
     </span>
    </p>
   </div>
   <div class='ocr_carea' id='block_1_109' title="bbox 2067 5576 3653 5646">
    <p class='ocr_par' dir='ltr' id='par_1_109' title="bbox 2067 5576 3653 5646">
     <span class='ocr_line' id='line_1_109' title="bbox 2067 5576 3653 5646; baseline -0.002 -14"><span class='ocrx_word' id='word_1_782' title='bbox 2067 5576 2210 5632; x_wconf 81' lang='lat' dir='ltr'><strong>danii</strong></span> <span class='ocrx_word' id='word_1_783' title='bbox 2238 5577 2536 5646; x_wconf 77' lang='lat' dir='ltr'><strong>Spatliarii,</strong></span> <span class='ocrx_word' id='word_1_784' title='bbox 2563 5590 2923 5635; x_wconf 73' lang='lat' dir='ltr'><strong>coznnznento</strong></span> <span class='ocrx_word' id='word_1_785' title='bbox 2949 5578 3194 5646; x_wconf 61' lang='lat' dir='ltr'><strong>Auenaa&#39;,</strong></span> <span class='ocrx_word' id='word_1_786' title='bbox 3230 5576 3311 5629; x_wconf 86' lang='lat' dir='ltr'><strong>vel</strong></span> <span class='ocrx_word' id='word_1_787' title='bbox 3339 5576 3653 5640; x_wconf 82' lang='lat' dir='ltr'><strong>Aneutadis,</strong></span> 
     </span>
    </p>
   </div>
   <div class='ocr_carea' id='block_1_110' title="bbox 2065 5644 3654 5714">
    <p class='ocr_par' dir='ltr' id='par_1_110' title="bbox 2065 5644 3654 5714">
     <span class='ocr_line' id='line_1_110' title="bbox 2065 5644 3654 5714; baseline -0.001 -14"><span class='ocrx_word' id='word_1_788' title='bbox 2065 5665 2152 5702; x_wconf 88' lang='lat' dir='ltr'><strong>an.</strong></span> <span class='ocrx_word' id='word_1_789' title='bbox 2188 5644 2557 5713; x_wconf 64' lang='lat' dir='ltr'><strong>S&#39;ritettpltiii.</strong></span> <span class='ocrx_word' id='word_1_790' title='bbox 2610 5646 2887 5699; x_wconf 70' lang='lat' dir='ltr'><strong>lilii-luteus</strong></span> <span class='ocrx_word' id='word_1_791' title='bbox 2939 5655 2992 5696; x_wconf 89' lang='lat' dir='ltr'><strong>et</strong></span> <span class='ocrx_word' id='word_1_792' title='bbox 3043 5644 3273 5697; x_wconf 87' lang='lat' dir='ltr'><strong>fratrum</strong></span> <span class='ocrx_word' id='word_1_793' title='bbox 3309 5645 3654 5714; x_wconf 72' lang='lat' dir='ltr'><strong>coniuratie-</strong></span> 
     </span>
    </p>
   </div>
   <div class='ocr_carea' id='block_1_111' title="bbox 2065 5714 3296 5785">
    <p class='ocr_par' dir='ltr' id='par_1_111' title="bbox 2065 5714 3296 5785">
     <span class='ocr_line' id='line_1_111' title="bbox 2065 5714 3296 5785; baseline -0.002 -14"><span class='ocrx_word' id='word_1_794' title='bbox 2065 5735 2187 5774; x_wconf 87' lang='lat' dir='ltr'><strong>nem</strong></span> <span class='ocrx_word' id='word_1_795' title='bbox 2221 5728 2444 5772; x_wconf 84' lang='lat' dir='ltr'><strong>narrant</strong></span> <span class='ocrx_word' id='word_1_796' title='bbox 2473 5717 2678 5785; x_wconf 87' lang='lat' dir='ltr'><strong>pariter</strong></span> <span class='ocrx_word' id='word_1_797' title='bbox 2709 5714 2947 5767; x_wconf 78' lang='lat' dir='ltr'><strong>Z-maras</strong></span> <span class='ocrx_word' id='word_1_798' title='bbox 2991 5724 3041 5767; x_wconf 90' lang='lat' dir='ltr'><strong>et</strong></span> <span class='ocrx_word' id='word_1_799' title='bbox 3074 5714 3296 5768; x_wconf 81' lang='lat' dir='ltr'><strong>lecas.</strong></span> 
     </span>
    </p>
   </div>
   <div class='ocr_carea' id='block_1_112' title="bbox 3613 6153 3976 6374">
    <p class='ocr_par' dir='ltr' id='par_1_112' title="bbox 3613 6153 3976 6374">
     <span class='ocr_line' id='line_1_112' title="bbox 3613 6153 3976 6374; baseline 0 0"><span class='ocrx_word' id='word_1_800' title='bbox 3613 6153 3976 6374; x_wconf 87' lang='lat'><strong><em>/</em></strong></span> 
     </span>
    </p>
   </div>
  </div>
