4088 6408
429 376 539 443 903

1756 379 1985 441 ANN/E
2010 376 2396 442 COMNENrE

3588 382 3694 449 9.4

423 489 662 546 hominis
696 490 761 545 ad
796 491 1067 561 propriam
1120 491 1465 547 ambitionem
1522 490 1655 544 scite
1704 489 1998 544 abuteban-

2107 506 2197 553 τος
2223 488 2270 521 ⁸⁸
2302 464 2582 558 ὑπότυφον
2620 488 2741 544 ελον
2799 489 3014 552 ἑαυτοῖς
3049 490 3310 544 τιθασσὸν
3341 490 3693 561 ἐποιήσαντο,

427 591 539 644 tur,
571 585 697 637 dum
733 592 962 637 ventoso
991 583 1170 653 capite
1204 583 1405 652 spebus
1447 581 1700 635 inanibus
1749 579 2006 635 iactando

427 675 887 745 demulcendoque
923 691 1111 729 venam
1161 689 1373 743 semper
1407 673 1641 742 aliquam
1694 674 1795 727 rivi
1849 673 1997 727 aurei

427 769 740 837 vegetandae
772 769 1001 823 sementi
1029 769 1258 838 propriae
1293 767 1753 836 pcrnccessariam
1788 782 1850 820 cx
1884 767 2000 834 ejus

427 862 668 937 fontibus
731 863 1038 916 trahebant.
1095 859 1247 927 Quod
1296 860 1383 915 ille
1424 875 1547 915 cum
1596 875 1704 927 prae
1753 860 2002 913 vecordia

426 956 650 1009 minimc
679 954 924 1017 sentiret,
949 961 1090 1007 totus
1111 940 1238 1006 erat
1270 952 1322 1004 in
1353 960 1619 1020 potestate
1650 949 1880 1003 fratrum
1912 967 1925 1002 :
1953 959 2005 1003 ‹·ῑ

426 1047 493 1099 iis
521 1062 547 1098 a
583 1044 778 1113 quibus
810 1046 946 1098 clam
982 1043 1315 1097 irridebalur
1368 1044 1482 1112 ipse
1513 1043 1676 1113 360
1709 1058 1893 1096 verum
1935 1059 1999 1095 t-x

423 1138 601 1191 animo
635 1151 872 1190 amorem
913 1136 1184 1205 ﬁdemque
1236 1136 1534 1191 tribuebat.
1572 1138 1647 1189 ΙΙΙὶ
1682 1145 1874 1190 contra
1912 1152 1999 1186 ra-

423 1230 597 1284 tiones
665 1229 1036 1283 subdueebant
1106 1245 1261 1294 suas,
1315 1240 1372 1283 ut.
1432 1229 1473 1283 si
1520 1229 1735 1297 quidem
1791 1228 2001 1280 fortuna

423 1331 705 1375 uterentur
739 1325 1046 1382 commoda,
1078 1327 1130 1375 et
1162 1321 1332 1390 ceptis
1365 1331 1593 1375 eventus
1617 1321 1994 1386 resitonzleret,

419 1421 630 1463 certum
670 1409 808 1476 apud
839 1424 898 1463 se
930 1410 1212 1471 haberent,
1264 1411 1448 1464 cubito
1477 1411 1767 1479 impulsum
1806 1411 1997 1463 inven-

420 1510 504 1553 tos
538 1512 698 1568 atque
726 1502 776 1554 iit
810 1502 1005 1557 ﬂuctus
1061 1503 1265 1557 diﬁlare
1306 1501 1676 1558 SaIOtnonem.
1736 1503 2001 1572 imputate

420 1595 472 1645 in
498 1592 733 1661 pretium
765 1593 964 1648 favoris
992 1595 1340 1663 pecuuheqne
1372 1596 1611 1663 praebita:
1646 1595 1796 1648 brevi
1859 1592 2002 1647 sola-

421 1686 497 1739 tio
525 1686 829 1741 ambitiosae
856 1686 993 1755 spei.
1037 1688 1354 1756 somnioque
1381 1687 1471 1740 illo
1500 1688 1859 1755 principatus,
1891 1701 1997 1753 quo

418 1791 540 1830 eum
583 1778 781 1848 exiguo
826 1787 1069 1848 tempore
1119 1778 1447 1833 delinieraut
1481 1795 1496 1833 :
1534 1779 1636 1833 sibi
1680 1780 1809 1833 vero
1868 1780 1997 1847 ipsis

2108 581 2339 652 γνώμης
2365 583 2623 653 τοιαύτης
2651 582 2867 653 ἔχοντες
2900 584 2976 648 ὡς
3012 586 3062 637 εί
3095 583 3254 636 εὔοδα
3278 582 3566 655 πράξαιεν,
3601 584 3699 636 καὶ

2108 674 2300 745 ἡτύχη
2334 674 2521 735 αὐτοῖς
2549 675 2903 744 εὐνούστερώ)
2940 693 3055 739 πως
3076 674 3427 734 ἐνατενίσςιε.
3451 675 3543 727 τὸν
3571 675 3693 744 μὲν,

2108 766 2633 834 παραγκωνίσχιντο
2700 769 2933 836 ἀφέντες
2990 769 3206 838 χαίρειν
3268 768 3360 819 ἐπὶ
3395 768 3694 835 πελάγους.

2107 862 2263 913 αὐτοὶ
2287 860 2342 914 δὲ
2358 860 2466 913 τῶν
2492 861 2793 930 σκήπτρων
2815 860 3127 926 ἀνθέξοιντο
3161 861 3368 931 μικράν
3397 879 3520 913 τινα
3535 861 3695 925 δόξαν

2108 956 2200 1006 καὶ
2235 955 2528 1024 εὐετηρίαν
2592 953 2744 1024 αὖτῷ
2801 955 3232 1023 ἀπονείμαντες.
3297 954 3360 1007 υἱ
3417 955 3696 1023 μέντοιγε

2107 1048 2247 1116 πρὸς
2266 1049 2475 1098 ἐκεῖνον
2497 1046 2649 1113 λόγοι
2684 1050 2782 1113 τῆς
2813 1047 3108 1117 ἐπιϐουλῆς
3131 1048 3192 1099 οὐ
3214 1047 3374 1114 φόνον
3404 1047 3497 1100 τοῦ
3531 1048 3697 1100 αὐτο·

2110 1140 2383 1208 κράτορος
2416 1138 2840 1207 ἐπηγγέλλοντο,
2862 1138 2982 1191 οὐδὲ
3011 1140 3336 1208 ξιφουλκίας
3363 1140 3693 1210 ἐμέμνηντο.

2103 1231 2164 1283 οὐ
2197 1230 2406 1300 μάχης,
2438 1231 2559 1283 οὐδὲ
2586 1231 2862 1301 πολέμων,
2893 1234 2982 1286 ἵνα
3031 1233 3103 1304 μὴ
3128 1234 3575 1302 καταπτοήςαιεν
3601 1231 3693 1284 τὸν

2105 1324 2274 1394 ἄνδρα
2308 1324 2476 1377 πάλαι
2513 1324 2702 1376 τοῦτον
2723 1324 2927 1387 εἰδότες
2951 1327 3089 1397 πρὸς
3112 1326 3260 1378 ἅπαν
3287 1321 3428 1388 εἶδος
3451 1324 3696 1395 πολέμου

2105 1415 2436 1469 δειλότατον.
2482 1415 2686 1469 Τοῦτον
2735 1418 2922 1471 τοίνυν
2950 1419 3039 1470 τὸν
3067 1418 3392 1489 Σολομῶντα
3419 1417 3607 1487 ὥσπερ
3629 1418 3695 1484 δὴ

2105 1508 2539 1581 κορυφαιότατον
2556 1508 2662 1561 τῶν
2684 1509 2858 1563 ἄλλων
2876 1511 3328 1579 ὲνηγκαλίσαντο.
3348 1511 3674 1583 Συνυπήχθη

2100 1594 2208 1654 ’σαν
2234 1602 2291 1655 δὲ
2313 1606 2378 1674 τῇ
2400 1604 2607 1657 τούτων
2634 1603 2797 1674 βουλῇ
2822 1606 2914 1657 καὶ
2932 1607 2958 1656 ὁ
2974 1603 3216 1674 Σκληρὸς
3250 1605 3384 1658 καὶό
3399 1606 3500 1676 τῂν
3524 1608 3700 1674 ἐπαρ-

2104 1696 2228 1764 χίαν
2249 1695 2325 1765 τῷ
2344 1694 2465 1747 τότε
2493 1696 2591 1764 τῆς
2611 1697 3027 1750 Κωνσταντίνου
3045 1696 3318 1766 διηνυκὼς
3340 1696 3521 1766 Ξηρός
3551 1697 3694 1765 (l0).

2119 1781 2178 1836 Ὀ
2213 1786 2395 1852 μέντοι
2417 1784 2671 1854 Σολομῶν
2702 1787 3041 1854 κουφοτέρας
3063 1784 3139 1838 ὢν
3169 1786 3417 1856 γνώμης,
3443 1786 3701 1853 καθάπερ

418 1875 736 1933 potestatem
770 1882 1081 1936 supremam
1129 1879 1182 1922 et
1218 1869 1431 1937 imperii
1488 1881 1705 1939 sceptra
1739 1869 1996 1923 retinere.

2105 1874 2317 1927 ἄνωθεν
2344 1874 2582 1945 εἴρηται,
2606 1877 2701 1929 καὶ
2735 1877 2902 1947 μηδὲν
2935 1878 3040 1929 τῶν
3076 1878 3230 1947 παρὰ
3261 1877 3356 1931 τοῦ
3398 1876 3697 1944 Ἔξαζηνοῦ

415 1957 585 2013 Porro
616 1959 695 2013 sic
728 1961 959 2028 agebant
1007 1973 1129 2013 cuzn
1190 1961 1411 2014 homine
1463 1961 1659 2031 ignavo
1696 1968 1750 2016 et
1787 1961 1852 2014 ad
1884 1962 1999 2030 pri~

419 2063 564 2103 mam
608 2049 780 2117 ipsam
809 2048 932 2103 belli
963 2066 1261 2120 pugnatque
1311 2053 1715 2108 cultorrescenti
1771 2054 2002 2108 mentio—

417 2151 566 2202 nem,
597 2147 656 2191 ut
683 2137 748 2192 de
768 2139 1004 2209 cogitato
1035 2140 1323 2209 parricidio
1357 2144 1762 2210 tacerentapud
1787 2144 1999 2213 ipsum;

419 2243 586 2301 seque
622 2245 734 2286 rem
765 2239 930 2285 totam
962 2232 1035 2285 ita
1074 2233 1378 2301 gubernare
1426 2234 1718 2303 fingerent,
1774 2249 1827 2290 ut
1882 2236 2001 2291 sine

421 2320 476 2374 vi
508 2320 637 2388 ulla,
664 2323 784 2377 sine
834 2322 1017 2390 gladio
1049 2339 1113 2377 at:
1156 2326 1438 2395 sanguine,
1481 2326 1785 2382 confecturi
1834 2343 1998 2399 n~go~

417 2412 550 2466 tium
580 2424 782 2468 essent.
820 2415 916 2470 His
948 2414 1233 2471 fraudibus
1267 2418 1495 2488 pellecto
1527 2418 1802 2474 Salomoni
1835 2432 2001 2476 utca-

416 2516 514 2576 put
544 2505 937 2577 coujuratiouis
969 2509 1156 2563 haberi
1189 2511 1485 2566 sustineret
1528 2512 1663 2566 duos
1706 2528 1772 2567 ex
1809 2515 1996 2568 eodem

420 2608 679 2668 praeterea
725 2602 918 2655 ordine
947 2601 1125 2656 socios
1155 2604 1471 2674 adjungunt,
1517 2606 1787 2660 similibus
1825 2609 1890 2659 ad
1944 2608 1995 2660 id

415 2689 627 2744 artibus
672 2691 926 2746 inductos
961 2690 1205 2747 Scleruut
1259 2698 1371 2751 sive
1413 2695 1640 2760 Durum,
1697 2710 1749 2752 ct
1795 2698 1996 2753 Xet'utn

416 2781 571 2848 quasi
598 2782 801 2836 siccum
836 2785 985 2838 dicas
1031 2786 1102 2841 ita
1133 2799 1381 2842 vocatum
1419 2790 1690 2846 hominem
1725 2792 1818 2861 qui
1862 2809 2000 2860 pra:-

414 2868 625 2927 fectura
674 2874 825 2930 urbis
860 2875 1472 2959 Coitstantinopolitante
1529 2883 1745 2937 functus
1797 2883 1997 2939 fuerat.

417 2963 686 3018 Cmterum
710 2963 967 3021 Salomon
1001 2971 1242 3024 omnium
1274 2973 1489 3042 ignarus
1511 2989 1627 3042 qua:
1653 2978 1718 3029 ab
1745 2976 1998 3030 Evazeno

416 3061 473 3108 et
504 3053 732 3125 Hyelea,
766 3058 1002 3127 ipsisque
1027 3062 1322 3118 Anemadis
1346 3065 1699 3132 parabantur,
1728 3081 1843 3120 rem
1891 3067 1995 3121 sihi

2106 1967 2199 2021 xui.
2229 1967 2326 2020 τοῦ
2380 1967 2578 2021 ’Υελέα
2612 1970 2706 2022 καὶ
2750 1970 2933 2021 αὐτῶν
2964 1968 3030 2040 δὴ
3055 1969 3165 2021 τῶν
3206 1969 3518 2041 Ἀνεμάδων
3533 1968 3698 2038 μελε-

2102 2056 2369 2127 τωμένων
2402 2059 2608 2125 συνεὶς,
2637 2060 2697 2112 ὲν
2731 2062 2925 2130 χερσὶν
2950 2061 3052 2131 ἤδη
3083 2061 3183 2132 τὴν
3220 2060 3507 2131 βασιλείαν
3550 2059 3697 2114 Ῥω-

2107 2151 2284 2221 μαίων
2338 2152 2595 2223 κατέχειν
2663 2145 2938 2222 οίόμενος,
3002 2155 3349 2226 προσωμίλει
3405 2155 3544 2219 τισὶ,
3602 2152 3701 2209 καὶ

2105 2243 2424 2297 ὑπεποιεῖτο
2461 2244 2794 2314 ὑποσχέσεσι
2826 2246 3048 2317 δωρεῶν
3081 2249 3176 2299 καὶ
3213 2246 3544 2315 ἀξιωμάτων
3572 2246 3703 2301 τού-

2101 2352 2229 2399 τους
2284 2334 2659 2405 ὑπαγόμενος.
2708 2338 2980 2405 Φοιτὴσας
3010 2337 3066 2390 δὲ
3100 2338 3240 2409 πρὸς
3301 2339 3467 2393 αὐτον
3517 2340 3545 2392 ὁ
3593 2337 3691 2392 τοῦ

2102 2427 2382 2498 δράματος
2434 2430 2740 2499 κορυφαῖος
2776 2428 2998 2499 Μιχαὴλ
3028 2431 3056 2482 ὀ
3110 2430 3372 2500 Ἀνεμᾶς,
3430 2430 3526 2484 καὶ
3561 2429 3692 2484 θεα-

2107 2521 2348 2589 σάμενος
2402 2519 2701 2590 ὁμιλοῦντά
2756 2539 2889 2585 τινι,
2934 2523 3273 2577 ἐπυνθάνετο
3321 2524 3372 2576 τί
3419 2524 3486 2578 ἂν
3518 2525 3602 2597 είη
3633 2526 3697 2580 τὸ

2099 2612 2491 2681 λεγόμενον.⁸0
2521 2612 2578 2664 δὲ
2626 2613 2888 2684 Σολομῶν
2928 2613 3068 2683 μετὰ
3090 2614 3191 2684 τῆς
3221 2614 3488 2685 συνήθους
3524 2617 3697 2671 ἁπλόο

2100 2705 2267 2776 τητός
2298 2722 2472 2773 φησιν
2518 2707 2598 2771 ὡς
2624 2706 2857 2774 ἀξίωμα
2886 2705 3146 2774 σιτήσεις
3177 2705 3338 2776 ἡμᾶς
3370 2708 3469 2760 καὶ
3495 2710 3698 2763 λαϐὼν

2100 2798 2217 2865 τὴν
2274 2799 2643 2865 ὑπόσχεσιν,
2695 2797 2986 2853 συνέθετο
3043 2800 3334 2867 κοινωνὸς
3388 2800 3535 2868 ἡμῖν
3583 2800 3696 2870 τῆς

2093 2890 2339 2956 βουλῆς
2376 2889 2493 2943 τῶν
2518 2890 2761 2944 πάντων
2800 2891 3087 2947 ἔσεσθαι.
3130 2891 3191 2944 '0
3234 2891 3292 2945 δὲ
3312 2892 3525 2963 μωρίαν
3570 2892 3695 2945 τού-

2101 3000 2200 3036 του
2227 2982 2765 3053 καταψηφισάμενος
2832 2984 2928 3037 καὶ
2979 2983 3280 3056 περίφοϐος
3341 2983 3586 3053 γεγονὼς
3619 2984 3697 3047 ὡς

2106 3074 2353 3145 μηδόλως
2419 3076 2715 3145 ἐχεμυθεῖν
2765 3075 3057 3142 πεφυκότα
3108 3076 3489 3143 διαγνοὺςκοῦκ
3518 3074 3697 3138 ἕθ“ὡς

415 3148 720 3202 confectam
774 3152 1184 3209 arbitrabatur:
1221 3163 1275 3209 et
1330 3159 1484 3225 quasi
1531 3159 1645 3226 jam
1702 3159 1993 3228 imperium

2105 3171 2163 3224 τὸ
2198 3171 2469 3241 πρότερον
2513 3171 2653 3240 πρὸς
2698 3172 2863 3223 αὐτὸν
2927 3172 3143 3239 ἐφοίτα.
3171 3173 3234 3223 Οἱ
3275 3169 3375 3241 μὲν
3405 3169 3500 3224 οὖν
3526 3186 3695 3240 στραο

415 3249 628 3295 teneret
696 3244 961 3297 donorum
1033 3255 1086 3299 et
1150 3247 1474 3315 dignitatum
1538 3250 1992 3318 promissionibus

415 3328 607 3383 obvios
633 3345 771 3400 pene
803 3348 1048 3404 quosque
1082 3337 1297 3391 trahere
1347 3340 1397 3391 in
1457 3350 1639 3408 partes
1688 3343 1988 3411 satagebat.

411 3418 702 3476 Intervenit
737 3425 784 3478 ei
823 3425 964 3481 forte
991 3428 1285 3498 aliquando
1316 3440 1506 3486 auctor
1534 3432 1672 3488 idem
1706 3445 1760 3488 et
1798 3437 1995 3504 prteri-

416 3525 557 3580 puus
587 3525 738 3569 actor
774 3516 975 3573 fabula:
1010 3518 1240 3576 Michael
1271 3526 1455 3579 nescio
1482 3539 1640 3593 quem
1671 3526 1992 3599 alloquenIi,

411 3618 477 3659 ac
503 3619 602 3673 pro
634 3609 1012 3667 familiaritate
1036 3616 1307 3671 accedens
1334 3617 1464 3686 quid
1501 3618 1643 3673 inter
1678 3633 1737 3674 se
1775 3622 1997 3675 confer-

2111 3264 2309 3317 τιῶται
2342 3266 2468 3327 τοὺς
2517 3264 2823 3332 Ἀνεμάδας
2854 3268 3001 3336 φημὶ
3024 3269 3120 3320 καὶ
3165 3266 3292 3327 τοὺς
3334 3265 3543 3319 τούτων
3573 3282 3699 3318 συνο

2113 3357 2333 3426 ωμότας
2360 3357 2498 3409 κατὰ
2526 3356 2618 3409 τοῦ
2651 3355 2935 3428 βασιλικοῦ
2960 3360 3058 3427 τὴν
3083 3356 3387 3427 σκαιωρίαν
3411 3355 3698 3410 ἐποιοῦντο

2106 3449 2383 3514 σώματος,
2409 3447 2475 3500 ἵν’
2509 3448 2753 3519 ὁπηνίκα
2776 3448 2971 3519 καιροῦ
3000 3449 3229 3501 εὐθέτου
3260 3447 3501 3518 τύχοιεν,
3553 3463 3699 3515 παρα

2104 3539 2238 3590 ευθὺ
2273 3538 2366 3592 τὺν
2392 3538 2774 3608 μελετώμενον
2801 3540 2942 3594 κατὰ
2970 3538 3066 3595 τοῦ
3102 3538 3512 3611 αὐτοκράτορος
3534 3538 3699 3607 φόνον

2106 3630 2190 3691 είς
2216 3627 2378 3698 ἔργον
2420 3629 2705 3698 πράξωσιν

412 3708 532 3751 rent
570 3701 876 3794 sciscitatus
900 3715 1001 3767 est,
1034 3715 1290 3762 consueta
1317 3710 1662 3780 simplicitate
1689 3713 1945 3770 Salomon
1973 3734 1988 3770 :
2019 3717 2135 3782 Hic,
2163 3721 2358 3790 inquit,
2388 3723 2694 3792 dignitatem
2719 3741 2753 3778 α
2771 3739 2851 3777 me
2868 3724 3016 3793 petiit
3039 3738 3057 3788 ;
3080 3739 3172 3794 ego
3204 3726 3283 3779 illi
3303 3724 3464 3779 simul
3493 3722 3693 3789 imperii

409 3797 594 3853 potem
642 3791 814 3860 fuero,
869 3810 954 3848 me
993 3796 1313 3890 collatnr‘nm
1345 3816 1462 3854 sum
1510 3804 1801 3869 pollicitus.
1853 3805 2042 3879 Itaque
2079 3810 2217 3865 [tunc
2265 3791 2454 3867 nouunt
2496 3815 2881 3883 coujuratiouis
2928 3818 3193 3869 conscium
3241 3824 3290 3869 et
3331 3817 3409 3871 rei
3454 3815 3696 3888 gerenda:

408 3883 607 3979 socium
639 3887 910 3952 habemus,
950 3907 1077 3945 mea
1103 3883 1596 3962 ﬁde'promisst'om's
1649 3912 2004 3959 auctoratum.
2044 3907 2267 3963 Tacitus
2300 3910 2365 3962 ad
2395 3923 2459 3964 ea
2490 3909 2715 3966 Michael
2766 3909 3076 3966 Salomonis
3128 3911 3437 3979 stultitiam,
3509 3911 3698 3976 mirari

412 3976 551 4030 Satis
594 3990 700 4031 non
764 3980 970 4044 valens,
1033 3986 1218 4039 animo
1269 3987 1669 4056 detestabatur,
1717 4008 1827 4051 non
1879 3997 2000 4049 sine
2035 4006 2180 4051 metu
2222 4001 2456 4068 quodam
2498 4014 2566 4056 ne
2609 4015 2868 4056 arcanum
2920 4012 3029 4056 tam
3071 3976 3431 4073 imprudenti
3491 4014 3547 4059 et
3615 4002 3694 4059 ri-

421 4083 573 4123 moso
620 4073 824 4139 pectori
876 4076 1231 4130 commissum
1283 4078 1335 4132 in
1394 4081 1668 4150 publicam
1737 4085 1981 4140 notitiam
2021 4085 2300 4158 efflueret;
2339 4090 2697 4148 confirmabat
2728 4107 2786 4148 se
2831 4103 3009 4148 tamen
3041 4097 3182 4164 quod
3261 4095 3313 4151 in
3377 4095 3495 4166 ipsa
3564 4086 3701 4162 cost:

408 4160 707 4261 iurationis
737 4169 900 4237 adyta
940 4185 1046 4223 non
1084 4172 1323 4229 admisso
1346 4182 1455 4230 tam
1484 4177 1588 4233 levi
1631 4180 1860 4247 arbitro,
1933 4186 2075 4252 quod
2115 4196 2234 4240 erat
2269 4187 2605 4243 teterrimum
2645 4190 2895 4261 quodque
2929 4189 3093 4244 altius
3132 4190 3367 4245 celatum
3412 4192 3700 4261 oportebat

414 4259 632 4327 cogitati
665 4263 886 4319 sceleris
932 4265 1111 4323 adhuc
1162 4269 1215 4324 in
1273 4279 1390 4326 tuto
1442 4273 1614 4331 latere
1673 4276 1976 4335 videbatur.
2021 4280 2212 4351 Itaque
2242 4283 2375 4338 satis
2407 4284 2613 4340 habens
2656 4259 2936 4341 abstinere
3012 4285 3269 4354 deinceps
3338 4301 3370 4341 a
3441 4259 3699 4357 frequen-

415 4359 577 4411 tanda
618 4357 928 4416 Salomonis
961 4366 1141 4431 domo,
1228 4368 1303 4421 rei
1350 4374 1753 4429 exsecutionem
1837 4376 2055 4432 interim
2096 4378 2361 4449 urgebat:
2392 4379 2507 4449 ipse
2541 4395 2664 4436 cum
2692 4379 2952 4437 fratribus
2975 4390 3032 4438 et
3077 4381 3294 4437 caeteris
3363 4384 3592 4437 armatis
3623 4383 3701 4436 si-

415 4453 580 4509 cariis
608 4457 794 4525 palatii
827 4461 1044 4516 assidue
1076 4463 1217 4518 feres
1265 4467 1524 4523 obsidens
1570 4481 1628 4524 ιιι
1661 4471 1841 4525 oblata
1897 4489 1993 4543 per
2030 4478 2374 4531 occasionem
2414 4475 2692 4542 facultate,
2726 4477 3071 4532 destinatum
3140 4475 3490 4546 parricidium
3577 4490 3700 4546 per.

417 4557 504 4615 pet
514 4559 715 4603 rarent.

486 4639 620 4732 Cum
660 4655 863 4709 autem,
903 4646 1086 4701 divina
1129 4647 1273 4704 haud
1315 4654 1478 4709 dubie
1504 4657 1829 4724 prohibente
1865 4658 1998 4715 Γινο-

2193 4660 2283 4724 Ὠς
2310 4660 2367 4714 δὲ
2398 4661 2551 4732 παρὰ
2583 4661 2682 4729 τῆς
2714 4662 2979 4731 προνοίας
3012 4662 3170 4714 ἄυεια
3204 4660 3434 4729 ουδεμία
3474 4661 3695 4723 τούτοις

414 4731 678 4798 videntia,
716 4734 860 4788 nulla
908 4751 966 4789 se
1015 4737 1175 4807 longo
1219 4740 1332 4810 jam
1386 4753 1631 4815 tempore
1682 4749 1816 4803 satis
1875 4766 1998 4821 apta

2114 4755 2337 4816 ἐδίδοτο,
2391 4752 2485 4806 καὶ
2516 4756 2544 4806 ὁ
2577 4755 2769 4825 καιρὸς
2820 4753 3189 4825 παρερῤύετο,
3225 4751 3558 4823 πτοηθέντες
3603 4758 3679 4820 μὴ

417 4824 682 4890 prmberet
717 4828 1115 4893 opportunitas,
1144 4823 1553 4902 periculumque
1579 4838 1632 4889 in
1661 4853 1809 4892 mora
1837 4855 2003 4909 esset,

416 4930 487 4969 ne
522 4925 668 4970 tanta
720 4933 806 4972 res
844 4920 1011 4973 tantis
1064 4933 1294 4977 traCtata
1349 4926 1669 4982 circ-uitibus
1712 4944 2006 4989 emanaret

414 5003 600 5071 aliquo
634 5006 793 5060 modo
825 5007 875 5059 itt
906 5011 1274 5077 suspicionem
1330 5016 1585 5085 Augusti.
1645 5033 1700 5071 et
1763 5023 2001 5088 pernicie

416 5105 694 5150 auctorem
721 5100 1141 5168 disturbaretur,
1170 5106 1461 5162 decrevere
1495 5112 1705 5164 tandem
1730 5114 2000 5183 conjurati

409 5188 717 5259 jaciendam
769 5206 1148 5264 quemcunque
1212 5197 1266 5250 in
1324 5208 1578 5253 eventum
1627 5208 1998 5261 exsecutionis

2113 4847 2438 4916 κατάφωροι
2469 4845 2764 4914 γένωνται,
2818 4846 2878 4897 ὃν
2912 4845 3222 4916 ἐπεζήτουν
3275 4847 3470 4916 καιρὸν
3510 4843 3700 4908 ἔδοξαν
3750 4859 3766 4871 ·

2109 4938 2434 5008 εὑρηκέναι.
2484 4939 2640 4991 Ἐπεὶ
2673 4944 2782 5008 γὰρ
2820 4940 2848 4991 ὁ
2878 4938 3244 5008 αὐτοκράτωρ
3274 4938 3415 5007 μετὰ
3441 4936 3501 4989 τὸ
3531 4936 3695 4988 διυπ-

2111 5030 2366 5100 νισθῆναι
2422 5030 2566 5081 κατὰ
2613 5030 2797 5098 δείλην
2867 5030 3011 5099 ἑῴαν
3057 5031 3156 5099 τὴν
3204 5031 3268 5083 ὲκ
3316 5028 3426 5081 τῶν
3482 5026 3695 5080 πολλῶν

2113 5118 2418 5190 φροντίδων
2504 5120 2872 5189 ὲγγινομένην
2965 5119 3149 5189 ἅλμην
3230 5119 3692 5188 καταγλυκαίνειν

2110 5211 2314 5266 ἐθέλων
2335 5211 2510 5265 ἐνίοτε.
2543 5212 2584 5243 ⁸¹
2623 5212 3047 5283 συμπαίστορας
3077 5209 3192 5285 εἶχε
3227 5212 3335 5267 τῶν
3379 5209 3692 5283 συγγενέων

1461 5362 1659 5424 Varias
1690 5364 2004 5431 lectiones
2035 5383 2113 5430 ex
2135 5370 2284 5433 eod.
2319 5368 2581 5433 Coislin.

487 5486 534 5518 ⁸⁸
554 5485 852 5550 ποιοῦντες.
927 5485 973 5518 ⁸⁸
1005 5488 1217 5562 ῇθελεν,
1251 5490 1361 5543 ὅτε.

1491 5608 1629 5670 Car.
1667 5609 2003 5672 Duft'esnii
2041 5613 2137 5673 Du
2184 5613 2405 5693 Cangii
2452 5623 2642 5676 notae.

486 5724 591 5793 (I0)
618 5726 828 5793 Ξηρός.
874 5726 1094 5793 Bardas,
1129 5731 1451 5800 cognomine
1477 5730 1676 5793 Xerus.
1715 5734 1990 5788 Proedrus

409 5804 460 5846 et
495 5810 718 5862 magnus
750 5800 1124 5862 hetmriarcha,
1159 5804 1225 5854 de
1276 5817 1382 5871 quo
1417 5804 1467 5858 in
1501 5802 1708 5859 Novell.
1737 5804 1773 5856 Ξ
1812 5805 1989 5860 Alexii

2100 5736 2241 5811 apud
2270 5734 2505 5811 lialsam.
2538 5740 2588 5788 in
2618 5737 2865 5811 _lVoutoc.
2901 5737 3083 5811 Pitt)l..
3109 5755 3229 5811 cap.
3271 5743 3355 5807 ΓΞ,
3387 5752 3441 5797 et
3473 5742 3522 5798 itt
3559 5741 3697 5798 lure

2109 5804 2585 5873 Gta'co—Ilontano,
2618 5808 2711 5863 lib.
2751 5824 2812 5874 tt,
2849 5824 2970 5879 pag.
3006 5810 3128 5865 158.
