4088 6422
372 357 488 420 905

1585 360 2003 424 ALEXIADIS
2037 362 2183 423 LIB.
2262 363 2397 424 ΧΠ.

3531 365 3636 425 906
3697 397 3700 400 -

358 468 516 533 τινὰς
546 470 760 535 παίζων
793 471 854 526 τὸ
884 472 1166 546 ζατρίιιιον
1195 473 1240 545 (1
1261 473 1329 545 Ι),
1372 473 1588 546 (παιδιὰ
1606 477 1663 530 δὲ
1696 477 1856 529 τοῦτο
1886 477 1950 528 ἐκ

2058 477 2255 541 aleam,
2310 479 2813 548 expediendumque
2846 476 3134 546 aliquando
3164 475 3402 543 iaculum
3434 480 3634 533 tandiu

359 563 462 632 τῆς
518 563 628 616 τῶν
693 565 1003 634 Ἀσσυρίων
1043 567 1157 638 (12)
1185 569 1396 639 τρυφῆς
1453 569 1842 640 ἐξευρημένων
1871 571 1939 634 θ’,

359 656 466 707 καὶ·
487 655 567 717 είς
597 657 751 726 ἡμᾶς
776 659 990 711 ἐκεῖθεν
1023 659 1332 729 ἑληλυθὸς),
1373 662 1422 714 οἱ
1457 662 1556 732 τὴν
1607 659 1943 732 τυραννικὴν

360 745 752 812 ἐξοπλίσαντες
784 751 946 818 χεῖρα
977 749 1067 803 διὰ
1109 751 1204 804 τοῦ
1260 751 1545 821 βασιλικοῦ
1587 751 1942 806 κοιτωνίσκου

361 835 594 906 ἔμελλον
625 837 700 898 ὡς
727 838 808 901 εἰς
831 839 925 892 τὸν
961 839 1189 909 βασιλέα
1229 845 1481 914 χωρῆσαι
1510 843 1604 896 τὸν
1629 843 1790 912 φόνον
1821 842 1945 896 ὡδί-

363 945 568 990 νοντες.
640 927 700 981 Ὀ
750 929 809 982 δέ
868 948 954 984 τοι
1021 933 1307 1001 βασιλικὸς
1377 937 1738 999 κοιτωνίσκος
1791 928 1945 999 οὗτος

363 1012 538 1089 οὗπερ
604 1022 651 1073 ot
695 1019 940 1090 βασιλεῖς
983 1023 1176 1093 ἔτυχον
1231 1025 1611 1096 εὐναζόμενοι,
1675 1027 1818 1081 κατὰ
1848 1028 1948 1098 τὴν

363 1111 649 1180 εὐώνυμον
705 1115 887 1166 κεῖται
936 1113 1186 1186 πλευρὰν
1241 1116 1338 1170 τοῦ
1382 1118 1473 1170 ἐπ’
1524 1119 1794 1188 ὀνόματος
1849 1119 1948 1187 τῆς

363 1203 712 1274 Θεομήτορος
740 1204 854 1276 (15)
892 1207 1342 1278 ἀνεγηγερμένον
1373 1211 1640 1281 τεμένους
1689 1211 1834 1266 κατὰ
1879 1213 1949 1266 τὰ

366 1298 664 1366 ἀνάκτορα·
715 1296 814 1351 κᾶν
868 1299 918 1350 ot
973 1299 1158 1354 πολλοὶ
1218 1302 1279 1355 τὸ
1314 1303 1410 1356 τοῦ
1459 1305 1951 1377 μεγαλομάρτυρος

364 1385 684 1458 Δημητρίου
703 1387 748 1418 ⁸³
779 1387 892 1458 (14)
924 1389 1098 1460 ὄνομα
1128 1392 1306 1463 ταύτη
1345 1394 1682 1465 ἐπέγραφον.
1711 1396 1867 1448 Κατὰ
1894 1395 1950 1448 δὲ

363 1479 462 1548 τὴν
486 1477 666 1541 δεξιὰν
694 1479 906 1549 αἴθριον
942 1480 1136 1550 ἔδαφος
1187 1479 1256 1552 ἦν
1297 1484 1400 1537 cna
1455 1487 1762 1559 μαρμάρων
1821 1504 1953 1540 κατ-

367 1571 730 1640 εστρωμένον,
761 1573 852 1624 καὶ
885 1573 916 1644 ἡ
975 1576 1110 1642 πρὸς
1139 1577 1296 1630 τοῦτο
1329 1579 1598 1645 ἐξάγουσα
1655 1580 1800 1648 πύλη
1848 1578 1944 1633 τοῦ

364 1663 654 1732 τεμένους,
684 1665 873 1727 ἄνετος
907 1667 1043 1718 πᾶσι
1090 1670 1204 1730 τοῖς
1233 1668 1509 1723 ἐθέλουσιν
1569 1667 1662 1741 ἦν.
1709 1671 1952 1726 Ἐκεῖθεν

367 1754 462 1807 οὖν
494 1754 798 1824 ἐσκέῲαντο
829 1757 1098 1811 εἰσελθεῖν
1126 1759 1264 1813 εἴσω
1292 1762 1386 1814 τοῦ
1405 1763 1694 1833 τεμένους,
1725 1764 1820 1816 καὶ
1842 1764 1944 1827 τὰς

367 1845 460 1899 τὸν
509 1845 789 1915 βασιλικὸν
830 1851 1194 1904 κοιτωνίσκον
1245 1851 1650 1918 ἀποκλειούσας
1682 1856 1952 1919 κατεάξαι
1981 1835 2030 1899 Β

369 1940 565 2005 πύλας,
593 1925 724 2012 κᾷθ’
756 1940 932 2004 οὕτως
978 1942 1342 2008 εἰσελθόντες,
1379 1945 1592 2000 ἀνελεῖν
1633 1947 1722 1999 διὰ
1757 1945 1948 2014 ξίφους

365 2032 458 2083 τὸν
500 2032 908 2104 αὐτοκράτορα.
979 2035 1143 2089 Ἀλλά
1198 2035 1377 2091 ταῦτα
1430 2038 1532 2109 μὲν
1581 2041 1629 2092 oi
1667 2042 1949 2111 μιαιφόνοι

367 2123 568 2175 ἐκεῖνοι
610 2125 806 2194 ἄνδρες
850 2127 992 2179 κατὰ
1017 2128 1111 2180 τοῦ
1148 2129 1320 2198 μηδὲν
1376 2131 1700 2202 ἠδικηκότος
1737 2133 1952 2186 διεσκο-

369 2217 592 2268 ποῦντο’
665 2217 869 2286 ἔσφηλε
937 2219 994 2271 δὲ
1051 2220 1152 2290 τὴν
1224 2222 1434 2275 τούτων
1480 2201 1680 2294 βουλὴν
1734 2225 1949 2289 όΘεός.

368 2307 718 2378 Δηλωθέντος
745 2308 801 2361 δὲ
837 2308 931 2362 τοῦ
965 2309 1243 2380 δράματος
1280 2312 1368 2365 διά
1390 2331 1535 2376 τινος
1559 2314 1638 2384 τῷ
1676 2315 1952 2386 αὐτοκρά-

369 2416 514 2469 τορι,
546 2399 892 2470 παραχρῆμα
928 2403 1348 2471 μετεπέμποντο
1395 2405 1656 2467 ἅπαντες.
1725 2406 1951 2478 Πρῶτον

369 2490 470 2556 μὲν
503 2484 598 2541 οὖν
635 2489 894 2560 Ἰωάννην
921 2491 1014 2543 τὸν
1041 2493 1392 2562 Σολομῶντα,
1426 2495 1520 2548 καὶ
1544 2496 1820 2565 Γεώργιον
1859 2497 1951 2550 τὸν

364 2578 694 2633 Βασιλάκιον
724 2583 804 2644 εἰς
837 2581 905 2634 τὰ
951 2583 1231 2654 ἀνάκτορα
1281 2587 1655 2655 εἰσαχθῆναιιὸ
1697 2587 1952 2656 βασιλεὺς

365 2672 690 2742 ἐπέτρεψεν,
739 2673 1022 2742 ἐγγυτέρω
1071 2675 1407 2744 γενομένους
1450 2677 1544 2729 τοῦ
1587 2678 1838 2732 οἰκίσκον
1892 2681 1953 2734 ἐν

365 2758 526 2836 ᾧπερ
576 2765 740 2829 αὐτὸς
789 2766 1089 2835 ἐτύγχανεν
1154 2766 1231 2820 ὢν
1283 2769 1423 2839 μετὰ
1474 2770 1575 2840 τῆς
1623 2772 1753 2842 περὶ
1787 2771 1953 2826 αὐτὸν

369 2859 723 2927 συγγενείας,
759 2859 847 2911 ἵνα
873 2859 963 2912 διά
991 2877 1154 2912 τινων
1184 2860 1468 2932 ἔξερωτῴη
1493 2863 1714 2927 αὐτοὺς,
1754 2863 1956 2917 ἁπλου-

371 2952 566 3021 στέρου
615 2953 967 3022 φρονήματος
1032 2952 1260 3015 τούτους
1294 2953 1465 3007 πάλαι
1493 2953 1808 3023 γινώσκων,
1843 2957 1954 3009 κάκ

369 3045 564 3099 τούτου
616 3046 816 3116 ῥᾳδίως
873 3048 940 3098 τὰ
971 3045 1380 3116 βεϐουλευμένα
1434 3048 1816 3118 μεμαθηκέναι
1847 3050 1956 3102 οἰό-

374 3153 560 3204 μενος.
611 3135 696 3199 Ὧς
728 3137 784 3188 δὲ
814 3133 1077 3200 πολλάκις
1127 3136 1481 3208 ἐρωτώμενοι
1518 3139 1736 3211 ἔξαρνοι
1790 3137 1952 3211 ἦσαν,

369 3227 576 3292 ἔξεισιν
627 3227 656 3278 ὁ
695 3227 1158 3297 σεόαστοκράτωρ
1227 3229 1500 3293 Ἰσαάκιος
1566 3231 1828 3302 καὶπρὸς
1859 3234 1951 3286 τὸν

369 3318 700 3387 Σολομῶντα
723 3319 1034 3382 ἀπονεύσας
1071 3320 1199 3388 ἔφη·
1237 3317 1426 3376 Οἶσθα
1485 3322 1951 3390 πάντως,Σολο-

363 3408 517 3478 μῶν,
557 3408 671 3478 τὴν
713 3410 820 3463 τοῦ
850 3411 998 3477 ἐμοῦ
1029 3410 1300 3480 ἀδελφοῦ
1329 3413 1429 3466 καὶ
1457 3414 1771 3480 ,βασιλέως
1808 3415 1952 3484 ἀγα-

374 3503 611 3568 Θότητα.
647 3504 717 3556 El
736 3501 853 3570 μὲν
888 3503 961 3556 τὰ
981 3503 1441 3573 βεϐουλευμένα
1463 3505 1660 3560 πάντα
1695 3507 1953 3577 ἀπαγγέ-

373 3594 511 3660 Jac,
565 3595 947 3662 συμπαθείας
996 3596 1362 3665 παραχρῆμα
1399 3596 1712 3668 ἀξιωθήσῃ
1744 3613 1757 3626 ·
1797 3603 1848 3653 εὶ
1897 3600 1951 3652 δ’

368 3681 506 3749 οὖν,
563 3685 926 3754 ἀνηκέστοις
945 3687 1250 3753 βασάνοις
1297 3689 1715 3760 παραδοθήσῃ.
1766 3691 1823 3743 Ὁ
1871 3691 1949 3756 δὲ,

367 3777 691 3840 ἑνατενίσας
727 3777 822 3830 καὶ
876 3779 1001 3841 τοὺς
1030 3780 1506 3850 περικυκλοῦντας
1539 3783 1634 3835 τὸν
1687 3784 1955 3838 σεὸαστο-

368 3870 618 3942 κράτορα
649 3871 962 3943 βαρϐάρους
991 3872 1354 3942 Θεασάμενος,
1389 3875 1484 3927 ἐπὶ
1543 3873 1652 3929 τῶν
1682 3874 1850 3944 ὤμων
1883 3878 1955 3931 τὰ

369 3961 715 4032 ἔτερόστομα
766 3960 896 4030 ξίφη
943 3962 1359 4027 κραδαίνοντας,
1390 3963 1654 4035 ἔντρομος
1683 3965 1949 4034 γεγονὼς,

372 4053 719 4123 παραχρῆμα
750 4051 968 4106 ἅπαντα
995 4053 1355 4122 ἀπαγγέλλει,
1380 4054 1512 4118 τούς
1544 4073 1604 4108 τε
1631 4058 1955 4130 συνίστορας

370 4146 738 4217 ὁμολογήσας,
779 4144 946 4215 μηδὲν
1001 4145 1057 4197 δὲ
1086 4146 1337 4216 περὶτοῦ
1381 4153 1544 4214 φόνου
1571 4149 1772 4202 εἰδέναι
1822 4151 1959 4204 διισ-

374 4238 754 4308 χυριζόμενος.
790 4233 923 4290 Εἶτα
957 4239 1360 4308 παραδοθέντες
1399 4241 1512 4302 τοῖς
1543 4239 1645 4309 τὴν
1692 4242 1946 4314 φυλακὴν

370 4332 582 4387 τούτων
613 4334 1154 4403 ἐμπεπιστευμένοις
1183 4333 1294 4385 τῶν
1320 4333 1668 4402 ἀνακτόρων,
1690 4334 1789 4386 καὶ
1812 4335 1954 4387 διαι-

374 4425 646 4496 ρεθέντες,
691 4423 996 4497 ἔμφρουροι
1025 4425 1310 4492 γεγόνασι.
1375 4424 1515 4488 Τοὺς
1543 4425 1601 4478 δέ
1635 4442 1700 4494 γε
1731 4427 1956 4492 λοιποὺς

2050 569 2334 623 libratum.
2369 569 2463 625 Vis
2490 585 2621 639 ergo
2667 569 2946 624 inferenda
2979 568 3234 624 cubiculo
3283 569 3640 638 imperatoris

2045 661 2346 715 condicitur
2368 661 2418 714 in
2440 661 2580 715 diem
2606 671 2876 730 posterum
2899 676 2914 726 ;
2935 660 3089 730 cujus
3115 659 3353 714 diluculo
3371 661 3641 729 Augustus

2045 751 2329 824 evigilans,
2355 768 2452 823 pro
2475 767 2627 808 more
2651 767 2751 808 suo
2783 753 2928 818 fecit,
2953 762 3011 807 ut
3030 753 3095 806 ad
3112 753 3421 808 diluendam
3449 751 3646 806 amari-

2052 848 2178 900 tiem
2212 846 2592 914 principalium
2622 860 2900 911 curarum,
2953 859 3024 900 ne
3055 855 3240 900 noctes
3269 844 3483 914 quidem
3536 843 3641 912 ipsi

2053 938 2271 1008 quietas
2329 937 2649 1003 sinentium,
2701 937 3158 992 familiarissimos
3187 951 3313 990 suos
3344 952 3374 992 e
3405 951 3642 991 consan-

2049 1031 2314 1102 guinitate
2345 1032 2534 1086 intima
2565 1034 2631 1085 ad
2661 1030 2954 1084 ludendum
2993 1044 3178 1084 secum
3209 1029 3506 1083 Zatricinm
3542 1027 3639 1082 ad-

2053 1123 2288 1178 hiberet.
2329 1123 2691 1177 Remissionis
2736 1137 2909 1192 genus
2951 1113 3007 1176 id
3051 1129 3135 1177 est
3182 1121 3306 1176 inde
3347 1136 3521 1188 usque
3567 1121 3636 1176 ab

2050 1215 2289 1286 Assyriis
2310 1215 2603 1284 ingeniosis
2626 1215 2927 1270 artiﬁcibus
2949 1214 3280 1284 voluptatum
3303 1215 3368 1268 ad
3390 1222 3637 1267 nostrum

2055 1323 2216 1364 usum
2294 1308 2824 1376 oblectationemque
2876 1314 3252 1376 propagatum.
3305 1304 3463 1375 361
3518 1303 3638 1358 Tali

2052 1414 2186 1470 ergo
2233 1397 2442 1453 ludicro
2477 1398 2748 1452 rclaxanti
2777 1398 3016 1452 animum
3047 1397 3363 1465 imperatori
3396 1409 3523 1449 ecce
3550 1395 3638 1449 in»

2056 1493 2256 1547 (licium
2282 1491 2781 1557 inopinatissimum
2799 1489 3021 1544 ail‘ertur
3047 1487 3367 1542 insidiarum
3389 1496 3441 1541 et
3466 1487 3641 1541 truci-

2057 1582 2294 1638 dationis
2319 1583 2370 1635 in
2398 1581 2607 1636 foribus
2635 1581 2892 1635 astantis.
2932 1579 3024 1633 Sic
3064 1579 3148 1634 sui
3185 1577 3380 1634 nefarii
3412 1585 3640 1633 conatus

2059 1677 2325 1730 rationem
2363 1673 2715 1742 ordinemque
2747 1681 3166 1742 composuerant
3209 1670 3435 1725 fanatici
3467 1669 3641 1740 parri-

2059 1767 2194 1821 cida:
2226 1753 2289 1820 ιιι¹
2316 1781 2411 1834 per
2441 1780 2660 1820 sacrum
2697 1764 2872 1818 locum
2905 1763 3256 1832 sanguinaria
3298 1762 3640 1832 grassatione

2058 1858 2401 1928 pollnendmn
2435 1857 2576 1910 viam
2609 1855 2928 1910 at'fectarent
2961 1869 3065 1922 qua
3103 1869 3314 1908 sacram
3345 1867 3634 1922 personam

2060 1951 2320 2020 principis
2353 1949 2604 2002 violatum
2645 1947 2808 2002 irent.
2845 1945 3112 2001 Conclave
3140 1945 3194 1999 in
3230 1961 3338 2016 quo
3363 1956 3491 1999 tunc
3517 1945 3591 2000 im
3614 1975 3638 1988 -

2059 2053 2312 2114 perantes
2352 2041 2644 2107 cubabant,
2687 2039 3001 2095 adhaerebat
3046 2039 3270 2094 sinistro
3303 2039 3457 2093 lateri
3508 2037 3642 2092 aedis

2057 2150 2226 2191 sacrae
2258 2135 2308 2188 in
2343 2134 2562 2188 nomine
2592 2133 2683 2188 Dei
2722 2132 2911 2187 Matris
2947 2132 3085 2184 intra
3128 2130 3391 2200 palatium
3423 2139 3644 2183 exstru-

2058 2236 2178 2290 ctac,
2210 2241 2369 2296 quam
2397 2224 2548 2278 multi
2583 2238 2862 2294 perperam
2890 2237 3084 2291 magno
3113 2223 3338 2290 martyri
3367 2220 3642 2276 Demetrio

2057 2319 2290 2374 dicatam
2329 2326 2540 2388 putant,
2567 2326 2622 2370 et
2663 2316 2714 2369 in
2750 2330 2870 2370 eam
2911 2315 3126 2384 proprio
3162 2314 3372 2383 postico
3404 2311 3639 2366 familia-

2060 2429 2172 2467 rem
2200 2420 2254 2466 et
2286 2409 2631 2466 commodum
2663 2407 2942 2476 Augustis,
2994 2405 3208 2475 quoties
3241 2407 3371 2458 dare
3413 2417 3640 2473 operam

2059 2502 2304 2573 religioni
2347 2502 2562 2563 vellent,
2603 2499 2873 2570 praebebat
2927 2499 3249 2566 ingressum.
3285 2495 3363 2550 Ex
3393 2495 3641 2566 opposito

2059 2593 2124 2646 ad
2187 2594 2467 2647 dexteram
2526 2587 2709 2657 templi
2775 2587 3024 2654 ejusdem
3087 2586 3302 2654 patebat
3361 2584 3641 2639 subdivan

2059 2685 2259 2740 atrium
2291 2697 2562 2737 marmore
2600 2691 2832 2736 stratum
2885 2688 3012 2733 ante
3069 2679 3214 2746 ipsas
3245 2678 3479 2746 majores
3509 2675 3641 2730 aedis

2060 2777 2204 2832 fores
2239 2791 2452 2844 semper
2493 2787 2707 2843 apertas
2738 2781 2793 2826 et
2821 2771 3065 2842 religioni
3119 2770 3360 2824 omnium
3409 2768 3642 2822 adorare

2058 2869 2352 2924 volentium
2382 2867 2678 2936 expositas.
2729 2863 2831 2918 Per
2865 2878 2956 2919 eas
3009 2878 3114 2917 non
3169 2861 3427 2916 adorandi
3459 2862 3642 2915 animo

2058 2970 2349 3030 penetrare
2379 2957 2588 3011 cruenti
2623 2951 2908 3009 carniﬁces
2939 2952 3324 3015 decreverant;
3361 2947 3487 3003 inde
3516 2963 3644 3018 per-

2059 3050 2272 3121 rupturi
2296 3051 2344 3103 vi
2376 3049 2550 3103 subita
2578 3045 2776 3105 ostium
2810 3042 3144 3113 imperatorii
3168 3041 3426 3103 cubiculi,
3457 3041 3645 3110 sicque

2061 3143 2358 3210 Angustum
2403 3140 2454 3192 in
2493 3152 2592 3192 sua
2630 3136 2802 3206 ipsius
2852 3135 3011 3189 diaeta
3070 3132 3385 3201 oppressuri
3437 3130 3643 3186 frustra

2060 3235 2401 3288 innocentem
2437 3240 2491 3285 et
2518 3231 2649 3284 nihil
2677 3231 2742 3283 de
2767 3229 2897 3297 ipsis
2922 3227 3062 3282 male
3093 3227 3368 3282 meritum.
3399 3225 3502 3280 Sed
3532 3241 3643 3280 non

2057 3327 2159 3381 hoc
2190 3326 2361 3387 Deus,
2398 3339 2500 3377 non
2539 3323 2632 3376 Dei
2668 3321 2840 3376 Mater
2869 3320 3015 3376 sivit.
3047 3319 3388 3382 lntroducto,
3421 3327 3479 3372 ut
3503 3318 3648 3372 dixi-

2059 3433 2200 3478 mus,
2225 3417 2290 3469 ad
2320 3416 2704 3483 imperatorem
2735 3413 2936 3477 indice,
2970 3412 3218 3479 satisque
3263 3409 3516 3464 omnibus
3544 3423 3644 3464 co-

2056 3509 2238 3579 gnitis,
2277 3507 2567 3559 mittuntur
2617 3503 2889 3573 extemplo
2937 3503 3030 3572 qui
3065 3503 3380 3573 coniuratos
3435 3501 3641 3555 diversi

2058 3601 2397 3670 requirerent
2447 3608 2496 3653 et
2533 3599 2889 3652 adducerent.
2936 3596 3148 3651 Primos
3192 3595 3437 3649 omnium
3486 3593 3641 3647 Salo-

2059 3705 2273 3744 nwnem
2307 3697 2360 3741 et
2396 3687 2687 3755 Georgium
2729 3687 3052 3741 Basilacium
3102 3685 3167 3739 ad
3205 3700 3264 3739 se
3296 3685 3434 3738 intra
3492 3683 3644 3754 pala-

2057 3784 2192 3836 tium
2226 3781 2347 3836 duci
2375 3779 2538 3847 jussit
2579 3779 2878 3848 imperator
2933 3778 2985 3831 in
3038 3776 3215 3830 locum
3264 3775 3535 3835 cubiculo,
3582 3774 3642 3828 in

2056 3890 2162 3946 quo
2196 3884 2306 3928 tum
2339 3873 2452 3942 ipse
2480 3872 2802 3943 cognatione
2839 3885 2934 3925 sua
2974 3872 3186 3924 cinctus
3215 3866 3467 3923 universa
3498 3869 3640 3922 resi-

2057 3968 2242 4033 debat,
2279 3967 2347 4020 ita
2377 3946 2545 4037 prope
2573 3966 2873 4028 admotum,
2914 3971 2974 4015 ut
2996 3975 3120 4030 quae
3155 3960 3265 4014 illic
3297 3958 3553 4014 Salomon
3585 3967 3642 4011 et

2056 4058 2354 4113 Basilacius
2401 4073 2429 4110 a
2464 4057 2838 4126 cognitoribus
2909 4051 3280 4123 interrogandi
3329 4051 3638 4118 responsuri

2057 4162 2232 4214 erant,
2261 4150 2502 4203 exaudiri
2533 4150 2601 4201 ab
2633 4163 2700 4202 eo
2735 4157 2975 4216 possent.
3023 4144 3292 4211 Sperabat
3323 4158 3392 4197 ex
3440 4141 3506 4198 iis
3553 4156 3638 4206 se,

2057 4257 2197 4311 quos
2229 4250 2435 4294 naturae
2467 4240 2732 4308 simplicis
2760 4249 2816 4292 et
2847 4237 3195 4293 dissimulare
3241 4236 3438 4289 nescia:
3472 4250 3638 4290 nove-

2058 4345 2162 4396 rat,
2198 4333 2382 4387 statim
2407 4331 2752 4399 cogniturum
2790 4331 2994 4394 omnia,
3019 4339 3072 4382 et
3101 4329 3173 4403 ita
3205 4342 3402 4397 magno
3433 4328 3639 4396 negotii

2060 4425 2384 4495 compendio
2411 4438 2592 4477 moras
2619 4423 2894 4478 ulterioris
2929 4419 3295 4491 inquisitionis
3326 4418 3642 4474 lucrifactu-

1433 4539 1635 4600 Varire
1669 4537 1976 4604 lectiones
2014 4558 2093 4604 ex
2125 4539 2268 4602 cod.
2304 4537 2560 4599 Coislin.

447 4645 495 4676 ⁸³
527 4642 909 4714 ἐξευρημένον.
985 4639 1032 4673 ⁸³
1072 4640 1234 4695 Deest
1269 4654 1369 4693 vox
1403 4640 1745 4710 Δημητρίου.

1402 4738 1540 4798 Car.
1580 4737 1900 4799 Dui'resnii
1931 4739 2026 4798 Du
2070 4736 2291 4814 Cangii
2330 4742 2521 4797 notae.

453 4845 565 4913 (lt)
614 4843 943 4909 Ζατρίκιον.
987 4841 1440 4896 Latrunculorum
1486 4842 1770 4913 |n_«lns,_t_tt
1804 4852 1956 4913 recte
1983 4842 2036 4908 Ι)
2063 4851 2214 4913 septa
2265 4848 2614 4913 exstrttserat
2655 4836 2897 4913 Basilius
2947 4831 3505 4913 Macedo,_ut‘auctor
3556 4851 3640 4896 est

369 4910 669 4971 obaervattt
723 4915 820 4966 viri
873 4914 1038 4965 ducti.
1092 4914 1286 4976 Ducas,
1347 4928 1464 4978 cap.
1522 4911 1636 4962 162
1689 4910 1957 4978 Ἐκάθητο

375 4990 536 5057 μετόιᾼ
579 4985 672 5036 τοῦ
717 4983 841 5057 μῐού
883 4983 1048 5057 etiam}
1105 4980 1254 5034 ἔνδον
1315 4983 1421 5057 τῆςΔ
1468 4979 1683 5057 cingit;
1748 4981 1959 5057 παίζων

371 5048 678 5122 ζατρίκιον,
715 5052 742 5104 ὃ
787 5055 836 5103 οἱ
897 5053 1103 5121 Πέρσαι
1148 5052 1421 5120 σαντρὰτζ
1675 5050 1956 5114 καλοῦσιν,

372 5131 423 5178 οἱ
459 5127 516 5176 δὲ
557 5127 777 5176 Λατῖνοι
815 5122 1039 5174 σκὰκον.
1090 5122 1193 5174 Sed
1237 5133 1288 5175 ct
1337 5123 1506 5190 ipsam
1543 5137 1722 5174 vocem
1772 5135 1958 5172 scacus

371 5199 458 5248 visi
495 5196 718 5254 σκὰκος,
773 5193 1057 5243 barbaram
1103 5202 1154 5243 et
1191 5191 1472 5244 Turcicam
1529 5206 1648 5243 esse
1693 5200 1954 5255 constat;

372 5266 575 5319 Turcis
614 5265 757 5316 enim
809 5272 861 5314 et
894 5263 1075 5315 Persis
1109 5260 1301 5325 Scaclt,
1331 5278 1420 5314 rex
1449 5271 1554 5315 est.
1600 5261 1677 5313 lla
1726 5258 1945 5312 Leuncl.

376 5339 432 5389 in
497 5333 666 5386 Paud.
724 5329 908 5396 Tum,
955 5349 1007 5384 ιι.
1063 5332 1430 5394 1,102,179.
1493 5329 1946 5383 Latrunculorum

373 5421 506 5460 vero
524 5405 789 5472 praecipua
814 5403 1345 5472 persona(Acltmeti,
1365 5417 1483 5469 cap.
1504 5401 1605 5472 νιι
1635 5399 1947 5472 πρόσωπον)

376 5469 709 5545 regis—titulo
741 5473 1181 5545 _donatnr.7ane
1218 5470 1504 5526 Dissertat.
1545 5469 1704 5524 Joan.
1749 5469 1946 5524 Franc.

372 5543 617 5598 Sa‘razini
644 5548 706 5595 de
741 5543 866 5594 ludo
896 5544 1236 5594 scacborum.

452 5616 562 5684 (ιιι)
613 5613 1006 5684 λΑσσυρίῳν.
1066 5611 1194 5664 Vide
1255 5609 1512 5684 iambum
1568 5609 1833 5680 Guysium
1893 5610 1944 5663 in

371 5680 573 5739 Chron.
603 5680 850 5734 Hannon.
884 5681 1054 5743 |v0|.,
1097 5697 1218 5746 pag.
1252 5683 1339 5736 53.

447 5755 561 5825 (i5)
594 5751 981 5820 Θεομήτορος.
1041 5750 1236 5805 ιιΕιιιςιιι
1290 5753 1533 5821 Dciparzr
1586 5750 1724 5806 intra
1761 5751 1944 5821 palatii

692 5851 965 5909 Ριτιιῡι..
992 5853 1109 5912 Gn.
1141 5851 1426 5915 CXXXI.

2063 4905 2346 4980 delitzes.
2375 4907 2507 4962 Vide
2533 4906 2747 4980 Not._ad
2781 4907 3063 4980 Villbard.,
3100 4922 3162 4980 ιι.
3193 4905 3320 4960 156.

2134 4976 2246 5051 (Μ)
2279 4977 2890 5051 Δημητρίουὲΐιίιιιιείᾼίι
2917 4978 3260 5051 postmodum
3294 4977 3482 5031 eadem
3500 4976 3640 5051 _l)ei-

2059 5044 2200 5113 parte
2230 5044 2390 5103 antes
2420 5044 2660 5100 Palatina
2723 5047 2774 5100 in
2843 5049 2901 5100 υ.
2957 5044 3213 5098 Demetrii
3246 5061 3464 5100 nomen.
3495 5046 3639 5104 Sane

2056 5119 2495 5180 Cantacuzenns,
2557 5119 2653 5171 lib.
2696 5133 2779 5181 ιιι,
2808 5133 2928 5184 cap.
2969 5116 3001 5169 6
3039 5129 3092 5169 et
3125 5114 3179 5180 9,
3223 5117 3390 5169 aedem
3425 5117 3487 5171 Β.
3540 5113 3640 5174 De-

2058 5191 2237 5243 metrii
2273 5189 2324 5242 in
2372 5191 2489 5253 ipso
2523 5189 2724 5256 palatio
2759 5183 2969 5242 statuit.
3004 5183 3246 5256 Meminit.
3277 5187 3439 5240 etiam
3470 5187 3638 5244 Codi-

2058 5277 2181 5324 nns,
2222 5259 2292 5312 l)e
2320 5258 2475 5327 ofﬁc,
2508 5254 2627 5324 cap.
2666 5258 2752 5320 i5,
2817 5255 2996 5321 templi
3025 5325 3034 5327 Α
3060 5257 3119 5310 D.
3175 5254 3454 5327 Demetrii,
3487 5260 3631 5327 quod

2057 5325 2476 5396 Pala'ologorum
2503 5338 2774 5396 nuncupat
2801 5343 2816 5391 ;
2843 5327 2988 5382 illius
3015 5325 3154 5380 forte
3189 5329 3328 5394 quod
3370 5342 3399 5380 a
3435 5325 3635 5382 Basilio

2056 5399 2347 5452 Macedone
2412 5409 2728 5451 renovatum
2793 5399 2954 5451 tradit
3007 5398 3312 5466 Scylitzes,
3371 5406 3631 5466 eratque,

2054 5472 2268 5538 opinor,
2299 5469 2350 5520 in
2374 5480 2619 5538 extremo
2645 5468 2796 5521 urbis
2819 5467 3039 5536 angulo,
3067 5465 3154 5520 tibi
3183 5465 3633 5538 olimiacropolis,

2053 5535 2215 5591 hodie
2251 5537 2496 5605 Sarajum
2531 5535 2911 5602 Sultanicum,’
2951 5553 2980 5589 ιι
3033 5553 3140 5605 quo
3175 5537 3400 5605 angulus
3431 5535 3488 5601 S,
3525 5537 3635 5590 De-

2056 5609 2232 5662 metrii
2268 5610 2465 5662 dictus.
2496 5607 2630 5662 Vide
2664 5607 2887 5669 Ducam,
2911 5623 3032 5670 cap.
3072 5606 3142 5659 58
3173 5617 3226 5660 et
3257 5609 3325 5662 59
3353 5621 3370 5671 ;
3407 5605 3637 5663 Bondel-

2053 5679 2315 5734 montium
2342 5689 2394 5732 et
2424 5677 2648 5732 Lcuncl.
2683 5676 2884 5741 Pand.,
2924 5695 2974 5730 ιι.
3010 5677 3132 5732 159.

3187 5839 3263 5898 '29
