4088 6454
400 478 509 546 913

1601 488 2017 550 ALEXIADIS
2055 490 2206 553 LIB.
2249 494 2391 556 ΧΠ.

3557 488 3660 554 9η

402 587 592 656 ὥσπερ
626 605 679 640 τι
698 587 862 656 λάχος
881 588 981 658 τὴν
1007 588 1328 661 ἐπωνυμίαν
1350 594 1579 664 ταυτηνὶ
1614 595 1975 667 κληρωσάμε-

2081 604 2154 656 uti
2203 603 2607 673 loquebantur:
2644 604 2720 658 En
2774 603 2951 658 adhuc
3000 617 3097 660 vos
3146 610 3427 672 exspectat
3468 604 3660 656 buma-

400 697 490 741 νος
511 679 599 731 διὰ
629 679 690 730 τὸ
715 677 948 749 πρώτως
970 680 1063 735 τὸν
1097 682 1332 752 Ἀνεμᾶν
1359 684 1699 756 σιδηρόδετον
1719 686 1978 754 δέξασθαι

402 769 494 821 ἐπὶ
517 767 684 820 πολὺν
704 771 761 821 ἐν
785 770 934 838 αὐτῷ
961 774 1460 843 χρονοτριϐῆσαντα
1486 778 1698 847 χρόνον.
1734 780 1846 832 Καὶ
1869 778 1981 849 γὰρ

400 861 552 914 ἐπινε
563 861 634 930 μή
643 877 780 923 σεως
799 863 1253 935 παριππευούσης
1269 866 1578 939 δωδεκάτης
1595 869 1720 934 δοὺξ
1740 871 1981 940 προϐλη-

402 953 518 1016 θεὶς
541 950 954 1022 Τραπεζοῦντος
975 957 1002 1008 6
1021 955 1121 1026 ἤδη
1153 958 1339 1027 ῥηθεὶς
1370 960 1668 1030 Γρηγόριος
1697 962 1808 1036 (17)
1839 965 1980 1016 ἀπο-

402 1045 636 1097 στασίαν
659 1045 830 1098 πάλαι
850 1045 1055 1100 ὠδίνων
1072 1051 1131 1100 ὲν
1152 1050 1228 1118 τῷ
1249 1051 1385 1120 πρὸς
1401 1053 1795 1124 Τραπεζοῦντα
1815 1057 1982 1127 ἀπέρ-

401 1136 618 1204 χεσθαι,
656 1139 733 1199 είς
769 1137 884 1205 φῶς
917 1138 1154 1209 ἐξήγαγε
1196 1141 1256 1195 τὸ
1291 1145 1623 1216 ἀπόρρητον.
1670 1149 1979 1202 Ἐπανιόντι

401 1228 512 1295 γὰρ
541 1229 676 1298 πρὸς
705 1228 803 1300 τὴν
833 1231 1404 1288 Κωνσταντινούπολιν
1427 1237 1502 1308 τῷ
1530 1239 1850 1312 Δαϐατηνῷ,
1881 1244 1981 1313 τῆς

400 1320 659 1388 δουκικῆς
703 1322 877 1391 ἀρχῆς
928 1325 1031 1386 είς·
1057 1324 1149 1377 τὸν
1181 1324 1500 1400 Ταρωνίτην
1552 1333 1974 1404 μετατεθείσης,

403 1413 764 1481 συναντήσας,
816 1412 1102 1484 δεσμώτην
1151 1417 1316 1481 εὐθὺς
1346 1420 1511 1473 αὑτὸν
1539 1422 1636 1475 καὶ
1666 1424 1979 1496 ἔμφρουρον

398 1503 481 1564 είς
513 1503 758 1573 Τήὸεναν
783 1505 894 1574 (18)
938 1503 1106 1575 εἶχεν,
1136 1509 1196 1561 οὐ
1229 1510 1322 1563 τὸν
1357 1512 1668 1584 Δαϐατηνὸν
1700 1516 1755 1568 δὲ
1793 1519 1978 1584 μόνον,

399 1592 538 1645 ἀλλὰ
597 1594 690 1646 καὶ
741 1595 850 1648 τῶν
923 1597 1210 1665 ἐπιφανῶν
1259 1601 1689 1672 Τραπεζούντων
1737 1607 1978 1672 ἱκανοὺς,

398 1686 498 1738 καὶ
527 1685 688 1738 αὐτὸν
719 1687 784 1754 δὴ
813 1689 905 1741 τὸν
938 1690 1032 1742 τοῦ
1065 1692 1350 1763 Βακχηνοῦ
1372 1695 1416 1726 ⁷³
1449 1696 1783 1764 ἀδελφιδοῦν.
1825 1700 1981 1754 Ἐπεὶ

398 1779 456 1832 δὲ
484 1779 594 1831 τῶν
637 1779 852 1848 δεσμῶν
886 1784 979 1836 καὶ
1027 1787 1123 1854 τῆς
1153 1787 1382 1857 εἱρκτῆς
1420 1788 1520 1840 οὐκ
1564 1789 1806 1855 ἐλύοντο,
1849 1794 1979 1862 ὁμο-

401 1869 776 1938 φρονήσαντες
809 1870 1049 1936 ἅπαντες
1080 1875 1208 1938 τοὺς
1241 1876 1340 1946 μὲν
1372 1879 1748 1948 φρουροῦντας
1780 1883 1976 1947 αὐτοὺς

397 1961 496 2012 τοῦ
525 1962 831 2016 ἀποστάτου
869 1965 1080 2028 αἰκίαις
1115 1968 1692 2040 καθυπροσαλόντεςτθ
1739 1974 1846 2040 ἔξω
1871 1977 1980 2030 τῶν

395 2052 598 2122 τειχῶν
619 2054 1014 2122 ἐξαγαγόντες,
1066 2059 1257 2129 πόρρω
1311 2079 1412 2116 που
1461 2064 1772 2135 ἀπήλασαν,
1825 2069 1980 2123 αὐτοὶ

398 2143 458 2196 δὲ
496 2147 594 2215 τὴν
629 2146 670 2197 Τ
676 2145 878 2216 ήὸεναν
916 2152 1373 2221 σφετερισάμενοι
1408 2159 1684 2226 κατεῖχον.
1721 2158 1778 2211 Ὀ
1808 2158 1852 2212 δ’
1883 2160 1980 2212 αὑ-

400 2239 683 2311 τοκράτωρ
714 2239 974 2304 πολλάκις
1006 2243 1093 2296 διὰ
1130 2245 1364 2314 γραφῶν
1396 2249 1528 2302 ποτὲ
1557 2249 1658 2319 μὲν
1695 2254 1979 2323 μετεπέμ-

401 2344 534 2380 πετο
563 2328 746 2392 αὐτὸν,
781 2331 912 2382 ποτὲ
945 2331 1002 2383 δὲ
1032 2332 1126 2385 καὶ
1161 2335 1516 2399 ξυνεϐούλευε
1561 2341 1662 2408 τῆς
1711 2343 1979 2414 κακίστης

397 2418 702 2488 ἀποστῆναι
736 2420 1017 2489 πράξεως,
1051 2426 1100 2476 εί
1136 2423 1383 2496 βούλοιτο
1418 2429 1764 2498 συμπαθείας
1793 2437 1979 2503 τυχεῖν

399 2511 495 2562 καὶ
527 2512 606 2571 είς
635 2513 734 2581 τὴν
765 2514 1042 2584 προτέραν
1077 2516 1375 2588 ἀναχθῆναι
1407 2520 1770 2575 κατάστασιν·
1804 2526 1976 2580 ἐνίοτε

395 2602 456 2654 δὲ
479 2603 576 2654 καὶ
600 2603 838 2673 ἠπείλει,
870 2608 917 2659 εί
949 2607 1022 2678 μὴ
1047 2607 1307 2664 πείθοιτο.
1343 2612 1406 2664 '0
1427 2613 1484 2666 δὲ
1513 2615 1766 2670 τοσοῦτον
1786 2619 1978 2690 ἀπεῖχε

394 2695 490 2745 τοῦ
526 2695 825 2750 ὑπακούειν
864 2697 958 2751 τοῦ
993 2701 1400 2774 αὐτοκράτορος
1429 2706 1500 2758 τά
1531 2705 1706 2778 λῴονα
1742 2711 1978 2780 συμϐου-

395 2783 686 2851 λεύοντος,
722 2789 798 2851 ὡς
853 2792 948 2844 καὶ
1000 2785 1221 2864 γραφὴν
1271 2796 1596 2868 πολύστιχον
1647 2803 1783 2874 πρὸς
1815 2804 1978 2858 αὐτὸν

398 2879 818 2950 ὲκπεπομφέναι
880 2885 1308 2958 καθαπτομένην
1359 2893 1419 2943 οὺ
1488 2894 1650 2962 μόνον
1707 2897 1815 2950 τῶν
1879 2901 1980 2969 τῆς

401 2972 715 3041 συγκλήτου
788 2976 882 3027 καὶ
930 2976 1024 3029 τοῦ
1077 2980 1312 3049 στρατοῦ
1371 2982 1632 3052 λογάδων,
1678 2987 1814 3041 ἀλλά
1886 2991 1980 3044 καὶ

400 3061 581 3115 αὐτῶν
603 3065 664 3134 δὴ
703 3065 812 3120 τῶν
853 3070 1135 3137 συγγενῶν
1164 3074 1258 3125 καὶ
1283 3076 1548 3146 γαμϐρῶν
1581 3079 1674 3132 τοῦ
1707 3081 1978 3152 αὐτοκρά-

397 3170 579 3224 τορος.
620 3157 714 3210 Ἐκ
745 3162 979 3229 ταυτησὶ
1019 3163 1076 3216 δὲ
1107 3165 1207 3233 τῆς
1231 3167 1450 3237 γραφῆς
1480 3169 1734 3237 διαγνοὺς
1757 3173 1919 3227 αὑτὸν
1950 3178 1978 3229 6

401 3247 764 3320 αὐτοκράτωρ
795 3250 1148 3324 καθεκὰστην
1181 3259 1271 3308 ἐπὶ
1299 3258 1360 3308 τὸ
1390 3262 1576 3330 χεῖρον
1609 3263 1970 3331 προϐαίνοντα
2001 3295 2046 3353 c

400 3340 497 3391 καὶ
547 3341 627 3403 είς
687 3344 932 3412 παντελῆ
997 3346 1259 3400 ἀπόνοιαν
1315 3350 1415 3420 ἤδη
1480 3353 1974 3426 συνελαυνόμενον,

401 3429 496 3482 καὶ
535 3432 804 3498 ἀπογνοὺς
859 3435 1025 3488 αὐτοῦ
1075 3439 1419 3507 παντάπασι,
1463 3444 1561 3514 τῆς
1586 3463 1976 3518 τεσσαρεσκαι·

401 3522 636 3609 δεκάτης
671 3525 1053 3597 ὲπινεμήσεως
1110 3532 1507 3604 ἐφισταμένης,
1575 3538 1830 3609 Ἰωάννην
1885 3543 1978 3596 τὸν

409 3607 536 3702 ἴδιον
603 3614 931 3683 ἀδελφιδοῦν
955 3617 1002 3650 ⁷⁷
1062 3620 1160 3690 τῆς
1215 3625 1560 3691 πρωτοτόκου
1605 3607 1972 3702 αὐταδέλφης,

397 3701 690 3771 ἑξάδελφον
746 3706 803 3759 δὲ
869 3709 1148 3780 πατρόθεν
1217 3714 1312 3766 τοῦ
1369 3716 1703 3784 ὰποστάτου,
1766 3701 1974 3792 πέμπει

391 3797 521 3848 κατ’
573 3797 738 3850 αὑτοῦ
763 3838 778 3862 ,
827 3801 970 3854 κατὰ
1001 3803 1218 3873 πρῶτον
1253 3807 1352 3876 μὲν
1379 3807 1558 3877 λόγον,
1594 3814 1796 3881 μᾶλλον
1831 3833 1973 3886 συμ-

395 3889 794 3980 ϐουλευόμενοι]
864 3897 932 3949 τά
999 3898 1284 3968 σωτήρια,
1351 3903 1600 3973 οίόμενος
1688 3908 1977 3980 πεισθῆναι

391 3993 450 4069 τε
465 3977 573 4048 ,ὅτῳ
609 3980 698 4034 διὰ
736 3981 836 4052 τὴν
873 3984 936 4036 ἐκ
977 3987 1076 4055 τῆς
1117 3991 1440 4057 συγγενείας
1480 3996 1843 4069 γνησιότητα,
1876 3977 1978 4057 καὶ

535 4073 598 4125 ὲκ
629 4073 834 4127 ταύτοῦ
871 4075 1102 4145 αἵματος
1138 4081 1342 4151 ἀμφοῖν
1373 4089 1655 4142 κοινωνίαν
1680 4107 1692 4121 ·
1727 4068 1775 4144 εί
1809 4093 1865 4145 δὲ
1900 4098 1976 4166 μὴ

395 4163 664 4253 βούλοιτο,
690 4167 962 4237 ἀνδρικῶς
994 4169 1454 4244 ἀντικαταστῆναι
1484 4179 1572 4232 διά
1597 4197 1655 4232 τε
1687 4180 1855 4253 ξηρᾶς
1883 4163 1978 4240 καί

394 4251 675 4325 θαλάσσης
703 4258 903 4322 πολλάς
932 4263 1371 4333 συνεπαγόμενον
1395 4267 1439 4298 ⁷⁸
1467 4251 1976 4341 δυνάμειςονΜαθὼν

391 4344 453 4397 δὲ
482 4346 581 4416 τὴν
609 4348 801 4403 τούτου
838 4351 1050 4407 ἔλευσιν
1078 4357 1106 4408 6
1139 4357 1458 4427 Ταρωνίτης
1487 4362 1790 4434 Γρηγόριος
1825 4369 1973 4434 ἐξελ-

395 4436 507 4490 Θὼν
548 4440 623 4505 ὡς
671 4444 809 4512 πρὸς
855 4445 1162 4502 Κολώνειαν
1211 4451 1323 4518 (19)
1374 4452 1538 4524 ἀπῄει
1584 4455 1882 4530 (πολίχνιον
1921 4463 1976 4516 δέ

391 4531 556 4586 τοῦτο
592 4535 960 4606 ἐρυμνότατον
999 4539 1092 4593 καὶ
1133 4541 1429 4612 ἀνάλωτον)
1471 4546 1556 4613 ἐφ’
1667 4552 1974 4618 μετακτιλέ-

2087 697 2231 751 nitas
2300 698 2582 767 principis.
2646 699 2854 754 Videtis
2908 713 3174 766 cxpansas
3233 698 3354 767 ejus
3409 698 3564 750 ulnas
3608 706 3661 750 et

2085 790 2424 856 complexum
2462 789 2758 844 oli‘erentes
2789 807 2804 845 :
2848 793 3088 844 nomium
3132 790 3289 854 plane
3324 789 3657 843 conclamata

2083 889 2264 934 vestra
2297 880 2477 947 salus,
2512 882 2779 951 respicere
2815 899 2912 936 vos
2944 883 3245 942 etiamnum
3280 897 3398 933 sors
3445 880 3656 940 melior,

2083 972 2127 1025 si
2148 971 2288 1026 Deus
2321 976 2592 1039 annuerit,
2616 983 2808 1044 potest.
2835 973 2891 1028 Si
2913 974 3032 1042 quis
3059 990 3186 1027 vero
3204 974 3399 1028 ductus
3427 971 3656 1024 ulterius

2087 1069 2235 1112 trans
2287 1058 2481 1114 fatales
2547 1061 2938 1114 misericordiae
3003 1061 3266 1114 terminos
3312 1071 3657 1128 progressum

2085 1151 2254 1204 semel
2291 1152 2564 1204 funestum
2591 1153 2984 1219 expedivisset,
3021 1142 3214 1220 nempe
3248 1151 3338 1203 ille
3372 1150 3439 1202 de
3487 1149 3661 1201 mani-

2083 1241 2186 1296 bus
2233 1240 2537 1296 clementiae
2587 1259 2649 1297 ac
2698 1244 2764 1297 de
2808 1243 2996 1297 salutis
3047 1258 3141 1310 spe
3181 1242 3326 1294 omni
3381 1240 3658 1308 depositus

2083 1341 2223 1397 erat,
2250 1333 2354 1385 hoc
2383 1332 2558 1401 ipsum
2598 1331 2871 1386 indicante
2902 1332 2976 1386 rei
3013 1332 3290 1401 symbolo;
3339 1330 3461 1398 quia
3513 1330 3655 1381 enim

2082 1425 2258 1480 obviae
2287 1425 2390 1478 illae
2419 1440 2688 1494 supremae
2709 1424 3016 1494 majestatis
3046 1439 3107 1477 ac
3142 1423 3436 1492 potestatis
3465 1434 3656 1473 manus

2084 1516 2340 1570 miserum
2372 1516 2424 1570 in
2453 1517 2749 1585 perniciem
2779 1527 3088 1585 protrusum
3125 1531 3231 1568 tton
3285 1514 3656 1574 detinuerant,

2085 1606 2352 1674 ahjecisse
2383 1608 2616 1674 quodam
2639 1609 2796 1660 modo
2831 1623 2896 1662 ac
2919 1607 3182 1674 repulisse
3215 1603 3656 1659 immiserabilem

2083 1700 2432 1755 videbantur.
2465 1700 2702 1754 Fortuna
2754 1699 2920 1770 igitur
2967 1698 3232 1768 supplicio
3277 1698 3654 1751 damnatorum

2083 1801 2168 1847 est
2211 1790 2398 1862 (quam
2449 1807 2549 1860 ego
2606 1791 2788 1858 potius
2847 1789 3014 1844 divini
3060 1788 3308 1842 Numinis
3361 1787 3656 1840 salutarem

2085 1884 2318 1952 gratiam
2359 1883 2725 1952 interpretor;
2767 1885 2906 1935 hanc
2938 1883 3084 1934 enim
3117 1895 3350 1934 evocare
3397 1881 3447 1932 in
3501 1879 3657 1931 auxi-

2009 1960 2055 2019 Β
2085 1976 2216 2030 lium
2265 1989 2593 2045 quacunque
2653 1974 2971 2028 calamitate
3026 1973 3658 2039 miseros,.'quoennqne

2083 2069 2326 2138 periequ
2344 2067 2642 2137 pendentes
2666 2065 2870 2135 decet),
2907 2079 3087 2129 casus,
3120 2066 3362 2133 inquam,
3387 2070 3443 2114 ut
3469 2064 3660 2115 huma-

2081 2161 2206 2215 nius
2261 2160 2490 2228 quuar,
2549 2159 2697 2214 velut
2757 2157 2970 2212 fortuiti
3028 2156 3306 2224 cujusdam
3357 2161 3464 2221 est,
3514 2155 3657 2222 quod

2081 2252 2384 2318 impetrata:
2420 2249 2558 2302 forte
2605 2249 2956 2316 benignitatis
2991 2261 3021 2300 a
3055 2247 3297 2314 principe
3323 2247 3544 2298 nuntius
3588 2245 3657 2298 ad

2081 2340 2324 2395 infelices
2373 2338 2601 2408 justilim
2649 2337 2897 2390 victimas
2953 2335 3270 2404 perveniat,
3334 2335 3656 2402 priusquam

2083 2443 2234 2485 trans
2293 2428 2485 2481 fatales
2538 2440 2710 2480 metas
2779 2427 2956 2479 eundo
3013 2423 3400 2494 processerint.
3466 2422 3657 2490 Itaque

2080 2524 2332 2592 equidem
2365 2535 2602 2589 agnosco
2634 2519 2872 2574 divinam
2919 2519 2970 2571 in
3005 2517 3166 2586 hujus
3198 2531 3304 2584 quo
3339 2517 3404 2569 de
3446 2517 3656 2584 agimus

2081 2614 2320 2668 hominis
2349 2612 2522 2668 salute
2551 2607 3137 2677 Providentiangeus
3162 2609 3328 2672 enim,
3362 2607 3502 2662 Deus
3537 2621 3658 2676 pro-

2082 2709 2224 2763 fecto
2256 2708 2406 2762 illum
2438 2706 2808 2761 excaecatione
2842 2705 2907 2758 ad
2941 2719 3100 2772 quam
3143 2712 3261 2756 erat
3309 2703 3455 2770 juste
3503 2705 3655 2755 dam-

2081 2811 2267 2866 natus,
2330 2796 2760 2852 misericorditer
2811 2795 3043 2850 liberare
3104 2795 3302 2854 voluit.
3366 2793 3491 2847 dum
3554 2807 3654 2847 nos

2080 2893 2314 2963 primum
2355 2890 2423 2944 ad
2448 2888 2980 2944 commiseratiouem
3012 2885 3338 2940 calamitatis
3363 2884 3481 2955 ejus
3509 2883 3654 2936 haud

2082 2986 2244 3040 dubie
2276 2984 2462 3047 movit,
2499 2982 2692 3050 deinde
2720 2981 2928 3051 adjuvit
2963 2980 3016 3032 in
3069 2979 3410 3047 impetranda
3462 2976 3653 3030 remis-

2082 3078 2235 3131 sione
2286 3090 2490 3145 poauae;
2553 3083 2827 3145 postremo
2885 3071 3078 3126 annuit
3123 3082 3181 3124 ut
3229 3078 3413 3124 noster
3466 3068 3656 3138 gratiae

2081 3172 2319 3225 obtenta:
2349 3169 2573 3222 nuntius
2615 3181 2960 3236 progressum
3011 3164 3194 3219 miseri
3237 3164 3377 3218 ultra
3413 3177 3536 3216 eum
3570 3161 3656 3214 lo-

2083 3278 2204 3315 cum
2240 3261 2330 3314 ubi
2367 3269 2526 3314 erant
2574 3273 2767 3313 manus
2813 3271 2976 3311 tenete
3029 3254 3368 3325 properando
3420 3267 3657 3322 praever—

2082 3361 2237 3407 teret.
2271 3351 2435 3422 364
2471 3350 2750 3420 Siquidem
2777 3348 2866 3403 ille
2893 3347 3159 3402 festinans
3186 3356 3470 3401 assecutus
3501 3358 3654 3414 pom—

2081 3461 2203 3515 pam
2239 3444 2459 3500 feralem
2513 3445 2646 3498 citra
2700 3451 3009 3512 suggestum
3057 3440 3208 3493 illum
3259 3440 3314 3493 in
3363 3453 3469 3507 quo
3518 3437 3655 3490 tian

2079 3547 2298 3590 exstare
2333 3550 2524 3590 manus
2560 3549 2738 3588 teneas
2764 3534 3028 3594 diximus,
3061 3533 3249 3600 gratiae
3288 3529 3653 3601 syngrapham

2081 3627 2136 3682 in
2169 3639 2411 3697 tempore
2438 3625 2672 3680 reddidit
2698 3624 3024 3680 ducentibus
3056 3622 3370 3677 Michaelem
3407 3640 3418 3675 :
3455 3619 3654 3690 quibus

2080 3721 2264 3775 statim
2292 3721 2407 3774 viso
2429 3717 2690 3788 principis
2715 3717 2919 3786 scripto
2944 3715 3284 3778 cedentibus,
3313 3713 3533 3766 nuntius
3560 3726 3654 3765 reo

2079 3826 2263 3867 secum
2299 3814 2577 3875 assumpto
2609 3820 2855 3860 reversus
2885 3812 2992 3870 est,
3019 3814 3074 3859 et
3101 3804 3165 3858 ad
3201 3815 3408 3857 turrem
3439 3816 3499 3856 se
3524 3815 3656 3853 con-

2081 3904 2263 3959 ferens
2292 3914 2461 3971 prope
2509 3896 2770 3968 palatium
2818 3896 3137 3951 aediﬁcatam
3182 3894 3253 3948 ibi
3290 3907 3412 3947 eum
3447 3894 3501 3947 in
3550 3907 3654 3945 cu-

2081 3995 2313 4050 stodiam
2347 3991 2588 4046 tradidit.
2630 3989 2722 4044 Sic
2757 3989 2899 4043 enim
2933 3995 3050 4042 erat
3077 3987 3285 4057 jussus.
3326 3985 3572 4040 Nondum
3609 3985 3655 4038 is

2081 4104 2146 4143 eo
2185 4099 2408 4141 carcere
2447 4083 2710 4138 liberatus
2762 4079 2960 4144 fuerat,
3015 4095 3138 4135 cum
3187 4077 3350 4131 alium
3388 4077 3652 4144 hospitem

2078 4177 2400 4246 Gregorium
2452 4180 2569 4228 hate
2620 4188 2739 4238 quae
2787 4172 2936 4239 prius
2988 4170 3209 4224 Anemte
3269 4169 3454 4221 fuerat
3496 4167 3656 4220 unius

2079 4266 2326 4324 custodia
2357 4263 2592 4332 excepit.
2623 4259 2814 4315 Turris
2867 4268 3048 4314 autem
3092 4268 3208 4314 erat
3252 4274 3355 4311 una
3407 4257 3650 4326 quaedam

2077 4377 2142 4417 ex
2173 4359 2241 4413 iis
2279 4369 2398 4424 qua:
2432 4368 2528 4422 per
2561 4351 2822 4406 mtenium
2862 4350 3099 4404 civitatis
3133 4358 3344 4417 partem
3393 4347 3651 4401 Blacber-

2077 4465 2270 4509 narum
2310 4449 2519 4516 regiam
2567 4442 2815 4513 proxime
2849 4450 3211 4511 spectantem,
3267 4440 3432 4494 certis
3486 4439 3649 4492 inter-

2077 4549 2232 4605 vallis
2291 4544 2565 4613 dispositae
2613 4545 2760 4595 sunt.
2818 4538 2890 4592 Ea
2955 4537 3225 4606 insignem
3275 4551 3340 4590 ex
3379 4550 3446 4589 eo
3491 4547 3652 4602 quem

393 4627 597 4717 σασθαι
635 4628 727 4682 τὸν
770 4631 1124 4704 Τανισμάνην
1163 4634 1244 4697 εἰς
1285 4637 1534 4707 ἀρωγήν.
1579 4639 1749 4695 Τοῦτο
1794 4645 1851 4698 ἐν
1895 4647 1971 4717 τῷ

2079 4655 2370 4699 narramus
2400 4647 2594 4693 eventu
2647 4631 3066 4703 appellationem
3114 4632 3166 4684 in
3218 4643 3380 4683 omne
3439 4638 3651 4696 tempus

391 4714 619 4770 ἀπιέναι
669 4718 1005 4790 μεμαθηκὼς
1050 4722 1079 4773 ὁ
1124 4721 1378 4796 Ἰωάννης
1423 4729 1550 4792 τοὺς
1593 4731 1833 4799 Κελτοὺς
1876 4714 1968 4789 rei?

2081 4734 2357 4809 propriam
2406 4735 2566 4784 nacta
2616 4733 2703 4780 est
2744 4742 2758 4779 :
2811 4724 2977 4778 turris
3032 4723 3141 4794 jam
3177 4721 3379 4792 passim
3429 4722 3650 4777 Anemtr

1459 4846 1990 4917 Varicelecliones
2031 4873 2109 4917 ex
2153 4850 2298 4914 cod.
2329 4844 2590 4908 Coislin.

479 4938 526 4971 ⁷⁵
549 4937 902 5010 Βακαχηνοῦ.
1009 4940 1056 4972 ⁷⁵
1085 4944 1579 5010 καθυποϐαλόντες.

1727 4951 1784 4984 ’τ’
1803 4955 2057 5025 ἀδελφόν.

2133 4955 2180 4986 ’⁸
2217 4947 2692 5016 συνεπαγόμενος.

1478 5065 1616 5126 Car.
1652 5066 1973 5131 Dufresnii
2003 5073 2100 5133 Du
2127 5062 2349 5142 Cangii
2380 5072 2567 5123 noun.

468 5159 581 5226 (l7)
612 5161 958 5230 Γρηγόριος.
993 5159 1289 5230 Gregorius
1319 5163 1603 5218 Taronites
1629 5205 1644 5227 ,
1677 5166 1868 5224 Gabrre
1921 5179 1973 5224 et

399 5229 658 5283 Dnbttielli
696 5232 744 5283 in
773 5231 968 5284 ducatu
1006 5229 1402 5297 Trapezuntin
1447 5250 1729 5290 successor
1757 5279 1769 5299 ,
1816 5239 1968 5294 defe-

396 5301 631 5373 ctionem
653 5311 842 5373 contra
876 5300 1120 5373 Alexium
1160 5303 1376 5357 molitus
1403 5312 1487 5358 est
1521 5306 1706 5361 indiat.
1744 5309 1841 5373 12,
1877 5325 1966 5363 an.

393 5373 530 5428 Chr.
577 5370 752 5434 1104,
799 5372 1120 5443 tandemque
1165 5382 1354 5443 captus
1404 5375 1454 5426 iu
1501 5374 1654 5428 Turri
1706 5370 1964 5443 Aricinae,

393 5443 656 5516 custodia:
689 5443 976 5516 mandatus
992 5447 1076 5516 est
1109 5439 1220 5516 ind.
1256 5441 1460 5516 M._an.
1498 5445 1668 5508 1106,
1698 5449 1788 5499 sed
1823 5439 1965 5516 post;

394 5514 613 5563 modum
645 5511 884 5581 pristinae
928 5510 1178 5581 dignitati
1231 5514 1506 5566 restitutus
1556 5528 1657 5570 est.
1714 5510 1961 5577 Gregorii

395 5581 452 5635 in
495 5579 656 5635 rebus
687 5579 893 5634 bellicis
925 5579 1169 5643 peritiam
1201 5617 1216 5638 ,
1241 5582 1528 5649 variasque
1579 5587 1627 5638 in
1659 5587 1966 5642 Colchideun

391 5657 452 5725 ει
474 5649 702 5725 Pontum
732 5723 741 5725 Α
776 5649 1467 5725 expeditiones___prm«_licat
1518 5652 1969 5725 rTiteppilyiaL’lllS

395 5719 553 5786 Bulg.
591 5721 830 5785 archiep.
860 5719 1020 5787 epist.
1057 5721 1110 5778 4,
1140 5718 1208 5771 26
1239 5729 1292 5775 et
1323 5723 1412 5787 57,
1438 5724 1603 5778 sedet
1636 5718 1874 5779 Francos
1906 5729 1970 5781 ab

395 5789 807 5867 il|o_non_seme_l
842 5786 1147 5867 proﬂigatos
1182 5786 1418 5867 sr:rih_it_.'_
1450 5795 1791 5867 Rata-acii;
1827 5798 1972 5867 Περ-

395 5858 562 5935 σικῇς
611 5857 1110 5935 ἀπονοίαίπύργῳ
1137 5862 1495 5935 συγκαθεῖλες
1544 5864 1605 5935 τὸ
1642 5857 1970 5935 τῆςΓΦραγ-

396 5929 562 5997 κικῆς
600 5929 857 5992 ἀπονοίας
890 5925 1107 5997 ὕψωμα.
1150 5929 1212 5983 Et
1241 5931 1363 5987 alibi
1397 5951 1411 5988 ς
1456 5925 1524 5986 "o
1564 5934 1619 5986 δὲ
1652 5925 1966 6005 Φραγκὶςό

2081 5167 2170 5220 τὸν
2200 5165 2473 5235 τράχηλον
2519 5163 2658 5226 τέως
2685 5163 2956 5235 σιδήρεος,
2989 5161 3162 5229 κηροῦ
3189 5161 3438 5235 χλιαροῆΔ
3458 5163 3651 5235 φανεξς

2082 5231 2505 5304 μαλακώτερος,
2551 5231 2980 5304 ἐκέ-περιουσίας
3027 5249 3086 5304 σε
3140 5231 3469 5304 πρίοσκυνεϊε
3522 5231 3651 5304 Vide

2077 5301 2486 5360 Batonium—an.
2516 5302 2673 5364 1075,
2713 5301 2767 5357 ti.
2795 5303 2878 5354 77.
2920 5301 2995 5355 De
3029 5301 3406 5356 Taronitarum
3445 5301 3646 5354 familia

2077 5378 2320 5444 pluribus
2353 5378 2560 5441 agimus
2593 5374 2642 5426 in
2668 5374 2979 5444 flammate
3009 5372 3360 5444 Cnmuenico.

2147 5448 2259 5516 (13)
2326 5439 2606 5512 Τήόειτιν.
2668 5442 2864 5497 Urbem
2917 5442 3071 5495 Ponti
3138 5442 3386 5504 Galatici,
3450 5439 3650 5492 Τεϐἐν-

2069 5515 2164 5567 δαν
2197 5517 2482 5567 I'tolemten
2511 5516 2727 5566 dictam.

2143 5586 2255 5653 (l9)
2303 5583 2663 5638 Κολώνειαν.
2719 5581 3224 5653 Porphyrogenneta
3259 5621 3274 5645 ,
3329 5582 3502 5653 iibnl
3575 5581 3650 5635 De

2073 5652 2250 5707 Tam.
2300 5654 2359 5706 ἹΙ
2399 5655 2455 5706 δὲ
2511 5653 2786 5705 Κολώνεια
2818 5655 3055 5722 κάσερον
3089 5655 3238 5705 ἐστὶν
3287 5652 3640 5720 ὀχυρώτατον

2070 5727 2163 5776 καὶ
2195 5725 2534 5793 κρημνῶδες.
2567 5723 2777 5776 Taxara
2810 5733 2991 5792 postea
3035 5723 3233 5776 dictam
3261 5723 3450 5775 scribit
3487 5723 3650 5776 Νιρε-

2073 5805 2152 5847 tas
2184 5797 2234 5846 in
2266 5794 2407 5847 Man.
2446 5796 2536 5845 lib.
2571 5809 2608 5856 t,
2648 5809 2704 5846 n.
2736 5794 2786 5845 ‘2.
2825 5794 2904 5844 Ab
2963 5795 3065 5846 hoc
3114 5804 3294 5846 castro
3331 5809 3525 5848 nomen
3570 5795 3652 5846 iu-

2069 5865 2242 5918 ditnm
2272 5865 2542 5926 Themati,
2571 5863 2709 5931 quod
2758 5861 3017 5918 Minorem
3058 5863 3372 5918 Armeniam
3402 5864 3648 5921 includit.

2071 5933 2204 5990 Vide
2250 5935 2469 6005 Scylitz.
2505 5950 2625 6003 pug.
2667 5933 2791 5986 8H.
