2044 3232
212 213 265 247 915

860 216 974 246 ΑΝΝιΕ
989 216 1180 246 COMNEN/E

1790 218 1843 253 915

212 276 318 304 vocata,
346 277 491 307 propterea
521 273 593 306 quod
619 273 749 300 Auentam
775 272 848 300 l‘erro
878 272 989 299 vinctun

1054 271 1119 298 ιδίου
1136 271 1342 307 στρατεύματος
1359 272 1565 309 ἀποδιελόμενος
1579 273 1627 301 καὶ
1642 274 1757 309 λογάδας
1773 274 1842 302 Ῥω-

211 317 329 355 primunt
352 319 501 351 acceperit,
529 320 627 354 diuque
657 320 774 346 tenuerit
801 319 900 346 solum.
930 318 997 344 Nam

210 363 357 400 Gregorius
374 364 574 400 Trapezuntius
597 368 649 393 dux
672 367 820 394 indictione
839 367 997 394 duodecima

209 410 385 438 rebellionem
414 412 550 446 professus
576 413 663 447 palam
687 421 768 448 quant
795 413 896 440 diutum
919 419 998 440 antea

207 457 404 489 parturiveral,
422 465 474 484 tton
501 458 553 485 nisi
571 464 667 493 quarta
691 459 795 486 decima
819 460 928 486 domum
955 460 996 485 in-

208 503 330 531 dictione
360 509 456 538 captus
481 510 508 531 et
527 506 552 532 in
583 511 684 533 turrem
714 506 826 533 Anemae
851 507 996 533 (onclusus

206 555 268 582 est;
293 556 353 583 qum
382 555 410 576 ttt
437 550 602 584 contigerint
624 559 697 578 nunc
721 552 820 579 dicam.
842 552 889 578 illa
915 560 995 586 quant

206 594 324 621 diximus
340 594 487 622 indictione
502 596 672 627 duodecima.
693 598 837 625 reverti-nti
858 598 995 625 Constan-

205 640 346 673 tinopolim
362 640 511 673 Dabateno,
531 643 662 670 translata
687 644 713 671 in
731 643 888 671 Taronitam
908 645 994 672 ducali

202 691 349 720 potestate,
363 696 511 716 occurrens
524 689 673 724 Gregorius
682 692 891 725 comprehendit
907 692 993 726 ipsutn

203 737 231 758 ct
250 733 388 766 captivum
412 736 482 768 apud
502 735 660 763 Tebeunam
678 737 787 771 habuit;
805 746 855 765 nec
878 738 994 766 Dabate-

204 787 269 805 num
296 780 403 813 solum,
428 781 474 807 sed
504 781 650 808 illustritnn
678 782 922 817 ‘l‘rapezuntiorum
952 791 994 813 sat

203 824 314 858 multos,
338 826 481 860 ipsutnque
507 826 577 854 inter
596 828 664 856 alios
691 829 825 856 Baceheni
854 836 991 864 nepotem.

201 868 233 895 lli
247 876 310 896 cum
329 870 429 896 diutius
456 875 622 903 tenerentur,
641 873 844 906 conspiratione
869 874 939 901 inter
962 882 991 902 se

201 915 271 941 facta
300 914 327 941 in
353 915 480 943 custodes
505 921 637 951 apostatte
666 918 806 946 ministros
835 919 990 955 insurgunt,

198 960 288 994 iisque
300 962 428 988 cruciatis
443 963 571 996 primum,
587 963 684 990 deinde
695 968 770 991 extra
782 972 872 992 tnurus
883 965 987 1000 ejectis,

199 1008 332 1041 longeque
346 1009 509 1040 amandatis,
535 1009 585 1044 ipsi
613 1010 767 1037 Tebennant
794 1016 824 1039 ut
851 1014 987 1046 propriam

198 1052 335 1078 obtinent.
362 1052 513 1087 imperator
543 1055 652 1081 interim
675 1056 745 1083 datis
766 1057 799 1084 ad
827 1057 988 1093 Gregorium

198 1105 270 1131 sa‘pe
289 1097 397 1125 litteris.
425 1099 559 1126 interdum
585 1100 694 1134 quidem
719 1101 849 1130 invitabat
871 1112 934 1131 eum
959 1110 989 1132 ttt

197 1145 303 1172 \‘eniret
318 1145 350 1171 ad
370 1153 409 1178 se,
425 1147 561 1174 interdum
576 1149 706 1176 suadebat
727 1153 755 1177 ut
775 1157 788 1176 a
805 1152 923 1184 pessimo
947 1152 988 1178 in-

196 1193 276 1223 cepto
293 1188 449 1222 desisteret,
463 1191 484 1218 si
500 1196 602 1219 tetnere
619 1200 747 1220 ausorum
765 1194 821 1221 fieri
839 1195 889 1223 sibi
906 1196 987 1223 vellet

196 1234 324 1267 gratiam,
340 1240 367 1262 et
389 1236 415 1262 in
439 1236 583 1269 pristittum
602 1242 703 1265 statum
723 1239 878 1267 oblitterata
897 1241 985 1268 rebel-

197 1279 270 1307 lione
287 1281 413 1314 restitui;
431 1281 566 1310 interdum
583 1283 699 1319 denique
724 1285 775 1312 nisi
803 1286 985 1321 resipiscerct,

152 1326 156 1333 ‘
198 1325 364 1353 minabatur.
379 1326 426 1354 ille
441 1332 532 1354 autem
548 1332 652 1355 tantum
678 1330 766 1357 abfuit
787 1332 821 1359 ab
843 1333 986 1361 audiendis

195 1370 418 1406 accipiendisque
454 1373 528 1400 sanis
560 1381 593 1400 ac
620 1374 785 1403 salutaribus
813 1376 986 1411 imperatoris

196 1416 317 1448 monitis,
333 1421 362 1444 ut
376 1419 458 1444 etiam
477 1419 609 1452 scriptum
631 1421 776 1448 multorum
792 1429 917 1450 versuum
931 1432 985 1452 non

197 1462 340 1489 verbosius
363 1471 445 1497 quam
471 1465 593 1493 odiosius
617 1467 650 1493 ad
673 1467 762 1511 ipspm
787 1469 906 1502 miserit,
932 1478 986 1505 qtto

195 1515 248 1535 non
266 1516 393 1540 proceres
417 1512 504 1538 solum
532 1512 606 1546 ipsos
631 1514 773 1541 senatori-at
800 1523 831 1544 ac
856 1517 985 1546 militaris

196 1553 359 1586 nobilitatis.
376 1557 422 1583 sed
439 1562 568 1592 cognatos
583 1559 663 1586 etiam
683 1568 853 1597 generosque
868 1562 986 1598 impera-

194 1600 263 1627 toris
290 1601 388 1629 acerbe
414 1610 446 1630 ac
478 1605 643 1632 mordaciter
671 1606 833 1636 incessebat.
859 1608 897 1635 Ex
933 1610 985 1637 hoc

193 1646 297 1679 scripto
310 1647 459 1682 imperator
484 1650 638 1685 intelligens
655 1652 755 1680 frustra
772 1656 924 1689 exspectari
951 1658 985 1684 ab

192 1690 302 1719 nomine
317 1700 425 1726 pessum
443 1695 556 1731 abrepto
571 1701 599 1723 ut
618 1704 648 1724 se
663 1700 696 1724 ad
714 1699 817 1733 frugem
838 1701 981 1735 reciperet,

1053 319 1150 353 μαίους
1166 318 1226 345 κατ’
1238 319 1322 345 αὑτοῦ
1336 319 1500 354 ἐξέπεμψεν,
1515 321 1539 346 οἳ
1556 322 1604 347 καὶ
1619 320 1843 354 προκαταλαΰόν-

1049 372 1096 395 ’τες
1120 365 1261 399 καρτερὰν
1282 364 1331 400 τὴν
1357 365 1416 399 μετ’
1430 365 1512 392 αὑτοῦ
1538 367 1704 401 ἁνεδήσαντο
1730 367 1840 402 μάχην·

1049 409 1096 435 δύο
1116 409 1143 435 δὲ
1164 411 1279 443 γενναῖοι
1301 411 1459 446 ἐντυχόντες
1478 412 1551 446 αὐτῷ
1572 413 1703 446 κατέσχον
1724 413 1768 439 διὰ
1788 413 1842 439 τῶν

1050 456 1172 490 δοράτων
1190 457 1391 488 καταϐαλόντες
1408 457 1454 483 τοῦ
1473 458 1567 484 ἵππου.
1587 455 1655 492 Κᾷθ¹
1671 457 1758 488 οὕτως
1775 459 1840 484 ἀνα-

1049 502 1200 536 λαϐόμενος
1220 503 1301 529 αὐτὴν
1316 503 1329 528 ὁ
1346 502 1472 538 Ἰωάννης
1492 504 1613 539 ξωγρὶαν
1629 505 1691 538 ἄγει
1707 500 1745 537 ’τῷ
1763 505 1843 531 αὺτο-

1049 549 1181 584 κράτορι,
1205 550 1411 584 ἐπομοσάμενος
1440 549 1507 584 μηδὲ
1531 550 1682 576 θεάσασθαι
1708 550 1789 577 αὑτὸν
1812 550 1842 576 τὸ

1048 597 1200 632 παράπαν,
1228 597 1297 631 μήτε
1323 596 1433 630 ὁμιλίας
1460 597 1576 628 ἀξιῶσαι
1604 596 1675 623 κατὰ
1698 598 1748 631 ’τὴν
1771 597 1841 623 ὀδῦν.

1049 643 1137 670 Πολλὰ
1151 643 1180 669 δὲ
1196 643 1271 677 ὅμως
1288 642 1359 675 ὑπὲρ
1374 642 1457 669 αὖ)τηῦ
1475 643 1625 677 παρεκάλει
1641 644 1687 669 τὸν
1704 643 1841 676 αὐτοκρὰ-

1047 697 1133 723 τορα,
1154 688 1260 714 ἐκείνου
1285 688 1499 723 ὑποκρινομένου
1524 688 1578 713 τῶν
1603 688 1735 721 ὀμμάτων
1759 688 1842 713 αὐτὴν

1047 733 1190 768 βούλεσθαι
1212 734 1400 767 ἀποστερῆσαι
1424 740 1430 747 ·
1450 733 1529 767 μόγις
1549 731 1595 759 οὖν
1628 734 1641 759 ὁ
1662 734 1842 767 αὐτοκράτωρ

1044 780 1094 815 τὴν
1121 780 1267 814 ὑπόκρισιν
1295 779 1534 814 παρεγύμνωσεν,
1561 780 1733 811 κατανεύσας
1761 780 1841 814 δῆθεν

1044 828 1104 857 ταῖς
1121 826 1205 853 αὑτοῦ
1222 826 1431 860 παρακλήσεσι,
1448 825 1534 851 πολλὰ
1555 826 1840 860 παρεγγυησάμενος,

1047 872 1084 907 μὴ
1104 872 1220 906 ἔκφορον
1238 871 1285 898 τὸν
1304 871 1383 904 λόγον
1403 871 1577 906 ποιήσασθαι.
1598 871 1675 897 Μετὰ
1696 871 1724 896 δὲ
1745 871 1841 906 τρίτην

1044 918 1152 953 ἡμέραν
1169 918 1218 951 τὴν
1236 918 1265 943 ὲν
1283 916 1340 952 χρῷ
1360 917 1488 951 κουρείαν
1507 916 1669 951 κειράμενον
1685 916 1734 950 τὴν
1752 925 1839 950 κεφα-

1043 963 1092 997 λήν
1106 971 1137 989 τε
1155 963 1202 989 καὶ
1217 962 1263 989 τὸν
1280 961 1408 996 πώγωνα,
1423 961 1467 987 διὰ
1487 962 1572 996 μέσης
1589 961 1772 996 περιαχθῆναι
1788 962 1840 995 τῆς

1043 1010 1148 1044 ἀγορᾶς
1165 1009 1326 1041 ἐκέλευσεν,
1347 1005 1409 1043 κᾷθ’
1423 1008 1508 1039 οὕτως
1530 1008 1569 1039 εἰς
1587 1008 1631 1034 τὸν
1650 1008 1700 1043 ἤδη
1721 1008 1840 1042 ρηθέντα

1043 1057 1149 1091 πύργον
1161 1056 1208 1082 τοῦ
1225 1055 1327 1089 Ἀνεμᾶ
1340 1054 1508 1089 εἰσαχθῆναι.
1526 1054 1603 1080 Ἐπεὶ
1617 1053 1644 1079 δὲ
1660 1053 1707 1079 καλ¹
1722 1053 1840 1088 ἔμφρου-

1045 1112 1090 1138 ρος
1106 1101 1143 1128 ὢν
1158 1102 1288 1132 ἀσύνετος
1304 1099 1489 1136 ἦν,·ἀπονοῐας
1508 1100 1618 1134 ῥήματα
1637 1099 1705 1133 πρὸς
1720 1098 1782 1130 τοὺς
1799 1098 1840 1124 δε-

1043 1148 1222 1184 σμοφύλακας
1242 1146 1380 1182 ὁσημέραι
1404 1144 1613 1179 ἀποφοιόἀζων,
1637 1145 1738 1180 πολλῆς
1761 1145 1839 1179 παρᾶ

1041 1195 1087 1222 τοῦ
1112 1194 1315 1228 αὐτοκράτορος
1338 1192 1497 1226 ἐπιμελείας
1521 1192 1564 1217 διὰ
1589 1192 1704 1225 μακρῶν
1728 1190 1838 1225 ἠξιοῦτο

1041 1241 1142 1277 γειρῶν
1159 1239 1229 1266 ὥστε
1252 1238 1414 1273 μεταϐαλεῖν
1433 1238 1479 1264 καὶ
1500 1237 1644 1271 μετανοίας
1666 1236 1838 1268 ἐνδείξασθαι

1041 1288 1143 1323 τρόπου
1154 1287 1187 1312 ⁷⁸.
1206 1286 1236 1311 '0
1253 1285 1281 1311 δὲ
1299 1285 1313 1310 ὁ
1328 1284 1407 1314 auro;
1428 1284 1474 1309 καὶ
1493 1282 1572 1314 αὖθις
1590 1281 1641 1318 ἦν,
1660 1282 1837 1317 μετεκαλεῖτο

1040 1333 1069 1359 δὲ
1088 1332 1193 1368 συχνῶς
1212 1331 1257 1357 τὸν
1275 1330 1341 1364 ἐμὸν
1359 1330 1485 1363 Καίσαρα
1505 1329 1590 1355 πάλαι
1609 1328 1677 1362 πρὸς
1698 1329 1770 1363 ἡμᾶς
1790 1337 1837 1362 φι-

1040 1379 1106 1409 λίως
1126 1378 1212 1412 ἔχων,
1233 1376 1280 1403 καὶ
1301 1375 1459 1411 παρεχώρει
1479 1375 1568 1410 τούτῳ
1586 1374 1738 1408 τηνικαῦτα
1758 1375 1804 1401 καὶ
1822 1375 1838 1401 ὁ

1040 1424 1230 1459 αὐτοκράτωρ,
1243 1422 1285 1457 ἐφ’
1296 1419 1318 1456 ᾦ
1333 1422 1380 1448 καὶ
1393 1421 1441 1455 τῆς
1456 1420 1558 1454 πολλῆς
1572 1421 1653 1447 αὑτὸν
1665 1420 1836 1447 ἀνακτᾶσθαι

1039 1470 1159 1505 ἀθυμίας
1181 1468 1229 1495 καὶ
1249 1466 1446 1502 συμϐουλεύειν
1464 1466 1499 1492 τὰ
1520 1465 1617 1499 λῲονα.
1636 1464 1665 1491 '0
1685 1465 1713 1491 δὲ
1735 1464 1836 1499 βραδὺς

1039 1516 1108 1552 πρὸς
1125 1514 1175 1548 τὴν
1192 1514 1239 1540 ἐπὶ
1256 1514 1286 1539 τὸ
1305 1512 1430 1546 κρεῖττον
1449 1510 1602 1545 μεταῦολὴν
1619 1510 1755 1544 ἐφαίνετο.
1770 1510 1836 1536 Ἐν-

1039 1563 1085 1590 θεν
1102 1570 1143 1587 τοι
1160 1560 1208 1587 καὶ
1224 1560 1269 1586 ἐπὶ
1286 1558 1398 1584 πλείονα
1416 1557 1512 1588 καιρὺν
1529 1556 1685 1591 ἔμφρουρος
1704 1553 1749 1590 ἦν.
1768 1553 1836 1582 Εἶτα

1040 1606 1212 1643 συμπαθείας
1229 1596 1374 1637 ἀξιέιιθεὶς,
1391 1603 1526 1637 τοσαύτης
1542 1602 1743 1637 φιλοφροσύνης
1759 1602 1835 1635 ἀπή-

1039 1654 1123 1680 λαυσε
1143 1651 1189 1678 καὶ
1210 1650 1321 1684 δωρεῶν
1340 1649 1387 1675 καὶ
1404 1648 1487 1683 τιμῆς
1506 1648 1608 1681 ὁπόσης
1627 1648 1688 1674 οὐδὲ
1709 1647 1763 1682 πρὸ
1775 1647 1834 1674 τοῦ·

1038 1701 1130 1730 ὁποῖος
1146 1699 1160 1724 ὁ
1174 1696 1241 1732 ἐμὸς
1258 1695 1384 1731 βασιλεὺς
1400 1694 1464 1728 περὶ
1479 1693 1513 1719 τὰ
1527 1692 1652 1720 τοιαῦτα.

192 1741 220 1763 et
235 1739 382 1767 amentiam
395 1748 476 1776 quam
493 1750 625 1770 summam
650 1744 776 1779 deposito
797 1746 853 1779 jam
880 1748 983 1782 pttdore
1002 1748 1076 1777 omni
1094 1745 1285 1782 proﬁtebatur.
1302 1742 1442 1768 "‘Odcmlo
1457 1739 1512 1766 “"0
1546 1738 1659 1766 οοηδῃίο
1694 1740 1833 1764 mulam"

190 1786 309 1821 denique
322 1787 441 1817 instante
455 1791 602 1819 indictione
618 1799 714 1827 quarta
731 1794 836 1822 decinta
849 1796 982 1824 Joannem
1004 1804 1085 1825 suum
1121 1798 1248 1829 nepotem
1290 1798 1322 1818 ex
1350 1789 1530 1838 primogenita
1555 1786 1832 1838 sorore,'patrueleltn

188 1840 254 1864 vero
268 1839 409 1867 apostatrc,
429 1841 524 1863 contra
542 1837 629 1871 ipsum
654 1839 739 1866 misit.
767 1840 888 1868 Primum
916 1843 1027 1876 quidem
1044 1841 1110 1869 utsi
1128 1843 1222 1875 posset
1236 1837 1293 1864 fieri
1329 1835 1426 1862 blanda
1461 1833 1535 1860 illum
1569 1833 1730 1860 tractatione
1771 1833 1827 1866 pel-

188 1879 285 1906 liceret
308 1879 389 1907 bomo
425 1886 498 1909 tanta
524 1883 574 1917 ipsi
601 1883 682 1920 365
710 1888 956 1922 consanguinitatis
981 1894 1009 1916 et
1028 1885 1239 1916 necessitudinis
1256 1882 1458 1917 propinquitate
1481 1881 1627 1930 admotus:
1664 1884 1719 1906 tum
1744 1882 1827 1930 certe.

188 1924 210 1951 si
225 1931 305 1951 ntere
320 1924 342 1951 is
359 1933 494 1961 pergeret,
509 1930 565 1956 acri
583 1938 645 1957 eum
667 1931 747 1964 bello,
761 1940 840 1966 quam
863 1934 895 1960 ad
917 1941 974 1961 rem
996 1934 1107 1961 idoneas
1120 1932 1212 1967 copias
1226 1928 1363 1960 ductabat,
1398 1932 1469 1953 terra
1500 1925 1622 1959 marique
1652 1928 1828 1959 oppugnaret.

187 1968 275 2003 Hujus
286 1971 402 1998 adventu
419 1972 550 2001 Taronita
563 1975 712 2011 Gregorius
726 1983 876 2012 comperto,
891 1979 981 2012 prodit
1011 1979 1159 2006 Coloncaut
1183 1981 1282 2002 versus
1308 1974 1360 2000 iter
1376 1971 1504 2022 ‘faeiens.
1544 1970 1655 2022 Aerea-
1678 1973 1719 2021 est
1752 1968 1831 2002 longe

187 2015 373 2045 munitissima
390 2024 471 2053 atque
487 2020 554 2046 adeo
569 2021 836 2056 inexpugnabilis,iu
870 2032 950 2059 quam
982 2033 1011 2052 se
1047 2024 1169 2057 recipere
1198 2020 1312 2056 parabat
1338 2018 1431 2046 animo
1455 2016 1584 2045 evocant"
1611 2016 1672 2043 inde
1697 2024 1723 2042 1η
1751 2023 1830 2043 suum

186 2064 320 2092 auxilium
344 2065 529 2096 Tanistnanis.
548 2069 574 2096 Id
591 2070 679 2097 obiter
690 2079 751 2098 eutn
764 2070 885 2100 Joannes
908 2073 1060 2105 didicisset,
1083 2070 1175 2099 Gallos
1196 2077 1228 2097 ex
1268 2075 1325 2113 suo
1361 2066 1483 2113 exercitu
1509 2068 1666 2113 segregatos
1691 2071 1752 2113 cuin
1791 2063 1832 2113 le-

186 2111 317 2138 ctissimis
333 2111 517 2141 Romanorum
533 2116 633 2143 vadere
666 2117 693 2143 in
709 2116 871 2151 Gregorium
894 2123 1005 2145 strenue
1041 2118 1168 2152 imperat.
1192 2114 1232 2142 illi
1248 2112 1386 2141 celeritate
1403 2111 1457 2162 usi‘
1467 2109 1780 2162 depreltettstttttnatlltue
1801 2115 1829 2135 In

185 2156 286 2185 itinere
311 2159 456 2193 invadunt,
484 2166 563 2189 atrox
593 2169 681 2197 pugna
705 2164 904 2197 committitur;
933 2172 981 2200 per
1000 2172 1061 2192 eam
1077 2164 1131 2191 duo
1145 2158 1431 2189 fortissimienostris
1445 2157 1514 2211 forte
1544 2156 1618 2211 nacti
1654 2155 1830 2211 .Gregormtn

185 2211 248 2231 eum
264 2205 367 2234 lanceis
383 2207 415 2234 de
429 2215 501 2242 equo
516 2209 651 2243 dejectum
668 2212 789 2246 rapiunt.
812 2213 858 2240 Sic
904 2213 1004 2239 victum
1045 2211 1174 2239 rebellem
1202 2209 1321 2237 Joannes
1352 2206 1508 2240 imperatori
1536 2206 1625 2250 sistit.
1651 2205 1829 2240 jurejurando

184 2252 323 2281 afﬁrmans
340 2262 369 2281 se
382 2255 455 2282 illum
469 2264 520 2283 nec
532 2257 631 2285 vidisse
644 2259 754 2286 omnino
767 2267 815 2286 nec
830 2267 979 2294 congressu
999 2263 1045 2286 aut
1062 2258 1227 2286 allocutione
1243 2256 1296 2283 ulla
1313 2263 1361 2290 per
1381 2256 1453 2281 viam
1477 2255 1629 2305 digtiatum'
1648 2259 1718 2305 esse.
1759 2252 1829 2279 Mul-

185 2304 231 2326 tus
259 2305 319 2327 erat
349 2305 439 2329 tamen
487 2304 513 2330 in
556 2304 720 2339 imperatore
746 2313 795 2340 pro
822 2313 856 2333 eo
886 2307 1016 2340 rogando.
1038 2305 1122 2333 Porro
1145 2305 1167 2332 is
1184 2309 1278 2330 contra
1306 2301 1443 2328 nitebatur
1468 2300 1579 2327 omnino
1607 2299 1738 2326 simulans
1765 2306 1827 2326 sese

184 2342 392 2372 irrevocabileut
418 2347 444 2373 in
469 2346 629 2382 Gregorium
660 2349 753 2376 tulisse
783 2352 973 2379 excaecatum“;
993 2348 1508 2382 sententiam.Tandemperseverante
1539 2347 1684 2374 instantius
1718 2345 1826 2375 Joanne

185 2389 340 2418 simulatam
368 2393 542 2420 severitatem
570 2395 709 2429 Augustus
731 2397 828 2429 exuit,
854 2405 979 2425 annuens
999 2397 1127 2433 precibus
1143 2395 1283 2430 supplicis,
1298 2402 1358 2421 cum
1372 2402 1404 2422 eo
1420 2398 1448 2420 ut
1482 2400 1644 2428 magnopere
1672 2393 1826 2427 iniungeret

186 2444 316 2464 arcanum
333 2438 425 2466 haberi
438 2441 509 2474 quod
528 2441 552 2468 ei
569 2443 601 2469 de
625 2450 678 2470 non
713 2445 875 2472 excaecando
909 2445 1040 2480 Gregorio
1073 2445 1253 2480 promitteret.
1287 2442 1352 2470 Post
1369 2442 1440 2468 diem
1468 2442 1575 2468 tertiam
1593 2440 1754 2491 Gregorium
1768 2440 1826 2491 ltu-

185 2487 279 2517 gustus
289 2483 365 2518 jubet
382 2493 430 2520 per
446 2487 564 2515 medium
587 2489 689 2516 traduci
717 2490 804 2517 fortun
825 2491 912 2526 capite
938 2500 970 2519 ac
990 2492 1074 2520 barba
1092 2491 1209 2519 strictim
1226 2490 1258 2516 ad
1274 2493 1363 2517 cutem
1389 2488 1484 2519 tonsis,
1505 2494 1621 2521 moxque
1656 2488 1681 2512 in
1716 2486 1815 2520 saepius

189 2535 366 2557 memoratam
384 2532 473 2560 induci
491 2534 600 2563 Auemte
615 2536 721 2563 turrim.
739 2536 766 2563 lu
782 2546 813 2564 ea
831 2538 875 2565 ille
890 2538 1046 2572 captivitate
1058 2545 1093 2565 ne
1107 2544 1169 2565 sero
1184 2535 1294 2571 quidem
1323 2535 1431 2569 sapiens
1462 2533 1556 2566 plenas
1584 2533 1720 2584 amentire
1741 2538 1820 2584 voces

186 2577 244 2604 suis
261 2578 420 2606 custodibus
435 2581 573 2609 eﬂ'utiebat
589 2584 710 2618 quotidie
728 2593 734 2611 :
774 2593 826 2612 non
865 2586 1013 2613 desistente
1033 2591 1176 2620 propterea
1190 2584 1357 2618 imperatore
1374 2589 1387 2607 a
1402 2581 1492 2608 studio
1508 2588 1539 2607 ac
1553 2585 1650 2607 conatu
1675 2579 1821 2607 reducendi

186 2625 306 2651 ltominis
322 2625 354 2652 ad
371 2631 487 2653 mentem
504 2628 655 2661 meliorem.
675 2638 756 2664 quam
773 2631 805 2658 ad
831 2639 907 2665 spem
924 2640 971 2667 per
991 2630 1123 2659 beneﬁcia
1141 2631 1269 2657 continua
1283 2628 1474 2662 grassabatur,
1515 2626 1651 2660 captivum
1695 2626 1822 2660 interpo‘

186 2671 240 2697 sito
265 2671 416 2699 ministerio
438 2678 574 2701 certorum
619 2676 768 2709 hominum,
798 2678 897 2712 quibus
923 2678 997 2705 velut
1035 2677 1124 2711 longis
1145 2675 1270 2702 manibus
1296 2682 1311 2701 a
1342 2673 1410 2701 solio
1428 2674 1466 2723 ad
1480 2680 1616 2723 carcerem
1638 2673 1823 2723 pertittgebat,

186 2717 329 2745 sedulitate
344 2718 537 2753 benignissima
562 2728 672 2749 curans.
692 2722 790 2749 Verum
814 2732 844 2750 ea
874 2724 973 2751 frustra
996 2723 1070 2750 fuere
1084 2722 1188 2752 omnia,
1204 2720 1277 2747 nullo
1294 2718 1450 2746 mutationis
1465 2722 1512 2744 aut
1543 2718 1710 2752 paenitentia:
1743 2718 1823 2751 signo

186 2772 304 2799 unquam
332 2766 357 2793 in
385 2767 516 2801 Greg0rio
559 2775 716 2803 apparente.
743 2771 793 2804 Qui
823 2775 915 2797 tamen
951 2779 1011 2798 cum
1031 2770 1131 2805 smpius
1162 2777 1250 2796 meum
1278 2768 1413 2796 Cra-sarem
1442 2766 1607 2816 appellasset
1625 2766 1723 2816 (fuerat
1748 2767 1821 2816 enim

188 2816 251 2838 ante
266 2813 370 2840 amicus
393 2813 496 2849 nobis),
516 2815 637 2850 permisit
661 2816 810 2850 imperator
835 2816 1079 2851 Caesariytadiret
1091 2815 1238 2844 hominem.
1256 2822 1310 2848 quo
1326 2812 1364 2841 illi
1377 2817 1405 2841 et
1418 2812 1607 2847 aegritudinem
1639 2812 1752 2846 levaret,
1792 2812 1822 2839 in

717 2875 817 2906 Varia:
841 2874 993 2906 lectiones
1013 2883 1050 2906 ex
1067 2873 1139 2906 cod.
1158 2871 1287 2904 Coislin.

219 2931 243 2947 ⁷⁵
256 2932 382 2967 τρῦπους.
