2044 3206
157 192 159 194 ι
189 174 242 206 919

855 175 967 206 ΑΝΝιΕ
983 174 1188 205 COMNEN/E.

1763 174 1817 206 920

188 233 308 268 pbanum
339 233 434 268 legatis
460 233 668 268 expugnationis
694 233 823 268 impetttm
849 233 973 260 ultimum

1028 232 1086 265 μετ’
1098 230 1181 257 αὐτοῦ
1197 229 1314 262 σπονδὰς
1327 229 1486 265 ὑπισχνεῖτο
1499 230 1675 265 ποιήσασθαι,
1690 230 1758 265 πρὸς
1770 231 1815 257 αὑ-

189 280 335 313 deprecata
351 284 403 312 est,
422 280 586 307 deditionem
613 280 654 307 sui
679 286 711 306 ac
733 280 849 306 civitatis
875 280 900 306 in
926 287 974 313 po-

191 328 316 351 testatem
335 324 505 359 imperatoris
517 326 665 359 spondeus,
679 325 900 359 couiirmansque
915 332 975 352 sese

191 369 224 395 ad
239 368 488 403 Coutostephanum
504 370 601 396 ituram
617 376 642 397 et
665 377 756 397 coram
779 378 841 397 cum
864 378 897 397 eo
920 375 975 397 tra-

190 417 324 441 ctaturant
339 414 373 441 de
389 416 469 442 rebus
484 415 598 448 ituperio
617 415 738 446 utilibus,
755 416 787 442 de
804 416 901 449 quibus
918 416 975 449 ipse

188 460 389 494 quamprimum
410 461 556 487 admonere
570 460 762 495 imperatorem
775 461 893 488 deberet.
915 461 976 488 Haec

191 509 270 530 cauta
289 503 389 531 femina
405 504 444 531 sic
466 505 564 539 agebat
585 509 614 531 ut
636 505 773 531 iuraretur
796 505 904 532 interim
930 514 977 532 ne-

188 551 335 576 cessarium
352 550 468 584 spatium
494 550 602 577 auxiliis
621 551 830 578 adventantibus
854 559 974 579 sttorum.

189 594 327 629 Siquidem
344 595 399 629 jam
416 604 430 622 a
442 596 530 630 primo
545 596 728 624 Romanarum
741 599 849 624 navium
862 598 975 632 appulsu

188 642 222 669 ad
242 650 325 669 unum
343 649 357 669 e
375 642 431 669 suis
447 642 510 669 ﬁliis
538 644 671 678 trepidum
694 649 721 671 et
751 644 849 671 auxilia
870 644 976 679 ﬂagita-

187 694 278 715 turum
296 688 432 715 curriculo
447 689 571 716 nuntium
583 689 703 717 miserat.
718 689 755 717 Eo
771 691 854 724 igitur
863 691 977 718 consilio

187 734 267 760 vanis
291 735 390 769 spebus
412 734 488 761 vafra
507 735 604 762 mulier
630 736 740 763 minime
766 736 827 763 ntali
859 737 977 763 hotninis

188 779 401 814 Contostephani
425 788 586 814 suspensum
606 781 725 809 iactabat
747 782 879 814 animum,
904 787 933 809 ιιι
954 783 976 809 si

187 823 259 851 forte
273 824 382 851 interim
405 831 537 861 armatus,
559 835 639 861 quem
656 829 840 861 exspeCIabat,
872 827 978 856 adforet

186 870 270 902 ﬁlius,
296 879 391 903 scena,
418 876 446 898 ut
466 873 583 907 tragicos
604 873 680 900 aiunt
693 893 700 905 ,
721 879 832 908 repente
862 874 976 908 dejecta,

186 916 244 943 vim
261 917 431 951 experiretur
445 925 618 953 pugnamque
630 924 795 953 capesseret.
816 919 952 946 Successit
963 927 978 946 e

189 962 324 989 sententia
351 962 440 990 dolus.
464 963 570 990 Audita:
595 964 682 991 mistae
705 971 786 991 voces
810 968 837 990 et
859 971 976 991 consona

187 1007 368 1034 conclamatio
385 1009 558 1035 obsessorum
571 1009 672 1043 pariter
686 1016 747 1036 cum
759 1009 978 1044 oppugnantibus

188 1054 341 1086 Augustum
368 1058 395 1080 et
429 1053 579 1081 Romanum
607 1055 750 1090 imperium
776 1055 976 1088 venerantium,

189 1100 309 1128 tardavit
325 1101 412 1135 primo
427 1102 558 1137 impetum
575 1103 710 1135 victoriae,
723 1102 875 1139 ducemque
895 1104 978 1132 collo-

188 1146 234 1180 qui
248 1154 280 1174 ac
290 1148 363 1182 pacis
380 1152 484 1175 morata
499 1148 580 1183 367
594 1154 634 1176 est
648 1149 760 1178 mentio.
773 1149 856 1178 Adest
869 1150 976 1178 interim

186 1198 364 1226 exspectatus
380 1194 414 1221 ab
430 1194 542 1221 beroina
559 1195 639 1227 ﬁlius,
656 1196 770 1223 comites
794 1203 885 1224 secum
909 1196 977 1224 alios

186 1237 260 1264 viros
283 1238 421 1273 principes
446 1239 558 1272 ducens,
584 1240 681 1267 idoneo
703 1247 837 1275 quemque
862 1248 977 1269 numero

185 1288 325 1317 sequente.
355 1283 465 1310 lrrnunt
489 1292 583 1320 omnes
610 1285 636 1311 in
660 1286 914 1320 Coutostephanum
936 1286 977 1313 iu-

190 1329 310 1358 hiantcm
328 1330 469 1363 promissis
494 1335 521 1357 et
544 1330 670 1357 feriatum
698 1331 834 1363 videlicet,
861 1339 977 1367 eumque

189 1374 267 1408 plane
291 1376 413 1402 vincunt.
436 1375 527 1403 Turba
552 1377 641 1403 omnis
665 1376 722 1403 fere
751 1377 869 1409 nautica,
893 1382 978 1405 terre-

189 1419 342 1455 striumque
358 1420 500 1455 ituperta
517 1429 666 1456 pugnarum
682 1423 792 1449 incursu
806 1422 894 1457 primo
917 1423 976 1451 fusa

187 1464 335 1499 fugataque
351 1466 377 1493 in
393 1474 468 1494 mare
484 1474 513 1494 se
530 1468 653 1502 projecit.
669 1468 853 1496 Excurreraut
866 1469 944 1503 paulo
962 1477 975 1496 a

188 1511 257 1538 mari
274 1511 380 1546 longius
398 1512 559 1547 Scytharum
582 1513 690 1547 quidam
706 1513 794 1546 (erant
810 1513 837 1540 in
854 1513 977 1541 [iomano

189 1562 245 1584 tttm
270 1558 392 1585 exercitu
428 1566 460 1585 ex
489 1565 569 1594 gente
603 1559 652 1586 ista
680 1558 779 1586 milites
808 1567 859 1586 non
886 1560 975 1596 pauci)

186 1602 327 1637 praedandi
349 1611 441 1637 causa,
460 1608 489 1631 ut
515 1611 573 1631 mos
599 1609 640 1631 est
672 1604 776 1632 talium.
802 1605 841 1632 Ex
868 1605 901 1633 iis
916 1606 974 1640 capi

187 1651 303 1685 contigit
329 1645 440 1678 omnino
466 1659 525 1685 sex,
544 1660 613 1687 quos
635 1653 668 1680 ad
697 1661 726 1681 se
744 1654 841 1682 tnissos
862 1655 975 1682 intuitus

185 1694 355 1724 Baimundus
371 1705 424 1724 non
440 1697 530 1733 minus
547 1706 628 1733 quam
645 1699 733 1733 magni
748 1699 893 1733 adeptione
906 1700 972 1727 lucri

184 1743 292 1776 gavisus
304 1748 365 1776 est;
379 1744 488 1771 videbat
504 1744 576 1770 enim
593 1752 674 1779 quam
691 1745 772 1772 utiles
787 1744 805 1772 ii
819 1744 902 1772 futuri
920 1746 973 1773 sibi

179 1792 276 1815 essent
292 1789 325 1816 ad
343 1789 471 1817 invidiam
488 1790 644 1824 imperatori
656 1791 725 1826 apud
739 1791 876 1826 principes
890 1791 974 1818 Italia:

184 1832 363 1863 conﬂandatn.
393 1835 491 1862 Statim
519 1836 600 1870 igitur
623 1835 666 1863 his
691 1837 836 1871 assumptis
861 1838 972 1864 Romam

184 1880 283 1913 pergit,
311 1882 495 1917 thronumque
520 1882 575 1908 adit
603 1882 793 1916 apostolicum,
821 1890 852 1910 ac
878 1891 972 1918 papam

183 1932 341 1961 aggressus,
357 1926 490 1960 ejusmodi
507 1928 629 1954 oratione
644 1935 704 1961 quae
719 1932 808 1955 vetera
828 1929 889 1955 odia
908 1929 973 1956 bar-

182 1970 315 1999 barorum
333 1973 447 2000 istorum
463 1974 594 2001 adversus
611 1981 696 2009 genus
712 1979 835 2001 nostrum
852 1974 974 2002 Orienta-

183 2015 250 2043 lium
266 2016 453 2045 Romanorum
479 2027 610 2046 renovare
637 2023 717 2053 atque
740 2027 906 2055 exasperare
932 2029 974 2047 rc-

183 2059 307 2088 l'ricando
320 2066 421 2098 posset,
439 2063 517 2091 facile
535 2069 619 2091 totum
635 2064 823 2093 inﬂammavit.
837 2066 895 2098 Quo
910 2074 973 2094 vero

182 2107 276 2141 etiam,
290 2109 335 2142 qui
352 2110 423 2136 circa
440 2110 601 2138 Pontiﬁcetu
617 2117 705 2144 erant,
722 2119 906 2140 commoveret
925 2113 974 2141 Ita-

181 2152 224 2180 los
239 2153 265 2180 in
279 2154 346 2182 iram
358 2156 567 2190 implacabilem,
578 2158 807 2192 persuaderetqtte
818 2158 885 2193 ipsis
899 2159 972 2187 velut

180 2206 340 2234 argumento
350 2202 406 2236 jam
420 2207 501 2237 atque
515 2203 703 2238 experimento
719 2205 863 2232 manifesto
885 2205 971 2232 veris-

1026 277 1070 303 τόν
1094 285 1123 302 τε
1147 275 1336 308 ἐξελεύσεσθαι
1360 277 1394 303 τὰ
1418 277 1488 303 κατὰ
1513 277 1614 303 σκοπὸν
1637 277 1820 303 ἀνακοινωσο-

1028 323 1109 357 μένη.
1124 323 1161 354 ὡς
1176 323 1265 349 πάντα
1280 322 1314 348 δι’
1323 322 1405 348 αὐτοῦ
1422 322 1555 357 δηλωθείη
1571 323 1609 356 τῷ
1626 323 1819 358 αὐτοκράτορι.

1026 369 1145 396 Τοιαῦτα
1164 369 1192 394 δὲ
1209 369 1366 403 ἐμηχανᾶτο
1384 368 1567 403 ἀιιαιωροῦσα
1588 369 1633 394 τὸν
1652 369 1699 394 τοῦ
1722 370 1822 395 Κοντο-

1027 415 1159 449 στεφάνου
1173 414 1304 448 λογισμὸν
1313 435 1320 446 ,
1334 414 1422 440 εἵπου
1436 414 1465 440 ἐν
1478 414 1515 448 τῷ
1529 414 1631 449 μεταξὺ
1645 414 1795 441 καταλάϐοι
1807 415 1821 440 ὁ

1026 461 1130 496 ταύτης
1156 461 1224 491 υἱὸς,
1244 461 1291 487 καὶ
1311 460 1463 495 τηνικαῦτα
1485 461 1535 495 τὴν
1558 460 1672 495 σκηνὴν,
1693 460 1820 495 καθάπερ

1027 507 1090 538 τοὺς
1116 506 1246 541 τραγικός
1258 506 1279 522 ⁸¹
1306 515 1384 540 φασι,
1412 506 1524 541 ῥίψασα,
1551 506 1640 541 μάλης
1670 506 1819 539 ἀνθέξοιτο.

1027 552 1188 587 Συμμιγοῦς
1206 551 1253 578 οὖν
1271 552 1320 586 τῆς
1339 552 1466 587 εὐφήμης
1484 551 1539 578 ἀπό
1555 560 1585 577 τε
1602 551 1658 578 τῶν
1674 552 1749 582 ἐντὸς
1767 551 1821 578 ἀπό

1027 606 1057 624 τε
1075 598 1130 624 τῶν
1146 598 1225 629 ἐκτὸς
1242 598 1388 632 γινομένης
1410 598 1456 624 καὶ
1474 598 1563 624 πάντα
1579 597 1614 623 τὰ
1632 598 1713 633 πέριξ
1730 606 1822 624 κατει-

1028 644 1153 679 λειφυίας
1169 645 1202 676 ⁸⁸,
1221 645 1283 670 ἐπεὶ
1304 644 1435 675 τοιούτοις
1459 644 1549 677 λόγοις
1567 644 1615 670 καὶ
1635 644 1819 677 ἐπαγγελίαις

1027 689 1139 724 ψευδέσι
1162 690 1208 715 τὸν
1229 689 1276 716 τοῦ
1295 689 1520 723 Κοντοστεφάνου
1541 689 1669 724 ἀπῃώρει
1686 689 1822 722 λογισμὸν

1028 736 1045 769 ἡ
1056 735 1219 770 στρατιῶτις
1232 735 1323 770 ἐκείνη
1335 735 1417 769 γυνὴ,
1430 735 1467 765 ὡς
1479 736 1598 770 εἴρηται,
1610 734 1821 768 καταλαμϐάνει

1028 780 1076 807 καὶ
1089 781 1103 806 ὁ
1117 780 1345 815 προσδοκώμενος
1363 779 1422 815 μεθ’
1436 777 1473 806 ὧν
1490 780 1665 813 συναπήγετο
1680 780 1820 814 κομήτων,

1029 828 1076 853 καὶ
1092 827 1176 861 ὁμόσε
1195 826 1265 852 κατὰ
1280 826 1327 852 τοῦ
1346 826 1572 860 Κοντοστεφὰνου
1592 826 1734 860 χωρήσας,
1751 825 1822 859 ἡττᾷ

1029 874 1213 909 κατακράτος.
1233 874 1265 900 0!
1285 873 1334 907 μὲν
1352 870 1397 900 οὖν
1415 873 1463 899 τοῦ
1478 872 1611 899 ναυτικοῦ
1630 873 1766 904 ἅπαντες,
1782 872 1819 903 ὼς

1030 921 1140 955 ἄπειροι
1159 920 1210 955 τῆς
1223 920 1267 947 διὰ
1284 920 1369 956 Ξηρᾶς
1385 920 1485 955 μάχης,
1503 920 1537 955 τῇ
1566 919 1684 956 θαλάττῃ
1707 918 1821 949 ἑαυτοὺς

1030 964 1231 1000 προσέρριψαν.
1252 964 1312 991 Τῶν
1326 964 1354 990 δέ
1374 973 1405 998 γε
1417 964 1528 990 Σκυθῶν
1547 963 1798 998 προεκδραμόντων
1810 969 1819 978 ·

1030 1010 1158 1045 παρῆσαν
1172 1010 1227 1044 γὰρ
1249 1010 1336 1035 ἱκανοὶ
1358 1008 1426 1043 μετὰ
1439 1008 1485 1035 τοῦ
1509 1007 1665 1042 Ῥωμαϊκοῦ
1688 1007 1821 1042 στρατεύ-

1030 1064 1116 1091 ματος
1135 1056 1164 1082 ὲν
1183 1055 1221 1089 τῷ
1236 1055 1326 1091 καιρῷ
1344 1056 1392 1089 τῆς
1418 1054 1509 1089 μάχης
1521 1062 1527 1069 ·
1547 1055 1586 1084 εἰς
1603 1052 1754 1088 προνομὴν,
1780 1051 1820 1083 ὡς

1029 1101 1089 1133 ἔθος
1103 1102 1159 1132 τοῖς
1182 1100 1313 1131 τοιούτοις
1329 1100 1494 1135 Βαρϐἀροις,
1519 1099 1693 1134 συμὸἐὸηκεν
1717 1097 1821 1125 ἁλῶναι

1028 1147 1132 1174 τούτων
1147 1146 1176 1178 ἓξ
1191 1146 1237 1173 τὸν
1253 1146 1382 1181 ἀριθμὸν,
1400 1145 1446 1176 οὒς
1469 1145 1517 1171 καὶ
1533 1144 1739 1174 ἀποσταλέντας
1757 1144 1821 1170 θεα-

1030 1195 1146 1229 σάμενος
1157 1194 1171 1219 ὁ
1183 1192 1364 1228 Βαῖμοῦντος,
1378 1192 1504 1224 καθάπερ
1517 1200 1542 1218 τι
1557 1188 1687 1226 μέγιστον
1698 1190 1820 1224 πόρισμα

1028 1240 1141 1271 τούτους
1150 1238 1252 1270 λαϐὼν,
1263 1238 1344 1269 εὐθὺς
1354 1237 1422 1271 πρὸς
1440 1236 1549 1272 Ῥώμην
1562 1236 1655 1271 ἀπῄει.
1669 1236 1722 1262 Καὶ
1733 1243 1820 1261 κατα-

1028 1286 1119 1313 λαϐὼν
1138 1286 1183 1312 τὸν
1212 1285 1391 1312 ἀποστολικδν
1407 1284 1502 1319 θρόνον
1519 1283 1566 1310 καὶ
1594 1282 1634 1317 τῷ
1657 1283 1737 1316 πάπᾳ
1760 1281 1817 1316 (Ἡ)

1029 1332 1181 1367 διαλεχθεὶς
1202 1332 1249 1358 καὶ
1269 1331 1338 1366 πρὸς
1354 1330 1440 1365 ὀργὴν
1463 1330 1523 1356 ὅλον
1541 1329 1656 1364 κινήσας
1675 1328 1745 1354 κατά
1762 1327 1818 1353 τῶν

1034 1378 1179 1413 Ῥωμαίων
1196 1378 1242 1403 καὶ
1255 1376 1304 1412 τὴν
1318 1375 1450 1403 ἀνέκαθεν
1468 1375 1523 1402 τῶν
1543 1374 1699 1410 Βαρᾶάρων
1715 1373 1820 1399 τούτων

1030 1424 1110 1458 μῆνιν
1143 1422 1214 1449 κατὰ
1240 1421 1288 1448 τοῦ
1314 1421 1456 1456 ἡμεδαποῦ
1483 1420 1579 1454 γένους
1597 1420 1620 1436 ⁸⁸
1643 1418 1818 1453 ἀνερεθίσας,

1028 1469 1072 1495 ἵνα
1105 1468 1206 1503 μᾶλλον
1232 1468 1295 1499 τοὺς
1320 1467 1392 1502 ἀμφὶ
1421 1467 1467 1493 τὸν
1496 1467 1590 1493 πάπαν
1623 1465 1741 1495 Ἰταλοὺς
1770 1466 1818 1491 ὲκ-

1029 1515 1142 1549 μήνειεν
1171 1514 1185 1540 ὁ
1213 1513 1396 1548 Βαῖμοῦντος,
1415 1512 1463 1540 καὶ
1490 1513 1554 1543 τοὺς
1579 1511 1735 1542 ἑαλωκότας
1763 1510 1820 1536 τῶν

1029 1560 1141 1587 Σκυθῶν
1157 1560 1350 1595 παρεστήσατο
1376 1558 1471 1593 ὥσπερ
1489 1558 1519 1590 ἐξ
1543 1557 1634 1584 αὐτῶν
1652 1556 1705 1583 τῶν
1726 1564 1819 1590 πραγ-

1029 1607 1124 1642 μάτων
1168 1605 1373 1641 ἐνδεικνύμενος
1420 1604 1540 1639 ὠς.ἄρσ.
1582 1604 1596 1630 ὀ
1635 1602 1816 1637 αὐτοκράτωρ

1034 1654 1149 1687 Ἀλέξιος
1162 1654 1300 1688 δυσμενῶς
1318 1654 1386 1688 ἔχων
1405 1652 1438 1679 τὰ
1455 1652 1522 1687 πρὸς
1537 1651 1729 1687 Χριστιανοὺς,
1745 1650 1824 1695 Bap—-

1028 1700 1131 1734 ϐάρους
1146 1700 1224 1730 τινὰς
1240 1699 1371 1730 ἀπίστους
1389 1699 1437 1724 καὶ
1453 1698 1616 1729 ἀλλοκότους
1636 1696 1817 1728 ἱπποτοξότας

1027 1746 1165 1781 ἐφίστησι,
1182 1745 1253 1772 κατὰ
1266 1744 1320 1771 τῶν
1336 1743 1508 1779 Χριστιανῶν
1522 1743 1603 1769 ὅπλον
1614 1741 1757 1772 κινοῦντας
1770 1741 1817 1767 καὶ

1027 1792 1106 1824 τόξον
1134 1791 1315 1822 ὲντείνοντας,
1333 1790 1381 1817 καὶ
1404 1790 1446 1824 ἐφ’
1463 1790 1579 1816 ἑκάστου
1596 1789 1676 1823 λόγου
1692 1788 1815 1814 τοιούτου

1027 1839 1172 1864 ὑπεδείκνυ
1190 1838 1251 1869 τοὺς
1264 1836 1371 1868 Σκύθας
1383 1837 1506 1868 ἐκείνους
1521 1835 1560 1870 τῷ
1579 1836 1659 1870 πάπᾳ
1673 1833 1813 1864 Σκυθικῶς

1026 1885 1211 1919 ἐσταλμένους
1225 1885 1271 1910 καὶ
1286 1883 1357 1910 κατὰ
1369 1883 1400 1909 τὸ
1414 1882 1509 1913 εἰωθὸς
1523 1881 1591 1917 πρὸς
1603 1881 1632 1907 τὸ
1649 1878 1813 1916 βαρϐαρικὸν

1026 1931 1244 1961 ἀποϐλέποντας,
1257 1930 1303 1956 καὶ
1315 1929 1427 1960 τούτους
1436 1929 1508 1955 κατὰ
1518 1928 1548 1954 τὸ
1556 1928 1617 1958 ἔθος
1628 1927 1681 1954 τῶν
1694 1926 1815 1953 Λατίνων

1027 1977 1168 2010 παγάνους
1179 1977 1234 2011 (23)
1249 1975 1305 2002 ἄνω
1314 1975 1363 2001 καὶ
1378 1975 1454 2000 κάτω
1470 1973 1671 2008 προσηγόρευε,
1684 1981 1816 2007 καταμω-

1030 2023 1154 2057 κώμενος
1172 2023 1218 2048 καὶ
1237 2020 1355 2056 τοῦνομα
1367 2021 1416 2047 καὶ
1429 2020 1459 2046 τὺ
1475 2021 1579 2055 σχῆμα.
1594 2018 1761 2053 Πανούργως
1772 2018 1813 2049 δὲ,

1028 2070 1065 2101 ὼς
1077 2069 1160 2100 ἔοικε,
1180 2069 1210 2094 τὸ
1221 2068 1339 2103 πρᾶγμα
1361 2066 1563 2101 μετεχειρίζετο
1584 2065 1631 2090 τοῦ
1650 2065 1721 2091 κατὰ
1746 2064 1815 2098 Χρι-

1028 2115 1144 2142 στιανῶν
1167 2114 1298 2148 πολέμου,
1316 2113 1360 2140 ἴνα
1385 2112 1416 2147 δὴ
1430 2111 1478 2138 καὶ
1489 2110 1687 2146 ἀρχιερατικὴν
1703 2110 1816 2144 γνώμην

1027 2161 1205 2196 συμπείσειεν
1216 2160 1253 2192 ὡς
1264 2160 1380 2194 εὐλόγως
1390 2161 1445 2194 ἄρα
1456 2158 1527 2186 κατὰ
1538 2158 1587 2192 τῆς
1598 2157 1651 2183 τῶν
1670 2156 1815 2190 Ῥωμαίων

1025 2208 1124 2243 ἔχθρας
1157 2207 1302 2241 κεκίνητο,
1327 2208 1356 2233 ἐν
1387 2206 1477 2241 ταὺτῷ
1520 2204 1738 2240 μνηστευόμενος
1767 2201 1815 2229 καὶ

715 2263 818 2293 Varias
839 2262 996 2295 lectiones
1007 2273 1043 2295 ex
1061 2265 1133 2295 cod.
1147 2264 1279 2295 Coislin.

215 2321 236 2338 “
259 2323 419 2358 τραγικούς.
459 2323 483 2340 ⁸¹
497 2322 707 2358 κατειληφυίας.
746 2323 903 2355 ’⁸³στένους.

698 2383 766 2412 Car.
785 2381 942 2412 Dufresnii
968 2382 1015 2412 Du
1033 2381 1145 2420 Cangii
1164 2384 1258 2412 notae.

217 2442 272 2474 (2‘1)
291 2441 333 2475 Τῷ
352 2444 450 2477 Πάπᾳ.
467 2441 590 2472 Paschali
602 2443 633 2475 ll,
648 2451 703 2472 non
725 2443 844 2477 Urbano,
860 2449 891 2471 ut
911 2444 966 2472 vult
981 2444 1007 2474 D
1021 2445 1077 2472 sine
1101 2444 1230 2476 baptismo
1249 2449 1356 2478 patrum
1370 2443 1526 2477 negligentia
1546 2445 1581 2471 ad
1601 2444 1704 2478 gentili:
1723 2446 1813 2472 imita-

179 2477 303 2505 Allatins.

216 2513 271 2547 (‘25)
286 2512 455 2546 Πίιγάνους.
466 2513 593 2548 Scythas,
609 2513 695 2548 inquit
706 2514 794 2545 Anna,
809 2513 967 2541 Latinorum

179 2555 332 2583 moretsml
349 2553 457 2581 recepto
470 2550 539 2583 apud
557 2549 669 2583 Latinos
692 2550 819 2576 idiomate
841 2555 868 2576 et
886 2558 967 2577 voca-

179 2583 243 2610 bulo
267 2582 389 2618 l’aganos
409 2582 570 2616 appellabat.
587 2582 684 2610 Verum
707 2592 793 2611 voxne
813 2584 889 2612 Latia
913 2585 966 2618 sit,

179 2624 209 2645 ut
222 2618 341 2644 dubitent
364 2617 647 2653 facitrtionstantiuns,
663 2619 707 2653 qui
728 2619 797 2646 libro
814 2620 852 2646 De
865 2621 965 2647 admia.

179 2653 244 2685 imp.
263 2660 321 2685 cap.
339 2653 384 2684 ἓξ),
400 2661 413 2679 a
432 2652 518 2681 Slavis
532 2659 641 2688 etymon
666 2654 797 2683 accersit.
814 2656 911 2688 quibus
929 2655 964 2681 ita

179 2688 392 2721 indignabantur
418 2688 543 2722 baptismi
570 2695 694 2722 expertes
712 2697 718 2715 :
735 2689 867 2720 Παγάνοι,
896 2690 966 2715 κατὰ

179 2724 228 2757 τὴν
242 2723 295 2749 τῶν
312 2723 452 2759 Σκλάὸωνλ
466 2723 608 2756 γλῶσσαν,
628 2724 790 2750 ἀϐάπτιστοι
817 2724 967 2759 ἑρμηνεύε-

178 2767 236 2785 ται.
253 2759 341 2790 Atque
358 2758 420 2785 hinc
440 2757 510 2784 forte
525 2759 654 2788 manavit.
674 2764 702 2785 ut
717 2760 787 2793 apud
805 2757 856 2786 nos
877 2757 965 2785 infan-

180 2797 229 2822 tes.
245 2801 359 2826 quorum
375 2794 457 2820 certis
471 2802 501 2820 ('X
515 2794 604 2821 causis
616 2794 791 2821 diﬂ'erebatur
803 2795 966 2828 baptismus,

179 2828 276 2863 pagani
298 2828 376 2863 vulgo
402 2835 641 2863 uttncnparcntur.
667 2829 765 2863 quibus
795 2830 913 2863 posthaec
939 2830 965 2856 iu

178 2862 298 2895 ioculare
314 2862 339 2888 id
355 2864 471 2891 nominis
494 2862 610 2891 transiit.
631 2862 800 2891 Lambertus
811 2864 938 2890 Artleusis
953 2872 963 2893 :

181 2898 232 2930 Qui
248 2896 452 2926 Norchoutenair
465 2899 571 2926 Domini
587 2900 670 2934 ﬁlium
684 2898 741 2935 jam
762 2900 899 2926 dav-enimn
913 2918 920 2931 ,
939 2906 961 2926 ct

1021 2481 1116 2506 tionem
1130 2479 1262 2513 squaloris
1280 2479 1367 2505 adhuc
1382 2483 1578 2510 permanentem
1595 2500 1603 2510 ,
1621 2486 1644 2507 et
1672 2487 1753 2514 usque
1777 2481 1812 2506 ad

1020 2515 1077 2545 hoc.
1092 2519 1115 2540 ει
1131 2515 1161 2540 ob
1175 2515 1222 2540 hoc
1243 2521 1375 2547 paganum
1391 2519 1510 2540 vocatum
1524 2514 1666 2546 baptizavit
1678 2535 1686 2547 ,
1712 2520 1736 2541 el
1753 2523 1809 2541 eum

1020 2550 1125 2576 nomine
1153 2557 1200 2574 sua
1225 2549 1323 2575 roravit
1344 2548 1491 2576 Abraham.
1511 2549 1631 2583 Diploma
1658 2558 1703 2577 an.
1725 2550 1810 2580 1096.

1020 2585 1046 2611 in
1064 2584 1158 2610 Tabul.
1177 2583 1205 2610 S.
1222 2583 1328 2609 Martini
1347 2583 1433 2611 Paris.
1456 2583 1500 2610 Vir
1514 2585 1621 2618 quidam
1643 2585 1760 2620 egregia:
1786 2589 1811 2612 et

1018 2619 1091 2646 miles
1123 2624 1260 2650 strenuus;
1283 2626 1402 2653 paganus
1426 2620 1584 2653 appellatus,
1613 2628 1629 2646 a
1657 2620 1811 2653 baptismate

1020 2654 1175 2680 Walterim.
1198 2653 1251 2680 Sed
1269 2662 1315 2689 ani
1332 2653 1427 2687 pagani
1453 2662 1503 2681 vox
1529 2654 1670 2681 Slavorutn
1697 2655 1805 2689 propria

1020 2689 1109 2720 fuerit,
1126 2697 1238 2721 eamque
1253 2690 1286 2715 ab
1301 2688 1352 2716 illis
1377 2689 1463 2715 Latini
1487 2690 1639 2721 hauserint,
1663 2689 1725 2724 jure
1749 2688 1811 2717 con-

1018 2724 1129 2751 ttoterti
1143 2729 1241 2757 potest,
1260 2732 1320 2750 cum
1337 2724 1414 2758 longe
1439 2729 1502 2750 ante
1529 2725 1669 2751 Slavorum
1686 2725 1807 2752 auditum

1020 2767 1114 2785 nomen
1131 2763 1261 2793 usurpeut
1281 2759 1427 2793 scriptorcs
1445 2759 1612 2792 Christiani,
1634 2760 1683 2786 etsi
1700 2760 1725 2785 in
1742 2767 1808 2787 cou-

1019 2792 1090 2821 fesso
1101 2795 1135 2821 sit
1151 2792 1212 2820 ante
1226 2792 1433 2821 Constantinum
1452 2793 1487 2820 Μ.
1504 2799 1530 2820 et
1544 2794 1732 2822 Constantium
1761 2795 1804 2821 vix

1019 2834 1177 2863 usurpatum
1195 2830 1244 2856 hac
1256 2829 1365 2857 notione
1376 2835 1428 2863 pro
1441 2828 1586 2862 gentilibus
1604 2835 1631 2856 et
1646 2830 1803 2862 idololatria,

1019 2868 1047 2889 ut
1070 2864 1174 2924 ipidem
1190 2865 1362 2893 observatum
1378 2862 1399 2891 'a
1421 2862 1537 2892 Baronio
1556 2865 1581 2892 in
1606 2864 1667 2893 Not.
1684 2865 1716 2892 ad
1732 2864 1805 2892 Mar-

1019 2903 1076 2924 [γι-υ
1089 2919 1096 2924 .

1017 2903 1096 2934 Ι)Ὶ·‹›Ι.
