4088 6478
408 396 513 462 921
918 468 933 483 ,
1659 399 2076 483 ALEXIADIS
2119 400 2269 459 LIB.
2321 400 2466 464 XII.
3565 394 3672 460 922

409 510 627 563 πολλῶν
679 508 890 580 ἀνδρῶν
920 508 1235 579 αὐτόματον
1268 511 1536 582 συλλογὴν
1581 513 1989 585 ἀγροικοτέρων
2020 570 2023 579 ,

2058 557 2064 579 ι
2097 516 2295 569 simum
2327 528 2450 569 esse
2481 513 2627 583 quod
2659 511 2863 581 saepius
2912 512 3231 567 audiverant
3259 512 3502 582 iactante
3555 510 3672 578 ipso

410 605 505 655 καὶ
531 602 799 671 ἀνοήτων.
837 601 941 664 Τίς
965 600 1074 671 γὰρ
1109 601 1175 655 ἂν
1198 601 1317 671 οὐχὶ
1345 602 1452 655 τῶν
1478 604 1649 672 ἀγχοῦ
1678 605 1770 656 καὶ
1801 606 1991 675 πόρρω

2097 607 2424 671 Baimundo,
2446 608 2698 662 videlicet
2718 608 3099 673 imperatorem
3124 604 3375 659 Alexium
3401 603 3673 658 hominem

411 692 716 761 Βαρϐάρων
763 689 1064 759 αὐτόμολος
1110 683 1247 760 ἧκεν
1291 690 1369 753 εἰς
1412 689 1501 742 τὸν
1544 689 1667 741 καθ’
1699 689 1858 759 ἡμῶν
1902 689 1997 742 πό-

2099 712 2218 752 esse
2266 697 2549 766 profanum
2599 705 2654 751 et
2693 698 2914 761 impium
2964 697 3321 751 barbarorum
3377 694 3676 749 infidelium

410 783 580 853 λεμον
614 782 1018 853 ἀρχιερατικῆς
1051 782 1279 852 γνώμης
1317 782 1727 852 ἐπιτρεπούσης
1764 784 1859 835 καὶ
1898 781 1995 835 τοῦ

2102 790 2391 853 fautorem,
2412 789 2708 844 Christiani
2733 788 2972 843 nominis
2995 804 3059 842 ac
3081 788 3299 853 generis
3324 787 3537 840 hostem
3572 800 3678 839 non

410 878 745 945 φαινομένου
776 874 999 942 εὐλόγου
1058 874 1240 927 πᾶσαν
1281 873 1467 937 ἵππον,
1506 873 1598 926 καὶ
1656 873 1851 944 ἄνδρα,
1901 875 1998 928 καὶ

2102 882 2349 936 dubium.
2376 882 2848 952 Viderentquibus
2879 881 3167 945 militibus,
3193 879 3391 949 quibus
3413 876 3678 931 ministris

412 970 574 1038 χεῖρα
604 965 1007 1036 στρατιωτικὴν
1027 965 1435 1030 ἐξοπλίζοντος’;
1463 966 1587 1027 Τοῖς
1605 965 1798 1018 τούτου
1820 965 2001 1035 λόγοις

2106 970 2346 1025 libenter
2375 981 2646 1037 uteretur,
2677 988 2841 1041 quam
2890 972 3202 1027 barbariem
3250 970 3573 1038 sacrilegam
3627 974 3684 1021 et

413 1059 508 1112 οὖν
555 1058 877 1119 συνελαθεὶς
911 1060 938 1110 ὁ
978 1057 1169 1119 πάπας
1201 1058 1294 1109 καὶ
1330 1058 1799 1127 ὀμογνωμονήσας
1849 1056 2001 1129 αὐτῷ

2101 1062 2513 1130 sanguinariam
2565 1062 2794 1117 haberet
2843 1063 2897 1116 in
2945 1062 3178 1117 deliciis.
3230 1060 3333 1125 Eu,
3379 1058 3682 1128 inquiebat,

412 1150 516 1219 τὴν
548 1150 711 1219 πρὸςζ
735 1148 797 1202 τὸ
836 1147 1135 1218 Ἰλλυρικὸν
1165 1148 1434 1218 ἐπέτρεψε
1461 1147 1881 1219 διαπεραίωσιν.

2100 1152 2247 1207 feros
2271 1154 2452 1207 vultus
2482 1155 2735 1209 torvitate
2786 1154 3065 1224 Scythica,
3114 1164 3169 1206 et
3212 1160 3424 1206 vestem
3462 1153 3684 1214 aspectu

419 1248 615 1296 tetram
668 1242 783 1309 ipso
834 1255 900 1295 ac
953 1240 1249 1295 terribilem
1300 1242 1615 1314 ostendens,
1653 1256 1718 1296 en
1769 1258 1903 1311 quos
1944 1244 1997 1298 in
2036 1255 2255 1301 nostras
2287 1262 2412 1302 aras
2445 1263 2510 1302 ac
2540 1247 2691 1302 focos
2756 1247 3026 1311 immittit,
3100 1245 3297 1315 quibus
3349 1243 3577 1296 Romam
3629 1248 3687 1293 et

411 1328 644 1394 Italiam,
686 1331 880 1397 quibus
914 1345 1010 1384 nos
1041 1341 1332 1399 nostraque
1363 1331 1543 1384 omnia
1581 1347 1757 1399 sacra,
1794 1333 1995 1400 civilia,
2072 1337 2390 1403 domestica,
2459 1354 2566 1405 res,
2600 1353 2829 1408 corpora
2859 1347 3104 1392 nostrum
3137 1338 3378 1392 omnium
3407 1332 3687 1388 condonat

414 1424 671 1491 egregius
702 1424 1004 1492 imperator
1037 1422 1430 1476 Romanorum.
1467 1421 1603 1476 Tum
1656 1440 1787 1480 vero
1840 1427 2215 1494 ingeminabat
2246 1444 2438 1486 vocem
2478 1431 2625 1485 illam
2697 1447 2819 1502 qua:
2882 1445 3147 1486 summam
3221 1428 3497 1502 invidiam.
3542 1423 3685 1492 apud

419 1512 646 1567 Latinos
679 1513 864 1577 habet,
900 1528 1142 1583 paganos
1177 1514 1273 1567 hos
1300 1511 1531 1583 Scythas
1563 1517 1854 1584 replicans,
1876 1519 2001 1572 dum
2045 1534 2139 1574 eos
2169 1535 2264 1589 per
2299 1522 2460 1576 urbes
2494 1525 2693 1593 passim
2725 1538 2931 1591 oraque
2960 1523 3202 1577 omnium
3265 1520 3331 1573 ad
3395 1517 3688 1572 ludiirium

409 1618 464 1661 et
522 1607 881 1677 ignominiam
935 1621 1039 1659 non
1095 1614 1203 1659 tam
1264 1605 1508 1674 ipsorum
1603 1623 1764 1676 quam
1820 1611 2047 1680 Augusti
2087 1613 2544 1678 circumduceret,
2607 1617 2760 1669 vafer
2825 1615 3021 1670 artifex
3074 1614 3397 1668 technarum
3477 1611 3689 1669 talium,

410 1717 509 1769 per
538 1717 674 1770 quas
712 1701 912 1755 invidia
954 1700 1201 1770 populari
1257 1701 1309 1755 in
1347 1715 1477 1755 suas
1558 1703 1823 1757 trahenda
1897 1718 2080 1775 partes
2120 1709 2298 1763 civilis
2364 1710 2504 1762 inter
2546 1709 2888 1765 Christianos
2942 1709 3084 1777 quod
3146 1706 3509 1758 meditabatur
3568 1699 3691 1755 belli

410 1793 635 1848 minime
675 1811 770 1864 per
800 1809 860 1848 se
894 1794 1234 1863 plausibilem
1267 1796 1594 1851 mentionem
1648 1802 1996 1855 accusatione
2041 1802 2314 1856 malitiosa
2347 1802 2697 1871 imperatoris
2775 1800 3066 1864 emolliret,
3140 1799 3248 1852 imo
3306 1792 3573 1865 probabili
3630 1806 3695 1845 ac

417 1888 507 1952 pio
538 1887 758 1939 nomine
796 1895 1078 1940 mutaret:
1114 1888 1240 1939 dum
1315 1900 1426 1939 non
1478 1888 1738 1944 adversus
1808 1891 2178 1947 Christianum
2245 1894 2542 1963 principem
2585 1904 2681 1947 aut
2749 1894 3027 1962 populum,
3079 1891 3172 1943 sed
3220 1904 3319 1960 pro
3367 1884 3695 1940 Christianis

418 1990 611 2035 contra
684 1993 927 2048 paganos
979 1993 1279 2050 eorumque
1332 1992 1621 2051 patronum
1679 1998 1743 2037 ac
1808 1985 2001 2041 ducem
2040 1987 2291 2042 Alexium
2322 2004 2474 2042 arma
2502 1988 2763 2042 sumenda
2838 1986 3227 2057 proclamaret.
3301 1980 3698 2035 lncredibiliter

410 2070 553 2139 apud
584 2086 828 2124 summos
851 2071 1359 2142 tequeinfiniosque
1379 2074 1618 2144 partium
1650 2073 1863 2129 illarum
1893 2077 1997 2130 ista
2074 2078 2241 2133 valuit
2311 2079 2629 2135 industria:
2683 2078 2918 2132 fremere
2970 2075 3117 2129 haud
3172 2073 3332 2127 dubie
3387 2069 3593 2139 passim
3641 2067 3696 2117 in

412 2178 513 2218 nos
548 2173 766 2219 cuncta.
803 2165 907 2236 lpsi
936 2168 1290 2235 quietissimaa
1328 2168 1531 2236 alioqui
1580 2177 1746 2222 sectae
1776 2170 2053 2225 antisti-tes
2081 2182 2361 2242 praeeunte
2390 2176 2506 2242 ipso
2569 2173 2815 2243 principe
2868 2182 3151 2225 sacrorum
3210 2164 3387 2235 palam
3450 2170 3700 2214 auctores

425 2254 549 2309 belli
582 2272 640 2312 se
678 2258 817 2312 ferre
874 2269 932 2312 ut
984 2259 1124 2313 sacri
1171 2260 1375 2330 piique.
1423 2260 1563 2315 Hinc
1606 2277 1906 2317 concursus
1937 2269 2011 2333 [et
2047 2279 2386 2322 coacervatis
2421 2282 2480 2321 se
2513 2267 2746 2334 undique
2772 2279 2918 2319 caeco
2943 2262 3146 2332 impetu
3210 2256 3469 2313 colluvies
3532 2249 3704 2306 rusti"

414 2353 659 2407 culorum
688 2354 837 2409 licet
877 2356 1005 2424 quid
1042 2370 1372 2424 quorsumve
1432 2358 1727 2424 loquantur
1789 2369 1885 2413 aut
1940 2368 2102 2429 agant
2135 2370 2381 2417 amentes
2436 2361 2704 2426 nesciant,
2760 2368 2942 2413 tamen
2980 2353 3381 2426 expeditionem
3433 2358 3706 2401 transma-

418 2447 592 2501 rinam
655 2446 1033 2517 loquentium,
1091 2449 1148 2502 in
1199 2464 1431 2518 eamque
1475 2463 1535 2505 se
1582 2451 2015 2510 obtrudentium.
2052 2452 2162 2508 Nec
2200 2454 2430 2510 fortuna:
2460 2464 2551 2509 aut
2575 2465 2765 2523 captus
2788 2452 3011 2523 maioris
3075 2447 3326 2503 homines
3379 2440 3702 2497 cessabant;

420 2556 546 2594 nam
578 2543 841 2609 quintum
876 2560 1046 2615 prope
1114 2546 1339 2617 longeve
1411 2548 1729 2601 distantium
1794 2562 1899 2603 non
1964 2560 2301 2618 accurreret,
2361 2567 2467 2606 non
2508 2550 2795 2619 expediret
2854 2561 3027 2611 arma,
3076 2558 3266 2614 equos,
3325 2540 3492 2601 viros.
3549 2544 3603 2589 θῐ
3659 2532 3707 2587 εί

419 2649 585 2703 quam
623 2636 848 2714 haberet
885 2638 1174 2691 militarem
1226 2641 1331 2693 \‘im
1387 2656 1451 2694 ac
1506 2655 1749 2707 manum,
1786 2658 2003 2697 summo
2044 2646 2164 2715 ipso
2201 2645 2459 2714 pontiﬁce
2527 2654 2761 2699 canente
2793 2643 3108 2706 classicum,
3161 2648 3217 2692 et
3266 2650 3488 2691 causam
3561 2628 3710 2683 colo-

427 2735 677 2780 ramcnto
720 2727 828 2780 fuci
869 2729 1153 2796 cujusdam
1190 2746 1288 2800 per
1361 2746 1419 2785 se
1507 2734 1967 2801 commendatam,
2041 2735 2235 2791 divina:
2289 2737 2629 2791 auctoritatis
2691 2744 2805 2789 toto
2864 2730 3179 2803 praeiudicio
3255 2721 3551 2782 sacrante?
3617 2718 3710 2773 Sic

426 2816 714 2871 Baimundi
770 2817 1055 2873 fraudibus
1106 2834 1370 2888 persuaso
1422 2836 1559 2891 papa
1627 2832 2007 2894 commotaque
2040 2824 2192 2880 ltalia
2262 2827 2508 2896 traiectio
2538 2825 2705 2897 368
2775 2825 2827 2879 in
2880 2821 3154 2893 Illyricum
3207 2816 3437 2873 summis
3517 2809 3711 2867 studiis

432 2909 742 2978 animisque
777 2912 1019 2964 omnium
1057 2911 1442 2967 festinabatur.

517 3003 834 3056 Ἐπανιτέον
857 3002 914 3054 δὲ
958 3001 1115 3067 αὖθις
1165 3005 1299 3074 πρὸς
1353 3008 1415 3058 τὸ
1451 3007 1842 3078 προκείμενον.
1904 3009 2099 3076 ’Ex-B

2095 3026 2099 3068 ι
2197 3013 2601 3073 Revertendum
2626 3025 2792 3081 porro
2812 3019 2893 3063 est
2916 3007 2980 3061 ad
3000 3017 3233 3074 pugnam
3259 2993 3709 3065 Contostephani.

436 3096 739 3164 θυμότερον
789 3096 889 3165 μὲν
938 3093 1032 3150 οὖν
1069 3097 1120 3150 οἱ
1166 3096 1481 3168 ὴπειρῶται
1536 3099 1869 3169 στρατιῶται
1920 3101 2020 3171 τῆς

2131 3113 2210 3165 Ex
2246 3109 2510 3165 militibus
2539 3106 2657 3173 ejus
2689 3103 2781 3173 qui
2817 3100 3019 3156 assueti
3054 3097 3289 3151 militare
3320 3093 3372 3147 in
3400 3089 3714 3145 continente

439 3188 621 3257 μάχης
645 3186 978 3256 ἀντείχοντο,
997 3186 1123 3251 τοὺς
1142 3186 1199 3239 δέ
1219 3204 1281 3256 γε
1306 3188 1528 3252 λοιποὺς
1545 3190 1610 3249 τὶ.
1630 3191 1728 3260 τῆς
1750 3189 2022 3262 θαλάττης

2131 3215 2187 3258 et
2221 3201 2580 3256 terrestribus
2628 3196 2827 3267 prteliis
2855 3190 3143 3248 exercitati
3177 3196 3354 3252 erant,
3390 3185 3426 3237 ii
3463 3197 3597 3238 sane
3627 3194 3716 3234 re-

440 3278 619 3348 ῥόθιον
651 3277 951 3342 ὑπεδέξατο
991 3276 1058 3342 ⁸⁵,
1102 3277 1402 3332 κάντεῦθεν
1435 3278 1700 3350 λαμπρὰν
1738 3280 1787 3331 οἱ
1826 3280 2023 3332 Κελτοὶ

2131 3295 2322 3351 Stitere
2371 3292 2563 3347 fortius
2612 3300 2960 3359 pugnamque
3014 3295 3262 3343 traxere,
3314 3288 3540 3333 caeteros
3591 3273 3715 3341 fuga

440 3368 603 3441 εῖχων
633 3373 679 3404 ⁸⁵
721 3373 803 3435 εἰς
847 3375 1039 3444 χεῖρας
1084 3373 1267 3443 νίκην.
1322 3375 1385 3426 Ol
1436 3373 1494 3427 δέ
1539 3391 1603 3442 γε
1653 3374 2023 3443 γενναιότεροι

2131 3386 2393 3459 praecipiti
2425 3391 2644 3437 ruentes
2699 3395 2851 3436 mare
2901 3377 3202 3432 absorbuit.
3253 3371 3610 3437 Magnamque
3662 3366 3715 3419 in

441 3466 553 3519 τῶν
587 3466 960 3536 στρατιωτῶν,
994 3465 1084 3517 καὶ
1112 3465 1315 3536 μᾶλλον
1347 3468 1395 3519 οἱ
1424 3465 1526 3534 τῆς
1554 3467 1805 3535 μείζονος
1828 3465 2022 3535 τύχης,

2134 3479 2385 3535 manibus
2415 3492 2479 3531 ac
2506 3473 2845 3545 splendidam
2894 3470 3034 3525 Galli
3070 3468 3255 3535 utique
3292 3463 3572 3518 victoriam
3607 3461 3716 3513 ha-

449 3551 522 3609 ὧν
549 3557 793 3627 φέριστοι
830 3556 1034 3627 μᾶλλον
1059 3559 1266 3620 ἐκεῖνος
1295 3558 1615 3627 Νικηφόρος
1653 3558 1969 3625 Ἐξαζηνὸς,
1999 3558 2027 3608 ὁ

2134 3571 2357 3635 hebant,
2412 3569 2515 3622 nisi
2565 3581 2630 3620 eo
2681 3563 2913 3618 articulo
2961 3576 3141 3615 rerum
3193 3559 3293 3613 viri
3346 3555 3514 3609 fortes
3541 3552 3629 3623 qui
3660 3552 3715 3604 in

459 3648 700 3711 Ὑελέας,
768 3650 865 3701 καὶ
927 3649 956 3700 ὁ
1009 3649 1203 3701 τούτου
1267 3649 1562 3717 ἐξάδελφος
1619 3650 2029 3709 Κωνσταντῖνος

2139 3664 2381 3718 Romano
2402 3659 2682 3715 merebant
2710 3655 2981 3718 exercitu,
3002 3652 3298 3722 praesertim
3313 3647 3403 3715 qui
3425 3644 3717 3699 nobiliores

458 3738 753 3810 Ἑξαζηνὸς
777 3743 804 3792 ὁ
833 3739 1170 3809 καλούμενος
1194 3740 1426 3806 Δοῦκας,
1453 3741 1546 3792 καὶ
1570 3740 1597 3791 ὁ
1627 3739 2029 3807 ἀνδρικώτατος

2138 3758 2282 3811 inter
2314 3756 2436 3810 illos
2457 3762 2512 3807 et
2541 3752 2768 3806 fortuna:
2795 3746 3003 3801 altioris
3020 3753 3175 3799 erant
3202 3740 3543 3808 Nicephorus
3573 3737 3718 3790 Exa-

459 3832 813 3903 Ἀλέξανδρος
866 3833 895 3885 ὁ
946 3833 1298 3904 Εὐφορϐηνδς
1357 3835 1456 3885 καὶ
1503 3832 1685 3902 ἕτεροι
1731 3832 1831 3901 τῆς
1861 3831 2030 3899 αὐτῆς

2140 3864 2329 3915 zenus,
2380 3846 2633 3918 llyeleas,
2690 3853 2746 3898 et
2815 3841 2981 3911 hujus
3027 3837 3291 3907 patruelis
3331 3830 3722 3888 Constantinus

448 3924 610 3990 ἀξίας
666 3928 762 3977 καὶ
804 3926 1000 3995 τύχης,
1038 3926 1381 3996 μνησάμενοι
1418 3925 1666 3996 θούριδος
1697 3923 1892 3993 ἀλκῆς,
1919 3925 2033 3975 ἐπι-

2142 3943 2450 4005 Exazenus,
2500 3938 2591 4008 qui
2635 3944 2861 3990 vocatur
2915 3933 3115 3995 Ducas,
3171 3939 3225 3984 et
3274 3924 3726 3999 generosissimus

451 4018 794 4089 στραφέντες
848 4019 945 4071 καὶ
997 4020 1125 4081 τοὺς
1178 4020 1466 4082 άκινάκεις
1520 4019 1887 4087 σπασάμενοι,
1938 4017 2033 4088 ὅλῃ

2140 4033 2447 4089 Alexander
2484 4029 2877 4100 Euphorbenus
2911 4025 3090 4080 subito
3153 4034 3208 4077 et
3241 4015 3724 4075 vehementissimo

451 4116 599 4188 χειρὶ
641 4116 732 4167 καὶ
767 4115 964 4187 γνώμῃ
996 4114 1133 4186 πρὸς
1165 4114 1293 4175 τοὺς
1336 4112 1579 4175 Κελτοὺς
1617 4112 1907 4181 ἐμάχοντο,
1942 4109 2035 4162 τὸν

2147 4128 2347 4195 impetu
2373 4122 2646 4186 conversi,
2683 4119 2889 4173 strictis
2919 4114 3231 4171 acinacibus
3260 4122 3369 4167 tota
3403 4125 3564 4164 manu
3592 4116 3729 4161 toto-

453 4209 578 4260 ὅλον
609 4208 1003 4278 ἀναδεξάμενοι
1028 4206 1311 4275 ,πόλεμον,
1343 4206 1439 4258 καὶ
1467 4205 1809 4275 ἡττήσαντες
1835 4202 2035 4264 αὐτοὺς

2145 4233 2251 4286 que
2303 4217 2486 4270 animo
2542 4218 2935 4281 repugnassent
3003 4206 3192 4271 Gallis,
3269 4216 3567 4271 eorumque
3615 4200 3726 4258 vim

453 4300 718 4370 λαμπρὰν
744 4300 842 4371 τὴν
874 4298 996 4352 κατ’
1042 4298 1223 4352 αὐτῶν
1257 4300 1417 4364 νίκην
1448 4296 1673 4367 ἤραντο.
1715 4292 2038 4363 Ἀνακωχὴν

2150 4311 2456 4365 universam
2506 4306 2827 4375 pondusque
2875 4301 3141 4369 integrum
3212 4296 3380 4366 praelii
3438 4295 3509 4347 ita
3563 4292 3615 4345 in
3670 4305 3729 4344 se

456 4388 553 4444 οὖν
581 4393 609 4445 ὁ
640 4392 1087 4460 Κοντοστέφανος
1119 4387 1373 4442 ἐντεῦθεν
1425 4385 1608 4438 λαϐὼν
1635 4384 1735 4453 τῆς
1767 4383 2042 4453 Κελτικῆς
2069 4419 2070 4430 η

2146 4401 2440 4456 vertissent
2472 4406 2531 4451 ut
2564 4395 2826 4465 praeclare
2875 4391 3231 4452 sustinerent,
3268 4386 3592 4451 tandemque
3630 4381 3730 4435 ho-

457 4483 822 4549 ἐπελεύσεως,
855 4483 1026 4546 λύσας
1058 4481 1273 4535 ἐκεῖθεν
1304 4479 1375 4533 τὰ
1416 4477 1739 4548 πρυμνήσια
1774 4476 1912 4545 μετὰ
1943 4474 2038 4528 τοῦ

2150 4505 2262 4548 stes
2295 4491 2454 4545 modo
2484 4489 2720 4542 victores
2755 4483 2973 4553 egregie
3002 4482 3305 4535 vincerent.
3340 4471 3728 4542 lnlerspirandi

460 4575 718 4630 ναυτικοῦ
745 4577 968 4641 παντὸς,
998 4574 1091 4627 τὸν
1134 4572 1363 4627 Αὐλῶνα
1405 4568 1843 4639 καταλαμϐάνει.
1887 4566 2043 4620 Ἐπεὶ

2148 4583 2379 4651 Spatium
2418 4588 2642 4648 tutoque
2676 4575 2962 4631 recedendi
2995 4571 3305 4627 facultatem
3335 4569 3525 4622 horum
3560 4566 3730 4617 virtus

460 4666 522 4721 δὲ
549 4668 711 4720 ὁπότε
745 4668 982 4738 πρώτως
1015 4666 1077 4718 τὸ
1113 4664 1421 4737 Δυρράχιον
1458 4660 1788 4715 καταλαϐὼν
1809 4658 1919 4742 Σάις
1950 4658 2043 4728 ὐφ’

2147 4675 2592 4742 Cnntostephano
2639 4668 2872 4741 paravit.
2903 4668 3019 4733 Qua
3072 4664 3162 4718 ille
3191 4677 3322 4717 usus
3371 4659 3547 4714 soluta
3582 4656 3731 4709 illinc

462 4763 659 4817 ἑαυτὸν
716 4722 1029 4828 πολεμικάς
1081 4722 1530 4823 ναῦςιέξαύτοῦ
1584 4754 1679 4809 τοῦ
1735 4722 2042 4825 Δυβρςἱχίὲυ

2154 4722 2585 4742 ν-ι---ν-ην--η--έ
2641 4722 2727 4741 τίη
2792 4722 2823 4723 η
2913 4722 2948 4733 η

2150 4769 2324 4823 classe
2356 4767 2612 4820 universa
2670 4763 2937 4817 Aulonem
2970 4772 3094 4813 cum
3128 4771 3189 4810 ea
3224 4752 3419 4808 tenuit.
3462 4748 3732 4817 Quoniam

467 4853 633 4923 μέχρι
690 4853 785 4906 τοῦ
838 4852 1111 4915 Αὐλῶνος,
1166 4853 1260 4903 καὶ
1315 4849 1484 4920 αὐτῆς
1539 4848 1639 4919 τῆς
1696 4848 2044 4914 καλουμένης

2148 4875 2279 4915 vero
2315 4860 2423 4927 iam
2462 4869 2574 4912 tum
2628 4856 2845 4925 quando
2895 4853 3133 4923 primum
3193 4844 3548 4917 Dyrrachium
3585 4841 3734 4896 venit

464 4947 725 5014 Χιμὰρας
756 4946 800 4977 ⁸⁸
832 4944 1131 5013 διέπειρεν,
1163 4939 1467 5008 ἀπέχοντος
1496 4938 1593 5008 μὲν
1620 4936 1716 4990 τοῦ
1740 4934 2050 5007 Δυρραχίου

2151 4966 2315 5005 naves
2344 4964 2478 5018 quas
2506 4950 2740 5002 habebat
2767 4946 2869 5001 sub
2902 4958 2960 4999 se
2995 4942 3244 4999 bellicas.
3272 4953 3338 4994 ex
3372 4937 3491 5006 ipso
3525 4935 3730 5003 Dyrra-

464 5037 564 5091 τοῦ
586 5038 840 5100 Αὐλῶνος
869 5035 1121 5095 σταδίους
1146 5034 1367 5095 ἑκατὸν,
1390 5033 1488 5102 τῆς
1510 5029 1567 5083 δὲ.
1595 5030 1852 5100 Χιμάρας
1869 5028 1911 5059 ⁸⁷
1939 5027 2054 5098 (24)

2151 5041 2275 5095 chio
2322 5055 2494 5107 usque
2527 5038 2793 5092 Aulonem
2840 5042 2896 5090 et
2946 5034 3119 5088 locum
3157 5030 3362 5084 dictum
3415 5026 3731 5080 Chimaram

465 5133 562 5187 τοῦ
595 5134 843 5197 Αὐλῶνος
889 5127 1071 5198 αὖθις,
1107 5130 1423 5200 ἀπέχουσαν
1476 5125 1728 5189 σταδίους
1782 5123 2053 5194 ἑξήκοντα

2154 5129 2493 5200 disperserat
2540 5128 2730 5197 (distat
2759 5126 2935 5182 Aulon
2969 5139 2997 5177 a
3029 5119 3331 5193 Dyrrachio
3366 5115 3559 5172 stadiis
3608 5126 3736 5168 cen-

470 5227 571 5297 τὴν
593 5225 686 5279 τοῦ
726 5226 1068 5296 Βαῖμούντου
1100 5222 1467 5293 ἐπειγομένην
1486 5221 1588 5292 ήδη
1615 5217 1896 5289 ἐμάνθανε
1930 5217 2052 5271 δια-

2158 5230 2296 5287 tum,
2328 5220 2583 5275 Chimara
2620 5234 2812 5275 rursus
2857 5218 2924 5273 ab
2953 5216 3160 5271 Aulone
3185 5213 3378 5269 stadiis
3410 5205 3733 5278 sexaginta),

473 5321 801 5390 περαίωσιν,
834 5316 1241 5389 στοχασάμενος
1298 5315 1653 5386 ἐνδεχόμενον
1680 5310 1821 5366 εἶναι
1853 5312 2060 5383 μᾶλλον

2160 5328 2303 5368 nunc
2350 5311 2491 5367 fama
2544 5312 3023 5381 percrebrescente
3075 5305 3330 5363 instantis
3399 5298 3736 5370 traiectionis

1577 5430 1783 5491 Varia;
1826 5429 2131 5491 lectiones
2163 5429 2404 5505 exicod.
2444 5428 2701 5490 Coislin.

547 5542 593 5571 “
618 5541 929 5610 ὑπεδέχετο.
1008 5538 1053 5568 ⁸⁸
1087 5533 1253 5606 εἶχον.
1330 5536 1375 5568 ⁸⁸
1404 5530 1735 5604 Χιμαίρας.Δ
1783 5531 1827 5561 δ’
1854 5530 2156 5601 Χιμαίρας.

1539 5655 1679 5715 Car.
1726 5648 2049 5711 Dufresnii
2094 5652 2193 5710 Du
2226 5646 2451 5726 Cangii
2482 5652 2672 5710 notae.

555 5763 665 5835 (Μ)
698 5762 978 5835 Χιμάρας.
997 5760 1270 5835 Clijmera,
1294 5753 1903 5835 urhs‘maritimaypniii,
1931 5752 1983 5807 in
2005 5750 2286 5807 Cerauniis
2307 5724 2504 5817 Plinio,
2532 5748 2672 5805 haud
2709 5745 2870 5817 387
2891 5742 3131 5816 procula
3164 5738 3397 5807 Corcyra
3418 5727 3615 5796 insula,
3642 5724 3739 5784 hoc

480 5824 572 5893 die
596 5824 868 5893 Citimdra'.
905 5824 1032 5887 Vide
1066 5828 1377 5885 Leunclavii
1412 5826 1583 5882 Pand.
1641 5844 1693 5880 υ.
1728 5824 1855 5878 2:10.
