4088 6422
443 428 556 496 925

1648 445 2064 507 ALEXIADIS
2101 447 2254 510 LIB.
2293 447 2434 509 XII.

3613 439 3722 503 926

447 553 645 623 μικρὸν
695 552 791 606 τοῦ
847 550 1106 616 Αὐλῶνος
1135 553 1249 625 (25)
1285 557 1686 629 παρεκκλίνας,
1720 560 1910 616 ἄδειαν
1948 561 2020 623 τῶ

2131 564 2464 632 complures,
2521 576 2642 633 quae
2693 561 2818 616 istis
2872 561 3014 615 velut
3070 561 3266 616 castris
3337 558 3570 613 nauticis
3620 573 3719 629 pro

441 644 772 716 Βαῖμούντῳ
821 645 1024 700 δίδωσι.
1063 647 1226 719 Δεξιᾷ
1263 648 1319 701 δὲ
1367 650 1506 722 τύχῃ
1551 655 1925 722 χρησάμενος,
1964 655 2030 708 ὲκ

442 736 666 806 Βάρεως
723 738 838 808 (26)
871 738 997 792 ἐπεὶ
1041 740 1086 772 ⁹¹
1141 741 1235 794 τὸν
1275 743 1504 796 Αὐλῶνα
1551 745 2028 814 περαιωσάμενος,

442 826 593 881 ἅπαν
624 828 686 880 τὸ
716 829 1031 884 διαπόντιον
1082 835 1249 889 αὐτοῦ
1308 840 1630 910 στράτευμα
1668 842 1749 905 εἰς
1793 842 1892 912 τὴν
1925 859 2027 896 πε-

445 919 608 986 ραὶαν
628 918 1051 991 ἀποϐησὰμενος
1079 926 1274 995 πρῶτα
1305 930 1406 999 μὲν
1451 931 1710 1001 ἐληῖσατο
1741 933 1842 1000 τὴν
1881 951 2028 1004 παρ-

441 1008 600 1062 αλίαν
646 1012 906 1079 ἃπασαν,
959 1016 1242 1089 ἀμύθητον
1302 1023 1621 1092 στράτευμα
1683 1025 2028 1094 ἐπαγόμενος

439 1102 755 1170 Φραγγικόν
791 1121 850 1158 τε
883 1107 975 1160 καὶ
1007 1109 1276 1165 Κελτικόν
1298 1129 1312 1144 ·
1349 1115 1444 1166 καὶ
1473 1117 1589 1168 ὅσοι
1628 1116 1738 1169 ἀπὸ
1759 1119 1858 1187 τῆς
1892 1117 2030 1170 Θού-

440 1191 540 1261 λης
583 1193 696 1263 (27)
744 1198 914 1267 νήσου
970 1202 1362 1270 στρατεύονται
1403 1207 1742 1276 Ῥωμαίοιςο
1793 1209 1915 1262 τότε
1961 1210 2025 1280 δὴ

441 1283 589 1350 αὐτῷ
647 1291 1150 1361 προσχωρήσαντες
1200 1294 1289 1347 διὰ
1334 1296 1434 1366 τὴν
1479 1297 1573 1350 τοῦ
1622 1300 1816 1370 καιροῦ
1866 1299 2029 1354 δυνα-

447 1374 651 1436 στείαν,
699 1381 791 1431 καὶ
818 1381 882 1451 δὴ
924 1383 1020 1435 καὶ
1065 1385 1292 1450 πλείους
1321 1387 1416 1441 τοῦ
1446 1390 1792 1461 Γερμανικοῦ
1828 1393 2026 1459 γένους

438 1466 532 1517 καὶ
573 1467 682 1520 ἀπὸ
733 1471 840 1524 τῶν
898 1475 1276 1548 Κελτιϐήρων.
1321 1479 1562 1544 Τούτους
1609 1484 1719 1553 γὰρ
1771 1485 2023 1548 ἅπαντας

439 1557 858 1628 συλλεξάμενος,
895 1569 1077 1636 πάσης
1125 1570 1226 1634 τῆς
1270 1572 1424 1636 ἐντὸς
1466 1575 1681 1647 Ἀδρίου
1719 1579 2018 1649 ὲφήπλωσε

436 1651 561 1718 γῆς,
594 1654 689 1706 καὶ
737 1657 804 1709 τὰ
852 1659 1054 1730 ἐφεξῆς
1106 1663 1327 1718 ἅπαντα
1350 1664 1684 1736 ληϊσάμενος
1735 1673 1801 1740 τῇ
1862 1671 2022 1723 Ἐπι-

436 1743 626 1812 δάμνῳ
657 1749 997 1816 προσέϐαλεν
1030 1753 1098 1823 ἣν
1125 1755 1429 1826 Δυρράχιον
1467 1759 1810 1829 ὀνομάζομεν
1831 1778 1844 1792 ³
1887 1767 2020 1815 ταύ-

434 1851 536 1904 την
565 1835 664 1902 τὴν
696 1838 853 1892 πόλιν
901 1843 1106 1896 σκοπὸν
1141 1845 1284 1915 ἔχων
1323 1848 1466 1901 ἑλεῖν
1493 1864 1507 1878 ·
1545 1847 1673 1920 κᾷθ’
1705 1850 1881 1914 οὕτως
1921 1852 2021 1922 τὴν

434 1926 530 1979 ἐπὶ
559 1927 687 1981 τάδε
717 1930 878 2000 μέχρι
900 1934 1000 2003 τῆς
1042 1938 1463 1994 Κωνσταντίνου
1495 1940 1810 2011 λητσασθαι.
1835 1945 2020 2008 Δεινὸς

435 2018 492 2070 δὲ
517 2018 592 2072 ὢν
627 2023 772 2093 ἢπερ
820 2025 979 2090 ἄλλός
1024 2047 1108 2092 τις
1149 2032 1228 2094 είς
1275 2033 1596 2102 πολιορκίαν
1625 2035 1654 2086 ὁ
1685 2036 2021 2106 Βαῖμοῦντος

435 2111 533 2163 καὶ
557 2112 648 2164 τὸν
689 2115 1064 2190 πολιορκητὴν
1115 2122 1330 2176 ἐκεῖνον
1380 2126 1698 2196 Δημήτριον
1743 2128 2022 2199 ὑπερϐαλ-

434 2207 684 2275 λόμενος,
715 2210 815 2280 τὴν
859 2211 1188 2282 Ἐπίδαμνον
1227 2217 1412 2268 πᾶσαν
1459 2217 1517 2269 ὲν
1555 2217 1632 2283 νῷ
1667 2217 2019 2288 βαλλόμενος,

432 2297 854 2362 πάσαςὼδύνας
888 2303 1202 2372 μηχανικὰς
1236 2305 1381 2358 κατὰ
1420 2307 1521 2375 τῆς
1558 2307 1770 2370 πόλεως
1811 2309 2019 2380 ταύτης

431 2390 674 2462 ἐκίνησε,
743 2393 938 2462 πρῶτα
1004 2395 1104 2464 μὲν
1174 2396 1364 2468 κύκλῳ
1432 2398 1897 2470 περιϐαλλόμενος
1957 2403 2020 2456 τὸ

428 2484 630 2536 ἑαυτοῦ
677 2486 1019 2556 στράτευμα,
1047 2493 1143 2541 καὶ
1193 2489 1264 2542 τὰ
1305 2491 1475 2558 ἐγγὺς
1507 2493 1602 2544 καλ¹
1658 2494 2020 2565 πορρώτερον

427 2574 526 2644 τῆς
565 2576 777 2640 πόλεως
817 2579 1124 2650 Δυρραχίου
1183 2579 1532 2651 πολιορκῶν·
1582 2585 1679 2637 καὶ
1727 2585 1858 2640 ποτὲ
1918 2587 2020 2655 μὲν

427 2667 880 2732 ὑπαντιαζόντων
909 2673 1074 2724 αὑτὸν
1110 2673 1158 2705 ⁸³
1192 2675 1628 2744 στρατευμάτων
1664 2674 2018 2744 Ῥωμαϊκῶν,

427 2757 560 2808 ποτὲ
585 2756 643 2808 δὲ
677 2758 917 2827 ἐρημίας
967 2758 1136 2829 οὔσης
1179 2764 1287 2815 τῶν
1337 2763 1778 2818 ἀποκωλυόντων
1811 2765 1977 2819 αὐτόν
2002 2784 2016 2800 ο

429 2849 524 2900 καὶ
559 2849 818 2919 πολέμων
856 2851 1070 2905 πολλῶν
1108 2853 1202 2906 καὶ
1252 2853 1462 2908 κλόνων
1497 2857 1872 2925 ἑγγινομένων
1921 2859 2018 2911 καὶ

428 2940 629 3007 φόνωνς
666 2941 919 3014 καθάπερ
953 2943 1162 2997 ἄνωθεν
1209 2946 1448 3016 εἴρηται,
1483 2949 1622 3018 πρδς
1658 2947 1758 3020 τὴν
1793 2950 2020 3019 πολιορ-

425 3031 554 3084 κίαν
583 3032 755 3101 αὐτὴν
778 3034 878 3102 τῆς
908 3037 1118 3098 πόλεως
1142 3038 1450 3109 Δυρραχίου
1481 3039 1818 3110 ἀπέϐλεψεν.
1849 3041 2018 3094 Ἀλλὰ

428 3125 560 3192 πρὶν
594 3124 755 3194 ἥκειν
790 3128 873 3189 εἰς
903 3129 1075 3198 αὐτὴν
1107 3130 1329 3198 ἐκείνην
1370 3131 1471 3192 τὴν
1501 3133 1594 3183 ἐπὶ
1627 3133 1703 3202 τῷ
1725 3135 2020 3206 Δυρραχίῳ

2130 656 2274 709 vallo
2346 669 2786 722 quoquoversum
2852 653 3348 708 obtendebantur:
3425 651 3582 720 plane
3660 659 3722 706 ut

2130 747 2314 817 procul
2347 761 2409 800 ex
2448 747 2558 800 alto
2609 746 2733 815 quis
2771 746 2990 800 intuens
3030 743 3276 797 formosa
3332 741 3720 810 percelleretur

2129 841 2310 906 specie
2343 839 2496 909 quasi
2535 839 2774 891 natantis
2803 847 2856 891 et
2904 839 2955 890 in
2987 836 3149 890 [luctu
3184 835 3420 888 fundatae
3455 833 3717 888 civitatis.

2128 930 2290 984 Forte
2321 931 2420 982 fuit
2452 929 2959 996 tra-nquillissimnt‘n
2994 945 3059 982 eo
3082 929 3170 983 die
3200 943 3368 990 mare,
3399 941 3507 978 uno
3533 928 3719 978 admo-

2129 1022 2254 1076 dum
2300 1022 2574 1090 aspirante
2619 1031 2744 1074 noto
2792 1021 3002 1076 blandis
3043 1029 3097 1074 et
3154 1018 3414 1072 modestis
3467 1017 3718 1080 ﬂatibus,

2130 1113 2332 1182 quique
2365 1112 2496 1166 nihil
2531 1113 2632 1166 nisi
2661 1112 3040 1166 onerariarum
3096 1111 3212 1165 vela
3268 1110 3468 1164 lenium
3504 1125 3531 1161 a
3567 1121 3720 1174 tergo

2129 1221 2385 1259 aurarum
2417 1205 2533 1260 utili
2572 1215 2785 1258 tumore
2825 1205 3234 1268 distenderent;
3278 1205 3475 1272 quippe
3527 1203 3654 1255 hinc
3687 1216 3717 1254 a

2126 1297 2292 1366 puppi
2347 1295 2620 1363 propulsae
2672 1294 2910 1348 velifera:
2958 1308 3125 1346 naves
3175 1290 3389 1345 facilem
3444 1290 3720 1342 habebant

2126 1403 2384 1455 cursum;
2419 1404 2519 1442 nec
2552 1397 2736 1441 tamen
2792 1393 2900 1439 tam
2953 1384 3182 1439 celerem
3219 1391 3314 1435 aut
3358 1381 3714 1451 praecipitem,

2125 1481 2255 1550 quin
2291 1496 2370 1536 ea:
2418 1497 2541 1548 qua:
2575 1481 2804 1550 remigio
2841 1479 3146 1547 agebantur
3176 1491 3326 1544 a'qua
3379 1489 3593 1540 semper
3648 1472 3717 1524 ab

2126 1573 2233 1626 illis
2261 1573 2522 1626 distantia
2561 1573 2856 1627 ferrentur.
2907 1569 3227 1628 Resonabat
3271 1575 3388 1620 toto
3435 1564 3714 1618 Adriatico

2126 1679 2300 1733 usque
2351 1665 2416 1717 ad
2475 1665 2810 1718 continentis
2876 1663 3164 1728 utriusque
3219 1658 3402 1713 littora
3456 1659 3716 1721 strepitus

2125 1757 2318 1825 ingens
2349 1756 2542 1811 classis
2576 1763 2740 1809 tantae
2774 1754 3171 1817 commeantis;
3223 1762 3275 1804 et
3308 1765 3443 1819 quos
3477 1749 3522 1804 is
3551 1763 3716 1802 sonus

2129 1849 2183 1902 in
2218 1863 2335 1901 eam
2371 1847 2558 1902 oculos
2592 1857 2848 1911 verterat,
2894 1845 3032 1897 miro
3076 1845 3129 1897 in
3168 1843 3361 1911 primis
3397 1851 3452 1893 et
3477 1840 3715 1894 terrifico

2127 1939 2444 2009 spectaculo
2469 1939 2816 1991 tenebantur.
2851 1935 2958 1989 Nec
2983 1935 3094 2001 jam
3143 1949 3344 2001 querar
3385 1940 3478 1986 aut
3522 1948 3712 2002 repre-

2126 2031 2356 2084 hendam
2404 2030 2699 2095 ignavizeve
2758 2029 3014 2094 imputem
3065 2026 3208 2095 quod
3243 2024 3716 2092 Contostephanos

2125 2137 2420 2190 eorumque
2439 2121 2771 2175 excercitum
2802 2119 2930 2172 talis
2955 2119 3167 2184 species
3197 2117 3527 2185 perculerit;
3551 2118 3715 2170 etiam

2127 2213 2215 2266 ille
2253 2215 2677 2283 Argonauticns,
2702 2216 2866 2268 credo
2889 2214 3162 2282 equidem,
3185 2212 3451 2268 lectorum
3485 2213 3710 2278 heroum

2123 2308 2256 2361 ﬂore
2292 2315 2570 2371 constans,
2598 2309 2663 2358 ad
2687 2305 2844 2373 hujus
2872 2304 3181 2359 formidinis
3205 2319 3492 2359 occursum
3516 2305 3717 2358 cohor-

2127 2399 2326 2452 ruisset
2354 2387 2654 2459 exercitus,
2691 2397 2887 2450 nedum
2917 2396 3345 2464 Contostephani
3384 2393 3704 2462 Lantnlphi-

2126 2505 2233 2558 que
2261 2490 2375 2552 isti,
2409 2499 2463 2543 et
2509 2488 2629 2555 ejus
2663 2488 2880 2560 generis
2929 2487 3019 2541 alii
3074 2487 3318 2556 quidam.
3371 2488 3516 2543 Satis
3569 2500 3704 2553 ergo

2123 2583 2430 2650 speculatus
2463 2592 2652 2635 contra
2713 2579 3020 2635 venientem
3049 2579 3389 2648 Lantnlphus
3435 2578 3692 2639 classem,

2125 2689 2432 2738 numerum,
2457 2672 2709 2739 formam,
2734 2673 2898 2726 situm
2927 2683 3091 2742 atque
3120 2673 3447 2726 instructum
3472 2672 3712 2736 navium,

2122 2767 2273 2820 illum
2341 2767 2643 2834 praesertim
2726 2766 3195 2832 impenetrabilem
3271 2764 3710 2818 vastissimarnm

2125 2860 2504 2913 onerariarum
2541 2873 2754 2912 murum
2793 2868 3033 2911 armatas
3087 2859 3243 2911 ﬁrmo
3278 2859 3485 2912 ambitu
3519 2864 3708 2922 prote-

2125 2954 2388 3021 gentium,
2422 2966 2542 3020 quat
2569 2953 2729 3004 modo
2757 2950 2971 3020 singula
3007 2949 3315 3003 distinctius
3341 2947 3712 3014 exposuimus,

2124 3059 2230 3098 non
2260 3045 2420 3098 dubie
2475 3043 2779 3110 intelligens
2811 3056 2974 3109 quam
3012 3042 3169 3110 longe
3202 3040 3378 3108 impar
3407 3048 3550 3093 esset
3582 3038 3712 3092 moli

2131 3145 2298 3191 tanta;
2329 3135 2462 3190 belli
2483 3150 2545 3188 ac
2578 3133 2806 3202 periculi
2837 3149 2960 3188 cum
2997 3147 3094 3200 spe
3121 3133 3313 3186 saltem
3347 3132 3526 3199 aliqua
3562 3129 3717 3182 exci-

432 3214 614 3284 μάχην
646 3215 740 3269 τοῦ
787 3221 1059 3289 τυράννου
1108 3221 1478 3292 Βαῖμούντου,
1517 3225 1820 3294 ἀναγκαῖόν
1865 3231 2017 3282 ἐστιν

2124 3217 2352 3297 ﬁiendm,
2406 3234 2620 3280 mature
2675 3223 2958 3279 declinans
2993 3223 3062 3275 ab
3120 3222 3333 3275 Anlone
3383 3220 3611 3274 liberum
3660 3227 3716 3271 et

429 3306 626 3372 εἰπεῖν,
668 3309 816 3374 ὅπως
850 3311 964 3380 ἔχει
993 3312 1199 3378 Θέσεως
1229 3316 1261 3384 ἡ
1297 3315 1475 3379 πόλις.

2125 3334 2316 3389 purum
2368 3317 2672 3371 Baimnndo
2736 3317 3023 3369 transitum
3089 3313 3366 3382 relinquit.
3435 3310 3624 3380 Itaque
3669 3309 3717 3363 is

428 3399 628 3471 insigni
664 3420 792 3458 usus
825 3406 1012 3461 favore
1069 3407 1300 3462 fortunae
1361 3423 1389 3462 a
1440 3409 1602 3464 Bario
1657 3412 1725 3465 ad
1766 3412 2027 3466 Aulonem
2071 3429 2167 3481 per
2195 3422 2428 3474 tantum,
2500 3413 2662 3480 idque
2713 3414 2890 3477 ipsum
2944 3416 3382 3474 praeoccupatum
3446 3405 3714 3468 hostibus,

435 3509 600 3560 mare,
654 3495 708 3549 in
740 3511 894 3550 oram
929 3497 1121 3567 Illyrici
1158 3500 1446 3554 adversam
1518 3502 1783 3556 inoﬂ'enso
1844 3505 2078 3573 trajectu
2127 3491 2636 3573 deponam-V370
2674 3500 3000 3554 incolumem
3035 3497 3360 3562 exercitum,
3415 3497 3585 3564 copiis
3637 3497 3718 3549 in-

431 3589 850 3644 numerabilibus
885 3591 1100 3659 generis
1131 3591 1263 3645 varii
1318 3603 1678 3651 constantem.
1729 3593 2008 3665 Siquidem
2054 3596 2126 3651 ibi
2155 3605 2311 3652 erant
2346 3594 2542 3650 Franci
2569 3592 2820 3662 Gallique
2852 3591 3091 3659 plurimi,
3127 3604 3194 3643 ex
3231 3604 3294 3644 ea
3362 3590 3490 3643 item
3553 3598 3718 3657 gente

429 3681 736 3748 complures
784 3696 902 3749 quae
949 3682 1015 3736 ab
1066 3683 1239 3738 Thule
1288 3685 1462 3739 insula
1515 3687 1816 3744 Romanam
1871 3691 1997 3745 olim
2040 3693 2192 3761 sequi
2248 3691 2496 3744 militiam
2535 3698 2872 3753 assueverat,
2945 3701 3094 3741 nunc
3150 3695 3333 3740 tamen
3428 3682 3715 3736 Baimundi

427 3771 638 3826 artibus
669 3781 723 3827 et
755 3773 1119 3828 admiratione
1193 3775 1246 3829 in
1322 3786 1694 3834 transversum
1748 3789 1894 3850 acta,
1963 3782 2349 3852 fortunamque
2375 3797 2439 3836 ac
2487 3796 2636 3851 Spem
2693 3780 2873 3850 potius
2909 3794 3073 3847 quam
3127 3776 3361 3831 ofﬁcium
3396 3785 3450 3828 et
3488 3787 3702 3843 aequum

424 3874 702 3953 spectans,
739 3867 790 3920 in
826 3883 926 3922 nos
960 3868 1158 3924 infesta
1195 3873 1467 3928 veniebat.
1498 3875 1663 3928 Erant
1693 3887 1744 3930 et
1774 3893 1839 3930 ex
1873 3877 2202 3934 Germanico
2265 3892 2464 3948 genere
2529 3875 2800 3946 permulti,
2869 3883 2924 3928 et
2972 3887 3077 3926 non
3113 3871 3226 3925 fere
3288 3869 3575 3940 pauciores
3634 3881 3704 3920 ea

427 3959 744 4025 Celtiberis;
785 3975 907 4013 nam
932 3974 1120 4031 gentes
1151 3978 1280 4016 acer
1323 3965 1655 4022 Baimnndus
1702 3972 1987 4026 universas
2025 3987 2146 4040 quae
2195 3971 2328 4024 mari
2361 3969 2642 4024 Adriatico
2683 3968 3018 4034 Oceanoque
3084 3964 3406 4020 clauduntur
3487 3961 3707 4030 junctas

428 4053 846 4122 conjuratasqne
903 4054 956 4108 in
1013 4071 1110 4110 nos
1167 4068 1496 4112 armaverat.
1557 4059 1720 4115 Istam
1753 4077 1966 4116 omnem
2010 4062 2178 4118 feram
2207 4071 2262 4117 et
2295 4073 2546 4130 rapacem
2584 4060 2982 4115 multitudinem
3035 4057 3087 4111 in
3138 4055 3429 4110 littoralem
3464 4055 3696 4122 primum

426 4160 592 4212 quam
627 4145 730 4199 late
764 4155 910 4214 patet
943 4163 1095 4201 oram
1148 4152 1501 4217 continentis,
1538 4166 1658 4222 quae
1707 4153 1870 4209 Italiae
1935 4156 2170 4224 obiacet,
2236 4155 2408 4210 eil'use
2477 4151 2900 4223 pragdahnndam
2970 4150 3212 4216 immisit,
3247 4163 3454 4202 summa
3487 4147 3699 4201 illarum

427 4240 668 4307 gentium
718 4238 970 4305 miseria;
1021 4240 1220 4308 quibus
1249 4242 1414 4309 plane
1459 4246 1708 4312 spoliatis
1764 4247 2020 4310 funditnst

2185 4250 2486 4314 exhaustis,
2543 4246 2869 4316 Epidamno,
2925 4258 3090 4311 quam
3152 4241 3508 4312 Dyrrachium
3574 4237 3711 4292 dici

427 4347 573 4394 mus.
607 4334 895 4385 admovere
925 4348 984 4385 se
1005 4333 1244 4400 undique
1273 4333 1560 4390 Raimundi
1610 4339 1781 4408 c0pi2e
1847 4356 2079 4413 coepere.
2123 4342 2421 4397 Consilium
2454 4348 2574 4394 erat
2605 4337 2838 4406 primum
2872 4335 2976 4389 ista
3008 4333 3169 4400 potiri
3217 4333 3456 4392 civitate,
3513 4330 3710 4386 deinde

426 4443 495 4482 ex
525 4441 587 4481 ea
620 4439 790 4494 usque
817 4424 884 4480 ad
920 4425 1450 4498 Constantinopolim
1491 4433 1738 4487 secundo
1785 4433 2017 4502 fortunae,
2057 4451 2224 4492 cursu
2254 4432 2528 4504 praedandi
2563 4427 2835 4484 licentiam
2857 4427 3150 4481 extendere
3208 4433 3513 4494 cunctaque
3561 4422 3712 4478 ferro

1499 4564 1697 4626 Variae
1731 4564 2066 4645 [lectiones
2108 4584 2186 4630 ex
2231 4567 2374 4630 cod.
2411 4561 2676 4629 Coislin.

497 4666 544 4698 ”
574 4664 688 4718 ἐπί.
764 4663 810 4696 ⁸⁸
839 4662 1049 4718 αὐτῶν.

1529 4778 1666 4839 Car.
1715 4778 2032 4842 Dufresnii
2067 4785 2167 4843 Dn
2199 4782 2418 4861 Cangii
2451 4791 2641 4846 notua.

499 4897 613 4968 (25)
661 4897 771 4952 Τοῦ
792 4895 1098 4962 Αὐλῶνος.
1132 4897 1602 4968 Ριιιοιιοιείηεζῐίἱι.
1645 4915 1706 4959 ιι,
1735 4916 1852 4965 cap.
1884 4901 1953 4955 56
1992 4924 2004 4956 :

2124 4906 2430 4961 Boemuwlo
2472 4916 2601 4961 tunc
2646 4905 2914 4962 meruisse
2977 4901 3190 4958 scribit.

425 4966 521 5052 fio
539 4970 798 5037 siquidem
834 4983 971 5052 anno
998 4968 1130 5021 1107
1159 4979 1432 5052 postquam
1457 4967 1791 5052 Baemundua
1813 4973 1878 5023 de
1900 4972 2026 5026 Gal-
2131 4978 2356 5052 inbuere
2386 4975 2681 5032 Ordericus
2720 4976 2931 5038 Vitali’s,
2968 4975 3063 5052 lib.
3097 4988 3156 5052 tt,
3197 4986 3320 5052 pag.
3351 4972 3479 5035 516,
3500 4974 3716 5052 cavisse

428 5043 514 5091 liis
549 5054 816 5115 regressus
857 5051 955 5115 est_,
990 5048 1305 5115 conareqata
1338 5049 1512 5115 _gente
1555 5051 2025 5115 quantumcunque
2125 5047 2422 5115 Anglorum
2481 5061 2688 5115 regem,
2730 5061 2798 5099 ne
2851 5061 2917 5101 ex
2973 5043 3164 5115 Anglia
3207 5043 3458 5115 educeret
3517 5043 3714 5115 milites

3271 4892 3494 4955 Vioelnr
3527 4897 3712 4958 taﬁten

426 5109 615 5175 potuit,
645 5111 698 5160 in
722 5117 878 5173 portu
909 5107 1232 5166 Brundusio,
1259 5109 1349 5176 qui
1382 5120 1455 5162 est
1479 5111 1531 5162 in
1560 5109 1776 5173 Apulia,
1800 5107 2021 5166 classem

426 5194 580 5230 suam
613 5180 842 5245 paravit,
880 5180 970 5248 qui
1003 5196 1117 5232 cum
1164 5188 1377 5248 tempus
1430 5181 1499 5248 ad
1561 5181 2020 5248 transfretandum

424 5258 771 5312 exspectasset
844 5247 1214 5312 opportunum,
1253 5263 1322 5300 vn
1352 5247 1438 5302 Id.
1475 5247 1663 5302 Octob.
1718 5247 1879 5302 naves
1933 5253 2019 5306 in-

423 5319 591 5386 gressi
624 5312 935 5387 Bulgaria":
967 5321 1367 5384 navigaverunt,
1420 5331 1468 5372 et
1504 5319 1753 5374 Avalonis
1805 5332 2015 5388 portum

429 5400 837 5457 arcupaverunt.
897 5388 1093 5442 Eadem
1145 5389 1346 5457 habent
1378 5388 1631 5445 Albertus
1676 5391 1780 5452 Au.
1832 5391 1923 5445 lib.
1960 5410 2015 5453 χ.

428 5472 550 5526 cap.
589 5458 694 5522 58;
728 5469 780 5512 et
834 5468 1028 5513 auctor
1090 5458 1234 5511 Hist.
1293 5456 1506 5514 Hieros.
1541 5473 1638 5513 an.
1693 5460 1833 5514 1107
1869 5465 2013 5529 apud

426 5543 586 5599 quem
621 5543 937 5599 perperam
989 5529 1214 5596 irrepsit
1265 5529 1556 5599 Ascalone.
1583 5544 1708 5599 Apro
1760 5531 2014 5587 Avalone.

427 5597 581 5652 Adde
610 5598 749 5650 Rob.
786 5600 851 5650 de
883 5599 1060 5654 Monte
1091 5612 1182 5652 an.
1219 5599 1357 5652 H07
1385 5607 1438 5652 et
1464 5597 1624 5655 1109.

498 5667 613 5737 (26)
645 5667 756 5722 Τοῦ
788 5669 1043 5736 Βάρεως.
1095 5668 1408 5724 Brundusio
1459 5669 1688 5724 solvisse
1740 5670 2014 5726 Boemun-

433 5737 558 5792 dun
609 5739 798 5810 scribit
849 5750 1045 5803 praeter
1075 5739 1377 5810 felitcrtuut
1408 5740 1508 5807 Aq.
1545 5749 1600 5793 et
1643 5739 2012 5810 Fulcherinm,

438 5808 873 5891 tetu§:sc‘rniptor,
906 5819 1042 5891 tum;
1074 5809 1158 5891 1)]⁸
1173 5807 1294 5862 Rer.
1318 5807 1585 5891 .Frqncic.
1617 5811 1864 5891 pag-94.

504 5875 616 5947 (27)
670 5877 813 5932 Ἀπὸ
859 5878 968 5948 τῆς
1003 5879 1256 5946 Θούλης.
1303 5878 1508 5950 Anglos
1543 5875 1815 5952 intelligit,
1871 5896 2009 5952 quos

2122 5111 2473 5171 Boetnnndus
2504 5133 2517 5168 :
2544 5111 2660 5181 "Qui
2690 5127 2968 5179 antequam
2997 5111 3202 5166 Gallias
3227 5113 3532 5176 attingeret,
3563 5112 3714 5180 loga-

2122 5195 2201 5238 tos
2231 5203 2351 5238 suos
2410 5187 2465 5238 in
2503 5188 2749 5255 Angliam
2802 5185 3091 5255 direxerat,
3139 5195 3186 5235 et
3235 5185 3298 5236 de
3340 5183 3594 5255 adventus
3633 5185 3716 5236 sui

2119 5271 2284 5308 causa
2317 5259 2369 5308 in
2400 5251 2690 5308 Ausoniam
2729 5259 2837 5326 regi
2864 5254 3234 5326 mandaverat,
3258 5262 3308 5305 et
3333 5254 3470 5326 quod
3525 5251 3594 5303 ad
3620 5269 3717 5303 cu—

2119 5325 2253 5378 riam
2286 5327 2399 5390 ejus
2433 5320 2803 5394 transfretare
2823 5325 2991 5386 vellet,
3023 5325 3404 5394 insinuaverat.
3433 5320 3497 5372 At
3532 5332 3717 5394 contra

2115 5397 2361 5462 providus
2385 5412 2475 5448 rex
2498 5392 2730 5448 metuens
2763 5412 2826 5449 ne
2852 5396 2955 5449 sibi
2987 5394 3177 5446 electos
3205 5393 3396 5443 milites
3430 5401 3491 5440 ae
3515 5392 3716 5462 (titione

2116 5460 2212 5517 sua
2250 5465 2604 5529 subtraheret,
2639 5465 2912 5518 mandavit
2970 5467 3016 5515 ei
3061 5479 3124 5517 ne
3170 5462 3449 5514 discrimen
3485 5460 3716 5529 hiberna:

2117 5536 2466 5605 nauigationis
2509 5527 2725 5599 subiret,
2763 5534 3058 5605 puerei-tim
3095 5547 3214 5585 cum
3241 5532 3348 5605 ipse
3373 5545 3465 5583 rex
3483 5527 3714 5605 inﬂen-

2113 5599 2258 5658 strid
2283 5616 2404 5659 ante
2454 5599 2772 5675 Azymoruni
2819 5603 3041 5659 celebria
3092 5599 3482 5675 transfretaret,
3536 5600 3712 5666 ibique

2115 5675 2246 5746 satis
2268 5692 2442 5746 sgcum
2471 5670 2700 5746 colloqui
2734 5675 2951 5739 ualeret,
2985 5673 3141 5746 Aquod
3171 5681 3218 5724 et
3246 5671 3350 5746 _ita
3383 5670 3582 5739 factum
3612 5678 3711 5726 est.

2112 5742 2273 5800 Certe
2303 5739 2663 5815 Rotomagum
2699 5746 2936 5815 ‘vcnissc
2985 5739 3352 5798 Boemundum
3383 5751 3593 5811 .auctur
3625 5749 3710 5794 est

2111 5817 2273 5871 etiam
2308 5814 2625 5872 Eadmerus.
