4088 6446
352 440 462 506 9ΞΊ
1658 435 1884 497 ANNIE
1918 434 1950 495 C

2057 432 2301 496 [NEN/E
2394 442 2397 443 ⁷
3492 423 3600 488 928

343 568 411 608 ac
451 553 668 608 ﬂamma
719 551 986 608 desolare.
1073 548 1463 604 Blandiebatur
1514 547 1717 602 homini
1781 547 1848 602 de
1904 559 1962 602 se
2036 544 2324 615 magniﬁce
2372 541 2650 607 sentienti,
2701 556 2825 597 cum
2879 540 2933 595 in
2981 536 3197 594 caeteris
3232 544 3344 590 tum
3396 534 3450 589 in
3485 542 3604 588 arte

342 642 826 715 Oppugnandarum
882 652 935 698 et
969 639 1446 709 expugnandarum
1497 637 1726 703 arcium,
1764 637 1907 691 haud
1948 652 2006 693 se
2057 637 2146 693 illo
2200 636 2472 693 Demetrio
2519 636 2610 704 qui
2657 635 2724 689 ab
2777 633 2881 687 ista
2942 630 3200 686 felicitate
3286 627 3606 682 Poliorceta:

340 754 537 795 nomen
569 739 795 806 invenit,
858 738 1169 792 inferiorem
1197 733 1530 797 'arbitranti,
1589 747 1713 801 spes
1764 733 2074 788 verisimilis
2114 747 2292 799 operae
2352 731 2610 785 navandae
2636 730 2689 782 in
2733 727 3086 797 aggressione
3119 721 3418 796 Dyrrachii,
3444 733 3607 789 atque

345 841 405 886 ut
459 833 513 886 in
572 845 702 886 arce
758 831 1078 885 munitionis
1127 829 1235 885 late
1285 829 1535 898 celebris,
1571 846 1780 902 magna:
1818 845 1926 884 uno
1963 843 2217 884 successu
2250 828 2431 898 gloriae
2466 826 2742 894 parandae.
2772 823 3053 894 Epidamni
3125 837 3254 891 ergo
3309 820 3602 877 victoriam

340 930 458 978 toto
490 922 672 976 animo
698 923 1040 988 complexus,
1067 936 1256 977 omnes
1291 922 1492 992 ingenii
1522 927 1689 986 vires,
1738 939 1927 978 omnes
1967 923 2087 977 belli
2148 929 2312 989 artes,
2355 920 2725 989 excogitandis
2786 916 3052 971 machinis
3085 915 3407 980 cmterisque
3435 927 3609 981 oppu-

344 1014 617 1083 gnationis
644 1013 1024 1068 instrumentis
1051 1027 1161 1082 qua
1186 1016 1448 1081 parandis
1472 1030 1581 1084 qua
1616 1015 1972 1070 admovendis
2004 1015 2262 1070 intendit.
2319 1012 2397 1066 Ac
2448 1011 2628 1079 primo
2690 1010 2907 1079 quidem
2966 1009 3229 1065 latissimo
3305 1007 3359 1061 iu
3419 1005 3608 1059 orbem

346 1103 585 1172 undique
617 1104 849 1157 circuitu
896 1112 1107 1158 vastam
1139 1105 1286 1159 omni
1315 1121 1381 1159 ex
1418 1116 1574 1174 parte
1600 1106 1998 1178 circumplexus
2056 1106 2301 1161 exercitu
2378 1104 2646 1157 immenso
2709 1104 2984 1170 regionem
3029 1086 3151 1170 quas
3222 1099 3327 1155 late
3412 1097 3611 1168 Dyrra-

346 1194 472 1250 chio
499 1194 866 1263 circumjacet,
900 1208 1021 1248 eam
1067 1194 1170 1249 sibi
1217 1194 1486 1260 subjicere
1518 1197 1788 1266 uobisque
1821 1198 2035 1266 eripere
2069 1195 2285 1264 sategit.
2323 1192 2524 1248 Varius
2575 1208 2673 1263 pro
2749 1192 2993 1246 locorum
3063 1192 3167 1244 situ
3238 1188 3614 1244 occasionum-

347 1299 452 1354 que
501 1285 792 1339 momentis
823 1285 1039 1340 consilii
1073 1284 1232 1353 hujus
1267 1300 1553 1343 successus
1587 1286 1710 1343 fuit.
1776 1288 1941 1361 Multa
2006 1290 2117 1343 illic
2153 1288 2375 1358 Oppida,
2412 1286 2565 1341 multi
2596 1287 2727 1348 vici,
2755 1296 2875 1355 qua:
2906 1284 3147 1348 deserta,
3192 1296 3423 1351 quaeque
3460 1282 3611 1361 iner-

347 1376 454 1429 mia
485 1383 613 1430 sunt
658 1375 773 1429 loca
810 1386 1043 1445 reperta,
1093 1390 1157 1431 ea
1216 1377 1468 1435 invasere
1511 1378 1658 1434 nullo
1709 1356 1924 1451 negotio
1962 1356 2254 1435 Baimundi
2307 1379 2523 1433 milites.
2572 1376 2693 1432 Fuit
2727 1391 2847 1430 cum
2887 1374 3145 1429 Romanis
3198 1356 3613 1429 occurrentibus

347 1474 648 1536 contraque
693 1467 1035 1522 obstantibus
1076 1468 1247 1539 copiis
1280 1486 1472 1539 pugna!
1518 1486 1583 1526 ac
1627 1473 1803 1527 caedes
1874 1472 2262 1543 tumultusque,
2324 1483 2378 1528 et
2441 1471 2884 1542 perturbationes
2953 1469 3131 1524 omnis
3180 1471 3392 1538 generis
3442 1480 3615 1532 exsti-

351 1570 489 1626 tere,
519 1562 747 1617 victrice
776 1562 843 1616 ad
869 1573 1171 1618 extremum
1204 1565 1582 1631 multitudine,
1612 1567 1811 1636 quippe
1849 1581 1914 1621 ne
1953 1568 2010 1622 in
2046 1568 2158 1635 pari
2186 1567 2408 1637 quidem
2434 1567 2645 1635 jactura
2677 1565 2935 1619 damnum
2984 1565 3282 1618 sentiente.
3355 1564 3452 1618 Diu
3519 1567 3615 1632 pcl'

354 1653 500 1709 hunc
538 1657 752 1708 modum
803 1654 1121 1709 circumlato
1173 1655 1314 1711 bello
1345 1656 1674 1725 domitisque
1708 1660 1907 1715 aelate
1964 1661 2205 1732 purgatis
2253 1660 2462 1714 cunctis
2522 1672 2642 1727 quae
2693 1656 3042 1724 interpellare
3136 1656 3413 1726 Dyrrachii
3466 1655 3613 1709 obsi-

352 1748 570 1801 dionem
604 1755 846 1816 possent,
873 1746 1021 1813 operi
1047 1746 1160 1814 jam
1189 1748 1288 1816 ipsi
1314 1748 1391 1803 illi
1421 1749 1686 1817 palmaria
1715 1750 1931 1805 admota
1973 1767 2167 1806 manus
2223 1761 2331 1810 est.
2423 1749 2625 1807 Verum
2687 1758 2978 1817 antequam
3036 1763 3347 1803 successum
3406 1747 3610 1817 incepti

355 1840 536 1909 hujus,
591 1849 872 1909 totamque
923 1842 1096 1909 longae
1146 1857 1338 1911 pugna;
1403 1846 1605 1899 seriem
1654 1860 1683 1898 a
1736 1854 1965 1916 tyranno
2040 1844 2341 1900 Baimundo
2407 1853 2658 1913 pugnata:
2722 1852 2909 1898 contra
2960 1841 3318 1913 Dyrrachium
3377 1841 3614 1911 explieo,

355 1935 954 1991 necessarium‘arbitor
978 1937 1272 2007 subjicere
1305 1939 1671 2008 descriptione
1724 1940 1872 1996 brevi
1935 1940 2132 1996 animis
2187 1940 2499 2012 legentium,
2554 1939 2677 2010 quis
2722 1939 2882 2005 situs,
2948 1948 3143 2004 status,
3183 1937 3410 1994 munitio
3469 1938 3621 1992 urbis

360 2044 471 2087 tum
501 2032 665 2087 fuerit
695 2033 875 2088 istius.

344 2152 350 2160 -
441 2122 598 2177 Jacet
631 2137 694 2177 ea
718 2124 835 2192 ipso
864 2124 916 2177 in
947 2121 1128 2177 littore
1161 2124 1328 2179 maris
1356 2124 1617 2180 Adriatici
1641 2141 1745 2196 qua
1778 2126 1943 2180 latum

2122 2126 2318 2178 Κεῖται
2353 2120 2466 2188 (28)
2503 2123 2602 2189 μὲν
2643 2118 2732 2173 ἐπ’
2765 2119 2958 2180 αὐταῖς
2997 2119 3142 2190 mea.
3182 2117 3278 2172 τοῦ
3317 2118 3622 2188 Ἀδριαντι-

357 2213 524 2283 longo
559 2221 732 2267 tractu
786 2214 1088 2282 porrigitur
1137 2216 1441 2272 continenti
1498 2220 1760 2289 oppositae.
1794 2236 1935 2290 pra:-

361 2314 565 2359 tentum
611 2305 679 2357 ab
712 2304 860 2360 Italis
894 2304 1077 2359 cultae.
1111 2303 1419 2373 Longitudo
1452 2307 1542 2361 illa
1595 2317 1827 2377 utroque
1880 2311 1936 2365 in

368 2395 550 2463 capite
581 2394 780 2449 ﬂexum
816 2395 1016 2459 habet;
1067 2396 1195 2449 hinc
1244 2395 1310 2450 ad
1339 2397 1630 2464 orientem,
1667 2398 1816 2453 illinc
1847 2415 1938 2455 se-

361 2486 725 2554 ptentrionem
754 2500 943 2541 versus
973 2487 1039 2541 ad
1080 2486 1322 2543 Vetones
1348 2489 1610 2546 barbaros
1636 2507 1653 2547 :
1703 2493 1797 2561 qui
1826 2502 1938 2548 ter-

363 2591 482 2630 ram
520 2576 830 2631 habitantes
865 2591 894 2630 a
946 2577 1213 2634 diametro
1244 2580 1451 2649 Apulia}
1484 2583 1932 2651 respondentem,

365 2676 428 2721 ut
455 2677 508 2721 et
539 2667 692 2735 Apuli
724 2668 791 2722 ab
820 2665 979 2732 Ortu,
1014 2669 1086 2723 ita
1140 2670 1247 2739 ipsi
1287 2671 1515 2741 alBorea
1567 2673 1826 2728 claudunt
1852 2677 1942 2731 si-

363 2774 493 2813 num
526 2757 890 2826 Adriaticum,
942 2760 1099 2831 cujus
1135 2760 1189 2817 in
1221 2763 1537 2839 universum
1595 2763 1649 2819 hi
1681 2777 1807 2820 sunt
1835 2774 1944 2822 ter—

2044 2218 2143 2275 κοῦ
2179 2217 2450 2284 πελάγους
2481 2231 2496 2246 ·
2540 2215 2599 2267 ὲν
2640 2212 2718 2283 τῷ
2749 2213 2898 2283 μέσῳ
2929 2212 2987 2265 δὲ
3016 2211 3343 2281 ὑφήπλωται
3384 2211 3622 2277 πέλαγος

2044 2310 2177 2365 πολὺ
2213 2310 2309 2362 καὶ
2355 2305 2585 2376 μακρὸν,
2627 2305 2722 2358 καὶ
2750 2302 3098 2366 καταπλάτος
3132 2305 3230 2371 μὲν
3290 2292 3622 2372 παρατεῖνον

2046 2405 2127 2466 εἰς
2158 2399 2258 2471 τὴν
2306 2397 2542 2467 περαίαν
2579 2395 2691 2449 τῶν
2743 2394 2987 2458 Ἰταλῶν,
3021 2395 3163 2448 κατὰ
3221 2395 3396 2464 μῆκος
3439 2395 3534 2448 καὶ
3574 2394 3624 2427 ’⁵

2044 2494 2195 2548 ἀνιὸν
2226 2491 2321 2546 καὶ
2360 2489 2715 2557 ὲπικάμπτον
2761 2488 2901 2556 πρὸς
2950 2486 3219 2549 ἀνατολάς
3253 2504 3313 2540 τε
3358 2489 3451 2540 καὶ
3485 2487 3625 2555 πρὸς

2049 2586 2276 2658 βοῤῥᾶν,
2318 2584 2456 2655 πρὸς
2507 2580 2635 2643 τοὺς
2689 2581 2974 2643 Οὒέτωνας
3016 2580 3126 2649 (‘29)
3174 2580 3508 2651 βαρῦἀρους,
3546 2573 3624 2635 ὧν

2047 2677 2170 2731 καθ’
2221 2675 2451 2743 ἀντικρὺ
2505 2673 2684 2726 κεῖται
2717 2670 2828 2724 τῶν
2855 2670 3201 2740 Ἀπουληῖων
3232 2671 3264 2739 ἡ
3298 2671 3471 2741 χώρα,
3523 2670 3624 2723 καὶ

2051 2765 2282 2819 καθόλου
2320 2761 2419 2834 μὲν
2454 2764 2483 2817 ὁ
2538 2761 2755 2834 Ἀδρίας
2776 2755 2879 2818 ὧδε
2908 2761 3266 2833 περατοῦται.
3302 2761 3376 2815 Τὸ
3439 2761 3623 2832 μέντοι

1435 2886 1639 2964 Variae
1675 2901 1982 2966 lectiones
2012 2919 2091 2966 ex
2115 2904 2260 2968 cod.
2319 2902 2582 2965 Coislin.

437 2996 487 3030 “
519 2997 601 3053 δέ.

1429 3141 1567 3203 Car.
1601 3140 1941 3225 DufresniL
1960 3141 2057 3203 Du
2093 3140 2319 3220 Cangii
2358 3148 2544 3204 notas.

439 3263 551 3335 (εδδ
582 3266 797 3321 Κεῖται.
824 3266 961 3320 Vide
1008 3265 1194 3320 Notata
1225 3266 1289 3335 ad
1311 3281 1430 3335 pag.
1465 3263 1554 3320 99.

436 3334 548 3399 (‘29)
584 3336 735 3399 Πρὸς
750 3335 1224 3402 ζοὺςούέτονας.
1247 3332 1477 3390 Novum.
1500 3332 1712 3398 opinor,
1742 3341 1791 3389 et
1822 3336 1945 3389 hac-

371 3414 529 3458 tenus
552 3406 850 3459 inauditum
883 3408 1059 3473 gentis
1080 3422 1277 3461 nomen
1313 3407 1469 3460 nobis
1489 3404 1660 3471 aperit
1683 3414 1738 3457 et
1755 3405 1946 3458 obtru-

371 3474 447 3544 dit
483 3474 658 3539 Anna,
682 3491 844 3544 quam
906 3477 1109 3533 diserte
1132 3492 1261 3532 oras
1289 3473 1613 3531 Dalmaticas
1656 3474 1947 3529 incoluisse

370 3542 569 3605 innuit,
605 3542 728 3617 dum
764 3551 841 3598 ait
870 3545 1221 3617 Dyrrachium
1263 3557 1518 3606 tractum,
1549 3561 1650 3613 qua
1676 3546 1943 3617 orientem

370 3621 425 3683 et
453 3614 871 3683 septentrionem
916 3614 1162 3682 spectat,
1223 3617 1495 3680 Wetones,
1538 3630 1631 3669 seu
1664 3614 1942 3673 Onetones.

371 3681 633 3737 barbaros
680 3685 771 3751 qui
795 3681 994 3739 terram
1024 3687 1334 3742 incolebant
1384 3685 1591 3754 Apuliae
1622 3698 1652 3736 e
1682 3684 1947 3737 diametro

266 3766 275 3773 ·
374 3754 814 3822 respondentem,
838 3757 930 3809 ubi
956 3764 1011 3810 et
1051 3757 1201 3811 sinus
1239 3753 1549 3811 Adriaticus
1577 3754 1749 3822 trajiei
1786 3753 1943 3815 solet,

371 3816 580 3876 vicinos
622 3823 880 3879 habuisse
937 3835 991 3880 et
1044 3828 1429 3881 conterminos.
1487 3825 1606 3891 Quo
1657 3816 1944 3878 verborum

374 3890 603 3946 circuitu
636 3892 976 3948 Nareutauos
1016 3895 1242 3950 indubie
1272 3896 1476 3964 piratas
1520 3890 1816 3964 intellexit.
1852 3892 1946 3959 qui

373 3975 445 4014 eo
472 3975 586 4016 aevo
607 3977 754 4016 mare
798 3964 1131 4018 Adriaticum
1176 3975 1231 4019 et
1273 3961 1729 4019 Mediterraneum
1763 3961 1949 4015 incur-

375 4030 589 4091 sabant,
632 4031 838 4086 Graecis
886 4034 1108 4098 perinde
1151 4049 1216 4089 ac
1248 4033 1470 4088 Venetis
1507 4030 1754 4085 infestos.
1794 4028 1947 4096 Quod

377 4107 432 4152 et
467 4108 698 4154 testatur
730 4101 882 4154 Anna
917 4101 1014 4156 lih.
1054 4117 1168 4167 xw,
1206 4103 1298 4158 ubi
1331 4102 1459 4157 dum
1493 4099 1788 4155 Graecaniei
1846 4101 1950 4154 im-

379 4167 514 4242 perii
577 4169 760 4242 hostes
817 4181 1080 4242 recenset,
1131 4173 1222 4242 qui
1277 4181 1553 4237 parentem
1614 4170 1950 4242 lacessebant

381 4238 639 4309 undique,
686 4240 919 4309 Scythas
972 4238 1162 4307 nempe
1209 4242 1682 4307 aSeptentrione,
1763 4239 1949 4293 Gallos

379 4307 448 4359 ab
481 4307 793 4371 Occidente,
816 4319 870 4364 et
902 4311 1206 4367 Saracenos
1234 4315 1299 4365 ah
1323 4311 1698 4373 Oriente,b:ec
1721 4311 1905 4376 subdit
1932 4326 1947 4362 :

379 4377 563 4451 Χωρὶς
588 4378 698 4432 τῶν
734 4380 843 4434 ἀπὸ
897 4381 1173 4451 θαλάσσης
1204 4383 1488 4441 κινδύνων.
1526 4382 1653 4435 ἄνευ
1696 4378 1805 4432 τῶν
1857 4381 1952 4451 θα-

378 4446 896 4521 λασσοξςρατούντων
931 4446 1254 4521 Βαρϐάρων..
1286 4453 1415 4506 ἄνευ
1455 4452 1562 4504 τῶν
1612 4450 1948 4521 πειραῖικῶν

377 4517 771 4590 ἀναριθμήτων
837 4522 1004 4590 νηῶν,
1057 4517 1557 4590 ἃξὴΣαρακηνῶν
1621 4518 1947 4590 ἐτεκτόνῃσε

384 4588 562 4654 μῆνις,
590 4587 657 4649 ἃς
686 4591 718 4658 ή
754 4590 867 4642 τῶν
889 4587 1196 4644 ἽΟὑετώνων
1246 4587 1612 4655 σύνεπλέξατο
1647 4587 1952 4652 πλεονεξία,

382 4659 479 4708 καὶ
505 4658 644 4729 xuii
676 4661 777 4726 τῆς
816 4659 1135 4729 Ῥωμαῖκῆς
1161 4660 1444 4729 βασιλείας
1491 4660 1736 4712 δύσνοια.
1756 4726 1768 4729 _
1792 4658 1959 4729 Erant

382 4739 544 4786 porro
575 4725 867 4800 Narentani
900 4725 966 4783 ex
999 4725 1170 4800 gente
1192 4728 1499 4800 Slavorum,
1553 4730 1718 4800 (unde
1753 4726 1958 4800 barba—

383 4809 471 4847 ros
495 4806 652 4867 vocat
681 4798 858 4863 Anna)
892 4796 1120 4867 eam'que
1170 4799 1372 4867 Illyrici
1420 4796 1956 4867 _oram_insedcrunt~,

382 4879 544 4925 ttuam
597 4865 882 4933 Paganiam
935 4864 1092 4923 vocat
1149 4864 1537 4924 Constantinus
1586 4864 1855 4933 Porphyr.
1889 4868 1960 4921 de

383 4934 542 4986 Adin.
574 4932 702 5006 imp.
723 4952 843 5006 cap.
870 4935 941 4991 29
969 4948 1023 4990 et
1048 4938 1138 5000 57,
1180 4939 1232 4990 in
1261 4953 1363 5006 qua
1390 4939 1548 4991 sitam
1594 4932 1960 5006 refcrt’Arcn;

385 5013 493 5072 tam
522 5004 731 5068 urbem,
758 5004 1038 5059 Naranam
1063 5008 1258 5060 dictum
1280 5003 1484 5064 Plinio,
1509 5007 1602 5059 lib.
1633 5019 1713 5065 tu,
1744 5019 1863 5072 cap.
1889 5003 1958 5058 20

386 5069 627 5143 Ethlco,
661 5073 885 5143 Tabulis
915 5075 1222 5143 Peutiugeri
1257 5086 1311 5130 et
1363 5076 1576 5129 Vatinio
1601 5077 1653 5128 in
1691 5069 1858 5140 Epist.
1893 5074 1959 5128 ad

384 5142 563 5214 (_;_icer.
588 5142 803 5196 demum
836 5142 1133 5198 Narentam’
1161 5156 1547 5214 nuncupatam,
1580 5154 1635 5196 ut
1671 5152 1960 5214 altcloriest

386 5210 796 5281 Volaterranus,
831 5214 923 5268 ltb.
953 5230 1070 5273 vm.
1103 5216 1171 5268 de
1218 5231 1327 5279 qua
1350 5210 1658 5267 Salmasius
1715 5213 1959 5281 pluribus

388 5283 454 5353 ad
513 5278 820 5353 Vopiscum,
876 5300 996 5353 pag.
1054 5284 1178 5339 479.
1238 5278 1384 5339 Hune
1436 5294 1612 5353 autem
1663 5278 1960 5353 occupasse

387 5350 558 5424 aiunt
588 5350 833 5416 Sclavos,
857 5350 979 5407 cum
1017 5370 1045 5407 a
1071 5353 1442 5424 Longobardis
1477 5352 1650 5424 Italia,
1685 5366 1845 5419 quam
1879 5352 1961 5424 inf

389 5421 561 5491 gressi
616 5429 803 5491 erant,
841 5424 1058 5491 ,exacti,
1090 5421 1350 5491 regnante
1381 5421 1634 5477 Arioaldo
1680 5435 1843 5491 rege,
1883 5422 1958 5475 uti

391 5489 578 5543 narrat
609 5489 807 5545 Paulus
840 5489 1236 5549 Warnefridus.
1262 5495 1354 5546 lib.
1387 5508 1457 5549 tv.
1489 5507 1606 5558 cap.
1643 5490 1732 5554 46,
1767 5489 1962 5544 Libur-

391 5560 547 5630 nicas,
577 5570 632 5616 et
662 5560 986 5618 Dalmaticas
1036 5561 1284 5630 regiones
1311 5562 1628 5627 maritimas,
1678 5562 1960 5630 ipsumque

389 5629 648 5697 oppidum
673 5630 1044 5687 Narentanum
1092 5641 1462 5699 pervaserunt,
1496 5634 1576 5685 vel
1608 5629 1754 5685 certe
1802 5631 1960 5698 paulo

393 5711 539 5770 a_nte,
570 5704 709 5770 quod
747 5703 974 5756 iunuere
1020 5700 1236 5757 videtur
1268 5699 1330 5754 ι).
1360 5700 1672 5770 Gregorius,
1721 5700 1815 5754 lib.
1837 5714 1956 5766 vui,

397 5767 567 5845 Epist.
628 5768 858 5845 36,_ub_i
905 5772 1120 5845 viril.us_
1156 5773 1291 5825 adeo
1343 5767 1492 5825 sunt'
1529 5773 1581 5845 in
1635 5772 1960 5845 immensum

396 5838 562 5898 aucti.
606 5845 663 5889 ut
696 5839 882 5897 vicinis
931 5841 1121 5896 terrori
1163 5850 1364 5909 essent,
1423 5842 1589 5897 maria
1639 5838 1955 5905 latrociniis,

2055 3268 2420 3322 continentem
2486 3264 2836 3319 terrestribus
2887 3263 3209 3319 infestarent
3265 3265 3630 3329 expeditioni-

2053 3340 2191 3399 bus;
2223 3333 2447 3399 etquod
2481 3335 2783 3387 mirandum
2824 3336 2875 3387 in
2912 3336 3142 3398 modica,
3199 3345 3253 3388 ut
3318 3336 3627 3401 perhibent,

2056 3415 2233 3476 gente.
2269 3406 2357 3476 ide
2420 3403 2673 3476 Adriatici
2706 3404 2877 3471 pelagi
2929 3405 3203 3476 dominatu
3234 3421 3353 3459 cum
3409 3405 3631 3462 Venetis

2056 3474 2153 3544 per
2186 3475 2492 3544 170‘annos
2525 3475 2940 3537 deeertaverint.
2998 3484 3161 3542 atque
3193 3474 3258 3529 iis
3290 3490 3400 3528 non
3460 3477 3630 3532 semel

2056 3540 2245 3601 deletis
2293 3540 2347 3597 et
2399 3544 2712 3612 proﬂigatis.
2772 3546 3029 3597 tributum
3076 3540 3499 3610 imperaverint,
3525 3562 3632 3612 quo

2057 3615 2412 3672 Dalmaticum
2447 3615 2594 3669 littus
2656 3615 3019 3681 negotiatores
3071 3613 3261 3668 Veneti
3312 3622 3428 3667 tuto
3449 3626 3502 3669 et
3533 3618 3633 3670 im-

2056 3700 2195 3749 pune
2252 3684 2589 3752 navigarent,
2643 3683 2784 3752 quod
2842 3685 3040 3752 passim
3100 3695 3325 3737 narrant
3371 3683 3627 3751 Orhinus,

2059 3754 2380 3816 Sabellicus,
2442 3754 2636 3808 Petrus
2696 3752 3056 3813 Justiuianus.
3114 3754 3371 3818 Blondus,
3434 3753 3627 3809 Paulus

2058 3825 2387 3882 Morosinns.
2412 3821 2647 3894 Joannes
2708 3823 2875 3894 338
2933 3824 3149 3883 Lurius.
3180 3824 3275 3879 lib.
3304 3841 3341 3879 ιι
3373 3823 3445 3877 De
3473 3840 3628 3894 regno

2060 3895 2298 3949 Datmat.
2331 3907 2449 3960 cap.
2476 3893 2591 3954 5.4,
2633 3901 2683 3962 et
2710 3894 2798 3946 alii
2838 3893 3018 3947 rerum
3041 3894 3363 3947 Venetarum
3400 3893 3633 3962 scripto-

2061 3982 2167 4019 res.
2211 3964 2403 4017 Varios
2433 3971 2609 4016 autem
2643 3961 3063 4018 Narentinorum
3115 3963 3416 4017 maritimos
3445 3961 3637 4017 ettcr-

2059 4044 2259 4088 restres
2308 4031 2559 4085 incursus
2614 4042 2668 4085 et
2719 4048 2982 4089 excursus
3032 4033 3132 4087 sub
3188 4032 3360 4085 Alexii
3392 4043 3636 4095 tempora

2059 4105 2248 4158 recitat
2279 4101 2469 4155 Petrus
2491 4101 2786 4158 Luccarus.
2816 4104 2910 4157 lib.
2942 4121 2959 4158 ι
2990 4103 3182 4158 Annal.
3224 4100 3543 4171 Ragusinor.
3569 4104 3639 4157 At

2059 4176 2198 4226 unde
2230 4172 2523 4226 Narentaui
2554 4171 2701 4226 Slavi
2734 4171 2979 4228 Welones
3013 4171 3262 4241 appellati
3316 4173 3444 4235 sint,
3480 4174 3640 4238 pla'ne

2058 4245 2347 4303 incertum,
2380 4257 2501 4296 eum
2544 4241 2687 4295 inter
2710 4253 2788 4297 tot
2836 4258 2954 4311 qua!
2978 4261 3003 4294 a
3032 4242 3388 4309 scriptoribus
3444 4241 3638 4297 recen.

2059 4325 2246 4368 sentur
2308 4312 2639 4365 Slavicarum
2665 4310 2902 4381 gentium
2934 4312 3171 4376 nomina,
3198 4312 3404 4381 nullum
3441 4327 3638 4367 occur-

2058 4392 2143 4436 rat
2174 4381 2306 4438 l‘ere.
2340 4382 2480 4450 quod
2507 4381 2573 4435 ad
2606 4382 2657 4435 id
2673 4379 2934 4436 'vocabnli
2971 4384 3214 4437 accedat.
3266 4379 3452 4450 Neque
3491 4383 3636 4436 enim

2059 4467 2087 4505 a
2119 4449 2369 4511 Wim’tis.
2397 4466 2532 4519 quos
2563 4462 2616 4505 et
2648 4450 2920 4512 Winedos,
2950 4463 3005 4505 et
3054 4452 3282 4507 Winetes
3311 4449 3486 4505 dictos
3508 4466 3641 4506 con-

2059 4531 2188 4581 stat,
2229 4521 2440 4575 Slavica
2479 4530 2636 4591 gente
2689 4522 3120 4591 populosissima,
3171 4535 3310 4591 ονε.
3342 4529 3401 4574 ut
3451 4533 3640 4576 auctor

2061 4602 2139 4644 est
2171 4589 2502 4652 ilelmodus,’
2546 4589 2642 4646 lib.
2670 4589 2709 4651 ιζ
2735 4606 2852 4660 cap.
2884 4592 2917 4645 6
2942 4602 2993 4645 et
3027 4591 3112 4654 15,
3175 4589 3639 4659 Hamburgeusem

2064 4662 2117 4716 in
2149 4660 2437 4716 Germania
2475 4669 2705 4714 tractum
2743 4659 2987 4726 incoluit,
3024 4659 3294 4714 aliirmare
3343 4661 3516 4728 ausim
3546 4676 3642 4728 ap-

2063 4732 2323 4798 pellatos;
2365 4731 2434 4782 ita
2467 4738 2525 4798 ut
2558 4729 2796 4785 Welones
2828 4731 3000 4785 vocati
3026 4732 3157 4787 sint.
3189 4728 3340 4798 quasi
3396 4727 3643 4784 Wenetoc

2063 4817 2172 4863 nes,
2203 4816 2325 4853 cum
2351 4798 2402 4852 iu
2432 4797 2696 4864 ejusmodi
2725 4801 2902 4854 dubiis
2928 4800 3149 4853 incerta:
3178 4801 3290 4852 sint
3318 4798 3639 4866 plerumth

2063 4870 2347 4923 admodum
2405 4869 2787 4937 divinationes.
2858 4868 3244 4935 Langobardos
3300 4883 3431 4922 Vero
3490 4869 3641 4937 ipsos

2062 4937 2320 4998 Winitos.
2349 4949 2403 4992 et
2430 4936 2680 4992 Winidos
2707 4950 2864 4993 antea
2888 4940 3062 4991 dictos
3096 4938 3285 4992 scribit
3341 4937 3643 4993 Warnefri-

2063 5011 2182 5064 dus.
2212 5007 2286 5062 De
2316 5007 2634 5061 Sclavorum
2673 5023 2832 5076 porro
2866 5010 2916 5062 iu
2947 5008 3221 5062 Adriatico
3251 5011 3383 5062 mari
3420 5009 3639 5062 latroci-

2065 5079 2170 5148 niis
2191 5078 2297 5148 agit
2316 5077 2618 5130 Ludovicus
2634 5078 2677 5148 ll
2704 5077 2830 5148 imp.
2856 5080 2994 5145 apud
3015 5077 3326 5148 Barcinan.
3360 5078 3521 5139 1571,
3545 5079 3636 5132 75.

2065 5146 2169 5202 Sed
2195 5146 2249 5200 et
2275 5149 2597 5201 Anastasius
2632 5146 3080 5202 Bibliothecarius
3108 5148 3159 5202 in
3194 5147 3347 5202 Notis
3381 5149 3447 5201 ad
3470 5150 3645 5202 actio-

2063 5233 2186 5272 nem
2216 5218 2268 5282 1,
2295 5226 2499 5269 octava!
2533 5217 2747 5286 synodi,
2782 5215 3095 5271 Exdavenos
3131 5219 3347 5271 videtur
3372 5217 3644 5284 appellare

2060 5289 2264 5357 piratas
2294 5285 2706 5357 istos‘Ad_r_i_atiei
2749 5288 2937 5351 maris,
2977 5287 3231 5343 vocabulo
3257 5288 3643 5357 haudnrultum

2062 5353 2352 5411 abludente
2394 5354 2462 5407 ab
2519 5353 2828 5411 Wetom'bus
2873 5359 3119 5425 Aunteis;
3166 5359 3266 5410 etsi
3302 5358 3355 5409 in
3387 5373 3450 5409 eo
3505 5356 3645 5410 forte

2064 5426 2320 5480 mendum
2378 5425 2574 5479 subsit.
2612 5426 2688 5479 Ita
2726 5426 2817 5481 ille
2849 5444 2863 5482 :
2910 5426 3064 5481 Missi
3101 5443 3217 5482 vero
3249 5426 3648 5491 sedisAposta-

2063 5496 2180 5550 liae
2206 5514 2234 5548 a
2254 5494 2548 5564 Dyrrachio
2573 5496 2735 5550 simili
2758 5498 2911 5551 modo
2934 5498 3107 5551 navim
3126 5496 3346 5565 ingressi
3366 5496 3643 5549 Anconam

2060 5572 2301 5633 petebant
2345 5580 2365 5618 :
2413 5567 2503 5619 sed
2562 5566 2968 5621 Exdauenorum
3032 5568 3238 5633 piratas
3287 5566 3642 5628 incurrentes,

2063 5636 2238 5689 omnia
2296 5650 2413 5704 quia
2475 5638 2740 5704 possidere
2792 5634 3135 5705 uidebantur,
3188 5636 3396 5705 penitus
3459 5635 3645 5688 amise-

2062 5715 2205 5786 runt.
2255 5705 2376 5773 Quo
2426 5705 2545 5765 loco
2602 5708 2726 5779 quis
2776 5704 2917 5764 forte
2968 5708 3111 5776 legat
3170 5704 3224 5763 in
3282 5704 3646 5762 Ouetouoruut

2062 5789 2285 5846 piratas.
