4086 6432
381 328 486 395 951

1671 327 1824 387 ΑΝΝ
1836 327 1897 385 ΑΕ
1930 319 2306 381 (ΣΟΜΝΕΝΕ

3538 303 3649 370 952

386 448 694 504 machinam
717 444 1038 511 agitantium
1068 464 1079 498 :
1104 458 1222 511 quae
1250 452 1307 495 ut
1334 456 1392 495 se
1419 442 1669 511 ipsosque
1695 439 1957 506 pulsando

2064 451 2172 488 νων
2194 434 2334 504 ὀπὴν
2357 429 2736 503 ἀνερρωγότες
2761 427 2884 483 κατ’
2910 425 3140 499 ἀντικρῦ
3176 424 3272 481 καὶ
3307 423 3641 494 θεασάμενοι

381 545 664 609 rumperet
690 552 966 605 nunquam
1005 536 1217 606 aperire
1260 544 1469 588 tantum
1502 534 1639 587 muri
1686 533 1809 587 labe
1839 531 1958 584 adi-

378 642 491 684 tum
526 637 729 697 posset,
771 637 1034 697 quantum
1069 635 1211 679 esset
1255 627 1399 694 quod
1451 624 1590 679 ultro
1639 623 1961 690 aperiebant

380 722 618 790 spatium
645 729 923 790 portarum
964 718 1273 787 patentibus
1303 715 1492 771 valvis.
1526 716 1587 769 lli
1626 714 1766 770 sales
1797 724 1960 781 atque

380 812 469 864 illa
492 810 688 864 fiducia
728 824 849 877 qua:
880 807 1051 862 Alexii
1098 809 1308 874 nepotis
1334 805 1559 876 Augusti
1602 807 1840 861 obsessa:
1866 821 1960 860 ur-

385 903 490 964 bis,
537 903 613 956 uti
660 902 916 964 diximus,
951 900 1224 969 prmfecti,
1264 901 1573 969 ducumque
1608 916 1670 955 ac
1724 900 1957 954 militum

385 996 507 1063 ejus
534 993 838 1063 intrepidos
883 991 1100 1046 animos
1126 991 1449 1060 prodebant,
1491 1002 1542 1044 et
1577 1005 1749 1059 usque
1795 992 1859 1044 ad
1899 992 1962 1045 li-

384 1088 618 1141 centiam
666 1084 883 1153 iocandi
935 1098 1159 1138 securas
1214 1083 1611 1148 mentes,baud
1646 1084 1748 1138 laeti
1789 1083 1961 1139 Gallis

382 1180 707 1234 accidebant
742 1198 755 1233 :
788 1194 1018 1247 quorum
1068 1178 1145 1231 illi
1179 1179 1386 1232 alacres
1435 1178 1811 1232 inchoantium
1846 1179 1961 1246 spi-

380 1273 522 1327 ritus
550 1272 694 1327 tristi
720 1272 830 1341 jam
868 1272 1252 1337 desperatione
1305 1271 1591 1324 constricti
1649 1272 1958 1338 torpebant,

377 1364 442 1417 ad
475 1363 636 1419 talem
689 1362 1083 1432 experientiam
1130 1362 1443 1417 inutilitatis
1499 1373 1790 1416 conatuum
1836 1377 1960 1416 suo-

378 1472 538 1522 rum;
591 1454 1078 1524 pratiudicinmque
1114 1457 1313 1526 passim
1366 1471 1556 1511 omnes
1599 1467 1763 1525 atque
1789 1471 1960 1525 augu-

378 1551 520 1604 rium
583 1550 713 1605 inde
740 1566 847 1603 nou
879 1566 1076 1604 vanum
1130 1549 1402 1605 ducebant
1452 1552 1651 1619 incepti
1700 1546 1976 1607 successu

380 1643 646 1707 carituri;
678 1643 938 1712 languere
983 1642 1147 1711 igitur
1181 1657 1245 1696 ac
1275 1642 1551 1697 remittere
1587 1642 1956 1709 industriam;

383 1749 484 1791 nec
526 1734 626 1789 nisi
656 1735 1036 1805 desperatione
1066 1735 1220 1804 quasi
1270 1749 1497 1791 enerves
1543 1735 1787 1807 infligere
1818 1736 1958 1791 ictus

2065 529 2126 581 τὸ
2168 526 2373 597 πλῆθος
2402 523 2532 578 ἀπὸ
2589 523 2690 592 τῆς
2748 520 2901 584 ἐντὸς
2957 521 3265 589 γινομένης
3307 518 3640 590 τρυμαλιᾶς,

2065 621 2202 689 πυρὶ
2231 617 2300 672 τὰ
2346 618 2551 670 τούτων
2609 615 2880 685 πρόσωπα
2910 610 3333 682 κατῃθάλωσαν.
3361 610 3533 673 Τοῦτο
3578 610 3639 665 δὶ

2064 714 2126 765 τὸ
2158 711 2268 781 πῦρ
2296 711 2405 763 ἀπὸ
2435 708 2696 762 τοιούτων
2753 705 3169 777 μηχανημάτων
3205 705 3391 765 αὐτοῖς
3425 703 3641 756 διεσκέ-

2064 808 2248 859 δαστο.
2287 803 2417 856 ’Λπδ
2453 804 2550 866 τῆς
2582 800 2918 870 πεύκης(5ϋ)
2950 800 3045 853 καὶ
3072 798 3248 852 ἄλλων
3279 795 3445 851 τινῶν
3462 794 3643 850 τοιού-

2063 916 2169 951 των
2201 898 2433 962 δένδρων
2465 893 2733 947 esteat).th
2756 893 3049 960 συνάγεται
3078 891 3311 960 δάκρυον
3339 891 3642 945 ἄκαυστον.

2064 992 2236 1044 Τοῦτο
2272 991 2410 1061 μετὰ
2439 989 2585 1042 θείου
2617 987 2940 1057 τριϐόμενον
2989 984 3320 1054 ὲμὸά).λεται
3378 983 3456 1046 εἰς
3485 980 3641 1034 αὖλίς

2065 1100 2228 1145 σκους
2262 1082 2529 1151 καλάμων
2553 1082 2645 1135 καὶ
2678 1079 2994 1148 ἒμφυσᾶται
3038 1075 3190 1145 παρὰ
3223 1075 3318 1128 τοῦ
3348 1074 3640 1136 ποιέζοντος

1998 1217 2007 1224 .
2064 1174 2252 1246 λάϐρῳ
2279 1175 2373 1228 καὶ
2402 1175 2618 1243 συνεχεῖ
2647 1173 2941 1240 πνεύματι.
2967 1166 3090 1241 κᾷθ’
3138 1167 3314 1229 οὕτως
3351 1167 3533 1236 ὁμιλεῖ
3560 1163 3642 1233 τῷ

2064 1269 2203 1338 πρὸς
2234 1268 2414 1337 ἄκραν
2465 1265 2600 1335 πυρὶ
2641 1264 2736 1316 καὶ
2764 1262 3083 1327 ἐξάπτεται.
3119 1260 3214 1312 καὶ
3249 1258 3441 1327 ὧσπερ
3488 1272 3632 1326 «p.1-

2065 1359 2204 1431 στὴρ
2230 1358 2496 1428 ἐμπίπτει
2524 1358 2647 1418 ταῖς
2680 1354 3103 1424 ἀντιπρόσωπον
3132 1352 3312 1421 ὄψεσι,
3345 1350 3535 1419 Τούτῳ
3564 1346 3643 1419 τῷ

2063 1449 2198 1520 πυρὶ
2227 1447 2556 1523 κεχρημένοι
2603 1448 2652 1499 οἱ
2705 1445 2895 1500 τᾶνδον
2922 1443 3015 1496 τοῦ
3040 1442 3348 1514 Δυρραχίου
3377 1441 3641 1511 κατέχον-

1980 1533 2011 1553 ⁶
2063 1561 2177 1608 τες,
2211 1542 2445 1609 ἐπείπερ
2474 1537 2884 1608 ἀντιπρόσωποι
2908 1532 3049 1607 ἦσαν
3079 1537 3192 1597 τοῖς
3225 1532 3509 1602 πολεμιοις
3540 1533 3642 1595 τὰς

2063 1652 2123 1688 τε
2150 1632 2435 1703 γενειάδας
2476 1629 2656 1685 αὐτῶν
2690 1631 2782 1683 καὶ
2812 1630 2882 1681 τὰ
2908 1627 3248 1695 κατέφλεξαν
3275 1625 3546 1696 πρόσωπα
3570 1624 3640 1680 ²⁰ο

2066 1728 2176 1779 Καὶ
2198 1721 2275 1797 ἦν·
2300 1724 2430 1777 ἰδεῖν
2456 1722 2683 1784 τούτους
2706 1720 2962 1790 καθάπερ
2987 1723 3192 1790 σμῆνος
3234 1718 3505 1787 μελισσῶν
3535 1717 3644 1771 ὑπὸ

378 1831 742 1897 muroﬁquem
766 1829 924 1898 lenge
956 1828 1212 1882 firmioris
1243 1838 1527 1883 senserant
1560 1829 1763 1899 operis.
1794 1843 1955 1897 quam

2069 1816 2281 1871 κατινοῦ
2310 1816 2662 1885 διωκόμενον,
2700 1814 3064 1882 ὲξαγομένους
3091 1813 3361 1875 ἀτάκτως.
3397 1810 3524 1865 ὅθεν
3547 1810 3645 1864 εὖ·

381 1931 439 1972 ιιι
472 1935 574 1973 suo
605 1921 887 1988 perrumpi
936 1919 1227 1988 quantovis
1273 1930 1469 1974 conatu
1520 1929 1722 1988 posset.
1760 1918 1958 1975 Verum

381 2011 541 2065 arieti
573 2027 640 2064 ne
660 2012 884 2080 penitus
915 2026 978 2065 ce
1013 2020 1160 2064 saret
1187 2027 1382 2064 novum
1410 2011 1837 2081 Dyrrachienses
1866 2028 1961 2066 ne-

381 2103 587 2169 gotium
646 2102 994 2156 facessivere.
1049 2101 1286 2171 Injectus
1322 2104 1466 2157 enim
1522 2103 1591 2158 ab
1654 2104 1720 2157 iis
1759 2118 1825 2158 ex
1852 2104 1961 2159 alto

378 2194 522 2265 ignis
583 2196 848 2257 otiantem
905 2197 1213 2250 machinam
1247 2196 1555 2263 corripiens
1610 2197 1661 2250 in
1718 2197 1959 2251 cinerem

377 2289 631 2343 mulavit.
667 2289 751 2342 Ab
781 2290 880 2341 hae
912 2303 1007 2359 spe
1048 2289 1241 2355 dejecti
1273 2288 1410 2343 Galli
1450 2290 1515 2344 ad
1564 2290 1711 2344 aliud
1742 2291 1962 2345 terribi-

379 2379 482 2433 lius
533 2380 814 2434 inventum
845 2380 1203 2450 cogitationes
1234 2381 1512 2450 appulere.
1560 2381 1641 2435 Ad
1674 2382 1954 2438 borealem

376 2471 528 2526 urbis
582 2479 793 2542 partem
843 2486 876 2527 e
932 2473 1157 2542 regione
1196 2472 1473 2527 cathedra:
1525 2473 1757 2536 ducalis.
1794 2490 1956 2543 quem

374 2564 551 2619 locum
577 2563 891 2631 praetorium
921 2565 1233 2629 nominant,
1264 2566 1506 2620 tumulus
1535 2566 1786 2635 surgebat
1813 2568 1957 2621 nulla

376 2656 523 2709 intus
556 2654 694 2709 mole
726 2670 888 2709 saxea
937 2655 1168 2721 solidus,
1208 2657 1301 2709 sed
1347 2667 1489 2710 terra
1544 2661 1807 2712 duntaxat
1838 2675 1959 2712 mo-

375 2744 467 2798 bili
508 2754 782 2814 aggestus,
808 2760 981 2815 supra
1016 2761 1176 2815 quem
1207 2744 1463 2801 fundatus
1491 2747 1736 2803 civitatis
1768 2765 1957 2804 murus

2065 1909 2284 1971 τάκ-τως
2336 1906 2613 1989 εἰσῄεισαν.
2662 1903 2817 1957 Ἐπεὶ
2853 1903 2909 1956 δὲ
2970 1903 3064 1954 καὶ
3126 1901 3288 1955 τοῦτο
3342 1901 3529 1963 αὐτοῖς
3560 1901 3642 1963 εἰς

2067 2001 2248 2071 μάτην
2307 1999 2614 2068 ἐπεπόνητο
2653 1999 2744 2051 καὶ
2783 1997 2815 2067 ἡ
2869 1994 3185 2066 βαρϐαρικὴ
3242 1994 3464 2064 φροντὶς
3499 1991 3641 2062 αὕτη

2063 2099 2144 2161 εὶς
2177 2096 2329 2150 οὐδὲν
2361 2094 2477 2147 δέον
2508 2093 2932 2161 ἀπετελεύτησε,
2968 2092 3151 2162 τρῐτον
3192 2090 3375 2151 αὐτοῖς
3407 2089 3645 2141 ἐπινοεῖ-

2062 2209 2152 2244 ται
2194 2189 2513 2262 μηχάνημα.
2566 2188 2782 2258 Πύργος
2838 2186 3046 2251 ξύλινος
3077 2189 3240 2255 ὅπερ,
3292 2185 3431 2253 ὡςή
3482 2183 3640 2252 φήμη

2063 2284 2221 2355 φησὶ,
2255 2281 2615 2353 πολιορκητὸν
2660 2281 2891 2351 ὄργανον
2940 2281 2998 2331 οὐ
3036 2279 3176 2348 μετὰ
3228 2278 3332 2346 τὴν
3379 2275 3642 2346 ἀστοχέαν

2062 2377 2171 2428 τῶν
2199 2373 2727 2446 προετκευασμένων
2755 2373 3008 2443 ὁργάνων
3042 2373 3323 2439 κατῆρκτο
3365 2367 3640 2437 γίνεσθαι,

2058 2468 2197 2522 ἀλλὰ
2242 2466 2351 2538 πρὸ
2384 2465 2591 2521 τούτων
2621 2467 2700 2528 εἰς
2739 2463 2986 2518 ἐνιαυτὸν
3013 2464 3160 2527 ὅλον,
3216 2460 3376 2514 τοῦτο
3417 2458 3518 2530 μὲν
3548 2456 3644 2526 ἔρ-

2059 2580 2155 2630 γον
2183 2559 2320 2632 εῖχε,
2358 2561 2509 2614 τὰδὲ
2564 2557 2942 2629 προειρημένα
2990 2556 3035 2589 ’⁸
3099 2556 3312 2624 ὄργανα
3340 2552 3644 2624 πάρεργον.

2072 2655 2235 2710 Ἀλλὰ
2262 2656 2342 2708 δεῖ
2397 2671 2465 2724 με
2498 2653 2765 2724 πρότερον
2811 2650 2969 2717 ὀλεγα
3018 2650 3148 2720 περὶ
3202 2647 3298 2701 τοῦ
3358 2647 3645 2716 σχήματος

2060 2749 2372 2820 Δυρραχίου
2400 2743 2818 2815 ἀφηγήσασθαι.

374 2848 515 2894 erat.
557 2840 636 2894 Ad
686 2841 830 2894 hunc
884 2849 1030 2895 recta
1099 2841 1366 2896 tumulum
1407 2843 1694 2898 Baimundi
1753 2847 1954 2900 milites
2037 2846 2251 2901 munire
2317 2844 2419 2899 sibi
2470 2844 2611 2896 viam
2659 2841 3070 2895 subterraneam
3105 2840 3245 2893 fossa
3294 2839 3452 2908 [euge
3478 2834 3646 2890 ducta

375 2936 679 2999 eruperunt.
736 2929 830 2984 Sic
880 2939 995 2985 tuto
1057 2945 1233 3000 usque
1262 2932 1327 2987 ad
1373 2935 1641 2991 tumulum
1679 2939 1957 3007 pregressi
2000 2938 2290 3009 perfodere
2334 2936 2446 3005 jam
2479 2934 2605 2987 illud
2650 2948 2715 2987 ac
2742 2948 2807 2986 eo
2848 2931 3224 3002 perterebrata
3264 2932 3366 2984 iter
3426 2929 3480 2984 in
3549 2942 3642 2981 ur-

371 3024 501 3080 bem
551 3022 656 3078 sibi
706 3023 948 3094 pandere
1001 3039 1212 3080 summa
1258 3040 1361 3096 ope
1398 3028 1759 3094 conabantur,
1843 3038 1988 3087 terra
2063 3031 2293 3101 impigre
2348 3026 2609 3082 movenda
2689 3024 3078 3094 subeundaqne
3129 3025 3394 3091 talparum
3463 3035 3636 3088 more,

375 3114 634 3180 praesenti
684 3129 820 3168 sane
851 3115 1004 3170 urbis
1033 3116 1307 3186 periculo;
1357 3118 1443 3173 cui
1486 3119 1687 3173 frustra
1720 3121 1955 3190 primum
1997 3122 2424 3194 Dyrrachienses
2480 3117 2845 3171 occurrebant
2924 3116 3074 3171 saxis
3138 3115 3365 3184 telisque
3408 3128 3645 3183 superne

368 3206 677 3275 ,ἱιιειὲιηίίίςς
710 3222 835 3260 nam
863 3206 1000 3261 Galli
1040 3210 1206 3263 densa
1238 3210 1447 3265 subter
1487 3221 1649 3282 atque
1697 3214 2096 3283 impenetrabili
2158 3214 2431 3269 testudine
2464 3211 2688 3266 hostiles
2718 3225 2908 3265 omnes
2935 3210 3052 3279 ejus
3123 3212 3337 3277 generis
3419 3206 3648 3276 injurias

376 3300 580 3356 innoxii
618 3301 888 3356 ridebant.
921 3302 1158 3357 Eatenus
1178 3317 1310 3372 ergo
1349 3305 1459 3360 voti
1497 3316 1777 3376 compotes
1810 3307 1937 3364 facti
1980 3318 2109 3364 sunt
2138 3320 2194 3363 ut
2229 3308 2390 3361 latam
2430 3305 2773 3375 longitudine
2810 3305 3014 3374 ingenti
3093 3302 3295 3357 fossam
3368 3305 3644 3374 produce-

373 3402 498 3450 rent
541 3393 702 3449 facile
738 3397 978 3464 pe-rviani
1012 3406 1067 3450 et
1133 3406 1359 3467 purgata
1425 3408 1822 3469 exportataque
1873 3402 2131 3470 plaustris
2189 3402 2418 3457 saburra
2472 3398 2736 3454 inoffenso
2806 3399 2943 3468 pede
2988 3397 3296 3453 meabilem.
3374 3396 3536 3468 383
3567 3399 3645 3454 Ae

375 3505 625 3560 magnam
659 3489 760 3544 sibi
798 3505 908 3544 rem
951 3490 1265 3559 prmstitisse
1296 3491 1393 3545 visi
1443 3494 1587 3547 serio
1646 3495 2138 3567 gaudebantquasi
2196 3502 2433 3550 meatum
2490 3494 2903 3547 subterraneum
2941 3505 3005 3546 eo
3094 3489 3308 3545 tandem
3356 3480 3651 3557 perduxis.

374 3590 496 3638 seut
549 3583 688 3637 unde
740 3593 796 3637 ut
855 3583 1041 3636 urbem
1100 3583 1332 3638 victores
1387 3585 1800 3654 ingrederentur
1852 3588 1986 3641 nihil
2026 3597 2256 3642 restaret
2289 3588 2389 3640 nisi
2420 3584 2880 3640 cuniculariorum
2915 3582 3136 3637 ultimus
3169 3581 3403 3648 impetus
3432 3579 3486 3635 in
3517 3596 3643 3652 per-

378 3679 581 3733 fossam
614 3692 794 3733 arcem
846 3691 1097 3745 rumpere
1138 3679 1343 3731 aditum
1401 3680 1733 3747 parantium.
1767 3680 1955 3750 utique
1994 3695 2100 3736 non
2128 3680 2246 3736 sine
2283 3693 2475 3752 magna
2502 3691 2790 3733 successus
2833 3688 2950 3743 spe.
2986 3674 3056 3728 At
3125 3673 3445 3743 praesidiarii
3510 3673 3638 3743 Dyr-

377 3771 584 3825 rhachii
619 3769 924 3824 contrarios
957 3783 1019 3822 ex
1049 3769 1276 3824 adverso
1302 3771 1588 3825 cuniculos
1620 3779 1677 3826 et
1699 3772 1803 3842 ipsi
1839 3781 2086 3842 egerant,
2119 3773 2386 3843 longeque
2419 3770 2636 3825 obviam
2720 3766 3087 3834 produxerant
3140 3780 3285 3820 casco
3365 3764 3451 3820 isti
3526 3764 3624 3817 ho-

377 3868 540 3922 stium
572 3866 795 3919 adversa
824 3863 1002 3918 fronte
1028 3865 1443 3930 respondentem
1473 3862 1701 3928 fossam,
1764 3867 2002 3936 amplam
2070 3882 2285 3938 quoque
2342 3868 2515 3936 ipsam
2552 3866 2768 3929 lateque
2814 3875 3034 3914 vacuam
3073 3877 3086 3914 :
3132 3859 3220 3914 ubi
3267 3861 3403 3917 lecta
3454 3871 3645 3914 manus

379 3961 684 4016 excubabat
740 3961 981 4014 virorum
1043 3959 1264 4015 fortium
1325 3970 1616 4029 exceptura
1695 3963 1953 4030 impetum
1988 3963 2351 4032 Francorum,
2391 3966 2435 4019 si
2468 3982 2569 4033 qua
2606 3968 2677 4022 illi
2717 3968 3133 4023 Subterraneum
3215 3962 3420 4016 aditum
3492 3973 3643 4014 rum-
3704 3970 3716 3980 ·

377 4063 592 4124 perent.
648 4051 819 4106 Porro
877 4051 1205 4121 procedente
1235 4052 1506 4122 utrimque
1534 4067 1717 4122 Opere,
1761 4053 1948 4107 audire
1987 4055 2219 4124 primum
2256 4058 2423 4111 nostri
2464 4057 2644 4114 Gallos
2679 4073 2964 4129 creperum
3012 4059 3296 4114 molientes
3368 4056 3644 4127 vastisque

380 4146 664 4217 pulsantes
706 4143 905 4198 ictibus
962 4143 1101 4197 muri
1135 4154 1343 4214 partem
1374 4142 1618 4198 infimam
1662 4159 1725 4198 ac
1762 4143 2112 4200 fundamenta
2166 4148 2278 4217 ipsa
2328 4149 2624 4214 iitmnium;
2688 4153 2830 4206 unde
2890 4160 2944 4206 et
2989 4166 3156 4219 prope
3234 4150 3430 4204 abesse
3498 4150 3644 4218 ipsos

379 4252 433 4296 et
466 4238 555 4294 ubi
609 4246 794 4294 essent
828 4237 1113 4303 admoniti,
1158 4236 1402 4291 foramen
1455 4251 1573 4291 eam
1634 4236 1685 4291 in
1745 4250 1960 4306 partem
1997 4239 2243 4306 pervium
2296 4239 2475 4296 fecere
2513 4257 2621 4311 quo
2647 4241 2759 4311 jam
2797 4252 3123 4313 usurpantes
3188 4243 3360 4297 oculis
3413 4242 3634 4297 ferrea.

379 4345 487 4389 tem
526 4332 676 4388 intus
736 4333 1131 4388 multitudinem
1181 4331 1482 4400 Gallorum,
1529 4333 1651 4405 igne
1720 4337 1868 4404 ipsos
1941 4350 2039 4405 per
2071 4337 2395 4404 patefactam
2432 4338 2625 4392 rimam
2667 4340 2861 4393 missili
2918 4340 3193 4409 petebant.
3225 4336 3368 4409 Ignis
3408 4339 3495 4394 hic
3533 4353 3641 4407 qua

379 4428 606 4481 materia
670 4435 970 4491 constaret,
1023 4440 1127 4494 qua
1183 4437 1303 4481 arte
1353 4441 1532 4496 quove
1590 4428 1957 4483 inStrumento
1992 4425 2292 4498 iaceretur,
2322 4429 2561 4484 breviter
2588 4431 2777 4487 doceo.
2810 4431 2974 4485 Pinus
3004 4440 3058 4487 et
3125 4432 3291 4501 picea:
3351 4429 3642 4483 arborum-

376 4536 482 4591 que
516 4522 566 4575 id
613 4537 784 4592 genus
819 4520 889 4575 ob
922 4535 1145 4575 succum
1187 4521 1332 4574 intus
1378 4523 1633 4590 pinguem
1693 4522 1747 4575 in
1815 4523 1995 4578 virore
2071 4526 2522 4593 perennantinm,
2585 4522 2837 4593 Iacrytnat
2892 4523 3095 4579 stillant
3158 4522 3413 4593 unguinis
3459 4519 3593 4576 lenti
3621 4557 3640 4583 ,

375 4615 653 4683 oleosique
700 4615 946 4683 glutinis,
998 4613 1170 4667 amica
1228 4610 1460 4667 flammae
1498 4615 1774 4675 materies.
1806 4629 1861 4669 et
1890 4630 1952 4670 ea
1993 4623 2254 4684 concepta
2289 4617 2379 4669 ditt
2413 4616 2638 4671 durans.
2669 4615 2779 4671 llue
2811 4618 3012 4688 gummi
3040 4624 3329 4672 contusum
3395 4623 3450 4671 et
3517 4630 3642 4671 cum

379 4707 568 4762 intrito
601 4706 763 4762 simul
800 4706 1062 4773 sulphure
1115 4705 1165 4757 in
1197 4720 1359 4756 unum
1412 4708 1687 4773 pulverem
1726 4709 2099 4771 comntistutu,
2128 4709 2179 4760 in
2241 4723 2403 4763 cav:ts
2448 4708 2777 4763 calamorum
2845 4722 3255 4779 cannarumque
3314 4709 3477 4765 tibias
3543 4709 3643 4763 ad-

380 4817 535 4856 versa
586 4812 739 4870 parte
782 4812 1078 4854 succensas
1116 4797 1397 4856 indebant
1447 4794 1874 4867 Dyrracbienses
1938 4802 2156 4856 nostri:
2219 4811 2327 4853 tum
2395 4802 2494 4869 ipsi
2553 4818 2617 4856 ex
2698 4818 2760 4857 ea
2806 4801 2964 4855 tibiae
3019 4809 3171 4869 parte
3227 4816 3349 4871 qua:
3417 4801 3646 4858 vacabat

378 4903 619 4966 flamma,
686 4898 989 4953 vehementi
1035 4896 1300 4966 pallentes
1328 4906 1380 4948 et
1412 4906 1798 4965 perseVeraute
1837 4898 2029 4966 spiritu
2063 4898 2275 4968 piceum
2308 4900 2451 4956 istud
2514 4888 2808 4969 igniarium
2838 4900 3014 4969 quoad
3092 4913 3264 4969 usque
3325 4900 3393 4954 ad
3456 4909 3641 4954 extre-

380 4996 623 5050 mitatem
658 4992 780 5063 igne
813 4991 961 5058 prius
982 4998 1244 5057 concepto
1276 4985 1596 5056 ﬂagrantem
1637 4989 2065 5056 promovissent,
2096 4992 2176 5046 sic
2209 5008 2502 5047 accensmn
2545 4992 2739 5048 deinde
2798 4990 3078 5045 ddllabaut
3145 4993 3241 5067 in-
3264 4993 3447 5046 vultus
3509 5006 3643 5046 ocu-

382 5087 571 5152 losque
623 5083 977 5136 adversorum
1032 5081 1289 5147 hostium,
1355 5080 1659 5136 incredibili
1727 5080 1969 5152 pernicie
2008 5081 2243 5149 illorum,
2276 5084 2474 5153 quippe
2521 5097 2644 5137 cum
2696 5081 2918 5145 barbas,
2985 5096 3192 5150 genus,
3244 5082 3391 5146 cilia,
3460 5082 3640 5151 capita

377 5184 655 5239 Gallorum
711 5178 901 5249 pernix
964 5177 1181 5232 flamma
1228 5179 1547 5249 corriperet,
1586 5178 1945 5247 pertinaxque
2004 5179 2317 5248 depasceret
2361 5182 2643 5235 adluerens
2699 5188 2861 5247 atque
2903 5179 3225 5242 immorans,
3262 5176 3404 5231 nulla
3447 5188 3639 5232 contra

382 5286 542 5334 tatem
599 5290 649 5345 pc
669 5281 804 5329 stem
862 5271 1180 5326 fortitudine
1224 5274 1477 5326 durante.
1527 5271 1718 5341 Itaque
1749 5273 1954 5340 passim
1994 5272 2182 5327 videre
2209 5283 2325 5326 erat
2355 5287 2470 5336 eos,
2522 5271 2670 5325 velut
2716 5284 2879 5340 apum
2920 5267 3068 5325 fumo
3150 5264 3451 5325 amaturum
3510 5283 3640 5325 exa-

1394 5385 1600 5447 Varite
1635 5384 1948 5447 lectiones
1992 5401 2070 5447 ex
2116 5384 2260 5447 cod.
2307 5383 2564 5446 Coislin.

452 5496 500 5528 Ν
525 5493 592 5549 τὰ
618 5492 885 5563 πρόσωπα
928 5487 1288 5556 κατέτλεξαν.
1347 5464 1408 5518 ’¹¹
1433 5486 1831 5558 προειρημένα.

1453 5581 1595 5643 Car.
1626 5579 1959 5641 Dufresnii
1994 5582 2092 5641 Du
2121 5579 2349 5660 Cangii
2383 5588 2566 5642 nolm.

448 5694 566 5764 (56)
607 5690 754 5746 Ἀπό
805 5704 870 5742 τε
902 5685 1015 5764 τῆς
1061 5684 1311 5752 πεύκης.
1357 5681 1519 5754 392
1548 5681 1802 5738 Albertus
1850 5681 1953 5752 Aq.

2057 5700 2085 5737 l.
2137 5696 2199 5749 tt,
2244 5697 2366 5753 cap.
2402 5681 2510 5737 56:
2537 5680 2770 5737 Faculas
2802 5683 3046 5738 ardentes
3079 5700 3194 5737 cu'u
3229 5689 3343 5754 pice
3399 5697 3446 5741 et
3485 5686 3641 5757 adipe

374 5757 586 5834 iactant
614 5777 767 5818 super
798 5757 1120 5815 machinam.
