4086 6400
427 356 533 420 955

1718 344 1943 405 ANN/E
1982 342 2370 402 COMNEN/E

3585 321 3692 382 93.6

426 485 532 541 quo
574 465 1051 540 Dyrrachiensium
1105 477 1288 519 veram
1346 459 1737 516 dimensionem
1787 461 1992 530 puluis-

2125 470 2271 510 ἀστο
2305 457 2415 524 γὰρ
2441 450 2816 520 ἁπανταχόθεν
2846 450 2908 501 ὲκ
2929 446 3140 516 βάσεως
3168 441 3298 511 ἄχρι
3323 436 3418 491 καὶ
3446 437 3695 506 κορυφῆς

427 561 590 618 sent?
636 560 909 616 Caeterum
970 574 1092 614 cum
1146 557 1233 610 diu
1284 555 1454 608 turris
1510 553 1610 607 ista
1647 552 1775 606 dum
1823 555 2009 622 procul

431 660 816 708 exstrueretur
846 651 1009 704 minis
1038 649 1143 702 iiiis
1177 648 1307 713 ipsis
1342 645 1496 701 melis
1534 655 1697 698 vastas
1738 644 1845 698 late
1874 662 2007 697 con-

431 746 637 813 spieuze
676 743 963 799 terruisset
1011 740 1459 812 Dyrrachicnses,
1508 752 1572 791 eo
1605 735 1829 805 :deiudc
1881 738 2011 805 ipsis

431 838 731 893 admovere
762 836 983 905 pr0pius
1016 847 1322 901 augereque
1376 829 1722 885 formidinem
1754 830 1866 881 visa
1905 818 2007 893 est,

431 944 542 996 quo
576 929 693 998 ipsa
725 928 895 997 magis
919 927 984 980 ad
1017 940 1111 979 eos
1146 932 1384 978 rotarum
1429 924 1629 977 ειιΙιιιις
1673 922 2009 974 versatilium

432 1036 537 1090 ope
583 1023 1019 1085 promovebatur.
1072 1016 1395 1071 Intendebat
1446 1015 1862 1068 admirationem
1925 1014 2011 1066 iu-

432 1110 700 1163 tuentium
749 1108 890 1179 quod
936 1124 1057 1162 cum
1114 1107 1305 1175 ingens
1351 1121 1412 1158 ca
1464 1105 1635 1157 moles
1674 1120 1700 1157 a
1751 1104 2013 1158 militibus

434 1202 575 1256 intra
604 1199 720 1268 ejus
754 1202 967 1254 viscera
992 1196 1431 1252 dilitescentibus
1470 1196 1704 1249 vectium
1755 1210 2035 1264 quorum“

430 1292 551 1347 dam
581 1293 877 1363 agitatione
908 1307 1107 1345 arcana
1155 1297 1485 1350 moveretur,
1533 1288 1770 1356 speciem
1828 1286 2014 1357 procul

429 1385 710 1455 prasbebat
741 1385 897 1455 quasi
931 1384 1170 1454 gigantis
1198 1383 1371 1437 nubes
1399 1382 1607 1436 vertice
1656 1382 1927 1450 tangentis
1961 1389 2011 1435 et

433 1479 739 1533 incedentis
777 1478 928 1532 vitali
963 1487 1125 1545 atque
1156 1476 1207 1528 in
1236 1475 1351 1543 ipso
1383 1475 1484 1529 sita
1510 1472 1788 1534 facultate,
1821 1473 2017 1540 quippe

434 1572 590 1641 cujus
639 1582 820 1627 motus
877 1580 1217 1631 cerneretur,
1284 1579 1463 1622 m0tor
1528 1582 1633 1619 non
1705 1574 2013 1634 appareret.

432 1664 642 1721 Caetera
675 1678 835 1734 porro
864 1662 1090 1717 monstri
1130 1660 1341 1730 species
1372 1657 1506 1712 nihil
1545 1672 1648 1710 non
1697 1655 2019 1726 prreferebat

434 1759 765 1813 Cumulando
817 1756 1011 1810 terrori
1054 1753 1547 1809 accommodatum.
1584 1748 1778 1805 Latera
1835 1751 2015 1801 omnia

437 1848 591 1902 ﬁrmo
626 1847 851 1901 tectorio
877 1855 1116 1916 protecta
1155 1860 1251 1911 per
1280 1852 1512 1911 quatuor
1539 1841 1819 1910 quadrata:
1861 1839 2017 1894 molis

439 1940 606 1995 facies
642 1939 860 2010 egregie
892 1939 1241 1993 occultabant
1275 1937 1423 1989 intus
1456 1935 1712 1988 latentem
1748 1941 2015 1987 armatum

440 2048 696 2096 manum;
733 2047 852 2099 qum
886 2046 943 2083 se
968 2040 1145 2083 tamen
1178 2044 1366 2083 rursus
1407 2026 1539 2080 satis
1587 2027 1849 2095 prodebat
1893 2024 2020 2076 niis-

440 2122 634 2175 silibus
661 2120 877 2175 assidue
914 2118 1254 2188 spargendis.
1291 2118 1459 2172 Erant
1497 2127 1678 2172 autem
1711 2117 1772 2167 ad
1807 2115 2014 2185 iacula-

440 2212 606 2269 tionis
661 2228 815 2267 nsum
892 2223 1226 2281 cmterasque
1296 2212 1522 2266 nocendi
1585 2213 2021 2281 opportunitates

439 2314 640 2372 apertas
665 2305 869 2361 circum
893 2306 945 2358 in
981 2314 1188 2375 partem
1223 2318 1439 2358 omnem
1468 2305 1717 2357 fenestris
1747 2302 2009 2371 plurimas,

439 2397 557 2451 suis
593 2412 821 2467 quaeque
859 2396 996 2461 aptis
1027 2395 1181 2450 ostiis
1215 2396 1451 2450 occlusae
1498 2410 1620 2448 cum
1671 2409 1807 2463 opus
1857 2403 2018 2448 erat:

437 2491 651 2559 quoties
692 2504 821 2544 usus
874 2498 1123 2557 posceret
1160 2488 1378 2542 volub‘li
1415 2488 1635 2541 cardine
1673 2486 2017 2542 reserabiles.

438 2582 607 2636 Porro
628 2581 851 2636 interior
875 2581 1153 2649 capacitas
1173 2580 1437 2636 machina:
1461 2580 1512 2632 in
1539 2580 1733 2632 multas
1764 2578 1864 2632 sibi
1886 2578 2023 2631 iuvi-

435 2688 554 2727 cem
593 2675 876 2741 impositas
907 2672 1268 2743 cogitationes
1296 2671 1662 2734 dividebatur,
1700 2669 1869 2740 385
1906 2670 2023 2724 sin-

437 2764 590 2835 gulas
641 2764 861 2834 proprio
913 2772 1244 2818 armatorum
1298 2761 1531 2817 infessas
1596 2778 1843 2815 numero.
1917 2761 2025 2815 Sed

443 2857 556 2923 alii,
592 2855 1243 2918 utdiximus,'latebant.
1277 2852 1390 2909 Soli
1430 2855 1779 2909 03tentabant
1824 2867 1883 2907 se
1933 2853 2022 2922 qui

441 2964 755 3018 supremum
787 2949 941 3018 quasi
974 2946 1315 3003 caenacuium
1348 2944 1680 3001 ambulantis
1710 2946 1842 3000 tedis
1878 2946 2024 2999 obti-

440 3041 643 3097 nebant
669 3041 830 3104 torvi,
870 3041 1155 3094 horrentes
1208 3037 1373 3104 ferro,
1425 3039 1631 3094 strictis
1682 3038 1863 3092 infesti
1903 3052 2026 3090 mu-

441 3133 719 3197 cronibus,
749 3131 857 3185 vim
889 3139 943 3184 et
972 3133 1172 3184 caedem
1207 3129 1527 3184 anhelantes
1550 3129 1899 3199 gladiatores.
1930 3124 2026 3179 ilic

443 3235 622 3279 ιρι-τοι·
666 3233 845 3276 lautus
904 3237 968 3276 ac
1035 3230 1144 3275 tam
1191 3221 1378 3276 varius
1405 3238 1526 3275 cum
1563 3236 1623 3275 se
1657 3220 1789 3275 1⁸0118
1832 3221 2025 3273 ευὺιυε

442 3315 785 3370 volventibus
812 3315 1060 3379 inferret,
1090 3322 1501 3369 cousternassct
1524 3314 1666 3367 haud
1699 3313 1860 3367 dubie
1885 3328 2024 3381 prte-

442 3408 639 3463 sidium
690 3408 930 3461 obsessa:
975 3406 1150 3471 urbis,
1199 3404 1303 3458 nisi
1355 3403 1462 3458 dux
1509 3404 1629 3475 ejus
1668 3405 1892 3460 Alexins
1932 3418 2028 3474 pro

442 3518 538 3556 sua
571 3501 814 3570 vigilanti
866 3499 1085 3552 solertia
1116 3497 1436 3553 ’remedium
1481 3496 1592 3566 jam
1632 3506 1741 3552 ttttn
1782 3497 2027 3551 nascenti

443 3594 820 3651 malomature
850 3589 1105 3644 idoneum
1134 3588 1285 3657 provi
1306 3590 1481 3643 lisset.
1510 3587 1640 3641 Nam
1656 3598 1708 3641 et
1728 3587 1955 3642 consilzo
1976 3596 2031 3641 et

442 3685 647 3741 auxilio
676 3697 860 3738 eorum
891 3697 1020 3736 usus
1053 3681 1141 3748 qui
1176 3681 1272 3748 ipsi
1310 3680 1656 3734 aderantviri
1688 3681 2030 3748 experientes

442 3789 500 3833 et
540 3776 813 3840 industrii,
845 3790 967 3829 cum
1007 3773 1241 3839 primum
1275 3772 1326 3826 in
1352 3772 1631 3826 Baimundi
1654 3773 1849 3827 castris
1880 3771 2028 3825 illam

446 3868 709 3926 mdiﬁcari
741 3879 944 3922 turrem
978 3865 1115 3921 vidit
1149 3882 1401 3935 maguttm
1432 3866 1497 3920 ad
1544 3864 1842 3934 periculum
1874 3879 2031 3917 suum

447 3977 802 4031 suorumque,
833 3959 993 4012 aliam
1036 3965 1091 4010 et
1142 3959 1258 4027 ipse
1290 3959 1433 4009 intra
1484 3957 1685 4009 mmnia
1742 3954 2032 4026 Dyrrachii

444 4054 564 4125 pari
596 4053 847 4122 exemplo
879 4053 1187 4106 machinam
1225 4049 1299 4103 illi
1332 4048 1487 4103 alteri
1533 4050 1911 4117 opponendam
1946 4061 2036 4101 ar-

445 4141 734 4197 chitectari
787 4150 874 4196 est
924 4154 1235 4210 aggressus,
1283 4139 1423 4193 hunc
1475 4138 1646 4193 ferme
1681 4139 1733 4191 in
1788 4139 2031 4193 modum.

447 4232 792 4302 Deprehensa
828 4233 1015 4303 procul
1072 4231 1363 4287 altitudine
1397 4232 1565 4285 turris
1605 4231 1840 4295 hostilis,
1880 4231 2031 4301 tigna

445 4324 673 4379 dimensi
730 4324 1164 4395 Dyrracbienses
1231 4325 1373 4390 sunt}
1417 4322 1577 4377 alteri
1642 4339 1709 4377 ex
1783 4323 2033 4393 Opposito

447 4416 783 4474 aediﬁcandae
815 4416 969 4485 cujus
1004 4417 1217 4472 culmen
1262 4416 1555 4471 contrariae
1585 4416 1745 4471 molis
1770 4416 2032 4471 verticem

2034 2366 2051 2393 Ι

2054 3175 2094 3231 C

2113 553 2206 606 καὶ
2225 553 2302 614 εἰς
2329 550 2527 617 στέγας
2551 545 2751 607 πολλὰς
2765 543 3013 614 διῄρητο,
3032 538 3126 592 καὶ
3142 534 3324 605 θυρίσι
3346 531 3532 598 κύκλῳ
3558 548 3697 581 παν-

2110 646 2372 707 τοδαπαῖς
2395 641 2660 711 ἠνέῳκτο,
2689 630 2874 704 ἀφ’ὧν
2904 633 3160 697 ἐξέπιπτε
3190 627 3319 697 βέλη
3346 623 3537 693 συχνὰ,
3560 624 3697 690 np‘;

2111 740 2167 793 δὲ
2208 740 2268 792 τὸ
2313 736 2576 790 ἀνωτάτω
2634 736 2799 801 μέρος
2856 728 3049 797 ἄνδρες
3096 720 3237 794 ἦσαν
3290 717 3689 786 ἐξωπλισμένοι

2113 830 2423 899 θυμοειδεῖς
2453 828 2549 879 καὶ
2594 825 2687 877 ἐπὶ
2731 823 2839 876 τῶν
2884 818 3087 891 χειρῶν
3131 815 3202 868 τὰ
3247 814 3378 881 ξίφη
3414 809 3693 879 φέροντες.

2113 925 2209 979 καὶ
2268 921 2404 992 πρὸς
2458 920 2675 987 ἄμυναν
2724 910 3236 982 διηυτρεπισμένοιέ
3302 903 3458 957 Ἐπεὶ
3510 901 3566 954 δὲ
3619 900 3703 970 τῷ

2113 1019 2286 1088 τείχει
2342 1015 2690 1083 προσήγγισε
2734 1010 2795 1060 τὸ
2856 1004 3085 1076 φρικτὸν
3144 1000 3299 1054 τουτὶ
3345 997 3549 1065 θέαμα,
3600 994 3702 1047 οὐκ

2115 1087 2336 1178 ἀμελῶς
2370 1106 2529 1175 ἔσχον
2571 1105 2619 1156 οἱ
2657 1101 2800 1171 ἀμφὶ
2839 1098 2931 1152 τὸν
2971 1092 3210 1158 Ἀλέξων
3255 1093 3347 1145 καὶ
3395 1087 3704 1159 στρατηγὸν

2113 1203 2213 1273 τῆς
2237 1202 2446 1263 πόλεως
2476 1196 2806 1268 Δυρραχίου,
2850 1190 2968 1244 ἀλλ’
2998 1189 3117 1258 ἅμα
3141 1202 3201 1238 τε
3244 1183 3404 1237 τοῦτο
3434 1182 3493 1235 τὸ
3526 1180 3700 1249 μηχά-

2120 1315 2272 1367 νημα
2304 1293 2504 1361 ἔξωθεν
2538 1290 2617 1360 τῷ
2659 1286 2981 1358 Βαῖμούντῳ
3031 1279 3471 1340 κατεσκευάζετο
3514 1276 3705 1343 ὥσπερ

2115 1361 2208 1453 τις.
2233 1383 2483 1446 ἑλέπολις
2524 1381 2790 1450 ἄφυκτος,
2833 1376 2930 1430 καὶ
2975 1371 3103 1427 ἄλλο
3132 1388 3186 1424 τι
3224 1367 3438 1423 ἔνδοθεν
3464 1363 3556 1416 τοῦ
3591 1361 3708 1414 τει-

2115 1497 2245 1552 χους
2305 1478 2493 1538 αὐτοῖς
2547 1469 2992 1539 ἀντεμηχανᾶτο.
3046 1461 3391 1532 Ἐωρακότες
3441 1459 3523 1520 εἰς
3580 1457 3705 1509 ὅσον

2118 1572 2255 1642 ὖψος
2311 1568 2722 1635 ὁαύτοκὶνητος
2768 1555 2926 1624 οὗτος
2975 1559 3188 1628 πύργος
3236 1551 3705 1616 ὲκτέταται,,καὶ

2117 1666 2254 1719 ὅπου
2307 1660 2503 1715 τοῦτον
2550 1655 2848 1727 ἐστήριξαν
2901 1650 3233 1722 ὑφελόμενοι
3284 1646 3412 1707 τοὺς
3452 1644 3702 1714 τροχοὺς,

2123 1760 2362 1828 τέτταρα
2397 1754 2529 1820 ξύλα
2575 1750 2902 1821 μακρότατα
2953 1741 3295 1811 καταντικρὺ
3328 1738 3423 1792 τοῦ
3471 1738 3703 1807 μόσυνος

2127 1850 2422 1917 πήξαντες,
2458 1844 2646 1909 ὥσπερ
2682 1841 2789 1893 ὑπὸ
2832 1835 3186 1909 τετραγώνου
3217 1832 3431 1901 βάσεως
3467 1829 3548 1890 si;
3584 1825 3707 1878 πεί-

2126 1956 2332 2010 σματος
2379 1936 2568 2007 σχῆμα
2622 1930 3039 1997 διανιστάμενα.
3091 1920 3234 1996 Κᾷθ⁹
3292 1921 3469 1979 οὓτως
3523 1917 3706 1986 βάσεις

2123 2007 2277 2093 τινας
2307 2026 2650 2095 διειληφότες
2673 2020 2878 2092 μεταξὺ
2903 2018 3009 2071 τῶν
3039 2011 3512 2079 ἀντιτεταγμένων
3535 2007 3711 2074 ξύλων

2124 2128 2204 2188 εἰς
2236 2123 2418 2193 πῆχυν
2457 2121 2555 2171 ἓνα
2590 2118 2681 2170 τὸν
2713 2115 2915 2181 ἔξωθεν
2956 2110 3168 2175 ξύλινον
3196 2106 3409 2174 πύργον
3445 2102 3710 2168 ἐποίησαν

2124 2188 2447 2283 ἀνατρέχειν
2472 2226 2485 2239 °
2516 2207 2748 2273 ἀστεγὲς
2794 2204 2849 2256 δὲ
2880 2197 2950 2269 ἦν
2983 2194 3365 2265 ἁπανταχόθεν
3398 2192 3518 2245 ὅλον
3551 2188 3711 2243 τοῦτο

2123 2308 2183 2362 τὸ
2212 2282 2486 2372 διάστημα
2506 2317 2521 2332 °
2541 2302 2599 2353 ού
2624 2298 2730 2368 γὰρ
2757 2297 2929 2350 ἐδεῖτο
2954 2288 3339 2361 προφυλακῆς,
3367 2287 3415 2338 εἰ
3447 2284 3520 2354 μὴ
3550 2282 3710 2350 μόνον

2124 2398 2268 2451 κατά
2303 2395 2401 2465 τὴν
2438 2391 2685 2462 κορυφὴν
2712 2386 3056 2456 ἐξωρόφωτο.
3100 2378 3368 2435 Ἐνταῦοα
3401 2376 3464 2445 δὴ
3498 2376 3709 2441 ἀναγα-

2124 2492 2314 2559 γόντες
2347 2488 2396 2539 οἱ
2429 2487 2574 2555 ἀμφὶ
2602 2483 2694 2535 τὸν
2735 2478 2980 2542 Ἀλέξιον
3008 2470 3349 2544 στρατιῶται
3388 2468 3449 2521 τὸ
3480 2467 3715 2533 ἐνυγρον

2126 2583 2260 2654 πῦρ,
2292 2580 2427 2650 περὶ
2477 2580 2547 2632 τὰ
2595 2575 2911 2647 ἁκρόστεγα
2953 2568 3049 2624 τοῦ
3090 2565 3506 2635 ἀνεπιφρὶκτου
3555 2561 3713 2627 ξυλο-

2127 2652 2341 2745 πύργου
2391 2669 2619 2740 ἔμελλον
2675 2663 3043 2732 ἐξακοντίζειν
3092 2660 3230 2730 πρὸς
3284 2656 3378 2711 τὸν
3429 2652 3715 2708 ἀντίθετον

2132 2742 2365 2838 μόσυνα.
2405 2760 2547 2815 Ἀλλ’
2580 2758 2755 2812 ἐδόκει
2789 2757 2884 2809 καὶ
2916 2756 2948 2823 ἡ
2986 2752 3152 2822 βουλὴ
3182 2749 3276 2804 καὶ
3301 2747 3360 2803 τὸ
3385 2747 3619 2815 πρᾶγμα
3649 2742 3712 2795 ού

2128 2835 2266 2927 πρὸς
2324 2852 2705 2924 πανωλεθρίαν
2757 2848 2851 2902 τοῦ
2907 2848 3340 2916 μηχανήματοςο
3401 2835 3714 2909 ἀκροθιγῶς

2128 2952 2237 3020 γὰρ
2273 2946 2466 3019 ἔμελλε
2500 2949 2560 2998 τὸ
2592 2944 2702 3013 πῦρ
2738 2942 2799 2995 τδ
2836 2937 3091 2992 ἐντεῦθεν
3135 2936 3316 2988 ὲκεϊσε
3352 2930 3715 3001 πεμπόμενον

2129 3043 2224 3097 τοῦ
2264 3042 2494 3111 μόσυνος
2526 3034 2823 3091 ἅπτεσθαι.
2870 3030 3033 3086 Ἀλλὰ
3066 3028 3120 3082 τί
3152 3025 3539 3096 μηχανῶνται;
3567 3021 3715 3089 Πλη-

2136 3134 2291 3204 ροῦσι
2324 3131 2416 3184 τὸν
2464 3127 2668 3199 μεταξῦ
2698 3125 2864 3178 τόπον
2895 3121 2992 3175 τοῦ
3030 3137 3089 3172 τε
3120 3117 3335 3183 ξυλίνου
3365 3114 3461 3168 καὶ
3491 3112 3585 3167 τοῦ
3614 3112 3715 3180 τῆς

2132 3203 2344 3278 πόλεως
2385 3220 2602 3289 πύργου
2645 3212 3108 3281 εύκαταπρήστου
3148 3207 3411 3269 παντοίας
3449 3205 3578 3274 ὕλης
3622 3203 3717 3256 καὶ

2131 3314 2312 3368 ἐλαίου
2361 3309 2560 3363 πολλοῦ
2604 3306 2748 3360 κατὰ
2782 3303 3069 3371 ποταμοὺς
3121 3298 3459 3369 κενωμένου.
3493 3294 3716 3356 Τούτοις

2130 3407 2461 3472 ὲπενῄνεκτο
2483 3399 2595 3469 πῦρ
2618 3396 2768 3450 δειλοὶ
2795 3398 2890 3448 καὶ
2920 3393 3139 3461 φλόγες,
3164 3391 3192 3443 ὃ
3212 3387 3560 3463 καταμικρὺν
3586 3386 3719 3438 ὑπο-

2131 3495 2459 3564 τυφόμενον,
2496 3487 2622 3562 κᾷθ’
2672 3486 2845 3549 οὕτως
2886 3483 3144 3554 βραχείας
3178 3479 3456 3547 ἀναπνοῆς
3496 3477 3720 3547 ἐπιδραο

2132 3585 2396 3653 ξάμενον,
2437 3581 2629 3633 ἔπειτα
2669 3578 2749 3640 εἰς
2787 3570 3297 3644 περιφανῆκφλόγα
3335 3569 3554 3638 διαρθὲν
3595 3585 3715 3620 συν-

2133 3670 2670 3741 επιλαμϐανομένων
2702 3667 2797 3718 καὶ
2822 3664 2931 3717 τῶν
2955 3663 3062 3715 ἀπὸ
3088 3661 3182 3714 τοῦ
3223 3661 3394 3730 πυρὸς
3417 3658 3517 3713 τού.
3545 3656 3709 3727 ὑγροῦ

2134 3768 2475 3839 πρηστήρων
2524 3763 2673 3818 ἆπαν
2729 3758 2901 3829 ἀνῆψε
2934 3757 2980 3788 ’⁸
3016 3755 3076 3809 τὸ
3116 3753 3343 3824 φρικτὸν
3401 3755 3579 3806 ὲκεῖνο
3620 3749 3711 3802 καὶ

2136 3860 2529 3915 πολυυλότατον
2577 3852 2899 3925 μηχάνημα,
2947 3847 3215 3918 ἐμποιοῦν
3258 3842 3393 3917 ἦχον
3425 3847 3520 3899 καὶ
3560 3844 3717 3914 φοϐε-

2139 3954 2238 4022 ράν
2270 3951 2402 4004 θέαν
2430 3951 2551 4010 ταῖς
2583 3947 2791 4016 ὄψεσιν.
2822 3943 3087 4013 Αἴσθησις
3124 3940 3182 3993 δὲ
3224 3939 3320 3994 τοῦ
3372 3938 3570 3992 πολλοῦ
3609 3954 3714 3990 πυ-

2138 4043 2229 4115 ρὸς
2262 4038 2331 4113 ἦν
2366 4039 2635 4094 κυκλόθεν
2687 4037 2848 4107 μέχρι
2901 4036 2999 4088 καὶ
3048 4032 3280 4086 σταδίων
3328 4030 3716 4101 τρισκαίδεκω

2138 4130 2370 4206 θόρυϐος
2401 4131 2458 4185 δὲ
2495 4129 2590 4185 καὶ
2624 4126 2842 4196 ταραχὴ
2882 4126 2992 4187 τοῖς
3030 4122 3176 4176 ἔνδον
3208 4121 3518 4191 Βαρϐάροις
3549 4117 3721 4188 πολλὴ

2136 4228 2230 4283 καὶ
2267 4226 2554 4295 ἀμήχανος
2580 4260 2596 4285 ,
2648 4216 2757 4271 τῶν
2794 4215 2894 4287 μὲν
2928 4212 3424 4282 ὲναπειλημμένων
3456 4208 3550 4279 ’τῷ
3585 4210 3723 4277 πυρὶ⁸

2138 4317 2234 4373 καὶ
2264 4309 2784 4384 ἀποστρεφομένων,
2810 4306 2919 4360 τῶν
2942 4306 2998 4358 δὲ
3021 4304 3131 4357 ἀπδ
3158 4301 3433 4372 μετεώρου
3465 4298 3720 4371 ῥιπτούν-

2137 4429 2248 4466 των
2289 4407 2520 4468 ἑαυτοὺς
2556 4401 2693 4475 πρὸς
2718 4397 2816 4469 τὴν
2855 4396 2961 4466 γῆν
2983 4411 2996 4424 ·
3033 4395 3129 4465 βοὴ
3155 4394 3211 4445 δὲ
3248 4391 3418 4461 πολλὴ
3450 4391 3544 4445 καὶ
3569 4388 3716 4458 ἀμήι

447 4509 634 4565 cubito
666 4510 830 4564 altius
869 4482 1193 4579 despiceret.
1246 4507 1347 4563 Ubi
1392 4523 1522 4562 vero
1545 4506 1656 4573 jam
1713 4516 2021 4562 constructa

2138 4520 2327 4576 χανος,
2367 4495 2586 4569 ταραχὴ
2623 4488 3005 4561 ἀντηχούντων
3037 4484 3261 4539 καὶτῶν
3295 4482 3474 4545 ἐκτός.

448 4610 612 4665 turris
628 4604 855 4667 Gallica,
881 4613 1126 4673 promota
1151 4603 1201 4673 in
1219 4602 1543 4656 destinatam
1600 4600 2054 4670 propinquitatem

447 4695 780 4762 fundataque
803 4702 905 4756 est,
930 4693 1131 4749 crassis
1155 4700 1209 4746 et
1238 4693 1532 4760 pmacutis
1572 4692 1681 4744 alte
1751 4690 1803 4744 in
1854 4698 2056 4744 terram
2097 4687 2338 4755 undique
2382 4677 2636 4750 impactis
2680 4673 2908 4731 sudibus
2955 4688 2969 4724 :

2123 4572 2287 4661 muri,
2366 4592 2609 4658 rotisque
2690 4584 2801 4638 illic
2859 4579 3149 4636 subtractis
3189 4577 3500 4631 ﬁrmissime
3547 4572 3721 4627 defixa

3020 4678 3131 4724 tum
3185 4671 3253 4723 ab
3303 4666 3542 4721 obsessis
3623 4677 3718 4715 sua

452 4804 666 4859 quoque
697 4788 835 4841 intra
866 4799 1052 4840 muros
1076 4793 1219 4838 recta
1243 4798 1307 4836 ex
1334 4784 1564 4837 adverso
1593 4796 1753 4850 quam
1814 4783 2061 4851 proxime
2101 4778 2356 4848 oportuit
2413 4780 2595 4828 erecta
2650 4768 2818 4821 moles
2882 4774 2985 4826 est,
3045 4777 3148 4814 non
3206 4762 3292 4813 illa
3357 4760 3574 4829 quidem
3628 4753 3719 4810 ulli

450 4883 725 4938 substrato
758 4878 1079 4934 inaediﬁcata
1130 4875 1391 4938 tabulato,
1439 4891 1559 4929 cum
1615 4874 1894 4930 transierri
1941 4891 2060 4930 eam
2142 4882 2196 4928 et
2223 4870 2359 4925 rotis
2391 4863 2685 4931 circumagi
2718 4874 2821 4912 non
2852 4867 2997 4912 esset
3024 4869 3158 4923 opus
3188 4871 3200 4906 :
3238 4848 3417 4906 setl'in
3451 4852 3565 4904 solo
3601 4850 3719 4918 ipso

453 4974 683 5030 ﬁrmatis
715 4973 930 5039 alteque
960 4970 1086 5024 inde
1129 4969 1476 5038 surgentibus
1521 4966 1747 5022 sublicis
1799 4978 2033 5036 quatuor
2072 4959 2502 5036 quadrangulum
2537 4959 2588 5010 in
2617 4954 2887 5008 direcnuu
2941 4947 3177 5001 attolens
3238 4946 3456 5009 molem,
3535 4952 3720 4997 trans-

451 5080 733 5122 versorum
764 5065 1026 5132 dispositu
1054 5063 1323 5133 lignorum
1342 5062 1500 5116 scalae
1527 5060 1815 5130 quamdam
1869 5061 2105 5129 speciem
2146 5069 2415 5124 usumque
2471 5049 2735 5120 graduum
2800 5041 3125 5112 praebentem
3193 5037 3503 5093 ascensuris
3566 5043 3725 5107 prout

455 5176 544 5216 res
570 5170 818 5231 posceret
850 5159 902 5213 in
930 5159 1210 5226 superiora
1239 5158 1522 5212 machiute.
1581 5157 1769 5212 Latera
1858 5157 2067 5228 protegi
2144 5153 2415 5209 obducive
2475 5142 2726 5207 tectorio,
2779 5154 2885 5192 non
2932 5146 3014 5191 est
3061 5136 3234 5190 visum
3290 5149 3529 5197 necesse,
3582 5133 3724 5201 qttod

455 5258 627 5312 muris
659 5255 807 5309 urbis
835 5262 1181 5321 conspectum
1236 5252 1595 5322 injuriamque
1649 5255 1887 5307 hostium
1952 5252 2191 5307 arcebat.
2224 5247 2297 5301 Ea
2330 5256 2536 5301 tantum
2610 5256 2736 5310 pars
2795 5251 2915 5305 quae
2968 5234 3109 5286 ultra
3184 5232 3442 5285 lucentium
3524 5243 3725 5296 corpus

453 5350 727 5413 exstabat,
750 5346 957 5402 munita
996 5344 1098 5399 fuit
1129 5345 1383 5414 impositu
1415 5344 1693 5401 coronidis
1723 5355 1776 5399 et
1803 5344 2157 5414 circumiectu
2204 5342 2461 5403 laterum,
2532 5332 2708 5402 quoad
2783 5340 2867 5384 est
2916 5328 3181 5381 creditum
3266 5332 3352 5379 sat.
3421 5320 3559 5384 fore,
3620 5337 3722 5377 nec

454 5444 717 5515 impedire
755 5455 915 5512 posse
943 5437 1166 5493 liberam
1211 5438 1560 5493 emissionem
1606 5439 1745 5507 ignis
1781 5437 2027 5506 Sparsilis
2064 5450 2228 5505 quam
2297 5446 2391 5500 per
2461 5438 2650 5497 aperta
2697 5424 2868 5503 latera
2929 5420 3096 5474 turris
3148 5432 3261 5472 sua:
3309 5416 3500 5486 ligneae
3553 5410 3725 5467 Alexii

459 5539 660 5597 milites
688 5510 973 5592 invmoiem
1030 5528 1317 5586 Baimundi
1351 5530 1731 5596 destinabant;
1784 5537 2127 5598 comportata
2194 5532 2485 5596 propterea
2576 5517 2629 5572 in
2689 5528 3000 5587 supremam
3081 5510 3537 5579 contignationem
3613 5519 3731 5560 sua:

1496 5670 1703 5733 Variae
1749 5669 2054 5733 lectiones
2118 5688 2195 5734 ex
2231 5666 2377 5733 cod.
2410 5661 2665 5726 Coislin.

537 5773 579 5808 “
605 5775 836 5840 ἀνῆπτο.
