4086 6402
474 402 585 469 957
1644 413 2057 476 ALEXIADIS
2097 418 2246 477 LlB.
2287 418 2466 478 XllI.
3647 415 3756 478 958

487 516 759 574 machinae
790 534 982 590 magna
1014 522 1064 577 vi
1100 522 1317 593 pinguis
1345 532 1399 579 et
1430 523 1678 581 ﬂammas
1703 527 1915 582 aliturae
1945 533 2205 585 materire.
2240 534 2305 585 At
2366 532 2550 587 statim
2630 530 2718 585 vel
2789 528 3124 599 experientia
3157 528 3242 584 vel
3324 530 3462 583 ratio
3512 532 3760 585 exactior

481 613 674 670 docuit
702 617 887 671 noceri
937 617 1078 672 haud
1137 619 1365 673 multum
1401 620 1506 675 isto
1560 621 1720 677 modo
1792 638 1951 692 posse
2029 629 2468 683 machinamento
2536 626 2765 702 Gallico,
2796 624 2993 680 nedum
3027 635 3082 679 ut
3134 624 3215 682 sic
3289 621 3406 693 ejus
3452 624 3757 678 combustio

482 710 655 767 totius
693 713 903 783 sperari
958 723 1164 784 posset.
1220 714 1365 770 Satis
1398 716 1542 771 enim
1589 719 1882 788 apparebat
1942 720 2059 777 fore
2100 735 2157 778 ut
2217 723 2592 794 superficiaria
2630 725 2893 778 dumtaxat
2951 734 3007 777 et
3072 721 3440 791 perfunctorie
3505 730 3754 776 contactu

482 806 709 862 missilis
747 822 779 862 a
825 806 1360 881 Dyrrhachiensibus
1405 827 1471 866 ex
1514 813 1799 871 intervallo
1848 818 2058 874 vibrata
2101 821 2317 874 ﬂamma
2385 820 2664 876 Gallorum
2714 835 2852 890 opus
2905 819 3138 876 solidum
3188 828 3243 873 et
3297 828 3552 875 accurate
3631 835 3759 886 pro—

490 911 698 958 tectum
724 904 1010 961 lamberet.
1052 903 1316 962 Secunda:
1340 908 1504 979 igitur
1543 913 1900 980 cogitationes
1929 932 2153 972 suasere
2193 917 2495 973 Alexianis.
2528 918 2706 984 aliud;
2767 933 2961 986 nempe
3002 929 3057 972 ut
3088 928 3256 971 totum
3313 918 3569 986 spatium,
3617 915 3759 984 quod

479 1003 703 1071 patebat
734 1004 876 1058 inter
924 1004 1418 1076 Dyrrhacbieusem
1454 1019 1656 1062 turrem
1708 1010 1972 1080 lapideam
2009 1022 2061 1067 et
2106 1015 2357 1069 hostilem
2389 1015 2466 1069 illi
2530 1015 2804 1069 admotam
2860 1015 3092 1085 ligneam
3171 1013 3338 1067 multo
3387 1012 3647 1065 stramine
3699 1027 3762 1066 ac

480 1111 678 1156 czetera
718 1100 771 1154 id
806 1116 978 1169 genus
1027 1102 1176 1157 arida
1225 1104 1451 1157 materia
1496 1107 1853 1174 complerent,
1905 1125 2066 1178 quant
2109 1111 2274 1165 etiam
2327 1109 2513 1165 infuso
2564 1111 2789 1179 largiter
2870 1109 2990 1163 oleo
3047 1108 3344 1177 rigarunt:
3414 1103 3763 1175 cumularun‘

398 1262 403 1265 _
478 1193 664 1246 omnia
723 1193 919 1246 crebro
949 1193 1223 1260 titionem,
1267 1194 1476 1260 fucum,
1526 1213 1825 1267 prunarum
1872 1201 2181 1255 ardentium
2250 1201 2525 1267 coniectu.
2599 1202 2723 1255 l'leec
2753 1200 2916 1254 simul
3004 1200 3166 1253 mista
3228 1212 3350 1252 cum
3436 1194 3749 1261 aliquandiu

484 1293 692 1340 tantum
770 1284 1095 1352 firmassent,
1199 1303 1531 1345 exarserunt
1587 1293 1817 1360 deniqtte
1869 1295 1973 1348 leni
2050 1298 2286 1352 excitata
2338 1297 2558 1365 Spiritu,
2616 1296 2949 1364 robusteque
2997 1294 3249 1348 incendio
3299 1293 3747 1359 comprehensa.“

480 1380 817 1436 Gallicanam
853 1390 1057 1438 turrem
1093 1392 1244 1439 trans
1278 1401 1457 1440 moras
1484 1388 1708 1443 corticis
1739 1400 1793 1443 et
1822 1392 2291 1460 prmmunitissimi
2324 1392 2541 1447 tectorii
2625 1399 3008 1462 perrumpente
3073 1389 3138 1442 ad
3198 1398 3500 1441 extremum
3574 1383 3760 1436 furore

480 1474 621 1542 ignis
658 1477 781 1531 oleo
813 1474 959 1544 large
996 1477 1207 1549 ingesto
1257 1481 1407 1535 velut
1438 1482 1600 1548 ebrii,
1635 1499 1805 1552 usque
1846 1485 1910 1539 ad
1970 1485 2160 1540 intima
2226 1502 2509 1555 pervasam
2576 1489 2950 1554 absumpsere.
3017 1482 3149 1537 Late
3199 1482 3505 1535 horrendus
3587 1491 3754 1529 exau-

485 1565 736 1621 dicbatur
763 1566 966 1637 fragor,
1001 1585 1109 1623 non
1136 1571 1279 1623 enim
1314 1573 1488 1625 dicam
1521 1575 1811 1642 crepitum,
1873 1576 2101 1631 [limum
2142 1578 2461 1632 bacchantis
2492 1579 2545 1631 in
2579 1579 2871 1647 perniciem
2896 1575 3048 1632 silva:
3105 1573 3607 1644 itmnenszez386
3635 1575 3741 1627 Ione

485 1658 820 1730 gissimeque
861 1661 1215 1730 resplendens
1243 1670 1298 1716 et
1329 1678 1426 1718 sua
1461 1665 1828 1735 magnitudine
1866 1666 1930 1721 iis
1957 1667 2089 1734 ipsis
2129 1666 2515 1723 fornddolosus
2541 1669 2629 1735 qui
2655 1685 2774 1723 eam
2830 1669 3072 1723 fecerant
3119 1675 3191 1722 et.
3234 1680 3463 1739 quorum
3524 1665 3757 1719 ardebat

479 1750 627 1804 bono
662 1748 1121 1820 relucebatrogus
1143 1769 1315 1822 usque
1342 1754 1406 1809 ad
1433 1754 1610 1809 stadia
1671 1756 2071 1826 circumquaqn

2176 1758 2453 1814 tredecim.
2491 1758 2628 1813 Illud
2674 1760 2853 1813 dicere
2904 1759 3026 1828 quis
3061 1766 3224 1828 queat
3271 1767 3473 1827 quanta
3544 1765 3759 1819 perluro

480 1842 627 1898 batio
661 1842 971 1898 clausorum
1004 1853 1115 1898 tum
1146 1845 1248 1900 ista
1304 1846 1443 1901 mole
1468 1847 1854 1901 oBarbarorum
1897 1848 2105 1903 fuerit?
2142 1853 2230 1918 qui
2280 1851 2437 1906 dolor
2480 1853 2792 1921 (‘lﬂll’Ol'qlle
2849 1851 3198 1905 sentientium
3272 1850 3378 1902 vim
3461 1848 3762 1915 grassantis

478 1935 730 1991 ardoris?
761 1936 892 2003 Qua:
927 1938 1234 2009 desperatio
1263 1957 1384 1998 sese
1435 1944 1521 1998 ubi
1573 1943 1772 1999 frustra
1807 1956 2158 2000 versaverant
2179 1962 2242 2001 ex
2272 1947 2723 2012 aitojactantium
2794 1949 2845 2002 in
2910 1947 3194 2016 praeceps?
3268 1960 3385 2014 qua:
3437 1960 3623 2005 Voces.
3669 1961 3760 2021 qui

475 2029 712 2099 eiulatus
766 2031 1060 2087 infel'cium
1127 2035 1642 2105 victimarum?Qui
1692 2050 1879 2106 azslus,
1930 2054 2048 2105 quas
2113 2040 2339 2109 agitatio
2378 2043 2654 2097 Gallorum
2713 2052 3034 2096 cmterormn
3122 2040 3251 2092 dum
3344 2053 3470 2093 suos
3528 2038 3764 2093 ﬂammis

481 2126 692 2194 eripere
722 2122 921 2180 frus'ra
948 2127 1285 2183 conabantur
1325 2130 1734 2187 lamentantium
1806 2133 2021 2186 interim
2087 2138 2142 2184 et
2170 2133 2461 2188 charorum
2495 2135 2632 2189 mala
2672 2133 3163 2202 complorantium?

556 2217 834 2273 Τοσαῦτα.
870 2221 969 2289 μὲν
1003 2221 1096 2274 οὖν
1135 2225 1264 2294 περὶ
1302 2227 1397 2278 τοῦ
1453 2226 1798 2296 ὑπερνεφοῦς
1837 2229 2067 2297 μόσυνος

2243 2231 2518 2286 Hactenus
2570 2234 2635 2285 de
2678 2232 2908 2298 Superba
2962 2240 3134 2291 turre,
3204 2244 3268 2282 ac
3320 2235 3433 2284 tota
3478 2228 3763 2298 Dyrrachii

482 2310 582 2363 καὶ
610 2311 710 2380 τῆς
735 2312 883 2382 παρᾶ
912 2314 1019 2389 τῷν
1048 2316 1359 2388 Βαρϐάρων
1385 2320 1765 2389 τειχομαχίας.
1805 2320 1946 2373 Ἀλλ’
1978 2323 2069 2374 ἐπὶ

478 2404 573 2457 τὸν
606 2403 832 2475 βασιλέα
858 2387 1134 2472 καὶάὗθις
1163 2387 1437 2478 τὸνλόγον
1467 2387 1833 2469 ε-πανακτέον.
1866 2413 2069 2480 Ἕαρος

478 2497 663 2551 τοίνυν
714 2500 1171 2572 ὲφισταμένου,ὴ
1219 2505 1317 2570 μὲν
1365 2505 1654 2573 Αύγούστα
1702 2509 1766 2560 ἐκ
1798 2507 1896 2574 τῆς
1929 2507 2067 2559 Θεσ-

482 2590 778 2665 σαλονίκης
806 2593 882 2656 ὡς
908 2593 1044 2664 πρὸς
1071 2594 1172 2665 τὴν
1204 2594 1600 2664 βασιλεύουσαν
1632 2580 2067 2668 ἐπανέστρεφεν,

481 2684 510 2736 ὀ
539 2682 597 2735 δὲ
626 2685 992 2758 αὐτοκράτωρ
1021 2688 1119 2756 τῆς
1146 2689 1338 2760 πρόσω
1378 2690 1604 2760 πορείας
1645 2691 1824 2762 εἴχετο
1849 2693 1941 2745 καὶ
1970 2694 2071 2761 τὴν

484 2776 748 2831 Δεάϐολιν
781 2778 871 2834 διὰ
920 2780 1022 2849 τῆς
1054 2782 1398 2852 Πελαγονίας
1432 2785 1875 2856 καταλαμϐάνει,
1898 2786 2071 2845 ἔνθεν

485 2871 618 2941 περὶ
646 2872 776 2936 τοὺς
823 2873 1107 2944 πρόποδας
1151 2876 1260 2929 τῶν
1309 2877 1411 2948 ἦδη
1462 2877 1739 2948 ῥηθέντων
1784 2878 2071 2931 δυσϐάτων

484 2962 751 3032 ἀτραπῶν
777 2963 967 3021 οὖσαν.
1010 2968 1123 3022 Καὶ
1150 2973 1347 3038 καινήν
1390 2987 1514 3023 τινα
1546 2971 1887 3041 στρατηγίαν
1927 2969 2074 3024 κατὰ

484 3053 593 3107 τῶν
629 3053 928 3127 βαρϐάρων
957 3059 1356 3130 μεμελετηκὼς
1385 3061 1498 3116 δεῖν
1526 3062 1813 3131 ἐλογίσατο
1843 3064 1937 3117 τοῦ
1972 3065 2073 3134 μὲν

482 3145 752 3215 δημοσίου
805 3148 1046 3220 πολέμου
1099 3152 1299 3223 σχολὴν
1354 3155 1635 3218 παντελῶς
1681 3158 2073 3227 καταψηφίσα-

486 3239 637 3303 σθαι,
693 3241 788 3293 καί¹
845 3242 1163 3315 ἀγχέμαχον
1210 3245 1300 3299 διὰ
1350 3246 1527 3300 ταῦτα
1576 3249 1675 3317 τὴν
1738 3247 1921 3319 μᾶχην
1971 3253 2073 3305 οὐκ

487 3332 700 3401 ἤθελεν.
750 3331 913 3387 Ἀλλὰ
953 3337 1024 3388 τὰ
1062 3336 1306 3390 δύσϐατα
1356 3338 1540 3407 τέμπη
1574 3341 1670 3393 καὶ
1716 3341 1814 3399 τὰς
1861 3342 2072 3408 ἁδιεξο-

481 3424 704 3489 δεύτους
732 3427 887 3490 ὁδοὺς
925 3428 1252 3500 μεταίχμιον
1282 3431 1491 3501 ἀμφοῖν
1539 3434 1652 3485 τοῖν
1681 3434 2074 3502 στρατοπέδοιν

484 3518 807 3574 καταλιπὼν
846 3520 974 3583 τούς
1007 3521 1198 3584 εὔνους
1246 3523 1493 3586 ἅπαντας
1529 3526 1669 3578 κατὰ
1710 3526 1809 3588 τὰς
1836 3527 2070 3594 ἀκρολο-

486 3614 620 3684 φίας
671 3615 810 3687 μετὰ
859 3616 1193 3688 ἀποχρώσης
1240 3617 1529 3687 δυνάμεως
1568 3622 1926 3688 καταστήσας
1971 3621 2071 3691 τὴν

482 3709 683 3779 καινὴν
720 3710 940 3780 ἐκείνην
986 3711 1327 3780 στρατηγίαν
1358 3712 1773 3782 ἐμηχανήσατο,
1806 3713 1882 3777 ὡς
1931 3716 2072 3785 μήτε

481 3800 611 3865 τοὺς
653 3792 807 3858 ἔνθεν
845 3803 983 3870 πρὸς
1012 3803 1104 3856 τὸν
1138 3804 1479 3870 Βαϊμοῦντον
1517 3808 1867 3877 προσχωρεῖν
1895 3809 2074 3879 ῥᾷστα

480 3892 766 3959 δύνασθαι,
821 3892 948 3964 μήτ’
977 3894 1193 3948 ἐκεῖθεν
1244 3894 1382 3965 πρὸς
1427 3895 1656 3959 τούτους
1693 3892 1854 3962 αὖθις
1887 3901 2075 3971 γράμ-

487 4004 639 4058 ματα
668 3988 862 4057 φοιτᾷν
900 3985 933 4057 ἢ
977 3989 1357 4057 προσηγορίας
1401 3988 1833 4060 διαπέμπεσθαι,
1869 3994 1961 4061 ὐφ’
1995 3987 2072 4049 ὧν

483 4078 562 4143 ὡς
604 4079 675 4132 τὰ
728 4077 902 4132 πολλὰ
949 4076 1018 4131 τὰ
1050 4078 1149 4146 τῆς
1201 4080 1425 4150 ἀγάπης
1464 4080 1790 4150 ἐδράζεσθαι
1835 4081 2029 4137 εἴωθεν
2057 4100 2075 4117 ο

464 4172 690 4235 ’σπάνις
720 4171 830 4241 γὰρ
860 4172 1236 4240 προσηγορίας
1267 4172 1406 4225 κατᾶ
1440 4172 1532 4224 τὸν
1557 4173 1915 4244 Σταγειρίτην
1941 4174 2074 4228 πολ·

486 4263 589 4326 λάς
626 4261 812 4331 φιλίας
857 4261 1094 4315 διέλυσε.
1151 4261 1448 4315 Γινώσκων
1497 4262 1563 4315 δὲ’
1596 4263 1690 4316 τὸν
1732 4242 2073 4334 Ιξαῖμοῦντον

485 4355 658 4429 ἄνδρα
719 4355 991 4426 πονηρίας
1050 4356 1146 4408 καὶ
1207 4354 1674 4426 δραστηριότητος
1739 4356 2067 4423 ἀνάπλεων,

484 4446 649 4518 ἦῦελε
686 4447 789 4516 μὲν
818 4447 913 4500 καὶ
954 4446 1052 4518 τὴν
1076 4447 1217 4499 κατὰ
1246 4446 1543 4517 πρόσωπον
1576 4446 1714 4517 πρὸς
1758 4448 1924 4501 αὐτὸν
1964 4449 2072 4518 μά-

486 4557 592 4612 χην
628 4538 1018 4605 ἀναδέξασθαι,
1052 4538 1195 4593 καθά
1222 4556 1283 4605 γε
1311 4541 1407 4593 καὶ
1434 4540 1651 4609 εἴρηται
1679 4556 1695 4573 ο
1723 4540 1862 4594 ἀλλὰ
1884 4542 1981 4594 καὶ
2001 4541 2073 4594 δι’

486 4632 681 4700 ἑτέρου
715 4631 919 4691 παντὸς
950 4630 1155 4700 τρόπου
1187 4632 1281 4682 καί
1316 4632 1564 4701 μηχανῆς
1603 4632 1727 4685 κατ’
1763 4632 1934 4686 αὐτοῦ
1973 4650 2073 4704 με-

485 4722 661 4776 λετῶν
700 4719 955 4791 οὐδαμῶς
1004 4720 1259 4774 ἐνεδίδου.
1292 4721 1394 4773 Διὰ
1450 4721 1509 4774 δὲ
1544 4722 1645 4785 τὰς
1672 4723 1772 4793 ἤδη
1809 4724 2072 4795 ῥηθείσας

490 4815 697 4877 αἰτίας,
731 4813 916 4868 καίτοι
948 4814 1119 4867 πολλά
1155 4813 1444 4881 σφαδάζων
1475 4814 1608 4883 πρὸς
1642 4815 1804 4868 τοῦτο
1825 4817 2071 4882 φιλοκίν-

2175 2340 2456 2377 mnrormn
2508 2342 2535 2375 a
2570 2322 2739 2377 Gallis
2786 2329 3050 2374 attentata
3101 2321 3465 2376 concussione
3512 2322 3763 2388 dictum,

2171 2417 2238 2466 ad
2274 2418 2664 2483 imperatorem
2693 2415 2872 2467 oratio
2919 2413 3198 2466 referenda
3236 2421 3341 2467 est.
3368 2411 3495 2467 Post
3530 2414 3762 2468 hiemem

2175 2504 2263 2557 ille
2313 2506 2712 2561 Thessalonicae
2749 2516 3114 2568 transactam,
3171 2505 3271 2558 sub
3320 2504 3533 2558 initium
3574 2504 3758 2567 veris,

2176 2599 2401 2651 remissa
2458 2597 2990 2667 Constantinopolim
3048 2597 3337 2664 Augusta,
3397 2596 3567 2650 movit
3638 2597 3765 2652 inde

2177 2688 2400 2743 ulterius
2442 2705 2575 2759 cum
2618 2690 2791 2760 copiis
2817 2732 2829 2753 ,
2877 2699 2931 2745 et
2979 2705 3072 2759 per
3103 2689 3448 2757 Pelagoniam
3483 2687 3761 2743 Deaholim

2175 2784 2446 2852 pervenit,
2480 2785 2670 2838 urbem
2700 2786 2780 2839 cis
2809 2799 2903 2839 eos
2937 2791 3145 2837 montes
3183 2781 3345 2835 sitam
3378 2782 3468 2849 qui
3509 2781 3764 2836 desinen-

2178 2884 2258 2931 tes
2314 2876 2841 2944 inrangustissimos
2910 2877 3113 2942 calles,
3197 2876 3567 2947 tbermopylas
3642 2875 3764 2929 illas

2177 2983 2405 3036 quarum
2436 2969 2688 3035 superius
2715 2968 3062 3025 meminimus
3099 2980 3154 3025 et
3191 2970 3621 3025 arctissimarum
3651 2968 3765 3020 val-

2176 3060 2306 3115 lium
2364 3062 2812 3132 impeditissimas
2852 3063 3085 3118 elisuras
3130 3062 3393 3118 efficiunt.
3450 3060 3551 3116 llic
3601 3075 3766 3115 accu-

2179 3154 2454 3210 ratissitne
2497 3149 2896 3223 circumspecto
2954 3156 3077 3209 belli
3122 3156 3408 3223 praesentis
3450 3168 3649 3224 genere
3697 3168 3760 3208 ac

2177 3254 2343 3309 statu,
2390 3248 2766 3316 subductaque
2810 3248 3167 3302 consiliorum
3201 3263 3409 3301 summa
3462 3247 3760 3314 sapienter,

2178 3339 2337 3406 plane
2364 3339 2556 3394 statuit
2584 3340 2755 3395 vitare
2774 3340 3131 3394 decretoriam
3166 3340 3362 3400 aciem,
3386 3353 3484 3391 nec
3515 3337 3762 3390 fortunas

2179 3430 2422 3498 publicas
2472 3434 2815 3487 committere
2848 3434 3069 3487 casibus
3129 3434 3353 3487 incertis
3411 3432 3758 3502 praeliorum:

2177 3538 2366 3576 verum
2401 3538 2528 3578 suas
2566 3524 2915 3592 hostiumque
2946 3525 3133 3594 copias
3175 3525 3450 3577 Vastornm
3489 3536 3541 3577 et
3582 3524 3761 3593 impe-

2178 3614 2522 3668 netrabilium
2542 3615 2886 3683 interpositu
2923 3616 3220 3684 diremptas
3247 3615 3448 3668 habere
3469 3616 3758 3670 montium.

2176 3706 2256 3759 Ab
2288 3706 2389 3760 hac
2431 3705 2824 3760 deliberatione
2852 3706 3116 3760 describit
3147 3706 3347 3775 quique
3396 3715 3580 3771 partes
3608 3719 3756 3758 Suas.

2175 3798 2502 3855 Fidissimos
2550 3814 2795 3869 quosque
2829 3814 2952 3853 cum
2985 3799 3180 3853 idoneo
3222 3798 3487 3852 comitatu
3541 3798 3758 3852 fortium

2178 3891 2408 3945 militum
2456 3890 2601 3962 iugis
2647 3891 2778 3961 ipsis
2825 3905 2886 3945 ac
2915 3890 3150 3959 speculis
3193 3891 3458 3944 montium
3509 3889 3757 3958 imponit.

2178 3983 2357 4039 Valles
2379 3984 2516 4038 imas
2551 3998 2715 4050 opere
2756 3999 2819 4038 ac
2851 3983 3104 4053 praesidio
3138 3983 3351 4036 abunde
3388 3981 3587 4035 firmat.
3630 3979 3760 4035 Vias

2178 4077 2464 4146 diligenter
2518 4077 2727 4147 obsepit
2778 4091 2968 4131 omnes
2996 4084 3160 4145 atque
3186 4075 3495 4143 intercipit,
3564 4073 3761 4139 quibus

2179 4181 2271 4226 aut
2328 4171 2547 4225 mittere
2595 4169 2927 4224 Baimundus
2970 4169 3022 4222 in
3072 4168 3388 4223 interiorem
3443 4160 3767 4220 Romaniani

2174 4267 2269 4316 aut
2318 4260 2563 4327 recipere
2613 4261 2737 4316 imle
2775 4259 2984 4315 litteras
3014 4266 3218 4328 posset.
3269 4256 3478 4326 Nempe
3519 4256 3762 4310 habebat

2174 4355 2509 4410 Baimundus
2556 4354 2667 4410 illic
2710 4354 2904 4424 partim
2961 4353 3167 4407 amicos
3212 4352 3323 4421 jam
3352 4391 3369 4412 ,
3416 4351 3612 4420 partim
3655 4348 3751 4420 qui

2180 4446 2306 4502 odio
2357 4447 2705 4516 imperatoris
2748 4447 2814 4499 ad
2862 4444 2983 4514 ejus
3031 4444 3329 4498 amicitiam
3390 4450 3587 4511 sponte
3637 4456 3760 4509 pro-

2176 4541 2497 4614 penderent.
2563 4538 2779 4592 Talium
2825 4535 3114 4591 intestinos
3186 4542 3366 4587 motus
3424 4543 3761 4600 conatusque

2175 4633 2411 4688 audaces
2464 4626 2822 4698 praeiret-iebat
2873 4626 2977 4679 ista
3012 4621 3290 4690 diligentia
3334 4619 3757 4675 obsidendorum

2178 4725 2455 4787 itinerum,
2502 4720 2925 4788 commerciique
2962 4713 3283 4784 prohibendi
3336 4711 3650 4767 nuntiorum
3695 4725 3759 4765 ac

2177 4816 2529 4886 scriptorum.
2570 4811 2843 4865 Alimenta
2876 4807 3022 4862 enim
3056 4807 3169 4860 hmo
3204 4812 3329 4859 sunt
3363 4802 3756 4863 amicitiarum,

486 4903 644 4968 δυνός
669 4921 730 4958 τε
772 4906 867 4958 καὶ
899 4903 1322 4966 πυκνοκίνδυνος
1372 4902 1543 4955 παλαι
1589 4901 1665 4955 ὢν
1701 4904 1885 4957 οὐτοσὶ
1921 4907 1949 4957 ὁ
1975 4906 2071 4958 αὐ-

2176 4921 2316 4976 quze,
2359 4913 2419 4960 ut
2444 4913 2590 4957 recte
2613 4903 2768 4955 docet
2799 4896 3145 4962 Aristoteles,
3184 4897 3227 4950 si
3266 4893 3658 4949 salutationum
3695 4904 3759 4945 ac

488 4996 780 5067 τοκράτωρ
814 4995 910 5049 καὶ
943 4996 1078 5065 ἐμὸς
1122 4995 1331 5065 πατὴρ,
1372 4994 1494 5046 ἐπεὶ
1527 4993 1612 5046 τὸν
1655 4994 1812 5063 λόγον
1843 4991 1989 5066 εἶχεν
2014 4999 2073 5051 ἐν

493 5092 632 5141 πᾶσι
661 5089 994 5158 κρατοῦντα,
1014 5088 1082 5141 δι’
1107 5088 1300 5158 ἑτέρας
1339 5087 1569 5157 μεθόδου
1588 5088 2075 5153 καταγωνίσασθαι

488 5177 682 5232 τοῦτον
715 5178 964 5233 ἔσπευδε.
985 5180 1075 5231 Δεῖ
1115 5177 1246 5246 γὰρ,
1290 5174 1469 5247 οἶμαι,
1498 5177 1591 5229 τὸν
1634 5178 1946 5246 στρατηγὸν
1973 5179 2075 5230 οὐκ

487 5269 580 5323 ἀεὶ⁵
603 5270 693 5324 διὰ
728 5269 1050 5341 ξιφουλκίας
1078 5272 1177 5341 τὴν
1211 5272 1368 5341 νίκην
1413 5269 1593 5339 ἐαυτῷ
1626 5268 1878 5322 σπεύδειν
1914 5286 2073 5341 περι-

488 5363 790 5428 ποιεῖσθαι,
825 5364 964 5419 am
1023 5365 1119 5418 καὶ
1167 5363 1303 5434 πρὸς
1362 5362 1704 5432 πανουργίαν
1752 5362 1866 5431 (58)
1918 5361 2068 5415 ἐστιν

486 5450 549 5511 οὗ
568 5456 1015 5525 εὐτρεπίζεσθαι,
1042 5456 1228 5510 ἐπὰνὸ
1254 5456 1445 5525 καιρὸς
1470 5453 1564 5508 καὶ
1586 5455 1654 5507 τὰ
1681 5453 2065 5523 συμπίπτοντα

489 5548 666 5622 τούτῳ
706 5549 1031 5623 διδόασιτὴν
1063 5551 1250 5619 νίκην,
1306 5547 1487 5619 ἐαυτῷ
1527 5547 1765 5600 πάντοσε
1814 5563 2068 5617 περιποι-

1530 5666 1670 5727 Car.
1700 5662 2028 5725 anresnii
2057 5664 2153 5725 Du
2187 5659 2408 5741 Cangii
2442 5666 2631 5721 notae.

2178 4997 2481 5053 ciliciorum
2530 4992 2868 5050 consuetudo
2905 4989 3208 5046 cessaverit
3248 4989 3357 5042 cito
3404 4991 3756 5048 evanescunt,

2179 5089 2532 5158 quantumvis
2580 5087 2733 5155 prius
2779 5093 2931 5138 arcte
2986 5083 3219 5138 coalitae.
3268 5081 3353 5135 Ad
3404 5083 3545 5134 hanc
3595 5090 3759 5148 porro

2177 5182 2472 5236 Fabianam
2545 5177 2723 5248 potius
2796 5190 2957 5244 quam
3010 5188 3166 5227 suam
3261 5180 3434 5226 artem
3510 5165 3756 5223 trahendi

2166 5271 2322 5336 belli,
2358 5285 2461 5325 non
2515 5268 2620 5321 ulla
2673 5282 2806 5322 sane
2850 5266 3148 5335 imperator
3198 5262 3422 5317 Alexius
3468 5258 3757 5312 timiditate

2181 5374 2418 5418 mentem
2460 5359 2688 5430 appulit.
2725 5357 2864 5424 Non,
2897 5357 3140 5426 inquam,
3183 5363 3276 5407 aut
3311 5349 3589 5406 Baiuumdi
3617 5346 3754 5398 adeo

2178 5453 2492 5509 formidavit
2542 5451 2726 5521 copias
2777 5460 2868 5503 aut
2914 5449 3149 5520 propriis
3186 5444 3399 5505 difﬁdit,
3433 5448 3524 5492 aut
3567 5445 3754 5508 aperto

2179 5553 2353 5600 marte
2397 5545 2541 5598 vires
2585 5542 2819 5613 experiri
2861 5556 2991 5596 suas
3022 5554 3143 5595 cum
3169 5551 3234 5592 eo
3266 5533 3562 5590 dubitaret.
3611 5525 3751 5592 Quin

560 5794 674 5866 (58)
740 5795 1142 5866 Πανουργίαν,
1193 5789 1485 5847 Ordericus
1533 5770 1695 5848 Vim.
1728 5787 1849 5860 ‘lib.
1893 5801 1948 5843 ιι
1994 5786 2060 5842 de

2176 5786 2281 5844 :xio
2316 5800 2329 5837 :
2369 5782 2505 5845 Erat
2538 5784 2676 5838 enim
2731 5779 2962 5835 callidus
2994 5786 3044 5833 et
3077 5775 3369 5847 facundus,
3424 5771 3629 5841 largus,
3694 5773 3745 5820 ει

490 5865 717 5937 fallendi
743 5866 941 5938 artifex
972 5865 1295 5936 ingeniosus.
