4086 6400
334 341 440 405 963

333 452 521 528 tentiis
564 452 631 508 de
673 451 878 522 optima
940 459 994 505 et
1028 448 1297 506 tutissima
1354 446 1562 502 ratione
1608 438 1905 497 debellandi
1937 447 1984 504 Α

336 543 645 607 Baimundi,
683 542 876 610 quaerit
905 556 970 595 ex
1001 540 1065 595 iis
1106 538 1297 608 ecquid
1344 535 1659 590 nominatim
1702 528 1909 583 scirent

339 634 534 701 quibus
586 633 675 687 ille
709 633 963 688 comitum
996 646 1060 686 ac
1099 632 1292 684 ducum
1329 639 1549 680 suorum
1597 619 1910 675 familiaris-

340 725 477 779 sime
528 732 771 779 uteretur
795 733 850 777 et
898 723 1233 790 potissinuun
1286 716 1511 771 ﬁderet?
1548 713 1637 782 qui
1684 726 1805 765 eum
1844 723 1911 762 ex

341 814 525 868 animo
565 814 789 867 amare?
833 815 925 882 qui
969 813 1038 865 ab
1081 826 1146 864 eo
1187 823 1311 862 vere
1355 805 1503 876 diligi
1549 798 1910 873 putarentur?

341 903 476 959 Cum
525 904 593 959 ad
624 921 685 959 ea
729 904 802 958 illi
851 912 1008 972 prout
1052 901 1279 971 quisque
1323 905 1664 964 compererat
1706 893 1911 947 amicos

344 994 630 1048 Baimundi
674 992 1073 1048 recensuisseut
1102 1008 1116 1043 :
1164 989 1311 1044 Hanc
1340 1002 1440 1057 ego
1470 988 1745 1055 Augustus
1766 1026 1782 1049 ,
1815 982 1911 1044 ait,

345 1089 587 1142 intimam
629 1087 742 1156 ejus
780 1087 1055 1140 Culmrtem
1100 1083 1332 1152 primum
1367 1079 1583 1149 aggredi
1633 1073 1913 1135 constitui,

345 1188 678 1246 conatusque
709 1178 760 1230 in
792 1193 909 1231 cam
959 1189 1107 1243 spem
1148 1171 1427 1227 intendere
1469 1179 1527 1223 ut
1558 1168 1690 1222 tales
1732 1166 1803 1220 illi
1839 1166 1918 1217 vi-

348 1284 437 1323 ros
493 1278 778 1332 Suspectus
836 1266 1080 1321 reddam.
1140 1262 1347 1332 Nempe
1411 1261 1498 1315 isti
1549 1274 1684 1329 quos
1742 1258 1919 1312 dicitis

348 1360 518 1429 prima
552 1361 664 1426 ipsa
706 1359 882 1427 capita
913 1357 1187 1412 Gallorum
1223 1364 1373 1409 sunt.
1412 1351 1679 1406 Plurimos
1723 1365 1910 1406 eorum

348 1455 575 1520 quisque
601 1453 654 1505 in
687 1454 883 1506 castris
910 1452 1016 1505 illis
1043 1465 1106 1505 ex
1136 1464 1194 1505 se
1224 1461 1431 1517 suoque
1458 1455 1589 1500 nutu
1623 1460 1920 1514 StlspellSOS

351 1545 554 1612 trahit;
603 1543 746 1596 haud
790 1542 951 1597 dubie
987 1526 1167 1611 siqua
1225 1540 1338 1595 fors
1376 1547 1581 1593 armuat
1626 1538 1919 1591 abalienari

350 1651 443 1688 cos
472 1655 498 1687 ιι
533 1633 862 1699 Baimuudo,
908 1648 1096 1701 magna
1145 1632 1482 1701 perturbatio
1528 1628 1714 1685 Gallos
1745 1629 1920 1698 jacta-

1629 324 1854 389 ANN/E
1891 318 2277 383 CUMNENIE

3481 289 3590 357 964

2014 433 2209 503 πρῶτα
2246 429 2435 499 φέρων
2466 427 2524 480 ὲν
2552 423 2619 493 τῇ
2672 418 2907 492 στρατιᾷ
2939 413 3034 470 τοῦ
3080 410 3443 503 Βαῖμούντουᾉ,
3490 409 3589 461 καὶ

2013 501 2196 593 ἕτεροι
2244 518 2464 580 πλείους
2510 514 2755 574 τούτων,
2812 511 2948 581 προς
3005 506 3099 569 οὓς
3151 503 3224 557 τὰ
3280 501 3593 593 ἐπίπλαστα

2010 590 2319 688 γράμματα
2349 609 2698 678 ἐξεπέμπετο
2719 619 2731 634 ·
2772 596 3098 688 ἐκεῖσεγμὲν
3132 597 3244 688 γὰρ
3283 593 3441 688 esse?
3474 590 3593 688 εδέ.

2009 681 2182 761 δεκτο-
2219 701 2464 757 τοιοῦτον
2520 701 2548 751 6
2594 693 2850 768 βασιλεὺς
2926 687 3051 743 οὔτε
3094 685 3228 756 περὶ
3282 681 3591 751 Ῥικάρδου,

2012 802 2137 856 οὒτε
2167 798 2297 869 περὶ
2340 796 2500 849 ἄλλου
2534 790 2679 852 τινὸς
2718 784 2991 847 τοιούτου,
3033 780 3251 834 εὔνοιαν
3286 776 3378 829 καὶ
3406 773 3593 827 πίστιν

2014 864 2357 962 ὑπαγορεῦον
2405 883 2797 958 γραμμάτιονο
2837 875 3001 939 αὐτὸς
3037 874 3103 966 δὲ
3138 872 3234 939 ἀφ’
3285 865 3484 966 ἑαυτοῦ
3523 864 3595 966 τὰ

2014 961 2243 1038 τοιαῦτα
2267 979 2616 1051 γραμμάτων
2640 973 2963 1027 ἐπλάττετο.
2995 962 3124 1037 Εἶχε
3170 965 3227 1017 δὲ
3262 961 3390 1015 νοῦν
3415 961 3595 1051 τοιοῦ-

2016 1096 2107 1131 τον
2134 1076 2194 1129 το
2218 1049 2717 1144 δραματουργημα,
2739 1065 2836 1127 ὡς,
2863 1064 3021 1130 εἴπερ
3059 1061 3139 1120 είς
3173 1054 3343 1117 ἀκοὰς
3371 1049 3593 1144 εἰσέλδῃ

2018 1141 2357 1239 Βαῖμούντου
2412 1165 2448 1235 ἡ
2499 1162 2608 1214 τῶν
2656 1157 2867 1226 ἀνδρῶν
2911 1154 2958 1187 ³⁸
3016 1148 3307 1221 προδοσία,
3348 1141 3594 1239 uului);

1984 1234 2220 1314 ηὲκεῖνοι
2265 1256 2476 1310 ἐκεῖθεν
2524 1249 2901 1311 ἀποκοπέντες
2949 1247 3015 1315 τῇ
3054 1241 3250 1312 γνώμῃ
3302 1235 3384 1306 τῷ
3435 1234 3596 1304 μέρει

2020 1355 2100 1425 τῷ
2132 1348 2401 1423 βασιλικῷ
2451 1341 2916 1416 προσεχώρησαν,
2955 1334 3121 1396 αὐτὸς
3158 1332 3256 1401 μὲν
3307 1325 3466 1388 εὐθὺς
3495 1339 3597 1376 τα-

2026 1419 2361 1516 ραχίὶήσεται
2412 1438 2507 1491 καὶ
2558 1436 2695 1505 πρὸς
2740 1432 2838 1503 τὴν
2887 1424 3231 1500 βαρϐαρικὴν
3282 1419 3444 1516 φύσιν
3472 1419 3597 1516 ἑὲπο

2024 1534 2377 1591 ανελεύσεται
2398 1547 2414 1562 ·
2460 1527 2721 1590 κακώσας
2745 1526 2801 1580 δὲ
2832 1525 2958 1584 τοὺς
2984 1520 3183 1589 ἄνδρας
3213 1509 3599 1585 ἀπορραγῆναι

2023 1627 2216 1680 τούτου
2241 1621 2709 1688 καταναγκάσειε,
2748 1615 2843 1669 καὶ
2866 1615 3003 1682 ὅπερ
3036 1613 3115 1671 εἰς
3146 1606 3271 1659 νοῦν
3310 1605 3410 1656 οὐκ
3439 1598 3602 1672 ἦλθεν

354 1727 452 1791 bit,
503 1724 910 1791 committctque
941 1724 1078 1778 odiis
1121 1738 1184 1778 ac
1217 1723 1611 1791 suspicionibus
1657 1722 1801 1775 inter
1843 1734 1924 1774 se.

2038 1722 2232 1783 α’ὐτοῖς,
2261 1719 2327 1770 ὲκ
2358 1717 2460 1784 τῆς
2491 1708 2845 1777 κατασκευῆς
2868 1704 3113 1767 Ἀλεξίου
3146 1700 3433 1769 ποιήσειαν
3466 1692 3608 1764 πρὸς

355 1814 464 1868 Vos
494 1815 538 1868 si
571 1815 859 1870 consilium
890 1815 1150 1884 probatis,
1182 1815 1451 1884 adjuvate.
1476 1812 1625 1883 Opus
1651 1814 1710 1867 in
1740 1811 1930 1881 primis

353 1916 437 1959 est
487 1905 608 1959 ﬁdis
654 1905 945 1960 ministris.
991 1904 1122 1960 Peto
1153 1922 1181 1959 a
1215 1906 1367 1960 vobis
1402 1914 1458 1958 ut
1495 1920 1657 1974 quem
1702 1903 1931 1972 quisque

357 2015 523 2051 unum
584 1999 826 2051 Olltltllllll
882 1982 1318 2067 probatissimum
1376 1997 1783 2051 tenacissimum
1836 2010 1930 2050 ar-

358 2092 500 2156 cani,
552 2092 1054 2159 expertissimrcque
1103 2106 1199 2159 per
1252 2091 1433 2145 omnia
1478 2088 1598 2143 ﬁdei
1668 2088 1930 2142 famulum

359 2184 542 2247 habet,
575 2184 702 2235 mibi
732 2187 796 2236 a.l
844 2187 982 2236 hunc
1009 2200 1163 2236 usum
1203 2185 1575 2237 commodetis.
1610 2182 1935 2236 Polliccntur

362 2273 503 2326 baml
531 2284 750 2341 gravate
791 2273 905 2340 illi;
944 2274 1141 2329 adsunt
1179 2277 1339 2343 paulo
1378 2285 1498 2344 post
1539 2274 1723 2328 famuli
1760 2274 1931 2342 parati

363 2366 428 2415 ad
482 2368 681 2426 omnia,
727 2365 1069 2433 expeditique
1109 2366 1349 2433 Augusto
1393 2382 1451 2420 se
1493 2368 1691 2419 sistunt
1723 2368 1775 2418 in
1825 2376 1932 2419 tota

359 2453 675 2523 jamdudum
741 2455 985 2520 ﬁngenda
1039 2455 1438 2524 digeremlaque
1497 2457 1674 2508 fabula
1734 2456 1931 2509 deﬁxo.

368 2544 669 2611 Scripserat
703 2546 912 2601 litteras
958 2549 1024 2600 ad
1068 2562 1163 2602 eos
1192 2549 1258 2601 de
1299 2548 1496 2616 quibus
1529 2548 1761 2601 diximus
1802 2547 1936 2600 Bai-

367 2637 551 2689 quudi
601 2636 1054 2693 familiarissiu‘tos
1091 2640 1142 2692 in
1178 2654 1298 2691 eam
1346 2639 1573 2692 formam
1614 2648 1668 2691 et
1713 2651 1937 2692 sentcn-

366 2730 493 2780 tiam
532 2742 840 2796 conceptas,
880 2741 933 2780 ιιι
970 2745 1073 2783 non
1103 2731 1248 2798 prior
1289 2732 1402 2797 ipse
1434 2729 1689 2792 scribere,
1738 2731 1831 2783 sed
1870 2729 1936 2782 ad

367 2819 625 2886 epistolas
665 2835 849 2872 corum
889 2823 1211 2890 respondere
1265 2823 1559 2877 videretur.
1590 2809 1761 2892 388
1805 2822 1940 2876 Isla-

368 2926 487 2963 rum
534 2924 749 2979 quoque
788 2912 1026 2977 priorum
1053 2912 1353 2968 litterarum
1379 2924 1754 2982 argumentqu
1802 2915 1943 2969 iudi-

369 3002 616 3055 cabatur.
671 3005 874 3070 Agebat
922 3006 1075 3059 'cnim
1128 3008 1331 3074 gratias
1374 3008 1515 3075 quod
1564 3006 1667 3060 sibi
1742 3021 1936 3060 arcana

373 3091 653 3148 Baimundi
701 3096 925 3149 consilia
986 3089 1394 3166 prodidissent;
1457 3100 1628 3152 vicem
1687 3099 1942 3154 amicitiae

374 3193 614 3237 mutuam
649 3195 701 3238 et
737 3187 1122 3242 beneﬁciorum
1165 3190 1473 3258 spondens;
1526 3200 1638 3251 tum
1681 3191 1944 3245 adhorta-

373 3275 531 3332 batur
566 3277 813 3333 videlicet
857 3289 916 3332 ut
943 3291 1226 3347 pergerent
1252 3296 1502 3347 magnam
1539 3296 1566 3334 a
1593 3297 1672 3348 se,
1705 3283 1944 3351 ipsisque

375 3367 557 3419 utilem
596 3368 775 3422 inituri
802 3370 1053 3439 gratiam.
1087 3371 1201 3424 Tali
1236 3373 1465 3424 artiﬁcio
1502 3375 1815 3442 cmuposita:
1854 3375 1942 3427 lit-

376 3468 506 3512 tera:
542 3457 680 3514 Gido
715 3460 986 3529 inscriptae
1016 3473 1142 3515 sunt
1173 3462 1324 3515 fratri
1352 3463 1656 3530 Baimundi,
1697 3475 1806 3518 ttun
1833 3468 1945 3520 viro

360 3547 529 3614 loage
578 3548 628 3601 in
679 3548 768 3603 illo
813 3550 1053 3604 exercitu
1101 3552 1406 3607 clarissima
1458 3555 1546 3621 qui
1597 3554 1946 3622 COIlllal‘JllllS

374 3641 689 3706 dicebatur;
750 3640 979 3694 Ricardo
1046 3657 1259 3710 quoque
1324 3659 1387 3696 ac
1463 3656 1582 3713 post
1645 3655 1755 3698 tres
1818 3648 1948 3701 istos

375 3731 537 3783 etiam
581 3731 699 3785 viro
764 3732 919 3785 facile
984 3731 1264 3789 incastris
1298 3733 1584 3789 Baimundi
1635 3736 1949 3793 fortitudine

377 3823 617 3888 militari,
656 3824 879 3878 scientia
899 3827 1290 3880 etauctoritate
1308 3827 1461 3881 facile
1491 3829 1687 3897 primo,
1718 3830 1805 3898 qui
1828 3846 1951 3897 pro—

376 3917 495 3983 prio
536 3916 752 3967 nomine
794 3916 1126 3983 principatus
1180 3919 1494 3971 vocabatur.
1547 3920 1831 3973 Multorum
1881 3936 1948 3976 ex

377 4005 508 4059 hinc
539 4005 736 4058 ducum
768 4005 995 4060 aliorum
1024 4007 1241 4062 nomina
1287 4008 1569 4065 invidiosis
1610 4013 1949 4067 mcndacimn

380 4094 737 4164 epistularum
790 4096 1231 4163 inscriptionibus
1287 4098 1555 4164 traducta,
1612 4100 1664 4154 in
1700 4117 1949 4171 magnam

384 4202 534 4255 spem
566 4188 680 4242 fore
713 4196 769 4241 ut
804 4189 887 4244 bis
922 4188 1241 4259 interceptis
1271 4189 1602 4248 Baimundus
1630 4193 1824 4250 litteris
1856 4211 1952 4263 pro

382 4289 576 4335 caetera
649 4280 965 4350 impotentia
1016 4281 1245 4339 infrenis
1313 4284 1590 4342 irritabilis
1647 4287 1813 4342 animi
1855 4291 1955 4342 ali-

2032 1811 2193 1865 αὺτὸν
2245 1809 2663 1868 στασιάσαντες.
2698 1802 2854 1875 ’ᾙδει
2892 1799 3026 1869 γὰρ,
3061 1790 3238 1865 οἶμαι,
3284 1792 3313 1843 6
3361 1802 3601 1857 στρατη-

2032 1906 2128 1972 γὸς
2163 1904 2237 1965 ὡς
2265 1902 2324 1955 τδ
2368 1898 2667 1983 ἀντίπαλος)
2722 1896 2869 1950 ἅπαν
2913 1890 3079 1959 φῦλον
3132 1880 3608 1983 ξυγκροτοῦμενον

2037 1997 2137 2066 μὲν
2173 1994 2271 2048 καὶ
2321 1970 2827 2062 ἀλληλουχοῦμενον
2875 1983 3153 2055 ἔρρωται·
3213 1971 3507 2036 στασιάζον
3551 1970 3610 2023 δὲ

2038 2064 2137 2139 καὶ
2194 2085 2274 2147 εἰς
2321 2082 2493 2135 πολλὰ
2525 2079 2884 2149 μεριζόμενον
2929 2070 3323 2143 ἁδρανέστερον
3374 2064 3611 2132 γίνεται,

2037 2178 2133 2231 καὶ
2178 2176 2324 2230 οὕτω
2375 2177 2488 2228 τοῖς
2511 2168 2851 2239 πολεμοῦσιν
2906 2162 3254 2234 εὐχείρωτον.
3302 2158 3481 2223 Ὅπερ
3515 2152 3611 2204 καὶ

2040 2267 2250 2339 βαθέως
2302 2261 2765 2333 ἐπραγματεύετο
2812 2256 2909 2310 καὶ
2942 2254 3036 2306 τὸν
3083 2251 3233 2304 δόλον
3282 2242 3614 2312 ὐποὸρὺχιον

2037 2338 2148 2432 εἶχε
2190 2359 2257 2413 τὰ
2303 2361 2630 2429 γράμματα.
2682 2344 3140 2419 Μεταχειρίζεται
3190 2341 3248 2394 δὲ
3285 2339 3347 2390 τὸ
3382 2338 3614 2432 πρᾶγμα

2037 2428 2237 2511 οῦτωσί
2271 2428 2390 2514 πως
2423 2453 2451 2503 6
2494 2446 2761 2511 Ἀλέξιος·
2799 2443 3008 2511 πέμπει
3047 2436 3143 2507 μὲν
3165 2434 3275 2504 γὰρ
3307 2432 3376 2485 τὰ
3398 2428 3612 2482 πεπλα-

2041 2550 2215 2619 σμένα
2245 2546 2553 2615 γράμματα
2602 2541 2739 2608 πρὸς
2777 2532 3020 2594 ἐκείνους
3064 2527 3614 2619 παραγγείλαςᾷὲπι-

2038 2641 2223 2694 δοῦναι
2284 2636 2500 2698 ἑκάστῳ
2551 2632 2810 2684 ἕκαστον.
2874 2624 3003 2695 Εἶχε
3056 2622 3111 2674 δὲ
3164 2622 3234 2672 τὰ
3285 2617 3616 2686 πεμπόμενα

2045 2729 2228 2802 βιϐλία
2258 2728 2371 2798 (65)
2404 2728 2588 2778 ἐκεῖνα
2646 2723 2706 2774 οὔ
2748 2719 2909 2788 μόνον
2954 2711 3325 2802 εὐχαριστίαν,
3358 2708 3495 2802 ἀλλὰ
3523 2705 3618 2802 καλ.

2041 2823 2217 2884 δόσεις
2264 2814 2764 2885 κατεπηγγέλλετο,
2815 2810 2910 2861 καὶ
2962 2803 3249 2877 βασιλικὰς
3276 2800 3483 2867 δωρεὰς
3524 2797 3620 2849 καὶ

2043 2912 2366 2982 ὑποσχέσεις
2438 2907 2756 2977 ὑπερφυεῖς.
2825 2900 3079 2969 Ἐφείλκε
3131 2896 3187 2949 δὲ
3240 2894 3465 2955 τούτους
3524 2890 3620 2943 καὶ

2045 3006 2124 3068 είς
2173 3004 2232 3056 τὸ
2304 3000 2602 3071 pste-nexu
2658 2993 2795 3048 εἷναί
2836 3011 2895 3045 τε
2954 2990 3141 3052 εὔνους
3187 2988 3280 3041 καὶ
3332 2983 3620 3059 φαίνεσθαι

1969 3065 2010 3119 c
2045 3097 2142 3149 καὶ
2199 3095 2366 3163 μηδὲν
2419 3087 2796 3161 ἀποκρύπτειν
2827 3083 2937 3137 τῶν
2990 3080 3339 3152 ἀπορρήτων.
3376 3075 3621 3128 Κατόπιν

2048 3190 2141 3240 καὶ
2167 3187 2209 3217 ³⁷
2263 3183 2371 3237 τῶν
2419 3182 2759 3235 πιστοτάτων
2814 3175 2962 3245 αὐτῷ
3008 3173 3296 3242 ἄνθρωπον
3361 3165 3625 3221 ἀποστέλ-

2045 3281 2128 3332 λει
2186 3274 2625 3345 ἀνεπιφωρὰτως
2673 3268 2886 3332 τούτοις
2924 3262 3290 3336 παρέπεσθαι,
3349 3261 3443 3313 καὶ
3474 3261 3626 3312 ἐπει-

2044 3370 2143 3423 δὰν
2221 3366 2634 3435 πλησιάσαντας
2713 3357 2849 3425 ἴδοι,
2927 3354 3314 3426 παρελάσαντα
3378 3348 3626 3421 προφθῆ-

2049 3480 2136 3515 ναι
2205 3460 2410 3514 τούτων
2478 3458 2577 3526 τὴν
2643 3453 2868 3522 ἔφοδον·
2932 3449 3028 3502 καὶ
3094 3443 3476 3499 καταλαϐόντα
3533 3442 3624 3493 τὸν

2053 3552 2413 3622 Βαῖμοῦντον,
2476 3548 2568 3601 τόν
2621 3564 2677 3599 τε
2744 3541 3045 3611 αὐτόμολον
3099 3536 3483 3608 ὑποκριθῆναι,
3529 3533 3627 3587 καὶ
3720 3577 3729 3583 .

2050 3645 2225 3695 εἰπεῖν
2266 3642 2340 3704 ὡς
2396 3637 2545 3707 αὐτῷ
2599 3636 3017 3706 προσχωρήσειε
3083 3629 3323 3700 μισήσας
3366 3626 3467 3693 τὴν
3529 3622 3623 3676 τοῦ

2053 3734 2315 3805 βασιλέως
2373 3726 2659 3798 διατριϐήν
2688 3742 2704 3756 ο
2739 3725 2920 3792 φιλίαν
2947 3722 3003 3773 δὲ
3040 3719 3174 3790 πρὸς
3220 3720 3312 3772 τὸν
3364 3717 3621 3788 τύραννον

2053 3824 2530 3896 προσποιούμενον
2582 3819 2675 3870 καὶ
2701 3817 2774 3877 ὼς
2807 3816 2869 3884 δή
2905 3831 3026 3867 τινα
3074 3811 3289 3864 εὔνοιαν
3340 3808 3621 3862 κατειπεῖν

2054 3916 2329 3988 ἁριδήλως
2360 3915 2469 3966 τῶν
2501 3910 2714 3982 ἀνδρῶν
2734 3910 2961 3961 ἐκείνων
2988 3905 3073 3973 ἐφ’
3096 3904 3187 3967 οῦς
3205 3904 3274 3957 τὰ
3295 3903 3621 3972 γράμματα·

2058 4012 2153 4072 Ὠς
2180 4008 2285 4080 ἄρα
2318 4008 2346 4059 6
2377 4006 2524 4058 δεῖνα
2553 4008 2647 4056 καὶ
2674 4006 2700 4054 6
2730 4002 2880 4054 δεῖνα
2908 3996 3192 4068 (ὀνομαστὶ
3220 3997 3444 4056 τούτους
3494 4011 3629 4047 κατ-

2054 4102 2390 4173 αριθμήσεις)
2434 4097 2825 4167 ἑξομοσάμενοι
2863 4097 2962 4162 τὴν
2996 4090 3132 4162 πρὸς
3187 4092 3395 4143 ἐκεῖνον
3421 4089 3624 4149 πίστιν,

2056 4197 2267 4266 βασιλεῖ
2313 4195 2457 4264 φίλοι
2523 4195 2617 4247 καὶ
2668 4189 2810 4243 εὖνοι
2857 4186 3116 4255 γεγόνασι
3177 4183 3269 4237 καὶ
3294 4182 3359 4234 τὰ
3414 4180 3627 4233 ἐκείνου

2060 4287 2342 4360 φρονοῦσι.
2393 4286 2505 4339 Καὶ
2553 4284 2685 4354 ὁρᾷν
2730 4281 2812 4334 δεῖ
2847 4281 2920 4351 μή
2954 4296 3005 4331 τι
3060 4274 3182 4331 κατ’
3242 4272 3405 4328 αὐτοῦ
3455 4273 3630 4360 δεινὸν

382 4387 543 4440 quam
583 4372 637 4427 in
676 4374 859 4427 talium
888 4374 1130 4429 virorum
1174 4391 1412 4445 praeceps
1457 4377 1708 4445 injuriam
1764 4396 1936 4434 erum-

2060 4359 2416 4451 μελετήσειαν
2441 4370 2780 4439 ἑξῦπογυίου
2814 4368 2907 4420 καὶ
2947 4364 3115 4418 πάλαι
3154 4359 3627 4430 προεσκεμμένου.

381 4474 551 4534 peret,
595 4465 748 4533 cujus
793 4467 864 4519 illi
912 4468 1100 4522 dolore
1128 4483 1193 4521 ae
1224 4484 1413 4531 sensu,
1462 4470 1568 4524 ﬁde
1595 4470 1948 4540 subjecrionis

382 4567 477 4609 aut
514 4556 799 4611 societatis
829 4557 1079 4628 abrupta,
1131 4572 1230 4625 par
1268 4559 1340 4612 illi
1377 4559 1459 4613 vel
1500 4559 1674 4628 trutjus
1718 4576 1948 4629 repone-

2076 4470 2238 4524 Ἀλλὰ
2296 4467 2361 4537 δὴ
2393 4468 2484 4518 καὶ
2534 4464 2692 4516 τοῦτο
2735 4453 3271 4529 πεπραγματεῦσθαι
3325 4452 3411 4505 ἵνα
3471 4450 3543 4520 μή
3577 4467 3631 4503 τι

2056 4559 2230 4614 δεινὸν
2261 4561 2372 4620 τοῖς
2405 4551 2991 4625 γραμματοκομισταῖς
3042 4544 3251 4608 τούτοις
3282 4544 3310 4596 6
3361 4540 3631 4613 Βαῖμοῦν-

1403 4692 1598 4755 νοτία)
1666 4693 1976 4774 lectiones
2021 4714 2098 4758 ex
2137 4695 2278 4758 cod.
2314 4692 2573 4756 Coislin.

454 4815 498 4847 '°
529 4814 741 4885 ἀνδρῶν
771 4816 1052 4871 τοιοῦτων.
1131 4817 1174 4847 ³⁷
1195 4817 1273 4873 δέ.
1339 4808 1344 4812 ’

1420 4938 1560 5000 Car.
1592 4936 1919 4999 Dufresnii
1953 4940 2047 5001 Du
2081 4937 2298 5016 Cangii
2335 4940 2525 4997 notua.

392 5061 445 5112 in
478 5052 878 5131 expeditionem
929 5058 1478 5131 Hierosolymltanam
1511 5059 1791 5131 profectus
1814 5130 1817 5131 ν
1844 5070 1951 5124 est,

390 5134 455 5182 de
502 5144 608 5195 quo
653 5127 950 5194 Baldricus,
982 5130 1073 5182 lib.
1130 5127 1275 5193 t,'ct
1326 5130 1516 5183 Petrus
1571 5132 1716 5184 Diae.
1772 5130 1865 5184 lib.
1901 5146 1951 5182 ιν

389 5200 638 5253 Chronic.
679 5196 858 5252 Casini.
915 5214 1037 5264 cap.
1084 5200 1170 5253 Η.
1236 5201 1475 5267 Denique
1519 5200 1625 5253 ﬁlia
1679 5201 1886 5254 clocata
1921 5215 1951 5254 a

390 5268 680 5321 Wiscardo
712 5280 926 5336 patruo,
966 5268 1246 5322 Dominico
1289 5270 1451 5321 nobili
1481 5269 1685 5323 Veni-to
1730 5270 1781 5322 iu
1812 5286 1953 5323 mer-

387 5340 570 5391 cedem
629 5337 826 5409 proditi
882 5340 1181 5409 Dyrrachii.
1231 5337 1361 5392 Vide
1401 5339 1578 5409 Malm.
1614 5340 1705 5392 lib.
1735 5355 1775 5394 ι.
1826 5355 1949 5403 cap.

390 5410 477 5478 l5,
503 5409 594 5469 24,
623 5410 712 5469 3|,
751 5408 852 5471 52;
888 5408 978 5461 lib.
1020 5423 1101 5473 ιιι,
1136 5425 1255 5478 cap.
1282 5410 1374 5462 28.
1406 5408 1625 5462 Ricardi
1658 5410 1798 5461 ﬁlius
1847 5410 1949 5462 fuit.

391 5477 657 5547 [tugurius
716 5480 1017 5535 Antiochiae
1075 5477 1212 5546 post
1264 5478 1601 5533 Tancredum
1673 5481 1945 5546 princeps.

388 5546 496 5600 ενι]
530 5548 596 5600 de
625 5547 873 5602 Gulielmi
923 5552 1138 5602 cernitis
1174 5549 1512 5615 Principatus
1558 5549 1789 5616 posteris
1837 5549 1950 5613 agi-

392 5633 511 5669 mus
546 5618 713 5674 fusius
746 5620 796 5671 in
843 5617 1087 5672 Familiis
1132 5618 1527 5673 Normannicis.

462 5686 573 5755 (65)
614 5690 686 5740 Τὰ
715 5688 1065 5757 πεμπόμενα
1093 5689 1323 5753 βιϐλία.
1365 5688 1602 5745 Βιϐλίον.
1637 5703 1732 5752 pro
1765 5703 1950 5754 γραμ-

395 5758 636 5826 ματεῖον,
675 5775 768 5812 seu
822 5761 1028 5812 (ocellis
1072 5775 1319 5829 usurpari
1368 5762 1627 5810 adnatant
1681 5773 1954 5827 grammar

2060 5061 2153 5114 tici
2181 5103 2196 5125 ,
2250 5059 2471 5121 Suidas,
2525 5055 2769 5127 βιϐλίον.
2807 5056 3088 5127 ἐπιστολή.
3149 5054 3240 5110 Sic
3270 5053 3623 5127 Themisti-rs,

2056 5143 2200 5183 orat.
2258 5130 2344 5195 M,
2409 5125 2694 5197 epistolam
2744 5125 3062 5181 Constantii
3107 5128 3173 5179 ad
3234 5138 3483 5197 senatum
3546 5125 3629 5194 pi.

2057 5200 2208 5252 6λίον
2238 5210 2415 5253 vocat.
2481 5196 2610 5249 Vide
2639 5197 2990 5263 Cinnamum,
3052 5197 3144 5250 lib.
3179 5211 3233 5259 ν,
3274 5213 3328 5248 ιι.
3381 5196 3471 5258 10,
3525 5198 3629 5248 sub

2056 5272 2243 5324 ﬁnem.
2282 5270 2380 5322 llic
2414 5283 2542 5319 vero
2580 5264 2900 5321 Srhedulam
2945 5266 3244 5337 signiﬁcat,
3286 5280 3446 5337 quam
3490 5265 3627 5337 inde

2054 5340 2235 5392 billum
2264 5338 2538 5406 appellant
2560 5340 2853 5406 scriptores
2876 5333 3053 5390 aetatis
3079 5338 3291 5390 mediae.
3322 5333 3629 5388 Willelmus

2053 5410 2260 5462 Tltoru.
2294 5405 2418 5475 eap.
2445 5407 2506 5475 6i
2538 5422 2553 5470 ;
2595 5405 2856 5459 Porrectw
2887 5406 3101 5473 fuerunt
3151 5406 3289 5458 billa'
3322 5414 3369 5457 et
3411 5408 3629 5475 petitio-

2057 5495 2144 5531 πρε
2189 5477 2409 5529 Domino
2448 5474 2594 5543 Regi.
2638 5475 2779 5529 Billa
2824 5475 3180 5539 excusaioria,
3242 5475 3381 5542 apud
3442 5474 3508 5527 ΙΙ.
3565 5477 3630 5527 de

2056 5547 2324 5616 Kuightan
2351 5562 2440 5597 an.
2478 5545 2632 5616 lﬂtizl.
2667 5546 2804 5598 llinc
2836 5545 3110 5616 Billeiarin
3147 5543 3381 5616 dignast.
3416 5546 3629 5612 Anglic.

2061 5612 2195 5669 tnui.
2232 5617 2269 5678 Ι,
2332 5632 2455 5681 pag.
2514 5615 2639 5674 (554,
2701 5620 2901 5668 nostris
2956 5612 3135 5670 Billct.
3194 5612 3553 5682 Speluauuus
3600 5630 3631 5666 a

2064 5688 2334 5740 Saxonico
2372 5685 2501 5738 lblle
2529 5687 2764 5747 deducit,
2802 5685 3101 5739 Soumcrus
3147 5700 3213 5739 ex
3268 5683 3473 5737 libellus
3508 5698 3633 5738 cor-

2064 5768 2281 5824 ruptum
2311 5767 2459 5824 putat
2487 5774 2501 5820 ;
2534 5770 2632 5823 ego
2667 5770 2726 5808 ex
2769 5754 2995 5824 βιϐλίον.
