4086 6400
333 335 444 400 θῦ]
1566 333 1985 396 ALEXIADIS
2029 335 2179 395 LIB.
2224 335 2402 395 XIII.
3022 327 3031 358 ‘
3490 334 3596 397 970

331 450 447 512 τοῖς
470 447 720 516 γνησίοις
755 445 909 517 παρά
963 445 1058 500 τοῦ
1093 443 1502 516 αὐτοκράτορος
1537 444 1912 515 προσληφοεὶς

2024 448 2335 502 commissas
2361 446 2496 502 clam
2527 445 2859 503 circumduci
2877 448 3026 517 jnhct
3061 463 3155 517 per
3173 447 3412 504 occultos
3436 451 3601 505 ealles

329 539 428 592 καὶ
463 537 807 606 καταλεγεὶς,
854 537 950 591 καὶ
981 539 1007 590 ὁ
1040 536 1368 607 Σκαλιάριος
1395 530 1438 567 ³¹
1505 534 1749 604 Τοῦρκος
1803 535 1914 588 τῶν

2024 554 2156 605 quos
2183 539 2557 592 moastrahant
2591 537 2856 605 indigena:
2883 539 3148 594 υοιιτὶοιευ
3184 549 3484 608 praeeuntes
3502 541 3599 594 atl-

329 629 654 701 ὀνομαστῶν
682 629 849 683 πάλιν
878 629 1018 684 κατὰ
1056 629 1154 700 τὴν
1183 629 1258 682 ἕω
1304 628 1592 699 ἡγεμόνων
1645 625 1912 695 γεγονὼς,

2025 628 2269 697 oririque
2335 645 2364 682 a
2425 638 2572 696 tergo
2635 641 2938 699 pugnantes
2973 631 3266 686 Romanos.
3328 633 3606 688 Successit

331 721 727 792 αὐτομολήσας
753 720 830 792 τῷ
853 720 1066 792 βασιλεῖ
1096 721 1187 774 καὶ
1215 718 1310 774 τοῦ
1339 719 1497 787 ἀγίου
1525 717 1913 786 Βαπτίσματος

2026 714 2203 769 dolus.
2233 716 2490 783 Occupati
2522 732 2552 771 a
2605 716 2741 772 facie
2799 715 3030 774 Romani
3089 722 3388 776 certamine
3443 723 3606 776 rehe~

330 811 672 882 τετυχηκώς,
2030 805 2226 857 mentis
2276 805 2482 871 hostis,
2551 817 2696 860 retro
2753 818 3018 863 vocantur
3067 812 3268 880 ingenti
3338 811 3603 881 fragore:

327 907 632 960 comitibus
683 905 934 960 videlicet
985 906 1194 960 duobus
1231 906 1492 974 impetum
1526 905 1578 959 in
1635 903 1910 972 Camytza:
1949 911 2128 956 castra
2165 899 2511 956 facientibus.
2556 902 2695 970 Quid
2731 903 2928 959 faceret
3000 907 3371 964 circumventa
3430 912 3605 967 virtus

327 1007 386 1054 et
414 1012 671 1067 oppressa
724 998 990 1052 munero?
1045 997 1172 1052 Post
1231 999 1454 1050 multant
1525 995 1724 1051 caedem
1783 993 1951 1048 effuse
2026 991 2287 1060 fugientes
2311 1009 2438 1048 suos
2471 995 2764 1066 Camytzes
2795 1012 3024 1054 cernens
3053 1017 3190 1070 quos
3214 1018 3313 1058 nec
3348 1020 3606 1059 revocare

327 1104 434 1144 nec:
484 1089 678 1142 sistere
725 1098 959 1156 poterat,
1017 1090 1166 1156 sequi
1214 1083 1433 1140 coactus
1457 1095 1558 1139 εει.
1609 1084 1751 1138 Inter
1776 1083 1910 1136 alios
1950 1081 2318 1135 Romanorum
2352 1083 2616 1150 plurimos
2639 1090 2728 1154 qui
2761 1086 2832 1139 ibi
2895 1089 3210 1144 ceciderunt
3275 1093 3603 1150 desiderium

326 1181 414 1235 sui
474 1196 725 1250 magnum
809 1180 1028 1249 reliquit
1092 1180 1293 1241 Caras,
1343 1193 1406 1232 ex
1472 1175 1724 1230 familiari
1741 1174 1988 1258 .Augusti
2026 1175 2250 1226 cohorte
2273 1214 2285 1238 ,
2315 1177 2571 1242 probatus
2601 1191 2628 1230 a
2663 1193 2827 1247 puero
2859 1179 3108 1248 juvenis,
3136 1194 3188 1238 et
3222 1187 3418 1243 merito
3447 1189 3605 1244 fortis

325 1277 567 1340 indolis,
625 1284 988 1345 spectataeque
1039 1290 1132 1346 per
1175 1275 1358 1328 omnia
1410 1273 1664 1334 virtutis,
1701 1270 1886 1324 eximii
1929 1266 2046 1337 ejus
2070 1268 2276 1321 ordinis
2299 1272 2652 1340 pnerogatiVa
2681 1288 2896 1343 semper
2919 1277 3066 1331 visus
3124 1279 3343 1349 dignus.
3407 1284 3597 1340 Caesus

326 1370 462 1422 item
502 1369 571 1421 ibi
613 1376 696 1421 est
749 1365 1046 1421 Scaliarius
1118 1367 1365 1431 Tureus,
1451 1364 1678 1420 illustris
1734 1361 1860 1414 olim
1891 1372 1986 1428 per
2027 1358 2302 1414 Orientem
2327 1369 2383 1415 et
2414 1363 2520 1415 late
2547 1363 2780 1434 inclytus
2816 1366 2940 1422 belli
2983 1369 3125 1435 dux,
3157 1383 3340 1440 postea
3377 1376 3604 1431 salutari

325 1461 435 1516 sibi
463 1458 528 1513 ad
560 1460 940 1528 imperatorem
967 1459 1292 1528 transfugio,
1332 1458 1494 1514 etiam
1537 1456 1678 1510 sacri
1717 1452 2067 1520 baptismatis
2095 1454 2296 1506 donum
2333 1467 2643 1510 assecutus.

417 1557 579 1610 ’Λλλά
605 1554 773 1608 ταῦτα
806 1554 904 1624 μὲν
923 1553 990 1606 τὰ
1014 1555 1157 1607 κατὰ
1182 1556 1274 1605 τὶν
1307 1552 1636 1622 Καμύτζην.
1675 1549 1738 1603 Ὀ
1768 1548 1824 1601 δέ
1851 1561 1916 1612 γε

339 1649 612 1716 Ἀλυάττης
639 1648 776 1716 μετά
829 1647 924 1698 καὶ
983 1644 1186 1715 ἑτέρων
1217 1644 1454 1710 λογάδων
1485 1641 1583 1711 τὴν
1617 1638 1919 1708 Γλαὸηνίτ-

329 1739 496 1802 Cum“
517 1734 804 1807 φυλάττων
825 1777 839 1802 ,
867 1734 1003 1805 πρὸς
1053 1735 1152 1802 τὴν
1192 1733 1418 1786 πεδιάδα
1477 1730 1766 1801 κατῆλθεν,
1808 1727 1920 1780 εἴτε

331 1831 474 1898 πρὸς
505 1831 744 1898 πόλεμον
771 1869 785 1892 ,
817 1829 925 1880 εἴτε
966 1827 1536 1892 καὶςκατασκοπήσων
1581 1821 1705 1875 τινὰ
1749 1820 1916 1874 τόπου

2101 1542 2377 1600 Hactenus
2421 1547 2699 1619 Camytzte
2751 1551 2934 1607 clades
2973 1569 3136 1623 quam
3175 1557 3226 1611 in
3263 1559 3455 1616 minori
3501 1579 3606 1618 nu»

2028 1653 2176 1691 mero
2193 1655 2300 1692 non
2323 1640 2601 1693 dissimilis
2617 1640 2843 1710 Alyattae
2865 1643 3142 1699 calamitas
3160 1643 3392 1719 excepit.
3422 1654 3467 1708 Is
3485 1671 3606 1709 cum

2027 1730 2161 1783 lecta
2191 1732 2409 1785 fortium
2452 1749 2612 1787 manu
2662 1736 2995 1793 Giahenitma
3022 1742 3088 1795 ad
3131 1748 3430 1799 custodiam
3466 1763 3605 1815 prae-

2028 1824 2256 1890 positus.
2290 1826 2338 1878 in
2367 1825 2646 1895 planitiem
2676 1831 3056 1897 descenderat,
3090 1839 3383 1906 pugnandi,
3411 1855 3476 1893 an
3503 1841 3607 1895 loci

329 1925 510 1986 θέσιν,
538 1922 674 1986 Θεὸς
724 1921 791 1974 ἂν
841 1920 1033 1990 εἰδείη.
1095 1918 1349 1990 Τυχαίως
1386 1917 1430 1969 δ’
1459 1911 1552 1968 οὖν
1613 1915 1916 1968 συναντῶσι

2026 1913 2332 1984 cujuspiam
2387 1918 2704 1986 explorandi
2755 1923 2972 1988 animo,
3016 1941 3122 1979 non
3166 1927 3323 1984 facile
3351 1930 3606 1986 dixerim.

324 2014 509 2083 τούτῳ
586 2012 932 2084 παραχρῆμα
973 1999 1376 2080 ἃατάφρακτοι
1453 2008 1652 2061 Κελτοὶ
1725 2005 1918 2076 ἄνδρες

326 2109 600 2176 γενναῖοι,
633 2105 730 2157 καὶ
759 2103 1062 2173 τηνικαῦτα
1088 2103 1210 2172 διχῆ
1259 2100 1630 2172 διαιρεθέντες
1677 2098 1727 2152 ci
1795 2103 1917 2172 μὲν,

328 2199 679 2268 πεντήκοντα
732 2196 789 2249 δὲ
820 2197 912 2250 τὸν
980 2194 1218 2266 ἀριθμὸν
1265 2188 1409 2264 ἦσαν
1434 2235 1447 2260 ,
1481 2193 1921 2262 καταπρόσωπον

329 2291 506 2346 αὑτοῦ
544 2290 751 2361 σφοδρᾷ
801 2291 869 2359 τῇ
926 2289 1073 2360 ῥύμῃ
1124 2288 1320 2351 ἵενται,
1367 2287 1522 2348 ὅλους
1572 2285 1919 2356 χαλάσαντες

329 2384 635 2455 χαλινούς.
692 2384 740 2435 οἱ
790 2381 847 2433 δέ
900 2397 965 2450 γε
1026 2380 1206 2433 λοιποὶ
1259 2381 1318 2446 ἐξ
1348 2377 1614 2431 ὀπισθίων
1679 2377 1920 2448 ἀψοφητὶ

329 2479 510 2548 τούτῳ
543 2474 880 2545 παρείποντο
906 2489 921 2504 ·
954 2470 1022 2544 ἦν
1055 2475 1164 2546 γὰρ
1205 2471 1413 2541 ἑλώδης
1448 2473 1474 2525 ὁ
1519 2471 1706 2534 τόπος.
1773 2471 1833 2523 Ὀ
1861 2469 1919 2523 δὲ

341 2570 617 2640 ’Λλυάτης
638 2569 738 2639 τῆς
777 2568 886 2620 τῶν
920 2566 1146 2620 ὄπισθεν
1177 2565 1250 2636 μὴ
1275 2565 1600 2633 αἰσθόμενος
1629 2562 1916 2628 ἐλεύσεως,

334 2663 469 2716 ἀλλὰ
504 2663 645 2716 κατὰ
675 2657 782 2714 τῶν
813 2659 1128 2732 ἔμπροσθεν
1168 2659 1264 2732 ὅλῃ
1288 2657 1480 2730 γνώμῃ
1513 2657 1920 2727 ἀγωνιζόμενος

331 2757 430 2808 καὶ
486 2754 655 2825 χειρὶ,
687 2751 912 2823 λέληθεν
966 2752 1160 2804 ἑαυτὸν
1190 2751 1272 2813 εἰς
1303 2749 1548 2803 κίνδυνον
1595 2748 1916 2810 συνελάσας.

347 2848 812 2910 Ἐπεισπεσόντες
842 2845 951 2916 γὰρ
982 2844 1159 2915 τούτῳ
1179 2844 1228 2896 οἱ
1262 2843 1319 2908 ἒξ
1340 2841 1606 2895 ὀπισθίων
1629 2841 1919 2912 ἐρχόμενοι

332 2936 625 3008 καρτερῶς
685 2936 807 2990 κατ’
871 2935 1038 2990 αὖτοῦ
1097 2936 1386 3006 ἐμάχοντο.
1443 2933 1793 3004 Συναντήσας
1862 2933 1920 2986 δὲ

332 3032 514 3098 τούτῳ
545 3031 721 3100 κόμης
751 3047 840 3090 τις
865 3029 1300 3096 Κοντοπαγάνος-
1335 3027 1674 3097 καλούμενος
1734 3023 1919 3094 βάλλει

330 3121 530 3175 τοῦτον
580 3120 670 3174 διὰ
734 3119 832 3172 τοῦ
886 3119 1133 3188 δόρατος,
1168 3119 1262 3172 καὶ
1319 3116 1669 3188 παραχρῆμα
1713 3116 1920 3178 ἄπνους

333 3215 482 3270 κατὰ
515 3216 619 3285 γῆς
668 3215 869 3270 ἔκειτο.
907 3214 1179 3268 Πίπτουσι
1209 3212 1265 3264 δὲ
1325 3213 1419 3264 καὶ
1483 3211 1580 3265 σὺν
1641 3211 1792 3280 αὐτῴ
1819 3209 1920 3262 οὐκ

2022 2005 2187 2062 Forte
2222 2007 2329 2060 iilie
2357 2009 2517 2064 habet
2565 2011 2755 2066 obvios
2800 2015 3180 2082 cataphractos
3213 2019 3397 2074 Gallos
3449 2023 3598 2075 viros

2024 2097 2216 2164 fortes,
2261 2101 2350 2169 qui
2401 2104 2584 2156 statim
2621 2105 2795 2174 etipsi
2828 2107 2985 2162 divisi
3013 2107 3264 2164 bifariam
3295 2123 3449 2181 parte
3502 2127 3607 2166 una

2022 2195 2414 2263 quinquaginta
2456 2197 2735 2266 equitibus
2757 2209 3043 2256 constante
3079 2205 3130 2256 in
3167 2215 3386 2260 nostros
3413 2206 3610 2260 adver-

2021 2300 2110 2339 sos
2139 2294 2301 2340 ruunt
2321 2288 2524 2356 impetu
2547 2305 2708 2360 quam
2741 2293 2980 2346 maximo
3003 2295 3130 2349 totis
3157 2295 3381 2352 habenis
3399 2298 3605 2366 effusis;

2022 2391 2152 2445 pars
2184 2379 2356 2434 altera
2414 2382 2767 2436 circumducti
2814 2385 2932 2439 sine
2962 2387 3215 2455 strepitu,
3268 2390 3468 2458 quippe
3516 2408 3608 2461 per

2023 2469 2227 2526 lutosas
2257 2481 2351 2526 aut
2401 2472 2564 2526 etiam
2596 2475 2866 2530 undantes
2895 2478 3012 2532 vias
3060 2479 3161 2534 loci
3202 2481 3492 2549 palustris,
3554 2485 3607 2538 in

2022 2560 2295 2619 Romanos
2329 2578 2550 2620 aversos
2579 2577 2631 2621 et
2663 2584 2851 2637 pugnae
2878 2569 2987 2638 jam
3028 2587 3290 2627 consertae
3331 2575 3607 2629 Gallorum

2023 2654 2248 2709 aliorum
2305 2671 2334 2710 a
2400 2658 2576 2714 fronte
2623 2651 2944 2716 it'rtteutium
2999 2671 3112 2717 toto
3171 2666 3352 2719 animo
3386 2678 3608 2738 totoque

2019 2759 2219 2803 conatu
2271 2750 2544 2819 intentos,
2579 2752 2870 2821 improvisa
2900 2755 3200 2826 eademque
3246 2759 3608 2814 vehementis-

2022 2842 2159 2898 sima
2204 2845 2564 2915 impressione
2601 2861 2629 2899 a
2666 2856 2816 2916 tergo
2861 2848 3148 2920 impetuut.
3181 2852 3430 2923 Alyatteu
3462 2853 3610 2908 Con-

2025 2944 2325 3006 topaganus
2382 2938 2602 3007 quidam
2643 2953 2828 2996 comes
2879 2941 3030 2996 hasta
3079 2943 3388 2998 confossum
3441 2947 3605 3000 immo

2023 3029 2216 3101 afﬂigit
2263 3033 2586 3099 exanimem;
2638 3033 2796 3104 391
2851 3035 3051 3091 cadunt
3085 3045 3139 3092 et
3162 3037 3250 3091 alii
3299 3055 3402 3094 non
3453 3044 3608 3108 pauci

2023 3122 2451 3179 commilitonum
2505 3125 2638 3193 ejus.
2707 3125 3008 3195 Imperator
3051 3128 3134 3183 his
3180 3129 3381 3186 auditis
3439 3133 3611 3187 haud-

2022 3231 2291 3286 quaquam
2323 3219 2685 3270 cunctandum
2721 3227 2868 3272 ratus
2896 3219 3024 3289 quin
3054 3220 3098 3274 si
3127 3221 3254 3290 quid
3284 3223 3348 3273 ad
3393 3241 3608 3277 n-anuin

329 3310 531 3377 ὀλίγοι.
563 3308 746 3362 Ταῦτα
775 3305 1116 3378 μεμαθηκὼς
1156 3306 1184 3357 ὁ
1224 3301 1610 3373 αὐτοκράτωρ,
1664 3302 1756 3355 τὸν
1778 3303 1920 3354 Καν-

2029 3305 2252 3360 haberet
2301 3304 2536 3362 eilicacis
2571 3307 2756 3360 auxilii
2809 3308 3072 3364 adverStts
3123 3310 3482 3365 Baimundmn
3517 3329 3611 3365 ex-

341 3400 690 3472 τακουζηνὺν
739 3398 1156 3470 μετεπέμψατο,
1213 3397 1381 3466 ἄνδρα
1412 3395 1602 3448 τοῦτον
1639 3393 1926 3464 γινώσκων

335 3497 468 3568 περὶ
516 3495 616 3557 τὰς
663 3490 1096 3562 ’στρατιωτικὰς
1160 3491 1505 3559 ὲγχειρὴσεις
1565 3485 1922 3541 ἱκανώτατον.

340 3591 586 3659 Ἐφθασε
616 3588 748 3657 γὰρ,
781 3586 854 3649 ώς
883 3585 1040 3656 ἔφην,
1068 3581 1396 3636 καταλαϐεῖν
1422 3582 1513 3634 τὸν
1542 3579 1924 3650 αὐτοκράτορα

329 3684 416 3743 είς
449 3681 616 3734 τόπον
659 3676 1032 3749 μετακληθεὶς
1106 3674 1217 3728 ἀπὸ
1267 3671 1617 3734 Λαοδικείας.
1692 3673 1851 3726 Ἐπεὶ
1879 3671 1924 3724 δ’

321 3775 608 3846 ἀναϐολὴν
637 3773 704 3827 τὰ
739 3771 986 3825 κατὰτὸν
1014 3768 1346 3840 Βαῖμοῦντον
1375 3769 1475 3820 οὐκ
1502 3763 1670 3838 εἶχεν,
1693 3767 1926 3836 ἀξιόμα-

329 3884 430 3936 χον
463 3865 698 3935 στρατὸν
733 3861 848 3934 μετ’
878 3861 1048 3915 αὐτοῦ
1092 3859 1498 3928 συνεκπέμπει,
1534 3862 1629 3912 καὶ
1656 3860 1755 3928 τῆς
1779 3873 1924 3927 παρα

329 3960 574 4031 εμϐολῆς
593 3959 757 4024 ἔξεισι
784 3957 1198 4027 προεκπέμπων
1222 3957 1384 4008 αὑτὸν
1406 3955 1450 3986 ³³
1471 3955 1720 4026 καὶπρὸς
1746 3953 1926 4024 μάχας

330 4052 576 4126 ὀτρύνων
633 4052 816 4105 αὐτόν.
876 4047 1161 4118 Ἐφθακὼς
1205 4048 1262 4101 δὲ
1328 4047 1428 4117 τὴν
1467 4045 1791 4117 κλεισούραν
1825 4045 1924 4116 τὴν

335 4143 626 4214 ὲγχωρίως
655 4141 798 4194 οὕτω
825 4140 1173 4209 καλουμένην
1211 4139 1444 4208 Πέτραν,
1478 4139 1570 4189 καὶ
1601 4135 1768 4190 αὑτοῦ
1819 4155 1922 4188 που

335 4238 776 4308 ἐγκαρτερήσας,
800 4235 1021 4296 παλλοίς
1057 4233 1100 4265 ³⁵
1127 4251 1187 4285 τε
1213 4232 1495 4299 λογισμοῖς
1525 4231 1617 4283 καὶ
1649 4245 1918 4299 στρατιω-

331 4335 510 4392 τικοῖς
531 4331 955 4400 ἐπιχειρήμασιν
985 4325 1276 4393 ὲφοδιάσας
1305 4323 1490 4385 αὐτὴν,
1533 4325 1626 4375 καὶ
1657 4323 1723 4376 τὰ.
1747 4323 1924 4392 λῴονα

333 4421 672 4491 ὑποθέμενος
741 4419 880 4490 πρὸς
955 4415 1325 4484 Γλαϐηνίτζαν
1400 4417 1670 4486 χρησταῖς
1740 4414 1921 4466 ἐλπίσι

334 4514 619 4581 θαρσύνας
683 4509 981 4578 ἐκπέμπει.
1081 4507 1321 4568 Ἐκεῖνος
1370 4505 1426 4557 δὲ
1479 4505 1616 4575 πρὸς
1669 4503 1921 4557 Διάϐολιν

2026 3397 2274 3467 pediret,
2332 3398 2773 3452 Cantacuzcnum
2816 3401 3044 3453 accersit
3114 3401 3258 3456 illiio
3308 3405 3611 3473 vadereque

2027 3494 2214 3540 contra
2233 3485 2579 3556 Gallosjuhet
2604 3489 2810 3544 idoneis
2833 3492 3017 3545 adhoc
3034 3491 3080 3544 ei
3105 3493 3396 3561 tis-signatis
3411 3495 3605 3562 copiis.

2028 3579 2184 3635 llunc
2228 3591 2506 3635 Strenuum
2555 3582 2606 3634 in
2645 3582 2833 3650 primis
2880 3595 2933 3637 et
2969 3584 3034 3637 ad
3073 3587 3452 3639 exsecutiones
3497 3585 3610 3641 bei-

2026 3671 2161 3728 licas
2190 3687 2467 3743 peracrem
2500 3684 2754 3727 eVocarat
2785 3677 2849 3727 ad
2881 3689 2960 3738 sc,
2995 3676 3069 3730 nti
3130 3676 3393 3742 diximus,
3427 3680 3609 3748 Augu-

2025 3775 2144 3819 stus
2178 3780 2207 3819 θ
2237 3763 2499 3820 Laodicea
2540 3782 2553 3819 :
2589 3767 2673 3820 cui
2713 3766 2802 3820 ille
2833 3769 3219 3836 obtemperans
3275 3770 3502 3838 imperio
3554 3772 3607 3824 iit

2025 3874 2147 3912 eum
2171 3858 2345 3927 ipsum
2376 3857 2428 3911 in
2455 3873 2560 3926 quo
2592 3867 2719 3913 tunc
2748 3867 2866 3912 erat
2890 3860 3184 3927 imperator
3213 3860 3388 3914 locum
3417 3877 3610 3917 recens

2029 3952 2343 4006 advenerat.
2402 3949 2513 4005 Nec
2541 3965 2746 4004 moram
2774 3952 2862 4006 ille
2892 3953 3268 4022 prolicistemli
3316 3953 3459 4008 fecit.
3496 3956 3609 4009 Au-

2026 4055 2218 4112 gustus
2277 4056 2404 4098 vero
2462 4045 2604 4099 hunc
2651 4046 2910 4100 honorem
2958 4047 3101 4100 eunti
3142 4046 3326 4100 habuit
3367 4059 3422 4101 ut
3451 4049 3644 4101 simul.

2026 4140 2221 4190 castris
2257 4139 2512 4208 prodieus
2541 4151 2664 4192 eum
2689 4155 2860 4208 usque
2892 4139 2957 4191 ad
3000 4140 3257 4195 ('Iisuram
3287 4157 3444 4207 quam
3473 4141 3610 4195 indi-

2023 4243 2177 4298 gena:
2213 4228 2428 4283 Petram
2449 4230 2717 4299 appellant
2752 4232 3059 4285 comitando
3083 4233 3392 4298 deduceret,
3428 4237 3610 4290 multis

2027 4321 2200 4388 ipsum
2233 4321 2408 4374 obiter
2443 4321 2742 4377 adhortans
2800 4324 3015 4388 Verbis,
3074 4324 3350 4395 multaque
3400 4327 3466 4380 de
3498 4338 3606 4382 tota

2024 4413 2147 4468 belli
2174 4413 2383 4468 ratione
2411 4413 2701 4468 utilissime
2727 4415 3050 4484 praecipiens
3079 4432 3092 4469 :
3118 4417 3311 4483 quibus
3337 4419 3608 4473 mandatis

2027 4506 2170 4560 velut
2196 4508 2428 4574 quodam
2459 4504 2656 4560 viatico
2689 4507 3014 4560 instruetum
3048 4507 3282 4571 denique
3304 4508 3606 4574 dimittens,

333 4600 738 4674 ἐπανέστρεψεν
765 4600 832 4654 ³⁸.
867 4598 929 4652 Ὀ
949 4598 1004 4651 δὲ
1023 4595 1508 4666 Καντακουζηνδς,
1534 4595 1920 4665 προσπελάσας

2028 4610 2316 4670 postquam
2353 4599 2400 4652 ei
2434 4597 2599 4652 alacri
2649 4609 2700 4652 et
2729 4615 2824 4668 spe
2847 4599 3047 4667 optima
3084 4599 3240 4666 pleno
3273 4612 3523 4668 precatus
3551 4613 3608 4657 et

334 4694 596 4766 πολιχνίῳ
657 4693 788 4759 τινὶ,
825 4695 882 4745 ὲν
943 4689 1022 4760 τῷ
1070 4689 1430 4758 ἀπέρχεσθαι,
1457 4688 1536 4760 τῷ
1589 4689 1681 4742 τοῦ
1735 4689 1922 4742 Μύλου

334 4789 706 4857 καλουμένῳ,
767 4783 1111 4855 παραχρῆμα
1163 4782 1424 4845 παντοίας
1497 4783 1922 4846 κατασκευάσας

337 4880 620 4942 ἑλεπόλεις
651 4876 961 4942 ἐπολιόρκει
1001 4875 1062 4928 τὸ
1093 4873 1390 4944 πολίχνιον.
1430 4873 1542 4926 Καὶ
1568 4875 1616 4926 οἱ
1656 4873 1922 4944 Ῥωμαῖοι

336 4970 715 5042 ἀναισχύντως
774 4970 888 5031 τοῖς
940 4967 1148 5038 τείχεσι
1205 4959 1640 5048 προσεπέλαζον.
1700 4969 1809 5019 Καὶ
1871 4971 1920 5020 οἱ

340 5067 440 5134 μὲν
469 5064 581 5134 πῦρ
629 5061 873 5124 ἀνιέντες
924 5060 1024 5124 τάς
1065 5059 1236 5122 πύλας
1286 5061 1593 5131 ὲνεπίπρων
1618 5099 1632 5124 ,
1659 5061 1705 5113 οἱ
1740 5062 1797 5114 δὲ
1829 5062 1925 5115 καὶ

336 5153 424 5204 διὰ
457 5151 552 5204 τοῦ
596 5151 809 5220 τείχους
840 5149 920 5211 εἰς
959 5150 1058 5212 τὰς
1101 5149 1358 5216 ἐπάλξεις
1403 5151 1600 5204 θᾶττον
1664 5149 1922 5222 ἀνῄεσαν.

337 5244 660 5313 Αἰσθόμενοι
683 5245 728 5296 δ’
762 5241 814 5293 oi.
862 5241 1100 5312 πέραθεν
1143 5242 1237 5293 τοῦ
1277 5245 1528 5311 ποταμοῦ
1567 5244 1664 5298 τοῦ
1719 5248 1923 5300 οὑτωσί

339 5337 683 5406 καλουμένου
735 5333 917 5400 Βούση
966 5333 1312 5404 αὐλιζόμενοι
1375 5337 1593 5399 Κελτοὶ,
1627 5337 1702 5401 ὡς
1733 5339 1794 5391 τὸ
1825 5338 1918 5392 τοῦ

337 5431 524 5486 Μύλου
564 5431 609 5462 ⁸⁸
638 5429 958 5485 καστέλλιον
1008 5429 1179 5483 ἔθεον.
1235 5431 1344 5495 Οὓς
1389 5433 1720 5505 θεασάμενοι
1748 5440 1796 5490 οἱ
1825 5435 1916 5490 τοῦ

2027 4692 2299 4744 οει.1ι.οιιιε
2325 4700 2408 4744 est
2447 4691 2621 4744 fausta
2656 4691 2860 4752 omnia,
2899 4690 3169 4744 Dcaholim
3207 4695 3348 4746 unde
3387 4705 3606 4748 venerat

2031 4788 2270 4840 revertit.
2327 4783 2580 4853 Ptrgtntt
2625 4784 3002 4838 Cantacnzcno
3031 4785 3180 4838 vicus
3211 4786 3450 4839 occurrit
3480 4786 3604 4857 λη’ιί

2027 4881 2222 4934 dictus.
2319 4879 2546 4948 EXpCtlii
2647 4879 2928 4932 confestim
3013 4879 3247 4934 mttrales
3327 4881 3608 4936 machinas

2026 4981 2408 5042 Oppugnatque
2478 4981 2738 5024 castrum.
2800 4969 3009 5024 Instant
3069 4973 3266 5024 acriter
3346 4972 3598 5027 Romani.

2029 5063 2160 5117 Pars
2191 5062 2389 5134 injecto
2425 5062 2548 5133 igne
2579 5075 2763 5133 portas
2812 5063 3128 5116 munitionis
3159 5072 3437 5130 cremant;
3477 5079 3604 5134 pars

2026 5159 2075 5209 in
2112 5158 2302 5223 pinnas
2346 5155 2604 5209 moenium
2646 5155 2782 5207 enisi
2818 5170 3027 5208 sununa
3073 5155 3119 5207 vi
3155 5171 3251 5223 pro
3282 5171 3341 5209 se
3371 5158 3604 5226 quisque

2022 5255 2074 5306 iu
2116 5265 2294 5304 arcem
2348 5249 2613 5302 insiliunt.
2641 5243 2755 5301 Tali
2813 5249 3041 5302 artiCnlo
3089 5264 3268 5300 rerum
3310 5252 3398 5314 qui
3455 5259 3602 5301 trans

2020 5345 2216 5399 ﬂumen
2247 5343 2419 5395 Busen
2453 5342 2741 5395 stationem
2771 5340 3040 5392 habebant
3063 5339 3200 5392 Galli
3223 5341 3288 5393 ad
3317 5338 3599 5393 castellum

2021 5440 2166 5510 lilyli,
2202 5435 2438 5506 periculo
2489 5433 2608 5504 ejus
2650 5433 2832 5501 procul
2884 5433 3279 5498 animadverso,
3327 5431 3601 5500 Sttppctias

1385 5573 1591 5635 Vat-ite
1630 5575 1941 5639 lectiones
1979 5594 2052 5638 ex
2089 5579 2230 5638 eod.
2263 5573 2531 5635 Coislin.

429 5723 470 5756 ²¹
509 5717 844 5788 Σκαλιάρης.
922 5719 965 5751 ³¹
998 5697 1438 5800 Γλαϐυνέτλανην
1475 5726 1519 5758 ³³
1545 5719 1680 5783 οῗόν.

627 5819 898 5878 Ριτιιοι..
931 5817 1045 5878 Gtt.
1079 5820 1350 5884 CXXXI.

1796 5729 1840 5761 “
1865 5727 2103 5790 πολλοῖς.
2181 5727 2224 5758 ³³
2258 5725 2611 5792 ἀνέστρεψεν.
2689 5721 2731 5752 ³⁸
2772 5719 2996 5773 Μώλου.

3206 5811 3274 5872 31
