4086 6400
428 374 529 440 971
1752 364 1979 426 ΑΝΝίΕ
2028 369 2041 425 t

2116 367 2233 427 MN
2249 363 2414 425 ΕΝιἘ
3614 363 3729 428 972

431 508 592 548 cursu
624 489 841 548 concito
888 487 1156 546 ferebant.
1216 483 1604 554 Exploratores
1646 479 2015 534 Cantaeuzeni

2122 479 2590 548 Καντακουζηνοῦ
2646 478 2840 531 σκοποὶ
2877 474 3170 549 (βάρϐαροι
3204 475 3262 532 δέ
3302 472 3464 548 ἦσαν,
3501 478 3529 532 6
3563 477 3726 548 λόγος

434 587 685 643 homines
734 582 997 648 barbari,
1063 589 1122 634 ut
1181 579 1382 634 dictum
1420 585 1542 640 est,
1610 573 1726 627 visu
1779 571 2020 642 perculsi

2124 569 2342 640 φθάσας
2379 569 2642 640 ἐδήλωσε)
2667 567 3146 638 ἐπανατρέχουσιν
3185 565 3546 630 ἀσυντάκτως
3585 566 3728 637 πρὸς

437 678 649 749 trepide
686 684 982 733 recurrunt
1013 673 1082 729 ad
1127 673 1320 727 ducem
1355 682 1549 730 suum;
1594 680 1697 720 nec
1751 675 1936 718 tamen
1970 662 2019 718 ei

2121 663 2290 718 αὐτὸν
2310 664 2407 716 καὶ
2434 664 2496 716 οὐ
2540 661 2940 733 μυστηριωδῶς
2968 660 3099 729 περί⁵
3123 657 3235 713 τῶν
3262 657 3544 728 φανέντων
3588 651 3728 712 κατέ

433 774 664 840 primam
694 769 768 825 rei
798 767 1049 824 notitiam
1081 770 1383 824 reservant,
1408 757 1857 834 autsedatiiqvm-e
1887 755 2018 810 sub-

2122 755 2408 828 ήγγελλον,
2431 755 2569 808 ἀλλὰ
2605 752 2888 825 πόρρωθεν
2910 749 3218 822 φωνοῦντες
3233 747 3442 804 τούτων
3462 747 3654 816 ἔφοδον
3678 745 3726 778 ³⁷

438 839 604 919 missa
638 861 767 932 quid
798 859 1064 915 vidissent
1091 854 1363 917 nuntiant,
1402 862 1461 906 ut
1489 849 1840 928 cordatorum
1895 847 2022 903 ofti.

2121 851 2330 920 ἐλεγον.
2399 847 2762 910 Ἀκούσαντες
2816 845 2875 898 δὲ
2949 847 2999 900 ol
3067 843 3408 914 στρατιῶται
3459 841 3560 911 τὴν
3609 839 3727 894 τῶν

437 958 584 1018 cium
623 962 765 1021 erat,
793 951 889 1008 sed
923 951 1064 1006 inter
1101 948 1279 1018 ipsum
1313 960 1533 1002 cursum
1567 951 1629 997 ιιι
1649 951 1807 998 erant
1840 939 2022 995 anheli

2121 941 2344 999 Κελτῶν
2378 940 2590 1011 ἔφοδον,
2623 940 2729 995 κᾶν
2779 939 2889 992 τῶν
2927 937 3130 1008 τειχῶν
3187 936 3564 1007 ὐπερέῦησαν,
3614 935 3725 988 κᾶν

435 1063 494 1106 et
516 1058 660 1104 metu
687 1044 967 1104 examines
996 1039 1301 1095 clamarunt
1331 1037 1521 1092 adesse
1538 1033 1748 1090 Gallos.
1783 1029 2024 1087 Perculit

2121 1037 2222 1101 τὰς
2245 1035 2420 1099 πύλας
2451 1035 2791 1104 ἐνέπρησαν,
2833 1032 2937 1085 κᾶν
2974 1033 3033 1084 ἐν
3056 1029 3217 1100 χερσὶ
3275 1028 3432 1082 τοῦτο
3457 1026 3726 1096 κατέχον-

437 1139 755 1212 imprudens
806 1150 913 1191 vox
949 1134 1221 1190 Romanos
1268 1130 1380 1201 jam
1427 1127 1698 1190 victores,
1730 1136 2023 1194 arcemque

2121 1145 2216 1192 τες
2245 1122 2387 1199 ἦσαν
2431 1127 2557 1198 ἥδη,
2594 1125 2709 1180 ἀλλ’
2759 1122 3261 1195 ἐκδειματωθέντες
3302 1121 3538 1184 ἕκαστος
3583 1119 3725 1189 πρὸς

435 1229 676 1287 incensis
734 1235 1015 1297 patentem
1087 1219 1302 1292 portis,
1373 1215 1708 1273 transcensis
1773 1215 2020 1270 invasam

2123 1223 2217 1277 τὸν
2271 1221 2406 1276 ῐδιον
2465 1219 2690 1292 ἔτρεχεν
2741 1219 2932 1274 ἵππον.
3001 1215 3277 1288 Ἔμφοϐοι
3343 1215 3400 1269 δὲ
3432 1215 3586 1277 ὅντες
3623 1214 3726 1265 καὶ

434 1323 648 1387 muris,
705 1316 938 1376 extorsit
989 1316 1243 1370 manibus
1302 1310 1668 1368 obtinentium
1723 1324 1738 1361 :
1792 1305 2023 1376 quisque

2126 1310 2414 1375 συνθέντες
2459 1308 2572 1383 Ilo.
2615 1309 3002 1383 συγχυθέντες]
3033 1309 3124 1362 τὸν
3164 1306 3288 1362 νοῦν
3323 1306 3516 1377 ἅτερος
3563 1303 3725 1356 θατέ-

435 1430 627 1471 amens
661 1423 874 1468 terrore
903 1408 1084 1464 subito
1131 1405 1320 1476 pedem
1350 1402 1552 1466 refert,
1606 1401 1894 1455 victoriam
1927 1399 2022 1453 ab-

2126 1422 2224 1478 ρου
2265 1403 2432 1458 ἵππον
2491 1402 2802 1458 ἐπέϐαινεν.
2832 1401 3010 1456 Πολλὰ
3069 1401 3199 1472 γοῦν
3256 1402 3285 1454 6
3329 1397 3726 1466 Καντσκουζη-

437 1506 609 1572 dicat,
660 1518 862 1574 equum
909 1499 1130 1571 repetit,
1181 1497 1553 1567 adjumentum
1607 1493 1809 1548 velocis
1865 1493 2022 1560 fugat.

2123 1500 2212 1562 νὸς
2251 1498 2663 1569 ἀγωνισάμενος
2710 1499 2804 1552 καὶ
2861 1497 3063 1561 πολλὰς
3119 1496 3388 1559 ἱππασίας
3428 1493 3574 1547 κατὰ
3613 1491 3725 1545 τῶν

434 1599 660 1656 Collisio
681 1606 800 1652 erat
824 1595 962 1648 mira
984 1590 1340 1659 confusioque
1363 1588 1418 1640 in
1441 1601 1559 1641 sese
1581 1583 1978 1640 incurrentium
2005 1621 2019 1645 ,

2130 1592 2652 1662 ἐκδειματωθέντων
2718 1591 2974 1660 ποιήσας,
3065 1587 3302 1662 Ἀνέρεςς
3369 1586 3532 1648 ἕστε,
3605 1601 3724 1651 φω-

437 1704 494 1751 et
540 1707 662 1747 cum
698 1689 902 1758 trepide
933 1701 1032 1755 pro
1083 1700 1140 1740 se
1192 1685 1428 1751 quisque
1477 1679 1820 1740 festinarent,
1855 1689 2024 1745 equos

2126 1684 2234 1739 νῶν
2314 1683 2456 1739 κατὰ
2531 1683 2626 1737 τὸν
2703 1685 2939 1753 ποιητὴν
2975 1723 2988 1747 ,
3043 1682 3356 1751 μνήσθητε
3449 1675 3732 1743 θούριδος

435 1802 536 1859 pro
564 1787 678 1842 suis
708 1781 940 1845 alienos,
981 1789 1040 1833 ut
1069 1789 1345 1847 quemque
1377 1772 1576 1842 cuique
1606 1769 1720 1824 fors
1778 1777 1833 1824 et
1866 1780 2024 1821 error

2127 1776 2346 1846 ἀλκῆς,
2402 1778 2480 1840 ὡς
2551 1777 2653 1832 οὐκ
2719 1775 2982 1840 ἔπειθεν,
3035 1774 3255 1844 εὐφυῶς
3336 1770 3559 1834 τούτους
3622 1773 3727 1839 τῆς

435 1834 713 1934 :btulerat
750 1915 766 1941 ,
819 1871 1276 1927 insccndentium.
1351 1863 1728 1933 Nequidquam
1821 1857 2014 1914 Canta-

2131 1834 2343 1935 πτοίας,
2397 1834 2702 1942 ἀνήνεγκε,
2755 1834 3021 1942 φάμενος,
3059 1834 3135 1933 ὡς
3188 1834 3274 1922 0i)
3332 1867 3451 1937 χρὴ
3514 1834 3732 1920 ἑλεπό-

436 1985 681 2028 enzenus
713 1966 1037 2036 obequitans
1088 1962 1344 2016 obstabat
1371 1956 1686 2022 ruentibus,
1721 1963 1776 2008 et
1822 1967 1983 2006 manu
2005 1988 2021 2014 ,

2130 1966 2261 2029 λεις
2311 1962 2668 2018 καταλιπεῖν
2709 1962 2835 2028 τοῖς
2884 1963 3183 2028 ἐναντίοις
3224 1963 3355 2016 καθ’
3402 1959 3574 2031 ἡμῶν
3631 1957 3733 2026 ὄρ·-

441 2077 576 2120 voce
598 2102 612 2127 ,
661 2066 797 2114 nutu
823 2070 1015 2114 omnes
1050 2053 1371 2116 admonetts,
1404 2048 1633 2105 reddere
1659 2043 2022 2103 constantiam

2133 2071 2326 2127 rara,
2357 2057 2519 2111 ἀλλὰ
2578 2057 2698 2126 πῦρ
2752 2059 2841 2124 εἰς
2889 2057 3076 2123 αὑτὰς
3118 2052 3423 2126 ἐμϐαλεῖν,
3457 2047 3587 2122 κᾷθ’
3619 2052 3729 2106 οὕ-

437 2167 584 2212 metu
621 2151 862 2220 abreptis
892 2149 1088 2219 panico
1132 2145 1398 2201 certabat.
1447 2141 1577 2197 Este
1630 2140 1765 2204 viri,
1802 2139 2021 2203 aiebat,

2135 2169 2252 2217 τως
2301 2151 2738 2218 εὐσυντάκτως
2781 2148 3140 2220 ὑποχωρεῖν.
3198 2147 3550 2220 Παραχρῆμα
3593 2145 3729 2212 γοῦν

437 2266 468 2304 e
499 2256 655 2317 poeta
680 2254 953 2313 repetens,
977 2252 1025 2294 et
1043 2241 1229 2308 prisca:
1254 2251 1509 2292 memores
1530 2233 1740 2289 virtutis
1761 2234 1814 2287 in
1836 2231 2023 2293 armis;

2135 2242 2282 2314 μάλα
2315 2240 2618 2314 προθύμως
2651 2241 2928 2312 ἐπλήρουν
2967 2241 3018 2293 οί
3050 2240 3384 2308 στρατιῶται
3437 2237 3499 2292 τδ
3551 2254 3731 2309 προσ-

438 2340 534 2395 sed
588 2332 1077 2398 eanebat'surdis,
1135 2341 1190 2386 et
1232 2328 1389 2385 ducis
1446 2325 1583 2382 nihil
1631 2340 1741 2380 non
1777 2323 2026 2380 conantis

2129 2333 2485 2402 ταττόμενον,
2517 2337 2613 2386 καὶ
2669 2333 2730 2385 οὐ
2761 2332 2862 2394 τὰς
2909 2330 3193 2394 ἑλεπόλεις
3223 2330 3412 2401 μόνον,
3445 2327 3585 2383 ἀλλὰ
3628 2328 3730 2382 καὶ

435 2428 766 2486 indusu'iam
828 2424 1118 2480 oblitorum
1171 2420 1340 2476 officii
1407 2419 1638 2475 militum
1687 2415 2022 2489 perturbatio

2130 2427 2199 2478 τὰ
2219 2424 2364 2478 κατὰ
2400 2423 2494 2477 τὸν
2533 2425 2784 2493 ποταμὸν
2819 2421 3034 2493 Βούσην
3065 2408 3359 2493 Ἶστάμενα
3395 2420 3557 2476 πλοῖα
3607 2421 3731 2476 ἐνέ-

437 2524 712 2579 vincebat.
776 2518 873 2574 llle
917 2529 1095 2573 tamen
1147 2531 1214 2570 ne
1267 2524 1395 2570 tunc
1451 2513 1668 2584 quidem
1722 2509 2025 2580 desperans

2133 2532 2388 2587 πρησαν,
2435 2515 2511 2579 ὡς
2549 2514 2626 2586 μὴ
2686 2514 2892 2586 ῥαδίως
2929 2514 2981 2568 οἱ
3034 2513 3232 2568 Κελτοὶ
3260 2514 3531 2585 διαπερᾷν
3568 2513 3727 2567 ἐνθεν

433 2618 619 2672 omnia
665 2633 680 2672 ι
735 2612 904 2678 Esto,
969 2609 1174 2679 inquit,
1222 2607 1417 2662 milites
1466 2621 1669 2660 eamus.
1728 2602 1897 2673 Fuga:
1942 2617 2024 2655 me
2132 2609 2329 2681 ἔχοιεν,
2353 2608 2527 2692 Αὺτὶτς
2553 2608 2611 2662 δὲ
2637 2607 2970 2670 ἀναποδίσας
3011 2607 3210 2679 μικρὸν
3241 2607 3336 2659 καὶ
3359 2607 3574 2661 πεδιάδι
3613 2607 3732 2661 τινὶ

435 2711 636 2765 sociant
688 2705 964 2760 habebitis.
1003 2701 1107 2758 Sed
1168 2716 1262 2753 rur
1318 2708 1524 2753 nostras
1551 2696 1828 2752 machinas
1887 2694 2024 2748 hosti

2131 2700 2372 2774 ἐντυχὼν
2417 2701 2656 2767 δεξιὸθεν
2720 2701 2819 2770 μὲν
2880 2701 2972 2756 τὸν
3025 2699 3368 2768 καλούμενον
3427 2701 3728 2770 Χαρζάνην

437 2799 814 2872 relinquimus?
835 2814 928 2851 cur
950 2808 1131 2849 nostra
1147 2795 1295 2862 copia
1319 2790 1504 2846 Gallos
1527 2806 1795 2845 armemus
1812 2790 1836 2843 ?
1852 2790 2022 2858 Agite,

2133 2793 2382 2860 ποταμὸν
2412 2792 2637 2864 ἐχούσῃ,
2675 2792 2734 2859 ἐξ
2767 2793 3058 2863 εὐωνύμου
3094 2793 3151 2847 δὲ
3183 2793 3361 2860 ἑλώδη
3393 2792 3520 2847 τινὰ
3553 2792 3729 2847 τόπον

439 2897 605 2952 brevis
659 2909 750 2947 nec
779 2889 1077 2962 periculosa
1129 2902 1278 2939 mora
1320 2894 1420 2939 est.
1457 2882 1872 2951 Corrumpamus
1911 2879 2024 2950 igni

2133 2888 2225 2940 καὶ
2256 2885 2527 2956 βαλτώδη,
2557 2887 2654 2940 καὶ
2687 2887 3140 2958 συγχρησάμενοι
3176 2889 3388 2952 τούτοις
3408 2887 3485 2952 ὡς
3509 2887 3727 2958 ὀχυρώ-

437 3006 555 3062 qua:
582 3002 674 3042 ne:
699 2983 880 3039 tuendi
909 2981 1142 3044 animus,
1176 2995 1268 3032 nec
1290 2976 1547 3047 efferendi
1571 2974 1805 3045 facultas
1824 2974 2023 3028 otium-

2136 2993 2302 3046 μασιν
2332 2975 2501 3030 αὐτοῦ
2535 2994 2641 3030 που
2683 2977 2777 3030 τὸν
2829 2979 3054 3049 χάρακα
3095 2978 3392 3050 ἐπήξαντο.
3444 2980 3505 3032 Ol
3534 2979 3591 3033 δέ
3627 2982 3731 3050 ρη-

435 3101 495 3137 υε
521 3080 771 3151 suppetit;
803 3091 964 3145 neque
995 3073 1128 3129 illud
1149 3072 1310 3142 jubeo
1338 3080 1636 3135 exspectare
1654 3085 1740 3122 vos
1757 3068 1933 3139 quoad
1963 3083 2023 3121 ea

2133 3069 2322 3134 θέντες
2354 3069 2554 3124 Κελτοὶ
2577 3071 2734 3143 παρὰ
2772 3071 2850 3142 τῷ
2885 3072 3057 3141 χείλει
3084 3072 3178 3125 τοῦ
3211 3070 3459 3141 ποταμοῦ
3491 3073 3731 3142 γενόμε-

436 3180 490 3230 in
514 3177 736 3228 cinerem
759 3169 1004 3229 abierint;
1021 3167 1239 3236 ﬂamma
1257 3163 1414 3218 semel
1436 3162 1652 3230 injecta,
1673 3177 1764 3230 per
1782 3177 1861 3214 me
1878 3159 2023 3222 licet,

2133 3180 2236 3227 νοι,
2269 3163 2380 3218 τῶν
2438 3164 2645 3218 πλοίων
2707 3164 2812 3237 ήδη
2861 3164 3432 3235 προεμπρησθέντων,
3487 3166 3729 3236 ἀστοχή-

438 3269 527 3332 ile,
561 3260 806 3321 recedite;
831 3258 919 3313 sed
951 3273 1053 3311 non
1083 3265 1294 3321 temere,
1324 3269 1428 3306 non
1460 3253 1703 3322 turpiter,
1732 3254 1823 3306 sed
1841 3252 2026 3306 decore

2132 3271 2328 3319 σαντες
2359 3255 2472 3309 τῶν
2526 3255 2762 3310 ἐλπίδων
2816 3259 3115 3328 κεχηνότες
3169 3258 3536 3329 ὑπέστρεφον.
3573 3259 3632 3313 Ὀ
3669 3261 3729 3314 δέ

439 3357 821 3428 compositeque
859 3351 1106 3406 recedite.
1149 3347 1388 3402 Nimium
1417 3361 1568 3417 aequa
1601 3360 1830 3416 poscere
1872 3345 2023 3400 visus

2129 3347 2226 3404 τοῦ
2260 3347 2609 3419 Βαῖμούντου
2641 3350 2874 3419 ἀδελφὸς
2915 3351 3092 3416 Γίδος,
3128 3353 3200 3408 τὰ
3230 3353 3520 3424 συμϐάντα
3554 3355 3729 3410 πυθό-

439 3458 558 3516 est;
590 3454 756 3510 agunt
793 3443 993 3498 milites
1044 3440 1188 3510 quod
1233 3438 1594 3510 jubebantur,
1636 3439 1777 3506 ultra
1833 3438 2022 3501 etiam,

2133 3459 2297 3515 μενος
2332 3441 2463 3513 παρ’
2493 3442 2699 3509 αὐτῶν,
2732 3443 2900 3517 ἄλλην
2929 3445 3224 3517 ἐτράπετο,
3260 3445 3356 3501 καὶ
3383 3448 3728 3519 στρατιώτας

439 3552 498 3596 ιιι
545 3539 604 3595 fit
627 3577 642 3602 ,
686 3551 847 3607 quam
878 3536 985 3590 dux
1015 3540 1368 3601 speraverat,
1427 3539 1586 3599 capto
1617 3527 1785 3585 semel
1821 3528 2023 3598 impetu

2128 3537 2416 3606 γενναίους
2455 3536 2567 3591 τῶν
2602 3538 2695 3591 ὐπ’
2727 3539 2895 3592 αὐτὸν
2947 3539 3289 3610 διελόμενος,
3334 3543 3470 3614 πρὸς
3509 3543 3731 3615 ’ῐεριχὼ

437 3633 587 3686 elati.
621 3627 898 3699 Siquidem
957 3639 1060 3678 non
1097 3622 1272 3676 solum
1300 3635 1429 3674 suas
1459 3619 1695 3688 ipsorum
1722 3617 2023 3682 machinas,

2129 3631 2227 3683 καὶ
2252 3630 2320 3684 τὰ
2342 3630 2558 3686 Κάνινα
2588 3629 2896 3703 ἐξέπεμψε.
2935 3634 3365 3699 Καταλαβόντες
3395 3630 3488 3689 οὖν
3516 3635 3586 3689 τὰ
3619 3637 3726 3689 ὑπὸ

438 3726 534 3780 sed
561 3724 724 3778 etiam
782 3718 1006 3774 hostiles
1050 3713 1214 3786 392
1258 3728 1426 3767 naves
1475 3712 1542 3767 ad
1599 3710 1796 3766 flumen
1842 3709 2022 3765 Busen

2125 3723 2223 3778 τοῦ
2259 3725 2624 3794 Κεκαυμένου
2665 3725 2890 3797 Μιχαὴλ
2933 3729 3254 3798 τηρούμενα
3274 3728 3462 3800 τέμπη
3488 3730 3722 3800 (ἐκεῖνον

440 3823 651 3870 stantes
680 3808 1038 3865 incenderunt
1068 3847 1081 3869 ,
1119 3820 1225 3858 non
1281 3805 1476 3874 exiguo
1531 3803 1873 3857 incommodo
1900 3800 2027 3856 Gal-

2127 3815 2238 3886 γὰρ
2295 3815 2518 3886 φύλακα
2566 3816 2776 3870 τούτων
2830 3818 3140 3890 ἐπέστησεν
3181 3818 3228 3851 ³⁸
3261 3823 3289 3874 6
3315 3820 3726 3891 αὐτοκράτωρ),

441 3908 665 3970 lorum,
744 3901 942 3972 quibus
1007 3899 1154 3952 haud
1220 3895 1398 3952 facilis
1454 3894 1710 3963 deinceps
1772 3893 2027 3961 trajectus

2132 3909 2227 3961 καὶ
2251 3910 2527 3978 συμμάχῳ
2545 3910 2624 3980 τῷ
2639 3911 2791 3980 τόπῳ
2815 3914 3158 3981 χρησάμενοι
3195 3913 3290 3966 καὶ
3319 3914 3727 3986 θαρρήσαντες,

443 3997 622 4053 amnis
655 3994 776 4064 ejus
810 3990 1029 4046 futurus
1056 3988 1364 4042 videbatur.
1397 3985 1473 4040 ita
1510 3986 1727 4040 demunt
1754 3983 2028 4040 Cantacu-

2130 3999 2403 4069 τρέπουσι
2480 4000 2857 4071 ξυμϐαλόντες
2910 4003 2955 4035 ⁸³
2999 3983 3402 4074 κατακράτοςο-
3428 3983 3568 4076 ανὴρ
3613 4007 3728 4077 γὰρ

439 4103 608 4146 zenus
667 4080 770 4140 rite
825 4094 989 4152 atque
1065 4080 1316 4134 ordinate
1369 4093 1490 4134 cum
1551 4077 1669 4134 suis
1727 4093 1759 4132 ε
1819 4086 2028 4132 terrore

2133 4087 2340 4153 Κελτὸς
2369 4089 2512 4143 ἐπὰν
2549 4091 2810 4162 στενωπῴ
2834 4094 2948 4156 τοῖς
3007 4094 3231 4166 ἐχθροῖς
3274 4095 3486 4166 ἔτυχεν,
3517 4098 3731 4152 ἀκάθε-

439 4181 720 4253 paulisper
777 4174 1032 4244 receptis,
1061 4173 1207 4227 leuto
1251 4169 1361 4238 jam
1391 4181 1445 4226 et
1477 4169 1701 4224 militari
1760 4170 2024 4225 recedens

2133 4199 2262 4245 κτος
2313 4182 2546 4250 γίνεται,
2598 4182 2789 4255 ὥσπερ
2861 4186 2919 4238 ἐν
2971 4186 3183 4240 πεδιάδι
3245 4187 3365 4240 λίαν
3430 4190 3732 4253 εὐάλωτος.

440 4278 635 4348 gradu.
660 4271 936 4343 planitiem
963 4265 1345 4322 animadvertit
1371 4281 1478 4320 non
1496 4263 1668 4335 1onge
1699 4265 2018 4329 distantem,

2135 4274 2539 4346 θαρσήσαντες
2566 4272 2682 4339 οὖν,
2715 4277 2793 4339 ὡς
2823 4266 2958 4348 πρὸς
2985 4281 3080 4331 τὸν
3119 4282 3577 4352 Καντακευζηνὸν
3628 4284 3731 4338 αὖ-

438 4370 594 4438 cujus
628 4367 766 4422 situs
808 4381 836 4418 a
896 4361 1106 4417 dextris
1159 4359 1364 4413 habens
1395 4373 1607 4412 amnem
1642 4356 1979 4411 Cllﬂl‘lMlClli
2009 4395 2027 4423 ,

2137 4366 2221 4430 θις
2271 4368 2769 4438 ἐπανατρέχουσιν.
2839 4370 2997 4424 Ἐπεὶ
3053 4362 3142 4425 δέχ
3169 4373 3260 4426 τὸν
3316 4372 3483 4428 τόπον
3549 4369 3729 4449 οὗπερ

439 4472 714 4538 protectus
762 4475 790 4512 a
836 4455 1076 4513 sinistris
1123 4452 1268 4508 invio
1319 4451 1495 4520 spatio
1545 4451 1804 4520 palustris
1836 4459 1890 4505 et
1925 4451 2024 4504 uli-

2135 4457 2372 4527 ἔφθασεν
2406 4459 2434 4510 6
2468 4459 2934 4530 Καντακουζηνὸς
2958 4461 3036 4525 ὡς
3080 4463 3315 4532 εἴπομεν
3360 4463 3450 4516 τὸν
3505 4465 3729 4534 χάρακα

440 4557 616 4629 sinesi
644 4553 768 4620 loci,
800 4566 924 4607 cum
945 4558 1102 4620 aptus
1124 4556 1270 4602 esset
1292 4546 1440 4599 visus
1466 4544 1774 4598 muniendis
1803 4545 2022 4609 castris,

2135 4551 2413 4622 πήξασθαι
2481 4552 2558 4625 μὴ
2597 4553 3049 4626 προσϐοηθοῦντα
3103 4555 3320 4620 τούτοις
3362 4559 3722 4626 ἐγνώκειοαν,

442 4649 640 4704 vallum
677 4645 784 4699 illic
822 4643 960 4696 fixit.
991 4640 1162 4694 Porro
1190 4635 1326 4692 Galli
1351 4651 1488 4706 quos
1524 4634 1754 4690 infestos
1790 4635 2026 4690 movisse

2133 4641 2530 4712 δειλιάσαντες,
2571 4646 2939 4702 ἀνεὸάλλοντο
2974 4648 3074 4719 τὴν
3105 4649 3306 4721 μάχην.
3371 4650 3431 4703 Ὁ
3452 4649 3508 4704 δὲ
3540 4652 3721 4705 αὐτῶν

443 4740 509 4792 ad
567 4734 942 4790 liberationem
977 4730 1099 4800 Μ)Ίί
1149 4727 1385 4781 diximus
1410 4766 1425 4790 ,
1462 4726 1551 4780 ubi
1590 4728 1654 4780 ad
1690 4726 1836 4794 ripas
1875 4723 2025 4779 ﬂuvii

2134 4733 2464 4806 αἰσθόμενος
2503 4736 2601 4806 τῆς
2634 4737 2852 4807 ἐφόδου,
2910 4737 2980 4792 δι’
3012 4740 3142 4809 ὅλης
3201 4743 3398 4805 νυκτὸς
3461 4741 3725 4815 ξυμπάσῃ

441 4828 684 4900 provecti
739 4842 905 4880 naves
965 4839 1091 4877 suas
1157 4821 1416 4884 incensas
1479 4828 1842 4887 repererunt,
1910 4822 2023 4887 spei

2137 4829 2368 4899 στρατιᾷ
2423 4827 2523 4900 τὴν
2594 4830 2689 4882 τοῦ
2757 4829 3012 4900 ποταμοῦ
3075 4828 3312 4903 περαίαν
3389 4835 3723 4891 κατέλαϐεν.

446 4923 675 4988 impotes
724 4928 778 4971 et
845 4915 1048 4970 frustra
1112 4912 1327 4967 hiantes
1391 4909 1601 4976 regredi
1648 4908 1819 4964 coacti
1872 4915 2022 4963 sunt.

2146 4920 2333 4994 Ἡλίου
2377 4920 2435 4973 δέ
2455 4920 2729 4991 ὁρίζοντος
2771 4923 2939 4992 μήπω
2993 4923 3413 4996 ὑπερκύψαντος
3464 4927 3625 4990 αὐτός
3657 4945 3722 4982 τε

449 5011 646 5066 Verum
693 5007 976 5062 Baimundi
1031 5006 1201 5061 frater
1259 5001 1428 5058 Gidus
1475 5002 1674 5056 auditis
1729 5016 1849 5071 quae
1879 5001 2025 5056 acci-

2136 5011 2596 5084 θωρακισάμενος
2625 5013 2721 5067 καὶ
2752 5013 2899 5067 ἅπαν
2925 5015 3160 5080 ὁπλίσας
3186 5019 3248 5070 τὸ
3276 5019 3600 5090 στράτευμα
3621 5020 3725 5090 τὴν

445 5107 673 5166 derant,
707 5102 810 5155 alia
859 5100 944 5155 via
1001 5101 1210 5155 hostem
1249 5104 1434 5168 petere
1487 5094 1745 5150 decrevit.
1806 5093 2026 5147 Lectum

2139 5104 2312 5174 μέσην
2363 5106 2461 5173 τῆς
2524 5106 2891 5175 παρατάξεως
2920 5103 3036 5178 εἶχε
3063 5109 3248 5179 χώραν
3305 5112 3725 5181 προμετώπιος.

444 5196 666 5253 fortium
713 5192 944 5246 militum
969 5232 985 5260 ,
1024 5189 1212 5261 quales
1252 5188 1355 5242 sub
1383 5202 1443 5243 se
1475 5187 1707 5240 habebat
1740 5184 2026 5254 plurimos,

2133 5198 2195 5249 Οἱ
2233 5195 2289 5249 δὲ
2314 5194 2548 5266 Τοῦρκοι
2587 5197 2646 5262 ἐξ
2673 5199 2958 5269 εὐωνύμου
2979 5241 2997 5266 ,
3040 5201 3068 5253 6
3093 5201 3148 5256 δέ
3211 5219 3273 5272 γε
3325 5204 3547 5267 Ἀλανδς
3575 5205 3727 5266 βρω-

443 5302 664 5345 ntanum
704 5283 997 5351 improviso
1044 5283 1096 5337 itt
1128 5279 1510 5336 Jerecbuntem
1547 5289 1600 5332 et
1636 5279 1842 5334 Canina
1873 5280 2030 5349 jubet

2143 5287 2348 5358 σμίκης
2374 5288 2432 5340 τὸ
2460 5288 2633 5354 δεξιὸν
2669 5291 2844 5345 διεῖπε
2894 5294 3062 5364 κέρας
3117 5297 3255 5362 μετὰ
3285 5296 3395 5349 τῶν
3440 5297 3724 5351 ὐπάὐτδν

445 5383 677 5436 irruerc.
734 5374 1109 5446 Obsequentes
1165 5373 1238 5427 illi
1272 5371 1439 5428 valles
1471 5371 1521 5424 in
1555 5383 1818 5440 angustas
1861 5388 2028 5439 peuc-

2133 5379 2468 5448 ὁμοχθόνων.
2517 5381 2656 5446 Τοὺς
2704 5382 2761 5436 δὲ
2804 5384 3018 5449 Σκύθας
3073 5388 3400 5459 προέπεμψε
3435 5391 3576 5442 κατὰ
3608 5393 3722 5442 τῶν

449 5483 619 5539 trant,
666 5486 900 5544 quarum
937 5477 1056 5524 erat
1085 5467 1330 5523 Michaeli
1373 5465 1721 5521 Cecaumcno
1751 5467 1820 5521 ab
1851 5467 2027 5537 impe-

2135 5471 2381 5535 Κελτῶν,
2404 5474 2788 5547 ἐντειλάμενος
2847 5477 2917 5531 δι’
2960 5478 3364 5550 ἀκροδολισμοῦ
3409 5484 3719 5535 ἐπισπάσα-

445 5575 624 5623 ratore
682 5565 929 5622 custodia
976 5560 1255 5620 mandata.
1317 5558 1384 5616 Et
1436 5559 1609 5614 adfuit
1648 5558 1735 5613 ille
1785 5559 2025 5628 quidem,

2132 5564 2258 5616 σθαι
2291 5565 2518 5632 τούτους
2551 5567 2643 5622 καὶ
2691 5569 2912 5641 βάλλειν
2942 5571 3040 5640 μὲν
3071 5573 3306 5644 συχνῶς,
3340 5573 3720 5646 ὐπεκφεύγειν

1475 5696 1682 5757 ναι-ιω
1709 5693 2018 5758 lectiones
2047 5716 2124 5762 ex
2155 5703 2296 5766 eod.
2339 5706 2608 5770 Coislin.

507 5824 550 5855 ³⁷
573 5823 806 5881 ἐλευσιν.
881 5826 926 5858 ³⁸
959 5825 1211 5896 ἔστησεν.
1310 5824 1353 5856 ³⁸
1379 5823 1540 5878 Deest
1563 5839 1663 5877 vos
1697 5822 2095 5891 ξυμϐαλόντες,
