4086 6400
375 380 484 444 S73

1597 341 2024 445 .tLEitIAnts
2062 383 2213 445 LIB-
2254 382 2431 445 xm.

3548 380 3655 445 974

372 491 430 545 δὲ
465 488 620 556 αὖθις
656 494 749 548 καὶ
783 495 1261 577 παλιμπορεύτους
1296 497 1566 565 γίνεσθαι.
1630 499 1742 552 Καὶ
1791 498 1839 551 oi
1868 497 1959 569 μὲν

2075 513 2138 554 ac
2190 514 2247 553 se
2295 513 2531 570 suosque
2582 498 2751 555 Gallis
2806 497 3092 569 opposuit;
3133 499 3227 552 sed
3264 497 3500 562 frustra;
3534 508 3655 563 post

370 584 674 653 προθύμως
698 587 973 657 ἀπηεσαν,
1021 587 1229 659 ἤνυσαν
1280 589 1337 642 δὲ
1394 588 1677 659 οὐδαμῶς,
1730 591 1967 659 ἐπείπερ

372 677 423 729 οἱ
482 676 681 730 Κελτοὶ
733 679 1153 748 συνησπικοτες,
1194 678 1429 741 οὐδόλως
1489 679 1590 750 τὴν
1651 680 1967 751 παράταξιν

373 767 552 828 ἔλυον,
588 768 727 821 ἀλλὰ
763 769 956 841 βραδεῖ
997 772 1137 825 ποδί
1163 774 1595 842 συντεταγμένοι
1628 772 1750 825 λίαν
1772 773 1965 843 ᾔεσαν.

384 858 476 923 Ὧς
510 859 567 913 δὲ
600 860 744 915 κατὰ
771 861 841 914 τὰ
871 864 1226 934 προσήκοντα
1261 864 1400 934 μετᾶ
1432 864 1533 932 τῆς
1582 864 1761 935 μάχης
1798 864 1970 934 ἄμφω

374 954 445 1007 τὰ
475 944 866 1026 στρατεύματα
897 958 1252 1027 ἐληλύθεσαν,
1290 960 1339 1013 oi
1376 960 1474 1030 μὲν
1500 961 1705 1016 Σκύθαι
1750 962 1850 1015 οὐκ
1890 961 1971 1015 ἔτι

374 1046 590 1117 βάλλειν
630 1049 843 1113 ὀϊστοὺς
889 1050 1174 1120 ἠδύναντο,
1199 1052 1404 1123 σφοδρᾷ
1429 1056 1495 1124 τῇ
1531 1052 1682 1126 ῥύμῃ
1706 1053 1814 1107 τῶν
1838 1054 1972 1107 Κελ-

372 1141 483 1193 τῶν
507 1141 630 1194 κατ’
647 1141 1302 1215 αύτῶνὲξιππασαμένων
1323 1146 1438 1198 ἀλλ’
1456 1147 1660 1199 ἐδίδουν
1677 1146 1839 1210 εὐθὺς
1857 1149 1971 1211 τοῖς

376 1234 605 1298 Κελτοῖς
622 1235 688 1288 τὰ
709 1237 1049 1309 μετάφρενα.
1068 1238 1293 1303 Τούτοις
1319 1238 1646 1308 ὲπαμείὸειν
1662 1240 1711 1292 οἱ
1733 1239 1971 1307 Τοῦρκοι

374 1327 846 1398 προθυμηθέντες,
877 1330 1267 1400 προσέϐαλλον.
1290 1333 1399 1387 Καὶ
1434 1332 1556 1387 οὐδὲ
1576 1331 1782 1386 τούτων
1812 1332 1973 1401 λόγον

373 1419 514 1481 ὅλως
542 1421 927 1490 ποιησάμενοι,
964 1424 1014 1475 οἱ
1047 1423 1249 1477 Κελτοὶ
1282 1424 1654 1495 ἐκθυμότερον
1671 1425 1957 1495 ἐμάχοντο.

390 1511 451 1564 ’0
481 1513 538 1565 δὲ
596 1514 1050 1585 Καντακουζηνὸς
1083 1516 1431 1587 ἡττωμένους
1456 1518 1664 1589 ἀπάρτι
1744 1518 1971 1582 τούτους

374 1604 543 1674 δρῶν,
573 1604 667 1657 τὸν
693 1604 1161 1680 ὲξουσιοκρᾶτορα
1191 1608 1305 1680 (70)
1354 1611 1673 1681 Ῥωμίσκην
1704 1610 1765 1664 τὺ
1796 1610 1971 1675 δεξιὸν

376 1695 644 1765 ἐπέχοντα
681 1698 851 1767 κέρας
896 1699 1037 1767 μετὰ
1059 1700 1172 1755 τῶν
1230 1702 1322 1756 ὑπ’
1365 1704 1531 1758 αὑτὸν
1589 1707 1608 1774 (
1655 1704 1870 1759 Ἀλανοὶ
1915 1704 1973 1759 δὲ

375 1782 521 1855 ἦσαν
555 1786 749 1856 ἄνδρες
798 1791 1229 1863 μαχιμώτατοι),
1277 1795 1378 1866 τὴν
1423 1796 1563 1866 μετὰ
1602 1796 1713 1851 τῶν
1747 1798 1973 1854 Κελτῶν

2076 605 2253 645 acrem
2306 607 2541 664 pugnam
2590 592 2742 647 fusus
2791 608 2913 645 cum
2945 592 3057 647 suis
3109 592 3451 662 fugatusque.
3500 591 3655 662 Swpe

2075 680 2206 737 illud
2245 685 2582 753 experientia
2633 686 2978 751 monstravit,
3041 685 3297 739 sustineri
3356 701 3461 740 non
3498 701 3656 752 posse

2072 772 2213 828 Galli
2264 775 2451 831 militis
2496 776 2605 831 vim
2661 776 2751 830 ubi
2789 780 2998 832 hostem
3052 778 3103 830 in
3140 791 3290 833 areto
3354 779 3658 847 deprchen-

2073 865 2215 921 derit
2247 878 2261 924 :
2294 868 2370 922 uti
2416 868 2652 923 vicissim
2689 869 2738 922 in
2782 869 3006 938 planitie
3035 878 3089 924 ct
3119 885 3272 940 :Pqno
3325 885 3518 940 campo
3552 886 3657 924 nou

2075 956 2344 1013 difﬁcilem
2401 960 2541 1015 idem
2600 961 2847 1017 vincendi
2910 962 3267 1032 eapicndique
3311 962 3393 1016 sui
3446 963 3656 1030 copiam

2072 1050 2222 1106 facit.
2268 1051 2380 1106 Hoc
2429 1053 2553 1107 elati
2602 1069 2893 1118 successu,
2933 1065 3079 1110 recta
3124 1056 3238 1127 jam
3274 1055 3340 1110 ad
3385 1054 3660 1110 Cantacu-

2075 1160 2271 1198 zenum
2302 1156 2518 1199 movent
2551 1164 2564 1209 ;
2598 1159 2655 1199 ut
2684 1163 2739 1201 se
2771 1149 2904 1202 satis
2940 1149 3322 1209 admoverunt.
3365 1149 3657 1204 observato

2075 1235 2262 1307 procul
2298 1237 2529 1290 naturali
2567 1239 2903 1295 munimento
2930 1250 3235 1295 castrorum
3284 1241 3655 1297 Romanorum

2078 1326 2322 1396 undique
2376 1336 2785 1395 pretectorum,
2839 1329 2917 1384 uti
2954 1331 3223 1395 diximus,
3275 1347 3507 1401 pugnam
3544 1342 3679 1386 tum"

2075 1419 2290 1487 quidem
2322 1419 2673 1476 distulerunt.
2707 1421 2777 1476 At
2806 1421 3222 1478 Cantacuzenus
3260 1439 3460 1493 gnarus
3504 1424 3659 1492 cujus

2076 1516 2154 1569 rei
2191 1518 2463 1571 venis-ent
2498 1530 2661 1571 causa
2684 1558 2699 1582 ,
2726 1515 2907 1570 irritos
2939 1515 3115 1570 redire
3156 1532 3261 1570 non
3303 1525 3386 1570 est
3420 1530 3606 1585 passus
3644 1533 3659 1579 ;

2074 1607 2292 1677 prodire
2338 1608 2754 1674 munitionibus,
2791 1618 2845 1664 et
2881 1608 3161 1663 liberalem
3206 1624 3399 1679 pugna:
3447 1609 3658 1676 ecpiam

2074 1699 2359 1754 constituit
2389 1698 2591 1756 facere.
2639 1700 2717 1755 Eo
2750 1701 2931 1755 animo
2970 1701 3270 1757 exercitum
3305 1716 3403 1771 per
3443 1715 3658 1755 amnem

2077 1801 2414 1863 transportat
2445 1802 2605 1850 nocte
2635 1802 2767 1851 tota:
2808 1808 3022 1849 summo
3055 1792 3170 1864 ipse
3207 1808 3389 1859 mane,
3418 1793 3660 1863 trajectis

383 1880 570 1950 μάχην
590 1857 913 1952 ἐπέτρεψενξ
940 1857 1118 1939 "am
1153 1857 1246 1941 καὶ
1294 1857 1451 1952 obrui;
1484 1890 1811 1958 προσϐαλὼν
1846 1892 1959 1945 ὀπι-

2068 1879 2179 1950 jam
2234 1883 2485 1949 cunctis,
2518 1894 2644 1940 ante
2695 1884 2827 1941 solis
2873 1891 3050 1939 ortum
3097 1895 3338 1938 armatus
3391 1894 3657 1939 armatam

382 1971 625 2035 σοόπους
643 1974 919 2043 ἐφαίνετο,
953 1978 1163 2048 καίπερ
1190 1979 1268 2043 ὡς
1304 1979 1443 2035 λέων
1496 1982 1671 2046 δεινὸς
1715 1983 1839 2037 κατ’
1871 1984 1969 2039 αύ·

374 2064 487 2119 τῶν
540 2066 921 2138 βρυχώμενος.
988 2070 1074 2132 Ὠς
1104 2071 1162 2124 δὲ
1204 2073 1299 2125 καὶ
1343 2071 1539 2127 τοῦτον
1600 2074 1969 2144 ἡττώμενονό

378 2158 841 2230 Καντακουξηνὸς
864 2161 1152 2226 ἐθεάσατο,
1187 2164 1509 2237 ἐπιρρώσας
1533 2168 1729 2221 ἑαυτὸν
1777 2166 1969 2240 ὥσπερ

376 2252 440 2315 ἐξ
469 2253 816 2324 δρμητηρίου
843 2254 994 2320 τινὸς
1028 2259 1174 2312 κατὰ
1197 2258 1455 2327 μέτωπον
1479 2260 1579 2330 τῆς
1605 2261 1715 2316 τῶν
1747 2261 1971 2315 Κελτῶν

376 2344 744 2412 παρατάξεως
791 2348 955 2412 Istat,
1006 2350 1101 2403 καὶ
1154 2352 1235 2414 εις
1284 2351 1425 2422 μέρη
1480 2352 1653 2407 πολλὰ
1706 2354 1970 2418 διαλύσας

370 2436 434 2488 τὸ
455 2436 797 2508 στράτευμα,
818 2439 1014 2508 τρέπει
1031 2444 1158 2505 τοὺς
1178 2444 1423 2509 Κελτοὺς
1450 2445 1797 2516 κατακράτος
1822 2446 1966 2516 (71),

371 2524 575 2592 διώξας
626 2528 757 2600 ἄχρι
833 2532 1114 2603 πολιχνίου
1180 2534 1276 2588 τοῦ
1337 2537 1682 2607 καλουμένου
1749 2538 1960 2604 Μύλου,

372 2618 607 2683 πολλοὺς
654 2621 757 2689 μὲν
789 2623 890 2693 τῆς
916 2624 1180 2695 δευτέρας
1213 2628 1386 2699 τύχης
1415 2631 1512 2683 καὶ
1550 2629 1658 2685 τῶν
1695 2630 1965 2702 μειζόνων

374 2710 584 2765 ἀνελὼν
608 2752 624 2778 ,
656 2716 813 2778 τινὰς
851 2715 910 2769 δὲ
936 2718 1033 2770 καὶ
1066 2717 1175 2772 τῶν
1219 2721 1502 2790 ἐπιφανῶν
1540 2722 1798 2793 κομήτων
1863 2724 1968 2789 ζω-

368 2805 605 2875 γρήσας,
628 2806 723 2861 τόν
752 2825 812 2861 τε
835 2808 1011 2863 Οὖόου
1030 2808 1080 2843 ⁸⁸
1100 2812 1193 2866 καὶ
1221 2812 1455 2884 ἀδελφὸν
1488 2813 1815 2887 Ῥιτζάρδον
1850 2816 1965 2889 (72)

372 2895 736 2967 καλούμενον,
756 2900 968 2954 καὶτὸν
983 2903 1428 2971 Κοντοπαγάνον,
1445 2906 1675 2977 νικητὴς
1701 2907 1971 2976 ὑπέστρε-

370 2987 495 3057 ψεν.
566 2991 996 3064 Ἀκριϐεστέραν
1023 2996 1206 3051 τοίνυν
1260 2996 1358 3068 τὴν
1421 2997 1584 3067 νίκην
1626 2999 1706 3071 τῷ
1757 3000 1974 3071 βασιλεῖ

372 3083 724 3151 παραστῆναι
771 3084 1123 3156 βουλόμενος,
1161 3087 1376 3141 πολλῶν
1432 3089 1662 3144 Κελτῶν
1720 3091 1969 3161 κεφαλὰς

367 3174 483 3234 τοῖς
536 3173 729 3244 δόρασι
781 3178 1122 3249 περιπείρας
1167 3180 1265 3233 καὶ
1316 3167 1442 3243 τούς
1521 3180 1781 3251 μείζονας
1845 3184 1956 3238 τῶν

370 3266 828 3334 κατασχεθέντων
852 3268 1026 3345 Οἷύσον
1051 3273 1145 3326 καὶ
1178 3274 1271 3328 τὸν
1304 3275 1734 3345 Κοντοπαγάνον
1762 3278 1960 3333 καλού-

370 3373 555 3425 μενον,
592 3362 935 3432 παραχρῆμα
960 3364 1287 3435 ἐξέπεμψεν.
1308 3365 1579 3420 Ἐνταῦθα
1604 3369 1662 3422 δὲ
1684 3370 1954 3441 γενομένη

368 3451 467 3502 καὶ
519 3453 654 3521 πρὸς
707 3453 918 3524 λύχνων
962 3457 1107 3525 ἁφὰς
1132 3457 1226 3510 τὸν
1247 3458 1293 3490 ⁵³
1318 3459 1566 3530 κάλαμον
1592 3461 1957 3533 ὲπισύρουσα,

376 3544 576 3610 μικρὸν
606 3545 746 3615 πρὸς
777 3549 875 3618 τὴν
905 3549 1127 3620 γραφὴν
1173 3551 1643 3620 ὲπινυστάζουσα,
1688 3556 1955 3612 ἐπαισθά-

371 3651 538 3731 νομαι
568 3639 663 3690 τοῦ
697 3639 859 3708 λόγου
890 3642 1221 3731 ἁποεέοντος
1243 3642 1311 3700 ⁸⁸.
1342 3645 1516 3699 Ὅπου
1543 3649 1652 3717 γὰρ
1692 3648 1966 3719 βαρόαρι-

367 3728 484 3780 κῶν
512 3729 797 3799 ὀνομάτων
842 3732 901 3798 ἐξ
945 3728 1195 3804 ἀνάγκης
1252 3738 1573 3793 ἁπαιτείται
1607 3743 1830 3811 χρῆσις,
1863 3744 1960 3796 καὶ

367 3821 798 3894 ἁλλεπαλλήλων
852 3827 1167 3881 ὑποθέσεων
1231 3829 1508 3901 διήγησις,
1544 3833 1605 3887 τὸ
1654 3835 1815 3905 σῶμα
1861 3837 1963 3905 τῆς

364 3914 617 3985 ἱστορίας
681 3920 777 3970 καὶ
826 3920 884 3972 τὸ
929 3923 1157 3993 συνεχὲς
1189 3923 1288 3993 τῆς
1329 3927 1557 3995 γραφῆς
1596 3929 1720 3981 κατ’
1768 3928 1955 4000 ἄρθρα

360 4008 512 4061 ἔοικε
553 4009 971 4070 διακόπτεσθαι.
1014 4016 1126 4069 Καὶ
1163 4017 1226 4070 οὐ
1259 4017 1485 4090 νέμεσις
1515 4021 1629 4084 τοῖς
1661 4037 1725 4089 γε
1784 4020 1958 4087 εὔνως

362 4103 760 4174 ὲντυγχὰνουσι
789 4112 856 4181 τῇ
911 4114 1125 4183 γραφῇ.

361 4205 692 4261 necessitate
731 4218 1008 4263 verterant

2071 1974 2339 2033 educitct
2391 1976 2600 2033 medius
2636 1976 2849 2033 obtinet
2885 1976 3079 2043 aciem,
3134 1976 3186 2030 in
3219 1976 3389 2044 prima
3450 1976 3658 2031 locatus

2073 2063 2271 2123 fronte.
2332 2065 2498 2123 anci
2544 2067 2762 2130 lterum,
2800 2067 2960 2121 Alani
2992 2068 3131 2122 duce
3184 2067 3358 2122 Alano
3407 2066 3662 2121 Resiieice

2072 2162 2322 2217 dextrum
2377 2160 2646 2215 habebant
2700 2174 2890 2215 cornu.
2958 2158 3233 2214 Przemissi
3292 2171 3417 2216 ante
3471 2176 3661 2217 omnes

2072 2253 2327 2327 Scythae,
2362 2268 2483 2309 cum
2522 2253 2789 2307 mandatis
2823 2260 2880 2306 ut
2935 2252 3120 2323 procul
3154 2253 3449 2321 jaculando
3478 2252 3661 2310 G..Iios

2070 2346 2350 2410 elicerent,
2373 2346 2417 2401 si
2448 2354 2691 2413 possent,
2718 2360 2821 2399 non
2843 2352 3156 2413 exspectato
3177 2346 3395 2415 quidem
3420 2346 3656 2414 ipsorum

2071 2454 2294 2494 accessu
2346 2437 2618 2503 cominus,
2682 2420 2779 2492 sed
2845 2437 2934 2491 ubi
2964 2452 3030 2492 ex
3067 2447 3182 2492 tuto
3233 2436 3395 2505 iactis
3428 2438 3656 2491 telorum

2076 2530 2345 2585 imbribus
2374 2528 2776 2584 lacessivisseut
2800 2568 2815 2595 ,
2869 2531 3057 2598 pedem
3093 2526 3383 2594 referrent,
3423 2545 3658 2599 moxque

2071 2623 2317 2681 obversis
2372 2623 2570 2678 iterum
2611 2621 2848 2676 vultibus
2878 2620 3264 2690 jaculationem
3323 2624 3657 2692 inepinatam

2072 2724 2403 2789 repeterent,
2460 2732 2649 2771 rursus
2681 2715 2864 2771 statim
2900 2714 3171 2784 fugerent;
3220 2716 3406 2783 sicque
3459 2715 3652 2770 velitao

2073 2808 2312 2863 tionibus
2344 2818 2397 2863 et
2419 2806 2729 2864 recessibus
2752 2806 3050 2877 reciprocis
3082 2806 3318 2862 hostium
3344 2808 3655 2877 patientiam

2072 2907 2370 2955 tentarent.
2398 2899 2699 2955 Tentaruut
2726 2898 3005 2953 enimvero
3034 2906 3088 2952 et
3121 2899 3333 2970 experti
3388 2908 3516 2953 sunt
3551 2902 3659 2954 im-

2072 3004 2278 3049 motam
2315 2993 2577 3048 adversus
2632 2991 2747 3046 haec
2776 2990 3010 3045 ludibria
3064 2991 3453 3049 constantiam.
3501 2991 3660 3047 Obti-

2071 3085 2235 3141 nebat
2270 3085 2410 3154 apud
2446 3083 2628 3140 Gallos
2647 3099 2744 3153 pro
2770 3098 2827 3139 se
2853 3083 3085 3153 quisque
3118 3082 3315 3147 locum,
3348 3095 3402 3137 ct
3433 3086 3655 3153 ﬁgurant

2074 3179 2331 3233 tuebatur
2364 3177 2539 3243 aciei,
2588 3190 2857 3245 nusquam
2917 3175 3101 3231 hiante
3140 3176 3451 3244 'phalangis
3482 3187 3654 3241 textu;

2066 3269 2257 3339 sicque
2287 3270 2523 3340 undique
2551 3270 2860 3322 lucentibus
2891 3268 3063 3322 scutis
3092 3268 3264 3322 hastis
3300 3268 3656 3324 horrentibus

2068 3361 2326 3417 terribilis
2358 3361 2508 3415 lento
2566 3359 2739 3430 gradu
2777 3357 2903 3413 belli
2938 3358 3142 3423 moles,
3205 3359 3347 3412 Velut
3397 3359 3656 3414 incedens

2065 3454 2296 3521 civitas,
2364 3452 2514 3507 nullo
2578 3452 2885 3520 interrupta
2938 3452 3055 3505 loco
3112 3465 3311 3505 corona
3373 3450 3654 3505 firmorum

2068 3546 2355 3608 nitentium,
2406 3543 2854 3613 promovebatur.
2908 3542 3133 3596 Arctato
3181 3542 3322 3610 quod
3380 3543 3522 3596 inter
3558 3558 3653 3612 ge-

2069 3635 2248 3689 minas
2270 3636 2417 3690 acies
2444 3634 2669 3701 patebat
2696 3633 2907 3703 Spatio,
2943 3648 3119 3703 usque
3152 3635 3218 3687 ad
3250 3649 3369 3687 eam
3400 3636 3655 3689 viciniam

2069 3737 2125 3784 ut
2158 3742 2357 3783 nocere
2404 3727 2507 3783 sibi
2540 3738 2728 3781 mutuo
2750 3725 2914 3799 jactis
2947 3727 3250 3782 missilibus
3276 3738 3462 3798 partes
3482 3729 3656 3784 amba

2065 3830 2312 3893 possent,
2354 3819 2682 3890 deprehensi
2737 3821 2787 3873 in
2820 3820 2998 3875 medio
3026 3819 3262 3890 Scythae,
3290 3829 3654 3891 prmterquam

2064 3917 2209 3986 quod
2260 3916 2449 3971 deerat
2509 3913 2855 3969 instabilibns
2913 3914 3364 3968 conversionibus
3415 3916 3653 3983 ipsorum

2065 4004 2168 4060 loci
2198 4003 2474 4073 capacitas
2529 4002 2746 4069 idonea,
2803 4003 2968 4056 etiam
3016 4002 3337 4058 vehemente
3398 4002 3649 4071 flagellati

2063 4097 2401 4165 equitatione
2459 4095 2781 4159 Gallorum,
2838 4104 2989 4165 terga
3050 4111 3157 4150 non
3200 4095 3313 4165 jam
3369 4105 3503 4165 arte,
3558 4101 3652 4153 sed

1059 4226 1075 4265 :
1132 4224 1254 4266 cum
1308 4226 1437 4267 ecce
1498 4215 1795 4269 succedere
1852 4216 1918 4270 iis
1954 4214 2091 4283 iussi
2118 4220 2450 4284 procurrunt
2497 4209 2660 4263 Turci
2702 4249 2718 4276 ,
2753 4210 2927 4265 nihilo
2984 4209 3303 4265 melioribus
3372 4212 3652 4282 auspiciis.

359 4290 523 4362 393
548 4296 825 4363 Siquidem
857 4299 1051 4369 {,Gallis
1093 4309 1148 4355 et
1196 4302 1295 4356 bos
1333 4305 1684 4371 contemptim
1729 4304 1937 4373 impetu
1981 4319 2171 4375 pugnae
2225 4302 2438 4356 ardenti
2496 4301 2980 4366 snbmoventibns,
3051 4302 3470 4359 Cantacuzenus
3539 4306 3654 4361 vin-

359 4384 562 4439 cendos
587 4403 732 4451 mox,
788 4389 896 4443 imo
929 4405 1065 4459 pene
1113 4391 1226 4461 jam
1256 4393 1431 4447 victos
1494 4394 1701 4447 Turcos
1769 4409 2023 4460 cernens,
2064 4394 2528 4450 exusiocratorem
2583 4392 2871 4447 llniniscev
2928 4406 3101 4445 cornu
3132 4393 3305 4447 dextri
3328 4394 3650 4455 ductorem.

357 4477 563 4535 Alanos
587 4495 722 4550 quos
747 4483 1137 4553 regebatviros
1166 4486 1597 4555 pugnacissimos
1621 4502 1748 4541 cum
1812 4487 1982 4543 Gallis
2059 4488 2399 4543 committere
2469 4484 2749 4555 pracepit.
2803 4481 2931 4537 Ruit
2994 4493 3105 4537 tum
3172 4485 3261 4539 ille
3309 4489 3531 4555 quidem
3596 4494 3648 4545 in

357 4586 590 4643 pugnam
627 4574 798 4630 nihilo
825 4575 1041 4642 mitior,
1099 4578 1352 4632 minusve
1416 4593 1577 4648 asper
1652 4580 1808 4636 leone
1841 4596 2004 4647 saevo,
2048 4591 2228 4635 tamen
2261 4580 2329 4633 ad
2379 4594 2486 4633 nou
2541 4578 2721 4632 minus
2750 4576 2922 4631 feram
2962 4576 3315 4634 ferocemuue
3364 4581 3643 4639 Gallorun

1442 4718 1649 4782 Varia;
1680 4720 1991 4785 lectiones
2035 4739 2110 4784 ex
2137 4720 2279 4784 cod.
2325 4720 2594 4784 Coislin.

431 4812 475 4845 “
504 4808 698 4868 Οὗῦον.
774 4814 815 4845 ⁸¹
842 4815 962 4883 τήν.
1022 4815 1068 4849 δ’
1097 4816 1441 4887 ύπορέοντος.

1489 4932 1631 4995 Car.
1680 4930 2017 4996 Dufresnii
2052 4930 2144 4992 Du
2174 4930 2399 5009 Cangii
2437 4940 2622 4993 notas.

430 5054 544 5124 (70)
585 5053 1152 5135 ’El-fovo'wxpatppq.
1180 5058 1437 5128 Dignitas,
1456 5065 1514 5111 ut
1538 5057 1770 5135 videtur.
1795 5060 1946 5135 pala—

2067 5063 2200 5135 llqn.
2224 5056 2539 5135 διειδιξιιιιιιζ
2561 5073 2650 5135 an.
2682 5058 2839 5123 1189,
2865 5063 3287 5135 et_Anonymus,
3318 5061 3395 5117 De
3415 5068 3642 5135 expedit.

353 5126 489 5190 tina,
519 5140 621 5191 qua
675 5126 967 5179 Alanorum
1013 5126 1423 5188 fdaderatornm.
1482 5130 1573 5197 qui
1626 5127 1939 5198 Byzantinis

352 5198 612 5261 Augustis
680 5198 1001 5259 inereliant,
1055 5198 1222 5254 duces
1276 5200 1635 5254 donabantur.
1694 5198 1829 5253 Nam
1881 5207 1941 5253 ut

352 5264 604 5319 Acoluthi
632 5336 640 5337 ί
667 5264 1061 5335 Barangorum,
1119 5269 1427 5337 primicerii
1470 5269 1935 5332 Bardariatorum,

358 5336 686 5398 eonostanli,
739 5338 819 5389 vel
852 5330 1229 5392 't-onestab'iles
1276 5330 1643 5404 Franhrnm;
1695 5340 1774 5394 sic
1808 5330 1940 5392 exué

352 5406 681 5478 siacratores
716 5407 1008 5463 Alanorum
1044 5410 1284 5478 praefecti
1318 5409 1573 5478 appellati
1618 5421 1765 5475 sunt,
1794 5409 1937 5478 quod

352 5475 621 5548 videlicet,
650 5476 721 5529 ita
765 5475 1182 5546 indignarentur
1237 5475 1597 5548 ipsi'Alanim
1647 5475 1939 5547 principes,

349 5559 485 5620 quos
534 5547 663 5620 ,τῆς
740 5547 1462 5620 ’Λλανὶαςμνῖξξουσιάςοντας
1528 5560 1687 5604 vocat
1735 5551 1944 5620 Bryen-

350 5616 490 5687 pius,
531 5614 627 5670 lib.
687 5631 745 5681 rt,
792 5634 849 5672 η.
918 5619 941 5671 1
988 5617 1426 5684 Ἐξουσιάζοντα,
1485 5614 1836 5687 potestatum,
1884 5628 1943 5673 ut

346 5683 469 5760 Itali
534 5697 881 5760 nuncupant,
927 5683 1314 5757 interpretatur
1374 5683 1567 5744 alicubi
1605 5690 1937 5760 Acropolita.

344 5754 550 5809 Alanos
588 5754 1113 5814 vero’conductitios
1154 5760 1364 5816 Graecis
1402 5760 1673 5813 militasse
1723 5754 1938 5815 testan-

346 5832 436 5877 tur
476 5826 642 5881 etiam
695 5825 1032 5895 Claudinius,
1072 5829 1149 5885 De
1178 5830 1312 5885 bello
1367 5829 1566 5897 Getico,
1609 5830 1937 5886 Godefridus

2044 5129 2222 5205 Λείας.
2265 5126 2461 5205 [νίψον
2513 5127 2561 5180 1.
2592 5130 2720 5205 imp.
2747 5133 2886 5205 apud
2914 5126 3188 5205 Canisintn
3221 5126 3341 5205 pag.
3372 5135 3458 5190 7i.

2113 5199 2260 5306 ΣΠ)ξᾷ
2283 5199 2489 5265 Τρέπει
2523 5201 2672 5253 κατὰ
2722 5200 2961 5268 κράτος.
3011 5199 3267 5260 Albcrttis
3291 5199 3415 5275 'Aq.
3464 5207 3558 5262 lib.
3584 5224 3635 5273 ι,

2037 5268 2400 5414 “fisi-T0:
2434 5353 2499 5391 τε
2532 5338 2726 5393 Οῠϐου
2785 5341 2884 5395 καὶ
2941 5343 3213 5414 ἀδελφὸν
3284 5344 3636 5413 Ῥιτζάρδθν’

2044 5407 2325 5485 Erigonen:
2376 5407 2513 5462 forte
2554 5422 2916 5485 cognomento
2967 5407 3308 5477 Budtlellnm,
3362 5407 3478 5485 qui'
3508 5432 3633 5471 cum

2049 5481 2327 5538 Riehardo
2366 5488 2420 5533 et
2459 5484 2672 5534 caneris
2720 5480 3007 5549 fratribus,
3036 5489 3105 5540 ob
3136 5500 3331 5540 cassam
3372 5480 3403 5540 a
3440 5502 3499 5540 se
3524 5487 3640 5540 Ma-

2044 5554 2229 5610 bi'iam
2278 5549 2494 5619 [\ogerii
2533 5550 2599 5604 de
2640 5549 3124 5623 Montegomerico,
3182 5557 3398 5611 COtlliilS
3467 5557 3636 5609 Belis-

2042 5628 2268 5697 mensis,
2316 5633 2566 5697 rigorem.
2596 5624 2775 5697 _ex_sul
2808 5622 2887 5697 de
2905 5622 3238 5697 Normannia
3295 5629 3345 5680 in
3389 5628 3635 5697 Apuliam

2040 5695 2271 5765 fugerat.
2322 5689 2454 5743 Vide
2498 5688 2820 5750 Ordericurn
2880 5694 3041 5754 νέως.
3124 5698 3197 5751 ili.
3234 5713 3264 5750 ν
3293 5707 3348 5753 et
3389 5688 3469 5761 η’,
3510 5713 3633 5768 pag.

2040 5766 2165 5818 578.
2201 5762 2329 5818 581».
2359 5760 2482 5817 755.

2038 5760 2165 5823 578.
2201 5763 2269 5818 58
2282 5762 2329 5827 ί,
2359 5760 2482 5817 ⁸755.
