4086 6448
469 395 580 458 ’975
657 449 659 453 ,
1785 394 2014 457 ANNJE

2145 393 2428 456 MNEN/s
3636 383 3747 445 97'")

476 505 781 575 impingens
807 504 1010 560 rabiem
1044 501 1253 559 oﬂensu
1315 501 1465 557 velut
1508 501 1662 556 molis
1734 501 1919 557 solida:
1986 501 2440 572 repulsus,haud
2491 496 2649 551 dubie
2710 493 2964 555 titubare,
3023 506 3122 547 nec
3191 490 3302 558 jam
3346 486 3755 547 dissimulanter

475 607 623 650 retro
664 593 790 649 l‘erri
847 603 898 649 et
923 597 1039 664 ipse
1103 593 1252 648 visus
1305 602 1405 649 est.
1457 592 1532 647 Eo
1584 592 1893 662 spectaculo
1942 607 2054 645 rem
2091 593 2203 662 jam
2234 600 2283 646 et
2323 605 2472 660 spem
2531 589 2851 642 'universam
2901 584 2955 638 in
3026 598 3086 639 se
3129 584 3403 638 redactam
3453 598 3560 637 uno
3601 581 3752 636 Can-
3821 599 3824 602 ’

478 702 775 745 tacuzenus
806 688 1119 743 admonitus
1148 727 1163 753 ,
1197 686 1400 741 nullam
1459 686 1584 739 facit
1615 699 1822 738 moram
1857 683 2228 748 immittendi,
2279 683 2422 736 velut
2461 697 2490 735 c
2523 679 2834 735 carceribus
2864 679 2990 733 dato
3057 677 3248 746 signo,
3328 675 3384 730 in
3460 675 3747 731 Gallorum

477 785 760 838 adversam
795 781 964 836 aciem
996 779 1176 835 infesti
1212 794 1429 836 cursus.
1485 778 1595 832 Nec
1630 777 1850 830 fortuna
1881 777 2052 830 defuit
2092 777 2310 845 intepto
2363 775 2532 836 forti;
2577 773 2818 842 perrupit
2863 771 3009 825 enim
3072 780 3128 825 et
3170 769 3224 824 in
3293 777 3478 838 partes
3518 767 3752 835 disrupil

482 877 679 932 multas
728 875 871 930 illam
904 875 1370 930 consertissimam
1416 884 1470 929 et
1519 877 1833 930 adhaesione
1906 884 2090 926 nnttna
2165 871 2632 942 impenetrabilem
2691 869 2860 924 aciem
2915 866 3220 932 Gallicam;
3273 853 3545 934 planeque
3600 865 3754 915 fusos

473 973 590 1027 acie
627 974 812 1028 hostes
843 981 899 1027 et
937 969 1059 1042 fuga
1097 970 1305 1025 cladem
1356 971 1700 1036 confitentes,
1759 985 1936 1040 usque
2013 969 2080 1022 ad
2118 967 2428 1038 Oppidulum
2484 965 2606 1037 Myli
2631 967 2836 1020 dictum
2902 964 3181 1018 insecutus
3209 969 3310 1016 est.
3349 957 3486 1012 H‘nc
3521 955 3750 1013 reverti;

471 1065 819 1134 receptuique
870 1064 1100 1128 cecinit,
1157 1063 1330 1131 captis
1382 1078 1449 1118 eo
1479 1063 1567 1116 die
1606 1062 1884 1118 nonnullis
1911 1063 2051 1132 apud
2092 1060 2331 1115 Francos
2387 1058 2708 1120 illustribus,
2733 1071 2764 1111 e
2789 1071 3015 1110 nurnero
3035 1055 3314 1115 comitum,
3355 1064 3491 1120 quos
3529 1058 3749 1103 vocant-

465 1153 616 1208 ]niis
647 1151 977 1208 erantUbus
1009 1149 1323 1220 siveHngo,
1396 1163 1448 1206 et
1517 1151 1685 1206 l'ratnr
1745 1152 1904 1220 hujus
1970 1150 2274 1205 liichardus
2331 1150 2551 1213 dictus,
2622 1149 2857 1217 denique
2927 1147 3344 1216 Contopaganus
3418 1149 3749 1195 luentmattts

467 1261 629 1315 supra
667 1267 678 1301 :
716 1261 852 1315 quos
897 1247 1058 1301 simul
1117 1263 1240 1302 cum
1286 1247 1548 1302 laureatis
1588 1248 1664 1302 rei
1703 1248 1836 1300 bene
1889 1255 2052 1316 gesta:
2093 1246 2302 1301 nuntiis
2332 1247 2398 1299 ad
2442 1247 2742 1316 Augustum
2793 1245 2975 1299 statim
3031 1243 3218 1304 misit;
3295 1240 3593 1310 adiungens
3637 1252 3745 1290 una

465 1339 646 1406 capita
681 1336 961 1392 Gallorum
1025 1339 1381 1408 plurimorum
1447 1354 1567 1409 quae
1635 1340 1700 1393 de
1755 1340 1956 1392 truncis
2027 1339 2267 1393 abscissa
2323 1337 2623 1409 iacentium
2682 1337 3030 1400 cadaverum,
3093 1334 3484 1403 longarttntq-re
3557 1333 3748 1384 hasta-

464 1445 584 1482 rum
645 1432 811 1486 infixa
902 1433 1454 1503 cuspidilius,sicque
1519 1431 1829 1502 triumphali
1885 1432 2131 1486 traducta
2169 1448 2362 1502 pompa
2415 1433 2465 1486 in
2519 1432 2689 1486 oculis
2739 1432 3080 1501 imperatoris
3137 1439 3192 1484 et
3261 1430 3555 1484 comitatus
3585 1425 3744 1491 eius.

464 1522 906 1592 magnitudinem
957 1524 1198 1579 victoriae
1259 1525 1716 1581 demonstrarent.
1775 1522 1888 1576 Hoc
1953 1538 2054 1594 ego
2094 1525 2147 1579 in
2189 1525 2502 1594 scriptionis
2534 1525 2654 1579 loco
2685 1541 2806 1578 cum
2873 1525 3045 1593 prima
3107 1523 3221 1576 face
3251 1521 3451 1591 stylum
3543 1523 3744 1577 ducem

462 1615 530 1667 ad
569 1613 852 1669 lucubrmn
887 1626 1129 1671 versaret
1181 1619 1638 1683 commentando,
1726 1617 1870 1672 sensi
1950 1617 2128 1673 fateor
2167 1618 2432 1688 obrepere
2489 1618 2619 1672 mihi
2677 1633 2928 1672 somnum
2984 1618 3142 1672 taedio
3194 1616 3426 1684 quodam
3483 1616 3745 1668 orationis

461 1708 609 1761 haud
655 1710 786 1762 satis
818 1718 1046 1777 compta:
1097 1709 1338 1778 satisque
1364 1708 1707 1764 cohaerentis.
1757 1707 2018 1764 Volebam
2111 1711 2361 1778 equidem
2433 1725 2593 1779 quam
2641 1710 3082 1776 ornatissimum,
3145 1723 3417 1776 quamque
3465 1708 3747 1776 aptissime

459 1799 730 1870 iuncturis
796 1799 1273 1854 cohaerentissimis
1350 1799 1723 1854 continuatum
1787 1800 2033 1856 historiae
2106 1801 2260 1869 quasi
2331 1816 2524 1870 corpus
2594 1801 2785 1868 edere,
2849 1801 2985 1857 ﬂore
3038 1811 3298 1872 perpetuo
3350 1801 3603 1855 vestitum
3649 1803 3745 1855 de.

460 1892 636 1947 centis
673 1891 843 1961 ipsam
875 1901 928 1946 et
955 1891 1126 1945 doctis
1176 1889 1348 1944 oculis
1381 1891 1633 1960 expetitae
1682 1889 1889 1959 formae;
1939 1891 2032 1947 sed
2101 1891 2351 1962 prohibet
2380 1892 2772 1963 conturbatque
2822 1906 2908 1948 me
2955 1895 3152 1962 saepius
3231 1893 3476 1947 incidens
3553 1908 3744 1948 ιιιειος-

478 1988 614 2042 sitas
643 1985 932 2041 mentionis
971 1985 1270 2041 inferendae
1306 1984 1712 2040 barbaricorum
1748 1984 2052 2048 nominum,
2091 1999 2272 2050 naevos
2300 1985 2540 2053 ingratos
2614 1987 3011 2056 aspergendum
3062 1985 3264 2040 Graecae
3304 1986 3558 2052 dictioni;
3629 1998 3742 2042 tum

468 2095 600 2135 vero
643 2094 825 2135 rerum
881 2079 1056 2134 Alexii
1109 2079 1334 2149 Augusti
1393 2077 1650 2147 professae
1721 2079 2088 2133 narrationem
2165 2087 2243 2132 tot
2278 2088 2495 2148 tamque
2531 2080 2695 2134 variat:
2751 2090 2982 2146 naturae,
3013 2080 3224 2148 negotia
3256 2078 3385 2130 mihi
3419 2093 3538 2132 sese
3577 2090 3742 2146 atque

460 2187 780 2247 argumenta
816 2175 1067 2243 ingerunt
1095 2175 1434 2244 undique,ut
1459 2191 1578 2229 cum
1605 2175 1656 2228 in
1682 2190 1847 2228 unum
1874 2173 2033 2229 unius
2072 2175 2221 2230 velut
2258 2175 2379 2230 telae
2413 2184 2618 2230 textum
2655 2189 2762 2230 non
2824 2175 2988 2230 facile
3052 2181 3201 2228 tanta
3243 2174 3531 2228 diversitas
3606 2190 3740 2227 con-

458 2275 661 2337 Veniat,
724 2274 965 2329 historiae
1033 2272 1249 2328 articuli
1319 2273 1472 2342 quasi
1539 2272 1730 2338 laxati,
1797 2271 2270 2342 membrorumque
2327 2287 2495 2328 nexus
2559 2287 2747 2343 parum
2800 2276 3009 2344 uspiam
3063 2273 3327 2328 concinne
3385 2273 3622 2327 conserti
3674 2287 3739 2326 ac

468 2365 748 2421 commissi
813 2364 1120 2419 videantur.
1172 2362 1341 2418 Porro
1389 2363 1478 2430 id,
1533 2363 1647 2419 sive
1702 2361 1891 2417 vitium
1951 2365 2068 2419 sive
2139 2363 2296 2432 culpa
2354 2372 2460 2427 est,
2498 2363 2706 2419 factura
2737 2363 2870 2419 mihi
2905 2379 3024 2419 meo
3071 2363 3194 2433 jure
3223 2364 3443 2429 videor,
3477 2365 3520 2418 si
3561 2364 3738 2422 bonos

457 2472 754 2528 aequosque
787 2457 1020 2510 lectores
1069 2469 1262 2524 precer
1286 2463 1344 2510 ut
1383 2454 1655 2525 imputent
1687 2454 2034 2523 necessitati;
2076 2469 2178 2512 nec
2198 2453 2373 2511 fraudi
2407 2455 2574 2510 velint
2603 2470 2725 2512 esse
2751 2471 2886 2510 mea:
2917 2454 3074 2510 famae
3113 2465 3422 2526 peccatum,
3487 2456 3532 2509 si
3595 2459 3738 2524 quod

450 2560 538 2604 est
561 2545 730 2608 ’l'orte.
757 2545 900 2618 quod
932 2546 1105 2601 vitare
1147 2561 1250 2600 non
1288 2546 1458 2616 potui.

532 2635 999 2705 Baimundusjam
1057 2635 1214 2691 nobis
1263 2635 1582 2691 revisendus
1621 2645 1704 2692 est
1765 2637 1820 2691 in
1876 2635 2115 2700 arcti'sA

461 2743 700 2789 aestuans
734 2730 1000 2802 angustiis
1023 2747 1038 2795 ;
1061 2730 1264 2800 quippe
1295 2743 1324 2783 a
1358 2730 1516 2797 mari,
1548 2745 1577 2783 a
1609 2739 1773 2796 terra,
1807 2744 1912 2785 non
1935 2729 2045 2786 cir-

463 2823 803 2881 cumclusum
849 2823 1008 2877 modo
1050 2836 1128 2886 se,
1159 2822 1254 2877 sed
1289 2821 1594 2891 impetitum
1643 2822 1804 2877 etiam
1841 2821 2044 2891 magis-

459 2930 567 2986 que
592 2915 644 2969 in
674 2915 792 2968 dies
829 2928 893 2966 ac
938 2913 1112 2983 magis
1161 2913 1582 2983 Oppugnandum
1641 2927 1893 2968 cernens.
1944 2911 2046 2969 Hic

461 3010 746 3077 postquam
783 3004 834 3058 in
861 3003 1199 3074 expediendo
1225 3003 1422 3059 diﬂicili
1445 3003 1670 3060 consilio
1699 3004 2044 3061 deliberatio-

461 3109 593 3151 ‘nem
625 3094 936 3165 aliquandiu
969 3095 1132 3149 traxit
1176 3098 1415 3159 anxiam,
1449 3097 1661 3149 tandem
1687 3097 1772 3151 vir
1807 3095 2042 3167 ingentis

461 3189 650 3252 animi,
689 3201 788 3241 nec
823 3186 1092 3241 lentarum
1127 3187 1342 3256 patiens
1379 3191 1598 3254 artium,
1655 3203 1842 3243 verum
1893 3189 2040 3258 peri-

466 3278 711 3332 culorum
748 3293 812 3334 ac
847 3293 1148 3350 pugnarum
1205 3279 1492 3334 lacessitor
1541 3288 1647 3334 tota
1698 3280 1806 3335 vita
1855 3293 2041 3350 prom-

458 3367 765 3436 ptissimus,
819 3367 954 3422 satis
1011 3383 1264 3438 magnum
1300 3382 1330 3422 a
1367 3369 1587 3439 reliquis
1632 3371 1881 3426 avulsum
1929 3371 2042 3426 suis

461 3463 632 3531 copiis
665 3460 892 3514 militum
932 3475 1214 3514 numerum
1248 3461 1325 3516 ire
1373 3459 1533 3531 jussit
1563 3462 1929 3532 depraedatum
1962 3463 2041 3516 vi-

460 3569 552 3607 cos
584 3555 894 3621 oppidaque
936 3564 1054 3621 quae
1078 3553 1222 3606 (irca
1247 3553 1533 3618 Aulonem,
1561 3553 1934 3609 Jerichuntem
1985 3563 2040 3608 et

456 3645 664 3696 Canina
724 3645 836 3698 suis
895 3641 1041 3697 forte
1090 3642 1306 3711 injuriis
1363 3656 1664 3714 opportuna
1715 3647 2036 3717 reperirent.

457 3735 638 3789 Sensit
685 3744 1033 3802 experrectus
1063 3735 1128 3787 ad
1159 3736 1338 3789 omnia
1370 3735 1784 3792 Cantacnzenus
1822 3754 1928 3807 quo
1956 3740 2037 3794 vis

461 3826 693 3879 hostium
725 3827 1062 3879 incumberet
1095 3843 1109 3880 :
1144 3827 1414 3897 istatnque
1461 3829 1514 3882 in
1569 3841 1775 3897 partem
1831 3833 2038 3888 idoneis

457 3916 784 3969 instructum
823 3916 1090 3970 Beroitem
1123 3919 1295 3986 copiis
1340 3919 1606 3987 proﬁcisci
1646 3932 1830 3974 contra
1857 3921 2039 3977 Gallos

460 4009 705 4076 imperat.
738 4005 1035 4077 394lvit
1092 4007 1182 4062 ille
1232 4007 1480 4063 felicibus
1533 4010 1808 4078 auspiciis,
1863 4013 2037 4081 primo
2069 3989 2110 4045 Β

459 4113 754 4164 congressu
789 4098 962 4150 victor
997 4095 1216 4164 factus;
1254 4100 1537 4154 succensis
1571 4101 1733 4154 etiam
1769 4103 1820 4155 in
1861 4104 2036 4157 reditu

457 4188 741 4243 Baimundi
773 4189 1019 4253 navibus,
1043 4190 1192 4245 velut
1219 4192 1510 4248 corollario
1558 4195 1825 4262 vietorite,
1860 4197 2037 4252 reddi-

461 4291 546 4333 tus
575 4278 794 4332 clarior.
832 4276 1058 4349 Regium
1091 4280 1255 4351 plane
1287 4281 1572 4354 frangique
1624 4288 1866 4340 nescium
1915 4285 2040 4342 Bai-

462 4369 646 4422 mundi
685 4376 874 4438 pectus
923 4378 1084 4437 erat;
1141 4372 1273 4426 nihil
1336 4374 1451 4428 haec
1511 4374 1660 4429 illum
1706 4377 2038 4432 conturbare

458 4461 640 4515 clades
668 4462 778 4516 visa
805 4469 909 4515 est.
952 4461 1090 4528 Quin
1147 4463 1261 4517 imo
1327 4465 1472 4520 velut
1525 4469 1797 4522 neminem
1847 4485 1915 4524 ex
1969 4483 2038 4525 eo

459 4569 622 4622 quem
657 4553 724 4607 ab
751 4553 900 4607 Italia
933 4557 1313 4622 deportaverat
1340 4559 1585 4613 exercitu
1615 4561 1791 4617 adhuc
1817 4563 2035 4617 amisis-

457 4654 559 4708 set,
590 4645 791 4714 praaliis
822 4645 887 4699 de
914 4647 1131 4713 integro
1167 4648 1402 4718 accingit
1423 4664 1573 4705 suos.
1613 4651 1685 4704 Ex
1709 4654 1854 4706 omni
1888 4654 2038 4723 pedi-

461 4747 573 4790 tum
602 4738 956 4806 equitumque
988 4738 1334 4792 multitudine
1357 4742 1817 4810 pugnacissimnm
1847 4762 2037 4813 quem-

455 4842 560 4896 que
581 4827 854 4882 dclectum
887 4840 1033 4884 recta
1061 4829 1262 4883 vadere
1285 4829 1810 4888 in’Cantacuzenum
1841 4838 2033 4904 jubet;

458 4932 745 4973 numerum
775 4935 867 4974 sex
903 4922 1129 4976 millium
1161 4923 1212 4976 id
1246 4937 1438 4990 agmen
1477 4925 1751 4993 capiebat.
1797 4926 2036 4997 Eratque

457 5008 643 5078 Opinio
701 5013 1153 5068 conﬁdentissimi
1216 5013 1436 5069 Barbari
1471 5031 1538 5069 ne
1567 5020 1878 5086 conspertui
1912 5019 2036 5087 qui-

457 5102 578 5153 dem
611 5108 690 5155 tot
714 5101 962 5168 heroum,
988 5104 1323 5174 clamoriqne
1354 5106 1528 5174 primo
1557 5122 1738 5173 parem
1767 5108 2036 5163 Cantatu-

459 5204 654 5244 senum
686 5191 1026 5249 Romanosve
1051 5195 1206 5261 fore;
1245 5198 1352 5250 imo
1385 5198 1668 5253 universos
1716 5200 1858 5269 ipsos
1887 5202 2034 5268 pari-

457 5291 542 5335 ter
574 5297 682 5337 uno
715 5282 934 5339 incursu
979 5287 1296 5354 capiendos.
1347 5291 1415 5342 At
1463 5289 1890 5357 Cantacuzenus,
1939 5307 2034 5361 per

457 5374 850 5444 exploratores,
873 5392 1009 5446 quos
1034 5393 1248 5449 semper
1282 5396 1437 5434 acres
1461 5390 1514 5435 et
1548 5383 1681 5436 ﬁdos
1717 5384 1944 5439 habebat
1977 5386 2028 5438 in

471 5469 669 5535 vigilia,
700 5469 876 5524 factus
904 5479 1118 5526 mature
1172 5473 1376 5526 certior
1408 5475 1472 5527 de
1497 5473 1730 5527 adventu
1769 5475 2028 5543 hostium,

457 5570 613 5613 nocte
661 5559 1004 5631 intempesta,
1039 5577 1159 5625 cum
1191 5565 1418 5618 armavit
1450 5564 1564 5634 ipse
1597 5580 1678 5630 se,
1716 5577 1824 5618 tum
1865 5583 2035 5620 arma-

2227 2635 2317 2700 Ὧς
2346 2635 2405 2690 δὲ
2437 2635 2465 2688 ὁ
2500 2633 2894 2706 μαχιμώτατος
2947 2633 3290 2703 Βαῖμοὼτος
3323 2636 3384 2687 ὲν
3429 2633 3604 2703 στενῴ
3643 2651 3736 2686 κο-

2149 2727 2275 2798 μιδῆ
2325 2725 2396 2780 τὰ
2445 2724 2567 2780 κατ’
2597 2727 2760 2780 αὐτὸν
2834 2725 3109 2793 ὲώρα,ἐκ
3141 2741 3203 2778 τε
3239 2724 3512 2794 Θαλάσσης
3556 2725 3620 2777 ἐκ
3673 2742 3734 2778 τε

2145 2818 2380 2890 ἠπείρου
2441 2817 2797 2889 βαλλόμενος,
2838 2817 2913 2881 ὡς
2973 2818 3069 2870 καὶ
3114 2815 3228 2869 τῶν
3264 2815 3543 2886 χρειωὸὦν
3582 2815 3735 2885 αὐτῷ

2145 2908 2543 2962 ἐπιλειπόντων
2572 2907 2696 2978 ήδη,
2733 2906 3079 2977 πανταχόθεν
3113 2906 3575 2976 ὲξαπορούμενος,
3605 2908 3730 2959 ἱκα-

2144 2999 2235 3052 νὸν
2295 2997 2600 3053 ἀποδιελὼν
2665 2998 3005 3069 στράτευμα,
3076 2998 3212 3068 πρὸς
3262 2998 3363 3060 τὰς
3442 2999 3582 3050 κατὰ
3637 2999 3732 3052 τὸν

2142 3090 2371 3166 Αὐλῶνα
2401 3090 2497 3144 καὶ
2516 3089 2615 3161 τὴν
2656 3087 2867 3160 Ἰεριχὼ
2898 3091 2994 3143 καὶ
3018 3090 3089 3143 τὰ
3127 3091 3342 3144 Κάνινα
3368 3090 3732 3160 διακειμένας

2144 3182 2333 3246 πόλεις
2363 3180 2658 3250 πέπομφεν
2713 3182 2935 3243 ἁπάσας
2989 3180 3312 3252 ληῖσασθαι.
3361 3181 3500 3234 Ἀλλ’
3561 3181 3668 3233 οὐδ’
3703 3184 3734 3234 ὁ

2142 3272 2604 3344 Καντακουςηνδς
2631 3272 2845 3343 ἡμέλει,
2871 3272 2995 3327 οὗτε
3038 3273 3273 3344 νήδυμος
3305 3270 3468 3336 ὕπνος
3493 3273 3618 3341 ἔσχε
3639 3273 3731 3327 τὸν

2141 3364 2335 3436 ἄνδρα,
2365 3364 2509 3418 κατὰ
2536 3365 2628 3418 τὸν
2657 3364 2912 3436 ποιητὴν,
2944 3365 3082 3420 ἀλλὰ
3111 3365 3330 3435 γοργῶς
3346 3364 3438 3416 τὸν
3460 3365 3526 3416 Βε
3539 3365 3730 3434 ροῖτην

2145 3457 2287 3528 μετὰ
2343 3457 2646 3528 ἀξιομάχου
2697 3459 2960 3528 στρατιᾶς
3015 3456 3314 3512 ἀντίπαλον
3354 3459 3464 3520 τοῖς
3503 3456 3732 3520 Κελτοῖς

2140 3549 2469 3620 ἐξέπεμψεν.
2516 3551 2684 3621 Ἠττᾷ
2716 3552 2815 3620 μὲν
2861 3547 2955 3604 οὖν
2979 3551 3176 3616 αὐτοὺς
3216 3551 3541 3604 καταλαϐὼν
3577 3568 3729 3620 παρ-

2141 3643 2338 3697 αυτίκα
2384 3645 2478 3697 καὶ
2537 3642 2649 3697 οἷόν
2706 3662 2759 3697 τι
2817 3645 3069 3715 πόρισμα
3106 3644 3205 3707 τὰς
3248 3643 3346 3714 τοῦ
3389 3643 3724 3713 Βαῖμούντου

2139 3734 2271 3798 ναῦς
2307 3737 2364 3789 ἐν
2406 3736 2484 3806 τῷ
2531 3736 2933 3807 ἐπανέρχεσθαι
2961 3737 3327 3807 πυρπολήσας
3385 3737 3719 3808 διεληλύθει.

2141 3828 2238 3891 Ὠς
2288 3827 2490 3898 ᾔσθετο
2532 3829 2590 3882 δὲ
2643 3828 2671 3880 ό
2733 3829 3207 3900 τυραννικώτατος
3253 3830 3586 3899 Βαῖμοῦντος
3622 3829 3723 3899 τῆς

2139 3919 2248 3972 τῶν
2275 3920 2638 3988 πεμφθέντων
2661 3920 2862 3990 ἥττης,
2887 3918 3078 3991 ὥσπερ
3107 3921 3312 3991 μηδένα
3332 3920 3428 3974 τοῦ
3455 3925 3725 3992 στρατεύ-

2141 4026 2310 4079 ματος
2365 4011 2753 4075 ἀπολωλεκὼς,
2804 4014 3143 4066 κατέπιπτεν
3161 4012 3418 4081 οὐδαμῶς
3451 4029 3465 4043 ·
3515 4014 3726 4083 μᾶλλον

2142 4102 2242 4171 μὲν
2269 4098 2362 4156 οὖν
2388 4105 2482 4156 καὶ
2512 4102 2557 4133 ⁸³
2597 4103 3047 4174 θαρραλεώτερος
3087 4105 3358 4173 ἐφαίνετο,
3386 4105 3482 4158 καὶ
3505 4106 3728 4159 ἁποδιε-

2139 4194 2366 4265 λόμενος
2404 4190 2561 4258 αὖθις
2615 4196 2816 4261 πεζοὺς
2875 4196 2969 4249 καὶ
3009 4197 3196 4258 ἱππεῖς
3240 4196 3376 4266 πρὸς
3426 4197 3604 4266 μάχας
3629 4200 3730 4250 ἐκ.

2139 4285 2478 4356 θυμοτάτους
2505 4286 2586 4349 εἰς
2629 4285 2874 4357 χιλιάδας
2923 4286 2982 4351 ἒξ
3023 4287 3398 4357 ποσουμένους
3429 4289 3571 4368 κατὰ
3622 4288 3725 4341 τοῦ

2140 4376 2608 4446 Καντακουζηνοῦ
2661 4377 3071 4442 ἐξαπέστειλεν,
3146 4379 3395 4447 οἰόμενος
3462 4380 3726 4434 αὐτοϐοεὶ

2139 4469 2389 4539 αἱρήσειν
2423 4469 2520 4522 σὺν
2551 4467 2629 4537 τῷ
2663 4469 2968 4538 Ῥωμαῖκῷ
2998 4471 3399 4540 στρατεύματι,
3433 4473 3528 4523 καὶ
3555 4471 3723 4524 αὑτὸν

2137 4559 2229 4611 τὸν
2265 4547 2738 4628 Καντακουζηνόν.
2759 4559 2896 4612 Ἀλλ’
2931 4562 3158 4625 ἐκεῖνος,
3197 4561 3432 4625 σκοποὺς
3477 4564 3563 4614 ἀεὶ
3595 4563 3724 4626 τοὺς

2140 4651 2530 4722 ἐφεδρεύοντας
2561 4652 2627 4703 τὲ
2658 4651 2902 4705 Κελτικὰ
2941 4652 3123 4722 πλήθη
3161 4653 3327 4722 ἔχων,
3378 4654 3742 4725 μεμαθηκὼς

2138 4743 2238 4814 τὴν
2293 4741 2473 4795 αὐτῶν
2541 4743 2850 4809 ὲπὲλευσιν,
2899 4745 3094 4806 νυκτὸς
3158 4745 3256 4815 τὴν
3315 4747 3722 4816 στρατιωτικὴν

2139 4833 2411 4898 ὡπλίζετο
2443 4835 2776 4894 πανοπλίαν,
2825 4835 2921 4887 καὶ
2959 4834 3167 4900 ὥπλιζε
3197 4838 3323 4901 τοὺς
3356 4837 3596 4908 στρατιώ
3631 4856 3665 4888 α
3687 4858 3724 4904 ε,

2141 4924 2427 4994 σφαδάζων
2498 4927 2847 4978 ἐπεισπεσεῖν
2894 4927 3093 4990 αὐτοὺς
3167 4929 3309 4982 κατὰ
3383 4930 3446 4984 τὸ
3494 4933 3720 5000 περὲορ-

2139 5016 2398 5088 θρον.⁹Ως
2427 5017 2473 5069 δ’
2497 5019 2546 5070 οἱ
2580 5006 2797 5085 Κῖελτοὶ,
2826 5019 3218 5084 κεκοπιακότες
3251 5023 3401 5091 παρὰ
3435 5022 3512 5092 τῷ
3545 5023 3718 5092 χείλει

2137 5109 2317 5178 Βούση
2366 5106 2462 5160 τοῦ
2506 5113 2776 5179 ποταμοῦ,
2830 5109 3115 5182 ῥᾳστώνης
3149 5116 3351 5185 μικρᾶς
3395 5116 3556 5168 Eunt:
3589 5132 3720 5167 κατ-

2137 5201 2453 5268 εκλίθησαν,
2498 5201 2664 5254 αὐτοῦ
2719 5218 2824 5255 που
2887 5204 3299 5274 καταλαμϐάνει
3338 5207 3560 5270 τούτους
3594 5225 3720 5276 μει-

2060 5325 2115 5382 G
2137 5291 2337 5362 διώσης
2365 5292 2573 5363 ἁπάρτι
2607 5293 2706 5361 τῆς
2747 5295 2984 5364 ἡμέρας,
3018 5297 3114 5350 καλ⁴
3153 5299 3498 5369 παραχρῆμα
3526 5299 3720 5351 ἐπιθέ-

2141 5399 2301 5454 μενος
2364 5383 2596 5446 πολλοὺς
2658 5383 2757 5454 μὲν
2815 5383 3059 5455 ζωγρίαν
3110 5388 3258 5473 ἄζει,
3333 5389 3587 5450 πλείονας
3661 5389 3718 5442 δὲ

2139 5476 2366 5540 κτείνει,
2401 5475 2452 5526 οἱ
2508 5473 2566 5527 δέ
2594 5491 2657 5542 γε
2703 5474 2885 5529 λοιποὶ
2927 5481 3047 5541 ταῖς
3095 5479 3267 5543 δίναις
3315 5480 3411 5534 τοῦ
3463 5483 3719 5552 ποταμοῦ

2142 5565 2557 5637 παρασυρέντες
2609 5570 3017 5640 ἀπεπνίγησαν,
3065 5573 3158 5626 καὶ
3211 5574 3506 5644 φεύγοντες
3551 5576 3718 5629 λύκον

1528 5678 1732 5738 Varim
1773 5677 2085 5744 lectiones
2113 5697 2188 5742 ex
2220 5683 2360 5745 cod.
2391 5683 2663 5747 Coislin.

521 5773 571 5809 “
607 5775 811 5832 Desunt
845 5795 1008 5837 voces
1038 5780 1241 5850 μᾶλλον
1279 5781 1379 5852 μὲν
1411 5780 1504 5834 οὖν
1533 5782 1625 5834 καὶ
1654 5791 1760 5836 etc.
1795 5798 1967 5852 usque
1994 5797 2042 5837 at

2140 5784 2411 5838 ατέπιπτε
2457 5787 2557 5856 μὲν
2585 5785 2837 5857 οὐδαμῶς
2870 5803 2920 5855 p.
2969 5787 3096 5843 395.
