4086 6396
346 366 455 432 977
1567 365 1986 428 ALEXIADIS
2022 367 2173 430 LIB.
2211 364 2392 427 XIII.
3520 360 3628 426 978

249 515 266 546 ι,
343 480 682 552 περιέτυχον
714 479 920 534 λέοντι.
961 480 1099 543 Τοὺς
1127 479 1232 550 μὲν
1276 480 1370 536 οὖν
1407 479 1658 552 κόμητας
1690 480 1940 542 ἅπαντας

2073 491 2132 531 os
2161 476 2583 546 procinctosque
2639 471 2830 529 habuit
2880 471 2948 527 ad
3005 484 3238 543 pugnam
3300 485 3472 538 suos;
3525 486 3632 542 pro

344 572 489 642 πρὸς
515 571 607 624 τὸν
634 570 1025 642 αὐτοκράτορα
1062 569 1367 641 ἐξέπεμψε.
1411 567 1732 634 κᾶθόὖτως
1776 570 1939 641 ἀνέρ-

2073 567 2324 624 iallorum
2353 567 2558 645 impetu
2587 578 2816 635 sperans
2839 577 2905 617 ac
2944 577 3149 619 vovens
3179 562 3318 628 fore,
3353 570 3408 617 ut
3450 565 3485 618 ii
3517 562 3632 618 Bo-

271 683 295 728 r
344 681 504 738 χῖται
535 663 672 735 πρὸς
693 663 1048 733 τὸνΤίμορον
1077 663 1191 733 (75)
1224 680 1237 694 ·
1274 665 1440 728 τόπος
1464 664 1520 717 δὲ
1551 657 1708 728 οὗτος
1737 662 1940 734 ἑλώδης

2073 675 2206 716 naua
2240 668 2426 715 castra
2455 657 2695 714 diluculo
2735 665 2972 727 postera).
3001 655 3132 720 diei,
3174 669 3280 724 qua
3318 657 3371 709 itt
3403 669 3636 723 conspe-

295 745 445 812 ῒκκαὶ
482 756 754 818 δύσϐατος
779 773 793 788 ’
849 755 993 808 κεῖθι
1040 755 1172 824 γοῦν
1203 756 1443 828 ὲὸδόμην
1475 756 1694 828 ἡμέραν
1740 758 1944 826 ἐγκαρ-

2073 762 2194 810 tum
2227 767 2417 809 eorum
2445 758 2732 816 venerant,
2781 748 3154 804 adorirentur.
3200 747 3402 802 Verum
3437 762 3633 818 super-

285 917 306 928 ,
345 851 614 923 τερήσας,
650 850 959 920 μετρητοὺς
983 851 1221 913 σκοποὺς
1248 853 1306 904 ὲν
1340 851 1626 921 διαφόροις
1655 851 1941 922 ἐξέπεμπε

349 941 541 1002 τόποις
594 937 920 1010 περιαθρεῖν
975 938 1047 992 τὰ
1105 940 1237 1011 περὶ
1299 941 1390 994 τὸν
1441 940 1804 1013 Βαῖμοῦντον,
1851 943 1946 996 καὶ

350 1032 601 1102 γλῶτταν
632 1031 748 1104 (74)
799 1031 949 1101 αὐτῷ
975 1033 1187 1086 ἐκεῖθεν
1220 1034 1451 1103 κομίσαι
1480 1034 1558 1097 ώς
1583 1035 1653 1089 τὰ
1681 1035 1826 1089 κατά
1851 1037 1946 1089 τὸν

351 1124 695 1194 Βαῖμοὼτον
774 1123 1086 1195 πυθόμενος
1157 1125 1558 1197 ἀκριϐέστερον
1618 1126 1944 1195 ἐγνωκέναι.

364 1218 798 1286 Ἐντυγχάνουσι
827 1216 884 1270 δὲ
917 1217 1162 1286 τυχαίως
1188 1218 1239 1270 οἱ
1284 1217 1657 1288 πεμφθέντες,
1715 1217 1948 1281 Κελτοῖς

355 1309 557 1363 ἑκατὸν
609 1308 832 1379 σχεδίας
881 1309 1299 1382 εὐτρεπίζουσι,
1334 1311 1405 1364 δι’
1460 1303 1537 1364 ὧν
1570 1312 1662 1365 τὶν
1701 1311 1951 1381 ποταμὸν

354 1399 751 1470 διανηξάμενοι
811 1400 876 1455 τὸ
917 1401 1055 1473 πρὸς
1122 1401 1223 1472 τὴν
1297 1403 1536 1475 περαίαν
1599 1401 1950 1472 διακείμενον

355 1493 637 1562 πολίχνιον
714 1494 968 1565 αἱρήσειν
1032 1494 1326 1566 ¹ιιιϐούλοντο
1357 1536 1370 1549 .
1437 1495 1672 1559 Τούτοις
1751 1494 1952 1566 ἀθρόον

356 1587 800 1652 ὲπεισπετόντες,
817 1588 1141 1660 ἐζώγρησαν
1169 1589 1372 1660 μικροῦ
1395 1589 1646 1654 ἅπαντας
1668 1589 1763 1644 καὶ
1791 1587 1954 1644 αὐτὸν

357 1685 454 1734 τὸν
515 1682 611 1734 τοῦ
678 1681 1026 1753 Βαῖμούντου
1077 1681 1371 1751 ὲξάδελφον
1433 1681 1545 1754 (75)
1593 1684 1676 1747 είς
1726 1682 1955 1736 δέκατον

2047 846 2315 902 sederunt
2374 843 2482 910 illi;
2554 843 2758 914 quippe
2821 841 2951 897 fessi
3004 842 3070 896 de
3125 841 3212 895 via
3266 840 3409 895 diem
3482 841 3634 893 illum

2049 937 2330 1007 indulgere
2361 935 2428 992 ad
2456 936 2691 1006 quietem
2722 933 2828 992 sibi
2855 934 3233 990 decreverant.
3261 932 3414 1000 Quod
3447 945 3640 987 noster

2052 1039 2111 1086 ut
2171 1028 2465 1100 comperit,
2530 1027 2820 1084 consilium
2882 1025 3122 1081 hostium
3172 1024 3226 1078 in
3286 1024 3635 1079 occasionem

2052 1138 2228 1187 suam,
2281 1131 2338 1178 et
2379 1119 2688 1190 excipiendi
2740 1117 2865 1174 belli
2916 1127 3238 1188 apparatum
3277 1115 3332 1169 in
3372 1113 3638 1169 inferendi

2054 1215 2339 1271 audaciam
2369 1224 2588 1270 strenue
2616 1211 2795 1267 vertit.
2841 1210 3120 1279 Siquidem
3154 1209 3356 1263 castris
3383 1207 3638 1261 eductam

2057 1310 2233 1366 aciem
2259 1309 2347 1364 tibi
2400 1307 2768 1378 promovisset
2803 1304 3105 1373 paululum,
3140 1301 3368 1357 olfendit
3421 1314 3551 1356 ecce
3575 1300 3641 1352 ad

2059 1403 2212 1456 Buste
2237 1399 2416 1453 amnis
2449 1397 2596 1466 ripas
2643 1394 2833 1450 Gallus
2863 1394 3157 1464 plerosque
3211 1393 3640 1455 decumhentrs;

2057 1503 2283 1562 nam,ut
2309 1493 2445 1556 dixi,
2467 1491 2842 1546 lassitudinem
2877 1487 3248 1543 itinerislecto
3285 1485 3462 1542 securi
3494 1498 3645 1538 som-

2058 1603 2239 1658 noque
2256 1586 2605 1657 reparabant.
2625 1583 2824 1638 Ridere
2857 1581 3207 1638 commodum
3238 1580 3355 1634 dies
3379 1586 3646 1648 coeperat,

2059 1697 2185 1738 cum
2209 1695 2408 1751 sopore
2440 1679 2734 1749 implicitos
2777 1676 3065 1746 expeditus
3097 1675 3149 1730 in
3184 1672 3353 1730 armis
3393 1681 3505 1726 toto
3544 1670 3648 1724 itu-

360 1774 502 1828 τιόδα
538 1776 836 1830 ἀνέλκοντα
863 1777 925 1830 τὸ
962 1777 1216 1848 μέγεθος,
1249 1776 1416 1846 εὐρὺν
1451 1776 1508 1829 δὲ
1543 1776 1802 1843 καθάπερ
1829 1776 1958 1830 τινὰ

2073 1786 2189 1843 petu
2239 1773 2518 1828 Romanus
2577 1772 2811 1841 impetit.
2857 1770 2964 1825 Res
3015 1776 3294 1825 momento
3340 1764 3644 1822 coniicitur.

2073 1867 2110 1880 ..
2289 1866 2360 1879 ..
2516 1865 2551 1880 -.
2657 1864 2668 1880 .
3130 1861 3324 1880 μνη.
3382 1858 3644 1880 ,μεηω

359 1868 525 1920 ἄλλον
559 1869 861 1940 Ἠρακλῆν.
918 1870 1032 1936 καὶ
1053 1864 1123 1938 ἦν
1160 1868 1291 1922 ἰδεῖν
1339 1868 1530 1922 καινόν
1553 1887 1626 1932 τι,
1653 1869 1744 1923 τὸν
1776 1869 1954 1936 μέγαν

359 1961 576 2014 ἐκεῖνον
605 1961 838 2030 γίγαντα
870 1963 966 2016 καὶ
983 1961 1062 2032 τῷ
1089 1961 1206 2015 ὄντι
1233 1961 1510 2032 πελώριον
1542 1961 1648 2015 ὐπὸ
1669 1962 1953 2032 πυγμαίου

363 2055 785 2124 κατασχεθέντα
818 2055 1131 2110 Σκυθιδίου.
1166 2054 1626 2126 Παρεκελεύσατο
1659 2055 1714 2108 δὲ
1749 2056 1776 2106 ὁ
1807 2057 1956 2108 Καν-

363 2147 703 2216 eamme;
729 2190 742 2210 ,
772 2149 901 2211 τοὺς
957 2147 1398 2218 κατασχεθέντας
1464 2147 1838 2213 ἀποστέλλων,
1865 2147 1958 2200 τὸν

358 2239 648 2316 ιπυγμαίον
705 2238 924 2308 Σκύθην
1000 2239 1226 2308 δέσμιον
1280 2241 1373 2293 τὸν
1423 2238 1692 2309 πελώριον
1750 2240 1961 2292 ἐκεῖνον

367 2328 582 2394 εἰσάξαι
615 2330 692 2400 τῷ
738 2331 1152 2403 αὐτοκράτορι,
1189 2332 1583 2402 ἀστεῖζόμενος
1628 2332 1770 2402 τάχα
1817 2332 1957 2402 πρὸς

365 2424 462 2476 τὸν
493 2423 902 2495 αὐτοκράτορα.
942 2425 1032 2489 Ὠς
1052 2426 1108 2479 δὲ
1137 2426 1459 2496 φθάσαντας
1490 2424 1716 2486 τούτους
1745 2427 1771 2478 ὁ
1799 2425 1958 2495 βασι-

367 2507 496 2572 λεὺς
557 2512 898 2582 μεμαθήκει,
966 2514 1062 2568 ἐπὶ
1118 2516 1214 2569 τοῦ
1265 2514 1552 2586 βασιλικοῦ
1609 2515 1957 2584 προκαθίσας

372 2601 610 2667 θρόνου,
686 2606 977 2661 ἐκέλευσεν
1048 2609 1378 2678 εἰσάγεσθαι
1443 2609 1572 2673 τοὺς
1640 2606 1955 2679 δεσμώτας.

374 2694 586 2750 Είσεισι
615 2698 672 2752 δὲ
694 2700 790 2753 καὶ
816 2700 844 2752 ὁ
878 2702 1094 2773 Σκύθης
1142 2704 1266 2775 μηδ’
1299 2703 1431 2774 ἄχρι
1467 2702 1697 2771 γλουτοῦ
1738 2701 1960 2772 φθάνων

369 2786 469 2842 τοῦ
532 2793 878 2858 γιγαντιαέου
947 2797 1161 2850 ἐκείνου
1235 2795 1468 2864 Κελτοῦ,
1497 2796 1722 2866 δέσμιον
1775 2795 1968 2850 τοῦτον

371 2884 740 2955 ἐπαγόμενος.
766 2889 943 2953 Εὐθὺς
974 2889 1068 2945 οὖν
1097 2890 1274 2959 γέλως
1322 2891 1545 2945 πάντων
1583 2889 1730 2961 ὦρτο
1771 2890 1963 2954 πολύςο

374 2975 484 3029 Καὶ
507 2977 634 3042 τοὺς
668 2980 769 3049 μὲν
799 2981 1023 3045 λοιποὺς
1061 2984 1312 3053 κύμητας
1342 2984 1558 3056 φρουρὰ
1588 2983 1883 3049 διεδέξατο.

2061 1867 2210 1924 Multi
2254 1866 2360 1920 vivi
2406 1865 2574 1934 capti,
2619 1864 2803 1934 plures
2849 1861 3059 1927 occisi;
3129 1861 3325 1931 reliqui
3380 1858 3652 1926 fugientes

2064 1962 2248 2031 (quod
2272 1960 2457 2030 aiunt)
2485 1959 2691 2027 lupum,
2725 1957 2864 2013 leoni
2909 1970 3202 2011 occurrere
3238 1971 3252 2009 :
3285 1954 3462 2009 hausti
3495 1951 3654 2004 vide-

2064 2056 2196 2110 licet
2226 2053 2527 2110 vorticibus
2553 2050 2816 2118 fluminis,
2867 2051 2996 2105 dum
3029 2048 3290 2118 expedire
3327 2047 3450 2116 fuga
3507 2043 3657 2100 saltt-

2070 2160 2176 2205 tem
2205 2155 2480 2218 quaerunt.
2519 2145 2702 2202 Victor
2727 2145 2958 2215 captivis
2985 2143 3280 2199 comitibus
3310 2140 3562 2196 omnibus
3591 2137 3657 2190 ad

2071 2245 2452 2310 imperatorem
2484 2239 2684 2305 missis,
2717 2238 2995 2292 Timorum
3031 2251 3092 2291 se
3114 2233 3326 2290 confert
3355 2231 3544 2304 (locus
3575 2237 3660 2283 est

2066 2334 2322 2404 palustris
2361 2341 2415 2387 et
2461 2331 2696 2386 ditlicilis
2750 2331 2936 2400 aditu)
2999 2328 3183 2398 ibique
3246 2326 3312 2380 ad
3370 2323 3659 2392 septimam

2069 2427 2315 2481 consedit
2375 2426 2515 2479 diem
2579 2423 2982 2492 exploratorum
3056 2421 3293 2476 reditum
3348 2414 3659 2488 opperiens,

2065 2535 2198 2591 quos
2235 2519 2430 2572 multos
2467 2518 2520 2571 in
2551 2526 2729 2587 partes
2760 2516 2942 2571 varias
2977 2514 3284 2578 dimiserat,
3334 2524 3462 2566 cum
3505 2522 3663 2562 man--

2067 2613 2208 2666 datis
2231 2622 2286 2664 ut
2307 2611 2375 2666 de
2397 2610 2697 2665 Baimundo
2731 2609 3240 2679 explorarenteerta
3266 2603 3660 2670 referrentque.

2076 2703 2388 2759 Occurrunt
2427 2703 2510 2756 his
2537 2703 2675 2756 forte
2701 2699 2852 2771 jessa
2901 2696 3316 2768 capessentibus
3362 2691 3500 2748 Galli
3532 2705 3662 2745 cen-

2080 2805 2195 2850 tum
2230 2807 2448 2865 pontem
2479 2811 2509 2851 e
2541 2795 2749 2850 ratihus
2770 2793 3094 2849 subitarium
3121 2791 3463 2859 imponentes
3491 2783 3661 2845 amni,

2078 2901 2136 2944 ut
2164 2906 2230 2945 eo
2261 2891 2340 2945 sic
2373 2889 2602 2959 trajeeto
2637 2888 2800 2943 situm
2849 2897 2999 2942 trans
3035 2885 3317 2939 adversam
3355 2881 3526 2950 ripam
3570 2892 3667 2946 op-

2078 2982 2319 3052 piduluttt
2364 2991 2730 3051 ettpugnatum
2781 2979 2948 3035 irent.
3003 2977 3152 3032 llattd
3206 2973 3524 3044 negligenda
3581 2985 3668 3025 res

374 3067 537 3136 visa;
575 3071 904 3128 invehuntur
957 3074 1006 3128 in
1059 3075 1159 3131 hos
1203 3077 1396 3140 nosu‘i,
1459 3092 1706 3146 peneque
1766 3090 1961 3131 omnes
2003 3075 2417 3146 vivoscapiuut.
2446 3075 2729 3130 Eminebat
2755 3076 2901 3129 inter
2922 3088 3016 3128 eos
3078 3070 3385 3131 Baimundi,
3453 3073 3669 3135 patrue-

382 3160 450 3216 lis
499 3174 664 3219 vasta:
700 3181 764 3220 ac
837 3167 1106 3236 gigantem
1150 3178 1373 3222 statura:
1440 3169 1689 3239 juvenis;
1753 3168 1953 3238 quippe
1997 3169 2049 3222 in
2093 3168 2277 3228 tierent
2320 3167 2518 3239 pedum
2563 3167 2902 3221 altitudinem
2952 3174 3256 3236 porrectus,
3310 3158 3671 3228 respondente

377 3253 691 3322 proceritati
733 3257 1000 3318 crassitie,
1035 3265 1256 3326 totaque
1288 3256 1601 3312 habitudine
1649 3267 1846 3312 torosa:
1879 3272 1943 3312 ac
1983 3271 2148 3311 succo
2180 3258 2434 3313 distenta:
2509 3257 2692 3322 molis,
2781 3270 3006 3326 prorsus
3055 3253 3340 3310 llerculem
3401 3249 3664 3308 referens.

377 3347 424 3403 si
473 3349 648 3401 virtus
683 3349 848 3402 animi
908 3349 1124 3403 modum
1180 3349 1425 3419 corporis
1473 3357 1764 3417 aequasset.
1814 3346 1969 3402 Nunc
2009 3348 2209 3402 mirum
2256 3358 2309 3402 et
2375 3347 2662 3403 ridiculum
2719 3355 2838 3402 erat
2890 3345 3255 3415 spectaculum
3328 3343 3512 3399 videre
3588 3343 3671 3412 gi-

379 3453 595 3510 gantem
624 3442 774 3496 illnnt
814 3451 1117 3496 monstrosa
1151 3441 1527 3512 magnitudine
1595 3451 1930 3511 suggestum,
1995 3440 2064 3496 ab
2105 3441 2295 3496 humili
2320 3450 2374 3496 et
2424 3441 2645 3497 cubitali
2698 3449 3006 3507 correptum
3044 3453 3108 3491 ac
3157 3446 3388 3492 tractum
3449 3437 3670 3508 Suytha.

387 3536 509 3591 Visa
547 3553 633 3593 res
663 3537 1046 3592 Cantaruzt-no
1077 3537 1236 3606 digna
1269 3537 1442 3591 oculis
1491 3536 1774 3607 principis.
1825 3535 1960 3592 Cum
2006 3551 2138 3605 ergo
2171 3536 2235 3589 ad
2269 3535 2654 3604 imperatorem
2689 3544 2741 3590 et
2776 3535 2877 3590 hos
2904 3537 2969 3589 de
3039 3547 3191 3588 more
3250 3532 3496 3604 captivos
3543 3531 3673 3586 tuit-

383 3639 546 3695 teret,
600 3630 855 3698 prmeepit
912 3629 1232 3685 ductoribus
1275 3645 1465 3685 eorum
1532 3631 1877 3700 vaegrantlem
1951 3641 2011 3684 ut
2087 3630 2302 3686 Gallum
2344 3644 2448 3683 non
2501 3629 2622 3685 sine
2677 3635 2954 3696 praeeunte
3016 3642 3080 3683 ac
3133 3627 3371 3682 tinctum
3425 3625 3675 3683 trahente

383 3741 629 3795 pygntzt‘o
683 3724 888 3794 Scytha
938 3727 986 3778 ei
1043 3723 1321 3782 offerrent.
1386 3725 1676 3779 Nuntiatur
1734 3723 1977 3794 Augusto
2017 3727 2212 3782 adesse
2240 3725 2307 3780 ab
2331 3727 2575 3780 exercitu
2598 3724 2844 3794 captivos
2869 3738 3039 3779 novos
3060 3737 3244 3778 coram
3301 3723 3421 3793 ipso
3481 3723 3676 3776 sisten-

385 3819 755 3884 dos;insidct
779 3819 844 3872 ad
881 3812 1186 3888 eam395
1219 3833 1403 3873 vocem
1470 3819 1740 3888 imperiali
1768 3819 1905 3874 solio
1965 3830 2020 3875 et
2100 3819 2366 3874 introduci
2431 3819 2683 3875 homines
2730 3819 2907 3889 jubet.
2976 3819 3148 3874 Datur
3203 3819 3254 3872 itt
3323 3826 3676 3887 conspectum

388 3914 590 3985 Scytha
629 3915 782 3980 pusio
820 3914 1059 3968 vinctum
1112 3915 1261 3969 illum
1319 3915 1574 3971 immanis
1625 3916 1977 3984 corpulentia:
2020 3916 2232 3974 Gallum
2307 3914 2555 3976 trahens.
2623 3914 2779 3984 cujus
2833 3928 2902 3967 ne
2956 3912 3134 3967 femur
3192 3910 3406 3980 quidem
3467 3924 3678 3964 sutnuzo

391 4009 594 4064 vertice
645 4007 942 4074 amabat;
997 4009 1143 4064 risus
1230 4010 1487 4065 nimirum
1549 4020 1702 4067 ortus
1747 4019 1832 4065 est
1922 4013 2188 4067 omnium.
2289 4009 2408 4065 Dati
2469 4024 2592 4065 mox
2655 4007 2914 4064 custodiae
2975 4007 3076 4062 iste
3167 4006 3366 4076 aliique
3455 4002 3679 4059 comites

387 4115 537 4162 sunt.

460 4201 631 4254 Οὔπω
659 4200 860 4271 μικρὸν
911 4200 1398 4270 ἐπιμειδιάσαντος
1439 4201 1534 4255 τοῦ
1569 4203 1964 4273 αὐτοκράτορα

2164 4199 2276 4253 Nec
2323 4199 2478 4263 longa
2523 4195 2876 4265 imperatoris
2928 4195 2994 4248 de
3045 4194 3204 4248 rebus
3235 4209 3262 4246 a
3299 4193 3681 4248 Cantacuzeno

389 4295 483 4346 ἐπὶ
522 4293 595 4363 τῷ
629 4294 725 4346 τοῦ
760 4291 1223 4362 Καντακεουζηνοῦ
1255 4292 1669 4363 κατορθώματι,
1696 4295 1862 4364 ἑτέρα
1889 4312 1976 4357 τις

389 4383 686 4455 ἀπόφημος
721 4383 1025 4437 κατέλαϐεν
1053 4385 1313 4453 ἀγγελία,
1347 4386 1511 4453 φόνον
1549 4384 1838 4453 ἀμύθητον
1866 4385 1979 4438 τῶν

400 4477 540 4546 μετὰ
587 4475 682 4530 τοῦ
721 4475 994 4549 Καμύτζη
1042 4479 1136 4530 καὶ
1192 4479 1287 4531 τοῦ
1320 4477 1610 4532 Καόἀσιλα
1648 4478 1980 4548 Ῥωμαϊκῶν

395 4571 693 4637 ταγμάτων
744 4569 1051 4640 μηνύουσα.
1089 4572 1412 4624 Κατέπιπτε
1453 4571 1553 4641 μὲν
1593 4567 1690 4624 οὖν
1721 4571 1982 4643 οὐδαμῶς

392 4660 838 4733 ὁ-αὐτοκρὰτωρ,
878 4662 1056 4715 καίτοι
1117 4662 1326 4733 σφόδρα
1354 4663 1578 4732 δηχθεὶς
1608 4663 1709 4736 τὴν
1749 4665 1982 4735 καρδίαν

392 4757 488 4804 καὶ
519 4752 842 4820 ἀνιώμενος,
871 4755 1244 4830 ὲπιστενᾶιζων
1269 4771 1329 4808 τε
1355 4757 1468 4818 τοῖς
1505 4755 1794 4821 πεσοῦσιν,
1828 4756 1982 4811 ἔστιν

395 4837 458 4896 οὗ
488 4849 582 4897 καὶ
617 4845 874 4916 δακρύων
921 4847 1011 4899 τὸν
1053 4844 1177 4899 καθ’
1219 4846 1449 4899 ἕκαστον
1471 4864 1491 4880 θ
1528 4846 1660 4905 ἀλλὰ
1692 4849 1985 4902 Κώνσταν-

393 4940 541 4990 τῖνον
595 4938 712 4992 τὸν*
743 4937 965 5008 Γαὸρᾶν
1010 4938 1181 5010 ἄνδρα
1232 4939 1531 5011 ἀρηΐφιλον
1564 4942 1658 4994 καὶ
1698 4941 1813 5012 πῦρ
1843 4941 1990 4997 κατὰ

395 5033 505 5084 τῶν
536 5032 798 5086 ἐναντίων
826 5033 873 5065 ⁵³
920 5034 1156 5087 πνέοντα
1210 5036 1736 5104 μεταπεμψάμενος,
1756 5035 1838 5098 είς
1877 5035 1978 5105 τὴν

363 5123 542 5177 -οὐτω
588 5125 937 5197 καλουμένην
973 5125 1289 5198 Πετρούλαν
1327 5127 1621 5181 ἀπέστειλε
1647 5127 1992 5189 κατασκεψό-

409 5232 570 5286 μενον
605 5216 729 5270 ὃθεν
769 5217 818 5269 οἱ
845 5215 1043 5271 Κελτοὶ
1072 5217 1153 5280 είς
1180 5217 1251 5270 τὰ
1292 5217 1479 5288 τέμπη
1527 5217 1870 5288 ἐμπεσόντες
1896 5216 1991 5271 τὸν

2091 4293 2412 4362 prudenter,
2451 4290 2687 4354 fortiter,
2722 4304 3094 4358 prospereque
3124 4304 3169 4356 g~
3192 4288 3289 4343 stis
3332 4288 3520 4344 laetitia
3544 4281 3681 4340 ‘fuit.

2087 4383 2422 4453 Compressit
2449 4382 2556 4435 cito
2587 4381 2864 4435 risusillos
2894 4379 3220 4448 peracerbus
3251 4378 3471 4432 nuntius
3502 4376 3680 4430 infan-

2094 4481 2217 4532 dam
2283 4476 2485 4530 caedem
2550 4474 2918 4527 Romanarum
2977 4470 3313 4539 cohortium,
3377 4485 3499 4539 quae
3558 4484 3680 4523 cum

2091 4571 2352 4640 Camytze
2383 4581 2446 4621 ac
2473 4565 2721 4620 Cahasila
2755 4563 2992 4630 fuerant,
3027 4563 3294 4617 referens.
3351 4561 3681 4616 Incredibili-

2093 4671 2176 4717 ter
2205 4659 2436 4730 Augusti
2463 4657 2708 4712 animum
2739 4656 2840 4710 ista
2865 4655 3050 4710 clades
3080 4653 3334 4724 perculit.
3371 4652 3523 4708 Sedit
3551 4667 3684 4707 mce-

2097 4767 2235 4822 stus,
2293 4753 2545 4821 suspiriis
2611 4750 2721 4804 late
2768 4749 2986 4804 sonoris
3042 4762 3306 4803 caesorum
3355 4746 3685 4800 desiderium

2097 4851 2372 4921 prodens;
2410 4847 2724 4916 lacrymans
2755 4858 2973 4913 quoque
3004 4841 3238 4898 subinde
3271 4841 3336 4896 ad
3372 4841 3685 4898 distinctam

2101 4953 2372 4999 certorum
2400 4956 2465 4996 ex
2495 4941 2564 4996 iis
2589 4937 3083 5008 compellationem.
3121 4932 3243 4988 Mox
3283 4944 3463 4988 tamen
3513 4934 3686 4989 solitae

2103 5037 2425 5092 constantiae
2454 5051 2517 5089 ac
2545 5049 2726 5088 rerum
2757 5030 3235 5102 procttrandarnm
3267 5028 3448 5085 ofﬁcio
3483 5043 3542 5084 se
3563 5030 3687 5083 red-

2101 5131 2260 5195 dens,
2287 5128 2703 5183 Constantinum
2741 5124 2980 5180 Gabram
3017 5123 3198 5178 virum
3243 5121 3384 5178 bello
3406 5121 3687 5176 ardentem

2101 5239 2166 5278 ac
2193 5237 2356 5276 manu
2391 5230 2723 5292 promptum,
2760 5215 2964 5289 quique
2996 5217 3176 5288 ignem
3228 5217 3282 5275 iu
3335 5214 3532 5286 praeliis
3579 5215 3687 5284 spi-

1484 5357 1685 5423 Varire
1714 5358 2023 5422 lectiones
2061 5376 2141 5423 ex
2171 5361 2313 5423 cod.
2340 5358 2582 5422 Coislin

477 5459 524 5491 “
567 5461 886 5532 Ῥωμαίων.

1503 5573 1642 5634 Car.
1673 5571 2006 5634 Dufresnii
2037 5574 2138 5637 Du
2167 5574 2392 5654 Cangii
2429 5582 2615 5638 notua.

483 5707 595 5778 (7'5)
651 5705 923 5776 Τίμορον.
987 5704 1292 5778 ,Φρο-ύριον
1367 5701 1603 5778 vicinum
1687 5700 1994 5778 Balagritis,

411 5771 510 5834 nec
537 5771 729 5845 procul
754 5771 1052 5839 a'Caninis,
1091 5771 1495 5838 Gatttacuzeno,
1525 5771 1618 5826 lib.
1657 5787 1716 5838 tt,
1751 5786 1872 5841 cap.
1901 5772 1990 5828 32.

481 5844 591 5920 (795)
624 5848 931 5905 Γλώτταν.
966 5846 1097 5904 Vide
1125 5846 1365 5904 Glossar.
1392 5844 1675 5902 Annaeum.

2177 5704 2290 5773 (75)
2324 5704 2698 5773 Βαῖμούντου
2748 5702 3108 5771 ἐξάδελφον.
3168 5696 3315 5752 Illius
3381 5698 3499 5748 orte
3527 5691 3686 5763 cujus

2107 5775 2352 5830 meminit
2395 5791 2513 5846 pag.
2547 5773 2669 5830 556.
