4086 6424
386 388 490 456 981

1608 392 2039 456 ALEXIADIS
2076 396 2226 463 LIB.
2268 399 2442 465 XIII.

3561 400 3665 467 982

378 507 667 581 ἡμάρτανε
726 504 823 562 τοῦ
883 506 1114 565 σκοποῦ.
1167 508 1350 565 Μέσον
1400 508 1509 583 γὰρ
1563 510 1660 566 τοῦ
1716 510 1965 585 πορθμοῦ

2073 517 2336 585 partium.
2369 519 2551 575 Semel
2601 520 2907 594 iterumque
2968 519 3149 576 Latini
3209 527 3396 593 postea
3453 532 3669 589 quoque

378 598 820 671 καταλαμϐάνων
850 600 973 654 ἐπεὶ
993 601 1119 664 τοὺς
1153 602 1393 667 Κελτοὺς
1415 603 1669 675 ἑξουρίας
1699 604 1967 669 πλέοντας

378 695 533 766 ὲὼρα
563 694 635 749 τά
666 693 715 748 θ’
762 695 911 749 ίστία
957 697 1410 760 ἀναπετάσαντας
1441 698 1535 751 καὶ
1592 698 1823 769 σφοδρὸν
1874 700 1968 755 τὸν

378 787 667 841 ἀπόπλουν
715 788 1101 858 ποιουμένους,
1138 789 1237 859 οὐχ
1286 784 1401 854 οἷός
1446 807 1503 845 τε
1545 786 1615 863 ἦν
1664 792 1804 864 πρὸς
1837 792 1969 859 τοὺς

379 878 625 942 Κελτοὺς
660 879 779 949 ἅμα
805 880 898 933 καὶ
930 881 1059 944 τοὺς
1113 882 1349 952 ἀνέμους
1402 884 1791 954 ἀπομάχεσθαι
1825 885 1971 940 κατά

377 971 609 1043 πρῶραν
653 971 750 1025 τοῦ
802 972 1120 1044 πνεύματος
1164 975 1503 1045 ἱσταμένου·
1551 978 1675 1032 οὐδὲ
1710 979 1821 1049 γὰρ
1876 981 1969 1034 τὸν

386 1064 668 1133 Ἡρακλέα
701 1056 845 1134 πρὸξ
869 1064 965 1119 δύο
1015 1066 1149 1134 φασί
1180 1085 1193 1099 ο
1226 1070 1293 1137 τῇ
1323 1067 1412 1140 βίᾳ
1458 1068 1640 1123 τοίνυν
1674 1071 1771 1124 τοῦ
1798 1072 1968 1126 msti-

379 1176 554 1230 ματος
582 1159 911 1229 παλίνορσος
951 1160 1184 1229 ἐγίνετο.
1224 1161 1348 1214 Ἐπὶ
1390 1162 1608 1229 τούτοις
1638 1165 1666 1218 6
1692 1166 1969 1238 αὐτοκρά⁹

374 1271 491 1323 τωρ
528 1252 826 1323 διεπρίετο.
854 1255 1128 1322 Διαγνούς
1171 1254 1229 1308 δὲ
1256 1256 1338 1309 ὅτι
1388 1255 1489 1327 οὐχ
1521 1259 1658 1312 ὅπου
1694 1261 1968 1329 προσήκοι

372 1345 471 1398 τὸν
504 1344 817 1414 Ῥωμαϊκὸν
854 1347 1042 1401 στόλον
1076 1350 1105 1401 6
1136 1350 1557 1421 Κοντστέιρανος
1583 1351 1967 1423 προσώρμισε,

376 1439 476 1493 καὶ
527 1438 618 1491 διὰ
664 1439 826 1493 τοῦτο
853 1441 1018 1495 αὐτὸν
1050 1442 1101 1495 oi
1129 1443 1273 1496 νότοι
1324 1444 1698 1515 ἀπείργουσιν
1744 1444 1969 1501 εὖθετον

375 1535 492 1595 τοῖς
544 1533 774 1597 Κελτοῖς
827 1535 1030 1604 μᾶλλον
1078 1536 1175 1590 τὸν
1206 1537 1377 1591 πλοῦν
1426 1541 1820 1609 παρεχόμενοι,
1852 1540 1971 1595 δια-

376 1623 595 1693 γράψας
624 1624 724 1695 τὴν
761 1627 861 1696 τῆς
889 1626 1299 1701 Δογγιδαρδίας
1328 1631 1487 1700 ἠϊόνα
1530 1632 1626 1686 καὶ
1657 1633 1753 1687 τοῦ
1797 1633 1968 1687 Ἰλλυ-

378 1715 557 1785 ρικοῦ,
588 1718 682 1770 καὶ
714 1718 843 1781 τοὺς
871 1720 1005 1790 παρ’
1041 1721 1284 1788 ἑκάτεροι
1306 1721 1692 1790 διακειμένους
1716 1723 1967 1792 λιμένας,

374 1808 667 1862 ἀπέστειλε
707 1810 787 1878 τῷ
827 1810 1263 1886 Κοντοστεφάνῳ
1325 1814 1622 1881 ὑποδείξας
1672 1816 1731 1870 ὲν
1776 1816 1967 1887 γράμ-

376 1919 535 1970 μασι,
570 1902 663 1956 καὶ
690 1902 812 1956 ὅποι
848 1902 933 1958 δεῖ
969 1907 1346 1979 προσορμίσαι
1377 1908 1477 1973 τὰς
1510 1910 1669 1974 ναῦς,
1703 1912 1799 1964 καὶ
1840 1911 1967 1965 ὅθεν

372 1995 563 2065 οὐρίου
612 1994 755 2067 τύχῃ
787 1996 883 2050 τοῦ
924 1998 1242 2069 πνεύματος
1296 2003 1438 2056 κατά
1494 2002 1605 2055 τῶν
1638 2002 1969 2068 διαπλωῖζο-

374 2091 555 2160 μένων
587 2091 812 2146 Κελτῶν
859 2092 1130 2164 ἐξορμῶν.
1176 2095 1449 2167 Ἀνέρωσέ
1482 2082 1612 2170 [ἴση
1653 2099 1965 2173 ἀνέρρωσε]

368 2200 430 2236 τε
485 2183 639 2248 αὖθις
697 2188 791 2239 τὸν
831 2188 1282 2257 Κοντοστέφανον
1346 2192 1439 2245 κα)⁸
1498 2191 1667 2261 ἔργου
1716 2191 1968 2262 ἅψασθαι

368 2276 677 2332 ἀνέπεισεν.
720 2280 1203 2350 Ἀνακτησάμενος
1231 2282 1325 2337 οὖν
1358 2285 1556 2338 ἑαυτὸν
1599 2285 1628 2337 6
1690 2284 1965 2351 Ἰσαάκιος

368 2369 469 2421 καὶ
491 2369 823 2425 καταλαϐὼν
870 2365 1099 2443 οὗπερὸ
1147 2375 1518 2446 αὐτοκράτωρ
1575 2376 1729 2445 αὐτῷ
1779 2393 1961 2446 παρε-

368 2460 672 2514 κελεύσατο
719 2464 817 2526 τὰς
849 2464 983 2527 ναῦς
1034 2465 1403 2535 προσὼκειλε.
1440 2467 1549 2522 Καὶ
1594 2469 1789 2539 καιρὸν
1839 2471 1967 2524 ἐπι-

367 2555 616 2624 τηρήσας
649 2557 889 2625 ὁπηνίκα
919 2558 968 2609 οί
998 2558 1108 2611 ἀπὸ
1139 2559 1550 2630 Λογγιϐαρδίας
1584 2559 1725 2630 μετὰ
1758 2562 1966 2633 πολλῆτῖ

372 2648 741 2718 παρασκευῆς
814 2651 949 2720 πρὸς
1022 2652 1084 2704 τὸ
1160 2651 1462 2723 Ἰλλυρικὸν
1522 2653 1617 2707 τὸν
1674 2655 1962 2710 ἀπόπλουν

368 2738 669 2805 ἐποιοῦντο,
704 2741 910 2812 ἀνέμου
966 2743 1146 2807 δεξιοῦ
1199 2744 1513 2814 τηνικαῦτα
1566 2748 1957 2816 ἐπιπεσόντος,

367 2833 581 2902 δέχεται
615 2834 843 2899 τούτους
881 2838 977 2889 τοῦ
1017 2838 1270 2908 πορθμοῦ
1330 2839 1515 2909 μέσον,
1564 2841 1661 2895 καίΙ
1708 2841 1831 2897 τινὰ
1864 2841 1964 2911 μὲν

367 2926 479 2977 τῶν
549 2927 863 2998 λῃστρικῶν
946 2930 1149 2985 πλοίων
1215 2933 1578 3004 πυρίκαυστα
1643 2935 1917 3006 πεποίηκε
1945 2940 1971 2969 ί

367 3015 541 3069 πλείω
573 3016 627 3069 δὲ
664 3020 757 3071 καὶ
787 3019 1067 3090 αὔτανδρα
1097 3021 1176 3091 τῷ
1208 3020 1356 3093 βυθῷ
1382 3024 1961 3095 παρέπεμψεν.οῦπω

365 3112 540 3165 ταῦτα
570 3113 910 3182 μεμαθηκὼς
946 3117 974 3168 6
1016 3116 1297 3187 βασιλεὺς,
1327 3119 1466 3174 ἀλλά
1501 3120 1639 3191 πρὸς
1689 3122 1758 3176 τὰ
1805 3123 1962 3192 παρά

2072 623 2290 665 cursum
2325 620 2529 667 rectum
2560 621 2614 668 et
2657 614 2981 669 incolumem
3013 628 3076 669 ex
3108 610 3257 668 Italia
3295 611 3347 665 in
3393 608 3666 682 lllyricum

2074 704 2336 769 habuere,
2391 703 2591 759 frustra
2627 703 2847 761 obstare
2892 715 3096 761 conata
3153 701 3403 758 Romana
3465 701 3662 756 classe.

2073 795 2428 853 Promoverat
2481 813 2599 853 eam
2640 799 2859 870 quidem
2896 798 3138 854 lsaacius
3196 798 3249 852 in
3304 797 3498 852 fretum
3554 810 3670 850 me-

2075 888 2219 943 dium
2268 890 2486 944 obviam
2525 899 2715 946 contra
2764 890 3039 962 naviganti
3082 889 3338 955 Gallicae;
3388 887 3483 942 sed
3541 902 3665 941 cum

2076 983 2217 1038 hanc
2249 992 2443 1040 ventus
2479 1000 2508 1038 ε
2538 984 2700 1054 puppi
2732 984 3004 1040 secundus
3032 984 3209 1039 valide
3238 983 3480 1053 pelleret,
3516 981 3660 1035 illaut

2075 1075 2219 1129 idem
2253 1092 2280 1128 a
2311 1091 2472 1141 prora
2525 1078 2818 1133 vehemens
2870 1074 3125 1141 dimaret,
3197 1084 3388 1129 contra
3446 1081 3666 1128 ventum

2072 1176 2127 1221 et
2153 1168 2365 1223 hostem
2400 1183 2642 1237 pugnare
2669 1169 2830 1225 simul
2861 1169 2998 1223 ratio
3029 1184 3132 1222 non
3158 1166 3279 1235 fuit,
3310 1165 3565 1235 quoniam
3604 1177 3671 1217 ne

2075 1258 2334 1316 Hercules
2386 1260 2610 1331 quidem
2661 1263 2825 1330 (quod
2877 1261 2981 1316 dici
3040 1260 3197 1330 solet)
3256 1268 3447 1314 contra
3502 1257 3666 1311 duos.

2074 1353 2264 1425 Itaque
2314 1354 2571 1410 cedentes
2631 1352 2946 1408 necessario
3001 1350 3260 1413 Romani,
3310 1363 3503 1419 purum
3560 1348 3666 1402 iter

2072 1446 2417 1518 liberumque
2467 1445 2671 1502 ltalieis
2709 1446 2983 1517 reliquere
3030 1444 3277 1500 navibus.
3331 1441 3667 1511 Ringebatur

2074 1541 2142 1596 iis
2191 1541 2432 1611 acceptis
2472 1541 2816 1610 imperator;
2884 1548 2941 1594 et
2994 1546 3235 1593 erratum
3293 1550 3323 1590 a
3377 1534 3667 1590 Contoste-

2072 1632 2258 1704 phano
2289 1632 2598 1703 intelligens
2638 1632 2695 1689 in
2742 1632 2978 1689 statione
3012 1639 3136 1701 apta
3182 1627 3341 1684 classi
3371 1642 3483 1683 suae
3532 1623 3666 1679 deli-

2073 1730 2270 1801 genda,
2306 1726 2544 1785 tabulam
2571 1729 2860 1797 utriusque
2898 1741 3009 1782 ora:
3034 1724 3288 1780 littoralis
3333 1721 3619 1776 maritima:
3646 1759 3661 1783 ,

2077 1821 2421 1893 lllyricianae,
2447 1823 2693 1893 inquam,
2748 1829 2806 1877 et
2837 1820 2887 1876 ei
2929 1818 3173 1874 adversae
3216 1812 3660 1887 Longobardicre.

2073 1930 2197 1970 cum
2222 1915 2427 1972 notatis
2450 1914 2712 1984 utrinque
2740 1912 2978 1983 regionis
3001 1910 3283 1979 utriusque
3312 1906 3572 1977 portubus
3596 1903 3661 1955 ait

2072 2024 2196 2065 eum
2220 2009 2374 2065 misit
2411 2023 2428 2062 :
2464 2007 2667 2063 litteris
2696 2007 3000 2061 admonens
3046 2002 3244 2072 quibus
3281 2000 3333 2054 in
3376 1998 3512 2053 locis
3543 1999 3664 2065 qui.

2072 2103 2245 2157 busve
2291 2098 2622 2156 stationibus
2670 2108 2859 2153 tenere
2884 2111 2951 2153 ex
2990 2095 3236 2151 excubiis
3267 2107 3431 2147 naves
3462 2088 3663 2144 Roma-

2071 2211 2169 2250 nas
2191 2203 2487 2264 oporteret,
2523 2202 2581 2248 ut
2610 2208 2689 2248 ea:
2716 2207 3042 2263 quocunque
3064 2198 3228 2247 vento
3253 2188 3573 2257 navigantes
3596 2198 3662 2238 ex

2071 2286 2223 2342 Italia
2245 2285 2485 2344 Gallicas
2513 2301 2704 2342 arcere
2746 2293 2990 2356 possent.
3029 2282 3185 2353 Cepit
3236 2278 3496 2365 Isaacius,
3535 2292 3659 2331 cum

2071 2381 2156 2436 bis
2184 2381 2479 2450 postremis
2508 2379 2732 2435 monitis
2775 2376 3158 2447 acquievisset,
3196 2373 3437 2427 fructum
3471 2368 3661 2424 docili-

2070 2475 2200 2530 tatis
2231 2488 2363 2529 suae.
2416 2471 2552 2527 Nam
2596 2472 2890 2527 observato
2943 2478 3183 2539 tempore
3238 2479 3347 2535 quo
3403 2463 3663 2533 trajectus

2066 2579 2222 2620 novae
2249 2564 2317 2619 ab
2343 2562 2719 2631 Longobardia
2759 2560 3052 2631 parabatur
3078 2557 3293 2622 classis,
3336 2555 3514 2608 locum
3554 2551 3658 2607 sibi

2069 2657 2296 2724 suisque
2330 2671 2397 2711 ex
2432 2653 2784 2724 imperatoris
2832 2651 3065 2708 consilio
3096 2647 3365 2703 delectum
3402 2642 3658 2713 sumpsit.

2067 2750 2198 2805 Inde
2229 2759 2407 2804 autem
2441 2744 2861 2817 procedentibus
2908 2757 3169 2813 prospero
3207 2750 3496 2794 ventorum
3527 2734 3655 2789 ﬂatu

2067 2842 2344 2900 Gallorum
2375 2843 2603 2897 navibus
2634 2839 2821 2895 multis
2863 2850 2919 2894 et
2961 2844 3224 2907 apparatu
3285 2833 3498 2889 onustis
3537 2829 3659 2900 plu-

2067 2940 2232 2999 rimo,
2270 2935 2499 2990 infestus
2532 2934 2791 3004 ingruens
2827 2947 2985 2987 cursu
3033 2930 3087 2983 in
3141 2927 3339 2987 medio,
3400 2922 3659 2994 piraticas

2067 3041 2257 3089 eorum
2298 3027 2562 3095 quasdam
2620 3022 2882 3088 incendit,
2937 3020 3120 3089 plures
3164 3032 3287 3072 cum
3347 3013 3661 3069 vectoribus

2067 3118 2358 3189 depressit.
2395 3117 2509 3173 Hoc
2558 3129 2871 3186 quanquam
2926 3113 2998 3166 ita
3040 3111 3246 3167 Isaacio
3294 3113 3655 3169 successerat,

367 3204 467 3257 τοῦ
502 3206 857 3275 Λαντούλφου
900 3210 1209 3279 γραφέντα,
1238 3210 1335 3265 καὶ
1382 3211 1551 3266 αὐτοῦ
1582 3214 1775 3278 δουκὸς
1818 3215 1963 3291 Δυρέ

2070 3219 2251 3267 tamen
2281 3225 2404 3267 cum
2433 3208 2814 3264 accusationes
2848 3206 2900 3261 in
2932 3220 3055 3259 eum
3089 3200 3404 3269 Lantulphi,
3460 3213 3658 3253 conso-

375 3296 566 3368 ραχίου
597 3299 919 3370 ἐγκείμενον
961 3301 1099 3371 ἔχων
1136 3302 1230 3355 τὸν
1275 3303 1422 3369 νοῦν,
1461 3305 1651 3375 ἑτέρου
1695 3306 1961 3378 λογισμοῦ

366 3390 608 3475 γεγρνὼς
637 3394 983 3463 παραχρῆμα
1011 3394 1104 3447 τὸν
1138 3395 1242 3467 ήδη
1274 3395 1519 3466 ῥηθέντα
1547 3398 1833 3469 Μαριανὸν
1862 3401 1957 3454 τὸν

368 3484 895 3553 Μαυροκατακαλὼν
950 3488 1461 3559 μεταπεμψάμενος
1514 3491 1731 3545 ἐκεῖθεν
1777 3493 1960 3549 Δοῦκα

369 3575 464 3628 τοῦ
518 3577 708 3630 στόλου
751 3579 1166 3650 προχειρίζεται
1196 3623 1211 3647 ,
1264 3582 1332 3634 τὰ
1383 3582 1441 3635 δὲ
1488 3585 1588 3653 τῆς
1646 3585 1963 3655 Πετρούλας

366 3669 541 3740 ὲτέρτρ
602 3670 946 3741 ἀνατίθησιν.
998 3666 1171 3735 Οὗτος
1214 3668 1310 3725 οῦν
1354 3674 1612 3728 ἀπελθὼν
1666 3677 1763 3729 καὶ
1811 3678 1957 3731 κατά

364 3776 493 3813 τινα
540 3742 836 3832 συντυχίαν
865 3763 1031 3826 εὐθὺς
1059 3764 1303 3835 ἐντυχὼν
1340 3767 1464 3831 ταῖς
1509 3768 1618 3820 ἀπὸ
1648 3769 1965 3841 Λογγιὸαρ-

366 3852 489 3915 δίας
513 3854 651 3923 πρὸς
680 3856 774 3906 τὸν
811 3850 1152 3925 Βαῖμοῦντον
1182 3857 1683 3929 διαπλωῖζομέναις
1729 3861 1957 3934 λῃστριο

368 3951 496 4010 καίς
519 3950 613 4001 καὶ
637 3952 934 4018 φορτηγοῖς
961 3951 1145 4017 ναυσὶ,
1176 3951 1447 4021 κατέσχεν
1481 3954 1699 4018 ἁπάσας
1729 3955 1964 4027 πλήρεις

370 4041 648 4093 παντοίων
717 4040 1020 4109 ἐδωδίμων.
1073 4043 1184 4096 Καὶ
1252 4044 1348 4097 τοῦ
1411 4045 1604 4099 λοιποῦ
1673 4045 1963 4120 ἄγρυπνος

372 4129 550 4199 φύλαξ
582 4131 677 4184 τοῦ
709 4132 1030 4200 ἀναμεταξὺ
1067 4134 1479 4205 Λογγιϐαρδίας
1524 4137 1620 4191 καὶ
1658 4139 1962 4212 Ἰλλυρικοῦ

371 4225 621 4294 πορθμοῦ
653 4226 960 4297 τυγχάνων,
994 4227 1058 4280 οὐ
1102 4227 1405 4298 συνεχώρει
1458 4228 1518 4282 τὸ
1553 4232 1815 4302 παράπαν
1851 4237 1963 4299 τοῖς

372 4320 599 4383 Κελτοῖς
614 4324 719 4372 τὸν
758 4320 895 4392 πρὸς
926 4322 986 4375 τὸ
1012 4322 1321 4395 Δυρράχιον
1354 4325 1658 4383 ἀπόπλουν.

457 4506 519 4557 Ὀ
555 4505 611 4558 δέ
661 4522 723 4573 γε
780 4505 1162 4576 αὐτοκράτωρ,
1193 4507 1320 4577 περὶ
1371 4507 1498 4572 τοὺς
1540 4510 1819 4581 πρόποδας
1854 4514 1963 4566 τῶν

371 4598 708 4670 κλεισουρῶν
756 4600 851 4653 καὶ
910 4599 1053 4653 κατὰ
1114 4600 1216 4670 τὴν
1264 4600 1526 4654 Δεάὸολιν
1584 4603 1957 4675 αὐλιζόμενος,

368 4691 590 4762 ἀπῆγχε
616 4691 715 4761 μὲν
776 4691 905 4753 τοὺς
968 4690 1326 4763 προχωρῆσαι
1367 4692 1446 4762 τῷ
1478 4692 1802 4766 Βαῖμούντῳ
1831 4696 1957 4751 ὠδί-

369 4802 563 4848 νοντας
584 4801 596 4815 ·
640 4782 773 4836 ὡσεὶ
806 4784 1057 4851 νιφετοὺς
1084 4783 1140 4835 δὲ
1173 4783 1310 4854 πρὸς
1335 4784 1463 4847 τοὺς
1497 4785 1962 4866 τάςθκλεισούρας

370 4880 706 4947 ἐξέπεμπεν,
761 4877 980 4947 ἑκάστῳ
1037 4876 1430 4948 ὑποτιθέμενος
1475 4879 1706 4944 ὁπόσους
1740 4883 1820 4946 είς
1860 4884 1961 4953 τὴν

371 4973 605 5027 πεδιάδα
662 4969 971 5042 Δυρραχίου
1024 4968 1441 5034 ἐξαποστέλλειν
1491 4970 1634 5023 κατὰ
1675 4971 1770 5024 τοῦ
1828 4973 1959 5026 Βαῖ-

375 5065 609 5137 μούντου
662 5064 759 5119 καὶ
793 5065 977 5119 ὁποῖον
1020 5063 1081 5115 τὸ
1129 5063 1225 5115 τοῦ
1259 5064 1504 5133 πολέμου
1557 5064 1747 5134 σχῆμα
1773 5066 1963 5118 διατυ-

375 5158 537 5223 ποῦν,
585 5158 712 5220 τοὺς
744 5156 1186 5227 κατερχομένους
1226 5156 1333 5226 χρὴ
1367 5157 1425 5207 ὲν
1459 5155 1535 5225 τῷ
1566 5156 1839 5227 μάχεσθαι
1895 5159 1966 5213 τὰ

377 5252 607 5306 πλεῖστά
634 5267 695 5303 τε
736 5249 1066 5320 προτρέχειν
1097 5249 1213 5310 τοῖς
1251 5248 1440 5311 ἵπποις
1477 5249 1570 5301 καὶ
1606 5245 1766 5311 αὖθις
1797 5250 1965 5303 ἀνθυ-

381 5346 685 5409 πονοστεῖν,
729 5345 824 5396 καὶ
857 5342 1000 5395 οὕτω
1031 5341 1194 5395 πάλιν
1222 5342 1316 5395 καὶ
1355 5343 1520 5397 πάλιν
1548 5344 1837 5407 ποιοῦντας
1878 5344 1967 5399 διὰ

375 5439 473 5508 τῆς
504 5436 717 5503 τοξείας
757 5435 1063 5504 μάχεσθαι’
1099 5436 1227 5500 τοὺς
1268 5435 1325 5488 δὲ
1364 5435 1431 5489 τὰ
1462 5435 1671 5506 δόρατα
1694 5437 1967 5508 φέροντας

374 5529 601 5582 ὄπισθεν
638 5529 820 5582 αὐτῶν
850 5528 1043 5600 βραδεῖ
1075 5529 1201 5584 ποδὶ
1231 5529 1489 5600 στείχειν,
1512 5531 1601 5597 ἵν’,
1633 5532 1814 5584 εἵπου
1876 5531 1969 5601 γέ-

378 5639 540 5692 νηται
592 5625 706 5685 τοῖς
761 5621 1008 5686 τοξόταις
1048 5621 1215 5675 πλέον
1256 5620 1352 5674 τοῦ
1411 5622 1623 5685 δέοντος
1680 5623 1818 5694 πρὸς
1866 5623 1969 5687 τὰς

375 5715 597 5769 ὄπισθεν
661 5715 1067 5785 παρασυρῆναι,
1124 5714 1389 5785 δέχωνται
1445 5713 1688 5778 τούτους.
1748 5716 1863 5786 ἅμα
1914 5715 1971 5769 δὲ

380 5810 478 5863 καὶ
510 5810 605 5861 τὸν
658 5811 736 5872 είς
790 5812 982 5878 χεῖρας
1030 5807 1237 5863 τούτων
1300 5808 1429 5870 ἴσως
1481 5806 1705 5859 ἐλθόντα
1757 5807 1963 5860 Κελτὸν

382 5905 689 5978 πλήττειεν.
729 5904 1089 5977 Ἐπεχορὴγει
1135 5905 1190 5959 δὲ
1244 5904 1437 5977 δαψιλῆ
1488 5903 1696 5969 sciret;
1752 5904 1817 5958 τὰ
1851 5903 1980 5978 βέλη

2068 3306 2155 3359 nis
2197 3318 2415 3374 quoque
2448 3302 2606 3357 ducis
2646 3295 3100 3371 Dyrrhachiensls
3141 3293 3474 3351 confirmatae
3523 3304 3657 3360 que-

2068 3397 2219 3461 relis,
2250 3395 2551 3451 insiderent
2581 3394 2633 3447 in
2665 3391 2891 3460 Augusti
2928 3389 3111 3443 animo
3140 3385 3323 3448 altius,
3354 3383 3573 3439 tandem
3606 3381 3654 3436 is

2068 3499 2280 3543 mutato
2335 3496 2556 3558 repente
2614 3484 2847 3539 consilio
2908 3479 3181 3538 retinendi
3238 3478 3443 3535 diutius
3476 3476 3530 3529 in
3566 3474 3656 3529 illa

2068 3581 2234 3635 maris
2264 3580 2588 3649 praefectura
2629 3572 3080 3643 Contostephani,
3127 3569 3451 3627 accersitum
3495 3580 3657 3637 quem

2064 3675 2229 3730 modo
2260 3672 2685 3729 memoravimus
2718 3668 2882 3741 397
2912 3666 3217 3720 Marianum
3250 3659 3657 3716 Maurocatalo-

2067 3784 2191 3824 nem
2224 3766 2417 3821 ducem
2451 3764 2641 3819 classis
2668 3771 2842 3824 creat,
2898 3756 3132 3815 Petrulze
3163 3755 3403 3811 visenda!
3438 3750 3658 3823 negotio

2067 3859 2222 3915 alteri
2252 3857 2525 3912 mandato.
2562 3854 2837 3908 Mariunns
2877 3853 2929 3906 in
2980 3846 3315 3920 provinciam
3340 3845 3449 3901 cito
3482 3841 3662 3911 profe-

2066 3965 2189 4009 Ctus
2218 3964 2443 4019 operam
2477 3949 2714 4003 navavit.
2762 3944 2977 4000 Etenim
3010 3940 3376 4012 deprehensas
3403 3937 3458 3990 in
3496 3949 3659 3990 cursu

2067 4045 2331 4118 piraticas
2354 4042 2747 4112 onerariasque
2790 4039 3028 4095 Gallicas
3077 4042 3420 4091 comeatuum
3454 4028 3660 4101 ingenti

2066 4142 2119 4197 vi
2150 4139 2379 4195 refertas
2409 4137 2787 4207 cepitomnes,
2826 4131 3067 4203 vigilque
3114 4128 3312 4185 deinde
3361 4141 3427 4181 ac
3477 4131 3660 4179 certus

2066 4243 2251 4289 custos
2272 4230 2457 4286 Italico
2487 4230 2625 4285 freto
2651 4227 2918 4284 incubans
2939 4236 3101 4280 omne
3130 4222 3317 4290 utique
3340 4216 3656 4273 ltalicarum

2068 4326 2286 4379 navium
2317 4339 2348 4378 a
2380 4319 2909 4395 Dyrrhachiensibus
2956 4312 3244 4371 Baimundi
3276 4312 3472 4369 castris
3502 4309 3662 4380 plane

2065 4419 2324 4488 deinceps
2350 4414 2739 4471 commercium
2769 4409 3009 4481 abrupit.

2150 4511 2325 4566 Porro
2365 4509 2666 4578 imperator
2718 4504 2938 4559 interim
2993 4500 3217 4558 Deaboli
3273 4497 3563 4554 considens
3604 4495 3657 4551 in

2072 4604 2318 4674 proxima
2354 4600 2554 4655 vicinia
2588 4599 2955 4655 claustrorum
2989 4596 3106 4652 sive
3137 4592 3485 4655 clisurarum,
3519 4603 3661 4661 quas

2073 4696 2267 4761 firmis,
2313 4694 2390 4749 uti
2421 4692 2681 4756 diximus,
2711 4689 2985 4761 praesidiis
3033 4686 3324 4751 munierat,
3375 4682 3658 4753 haudqua-

2070 4803 2232 4855 quam
2264 4787 2378 4856 ipse
2414 4783 2645 4839 vacabat
2676 4796 2840 4851 opere
2865 4818 2883 4846 ,
2913 4779 3007 4836 sed
3039 4779 3394 4849 praecipuum,
3432 4774 3480 4832 si
3510 4782 3661 4830 recte

2070 4881 2195 4950 quis
2232 4879 2488 4943 aestimet,
2520 4876 2587 4931 ad
2638 4875 2764 4931 belli
2824 4887 3094 4929 summam
3145 4879 3477 4926 momentum
3527 4866 3663 4922 affe-

2073 4973 2250 5028 rebat.
2288 4970 2657 5036 Prmterquam
2702 4969 2845 5022 enim
2900 4967 3046 5047 quod
3102 4964 3433 5032 impediebat
3473 4960 3662 5030 utique

2072 5065 2268 5120 castris
2300 5078 2367 5118 eo
2400 5064 2520 5117 loco
2548 5062 2738 5132 positis
2770 5076 2837 5115 ne
2869 5060 3008 5113 ullus
3038 5075 3103 5113 ex
3138 5056 3369 5112 infensis
3404 5056 3507 5111 sibi
3537 5054 3663 5123 plu-

2068 5158 2222 5212 rimis
2254 5166 2309 5211 et
2338 5157 2670 5211 rebelliones
2708 5152 3151 5225 parturientibus
3200 5151 3545 5224 transfugere
3589 5150 3660 5205 ad

2067 5250 2457 5314 Baimundum,
2489 5264 2613 5304 cum
2656 5262 2831 5317 eoque
2875 5247 3018 5301 vires
3066 5260 3132 5301 ac
3181 5245 3408 5302 consilia
3474 5254 3663 5315 posset

2064 5345 2326 5416 jungere:
2354 5343 2596 5398 subsidia
2622 5343 2787 5397 etiam
2812 5341 3301 5412 supplementaque
3321 5339 3659 5396 creberrima

2069 5436 2376 5491 recentium
2406 5437 2628 5491 assidue
2665 5435 2897 5490 militum
2944 5436 2998 5490 in
3034 5435 3201 5491 horas
3243 5449 3381 5504 pene
3415 5433 3661 5503 singulas

2068 5531 2393 5603 suggerebat
2454 5531 2571 5587 suis
2620 5529 2849 5585 clisuras
2894 5527 3289 5594 obtinentibus,
3333 5527 3530 5597 quibus
3582 5527 3661 5583 llli

2071 5625 2215 5680 aucti
2251 5624 2391 5679 ultra
2425 5624 2727 5680 custodiam
2759 5622 3174 5678 commissarum
3226 5620 3460 5688 arcium,
3496 5620 3660 5676 etiam

2083 5716 2150 5770 ad
2186 5714 2529 5769 lacessendos
2566 5715 2752 5771 hostes
2778 5712 3112 5784 quotidianis
3162 5710 3470 5765 incursibus
3498 5726 3667 5781 para-

2078 5817 2188 5862 tam
2237 5815 2291 5861 et
2321 5806 2555 5861 alacrem
2612 5804 3010 5860 multitudinem
3065 5801 3360 5858 habebant.
3414 5802 3666 5859 Addebat

2090 5916 2210 5959 cam
2247 5901 2517 5975 ipsamlad
2562 5915 2674 5956 rem
2723 5908 2993 5971 praecepta
3035 5899 3335 5969 imperator
3380 5897 3664 5968 Salutaria,
