4086 6400
409 352 522 416 935
1627 366 2043 429 ALEXIADIS
2080 373 2221 432 LIB.
2260 375 2435 435 XIII.
3568 380 3674 445 986

411 469 572 539 longo
604 484 703 524 usn
732 481 1003 541 comperta
1037 472 1330 543 imperator
1354 475 1605 533 obtinens
1664 482 1845 535 animo
1911 484 2055 538 illam
2096 488 2211 541 suis
2242 502 2402 555 quam
2442 487 2726 541 rererimus
2755 487 3057 558 imperabat
3087 490 3139 544 in
3170 489 3354 545 Gallos
3395 493 3666 562 pugnandi

410 568 705 630 rationem,
733 577 788 619 ut
818 569 974 636 equis
999 571 1181 639 jacqu
1204 572 1433 641 ligendis
1460 574 1606 627 viros
1638 578 1988 644 omitterent;
2032 582 2230 650 quippe
2266 580 2426 635 facile
2460 590 2514 635 et
2546 582 2767 636 innoxie
2828 582 3122 639 vincendos
3196 600 3460 655 equorum
3503 602 3661 641 casu.

407 661 675 717 Nimirum
712 678 815 717 nou
866 663 1010 717 illam
1059 664 1335 731 ferociam,
1385 667 1505 721 illos
1578 668 1727 738 ignes
1788 686 1920 738 quos
1959 673 2011 725 iu
2067 673 2220 742 equis
2281 673 2371 726 alti
2422 674 2841 742 spiraul,etiam
2872 677 3085 729 excussi
3142 679 3397 741 retinent,
3446 680 3491 733 si
3570 696 3673 749 qua

411 772 510 814 cos
556 757 637 810 vis
686 756 961 811 alllixeril.
1008 756 1195 813 Gallus
1240 774 1382 828 equo
1435 776 1698 828 generoso
1754 773 1994 818 armatus
2035 764 2275 819 insidens
2304 766 2549 819 ﬂammea
2582 766 2866 820 velocitate
2942 766 3233 822 fulmineus
3279 769 3359 821 vel
3432 769 3667 843 Babylo-

408 856 535 909 nios
565 869 749 908 muros
782 854 1111 918 transvolet;
1159 853 1306 908 humi
1343 854 1646 925 depositus,
1682 860 1985 927 quibusque
2026 860 2200 914 obviis
2232 860 2387 915 huius
2416 870 2520 914 est.
2600 859 2723 916 llaec
2784 862 2944 932 igitur
2998 862 3049 914 iu
3091 863 3236 915 hunc
3313 866 3527 916 modum
3576 880 3669 918 sa-

408 948 625 1017 pienter
664 948 943 1011 Augustus
971 963 1034 1000 ex
1069 964 1131 1001 eo
1168 948 1288 1003 loco
1348 951 1707 1019 gubernabat.
1780 951 1889 1006 Cur
1936 970 2040 1007 non
2084 957 2400 1022 procederet
2437 956 2661 1008 ulterius
2690 965 2743 1008 et
2791 954 3043 1007 claustris
3102 955 3372 1022 superatis
3397 955 3675 1007 cautiones

406 1040 526 1109 ipse
560 1054 681 1093 cum
712 1040 881 1094 Gallis
927 1055 1175 1109 pugnans
1232 1042 1330 1094 bas
1380 1054 1668 1110 usurparet
1700 1058 1837 1111 quas
1881 1045 2126 1098 tradebat
2198 1045 2344 1105 aliis.
2410 1061 2572 1099 causa
2644 1044 2758 1098 bare
2807 1044 2906 1098 fuit
2963 1060 3121 1115 quam
3172 1060 3235 1098 ex
3289 1046 3404 1113 ipso
3481 1043 3672 1099 audire

410 1136 633 1189 memini
686 1152 805 1191 cum
858 1136 1079 1198 diceret,
1134 1152 1384 1204 perversa
1436 1136 1660 1190 consilia
1707 1136 1814 1190 sibi
1862 1148 1983 1189 nota
2026 1136 2162 1190 male
2191 1136 2561 1190 feriatorume
2599 1152 2696 1191 suo
2762 1138 2928 1205 ipsius
2998 1138 3254 1190 comitatu
3302 1153 3406 1189 non
3460 1151 3662 1204 pauco-

408 1248 529 1285 rum
571 1246 792 1285 aversos
831 1247 856 1282 a
887 1245 945 1286 se
977 1232 1186 1285 animos
1231 1233 1564 1294 habentium,
1622 1232 1863 1284 effecisse
1913 1241 1970 1285 ut
2010 1233 2317 1286 consultum
2350 1233 2658 1300 neutiquam
2693 1239 2921 1299 putaret,
2954 1232 3004 1283 id
3070 1231 3213 1299 quod
3279 1229 3478 1299 alioqui
3540 1243 3673 1281 avr-

408 1325 498 1377 hat
531 1325 711 1384 unice.
744 1324 991 1377 transitis
1029 1324 1245 1377 clisuris
1272 1341 1423 1391 :Bqno
1450 1324 1616 1378 Marte
1686 1326 1810 1378 totis
1879 1325 2049 1392 copiis
2088 1341 2208 1378 cum
2236 1324 2534 1379 Baimuudo
2560 1324 2795 1394 experiri
2827 1325 3095 1377 fortunam
3127 1323 3317 1392 prmlii.
3352 1324 3414 1375 Et
3455 1331 3669 1376 astrue-

408 1435 491 1481 re,
537 1416 588 1469 ni
650 1415 828 1482 fallor,
880 1419 1001 1471 huic
1058 1419 1176 1486 cjus
1205 1419 1349 1471 dicto
1406 1419 1561 1471 fidem
1615 1428 1833 1488 possent
1868 1434 1986 1485 quae
2025 1418 2277 1486 superius
2326 1418 2457 1472 locis
2521 1420 2687 1471 variis
2754 1419 2818 1470 de
2871 1417 3064 1471 bellica
3118 1416 3288 1483 ipsius
3341 1414 3540 1477 indole,
3598 1414 3665 1467 de

407 1513 605 1569 ardore
636 1526 747 1564 rem
781 1513 1017 1581 gerentis
1048 1512 1098 1564 in
1130 1510 1267 1573 acie,
1297 1513 1362 1565 de
1398 1512 1695 1565 constantia
1738 1512 2135 1580 praesentiaque
2171 1511 2386 1573 utentis,
2418 1526 2481 1564 ac
2512 1510 2690 1579 vigilia
2756 1509 2992 1574 consilii,
3071 1510 3122 1561 in
3190 1516 3387 1561 eventu
3458 1508 3670 1575 pericu-

407 1605 529 1660 love
568 1607 781 1673 quovis,
834 1615 1252 1659 commemorata
1295 1618 1418 1660 sunt
1468 1623 1495 1661 a
1551 1608 1725 1663 nobis.
1758 1606 1982 1673 Verum,
2022 1616 2081 1662 ut
2108 1622 2250 1676 smpe
2277 1608 2478 1662 dictum
2513 1616 2618 1670 est,
2648 1607 2749 1661 hoc
2784 1606 2835 1660 in
2874 1620 2981 1674 quo
3044 1603 3313 1657 narrando
3383 1617 3666 1656 versamur

406 1707 651 1764 tempore
681 1698 996 1765 geseieutcm
1033 1697 1083 1748 iu
1123 1697 1411 1750 discrimen
1477 1712 1664 1766 pugna:
1735 1698 2049 1753 decretoria:
2085 1700 2314 1767 Augusti
2360 1698 2731 1750 fortitudinem
2789 1696 3031 1764 ejusdem
3078 1694 3341 1763 sapientia
3370 1694 3661 1755 cozitinnit.

406 1790 739 1857 cogitatione
800 1804 859 1840 ac
917 1788 1249 1842 cons«~ient§a
1306 1789 1541 1855 suspecti
1596 1789 1840 1855 maleque
1893 1790 1979 1842 fidi
2021 1791 2353 1842 comitatus:
2396 1803 2645 1856 quaeres,
2678 1787 2838 1857 longe
2896 1786 3074 1839 minus
3139 1796 3284 1839 metu
3320 1786 3661 1850 insidiarum,

409 1894 574 1948 quam
637 1878 819 1931 dolore
876 1877 946 1931 ob
1003 1888 1240 1945 ereptam
1296 1878 1632 1931 occasionem
1701 1880 1990 1948 probanda:
2031 1880 2264 1941 virtutis,
2292 1878 2652 1933 discruciabat
2682 1878 2798 1943 ejus
2824 1877 3081 1930 animum.

480 1966 993 2037 Στενοχωρούμενος
1015 1963 1107 2019 οὖν
1128 1969 1154 2020 ὁ
1182 1968 1510 2036 Βαῐμοῦντος
1540 1970 1647 2021 ἀπό
1669 1986 1726 2021 τε
1764 1970 1999 2039 ἠπείρου
2026 1971 2081 2030 Α

408 2060 507 2115 καὶ
547 2059 862 2128 θαλάττης·
921 2058 1016 2109 καὶ
1074 2062 1184 2124 γὰρ
1239 2059 1266 2109 ὁ
1310 2059 1407 2126 μὲν
1467 2059 1825 2129 αὐτοκράτωρ
1881 2056 1993 2112 οἷον

408 2152 611 2221 θεατὴς
648 2151 759 2203 τῶν
792 2151 934 2202 κατὰ
962 2149 1061 2219 τήν
1097 2150 1322 2203 πεδιάδα
1350 2152 1443 2204 τοῦ
1488 2150 1788 2220 Ἰλλυρικοῦ
1824 2169 2000 2221 πράτι-

406 2248 656 2313 τομένων
713 2244 977 2313 καθῆστο,
1026 2245 1133 2295 κάν
1167 2244 1264 2315 ὅλῃ
1301 2244 1446 2312 ψυχῇ
1480 2244 1575 2296 καὶ
1626 2244 1819 2314 γνώμῃ
1853 2261 1996 2312 συμ-

410 2340 595 2405 παρῆν
645 2338 756 2398 τοῖς
800 2335 1166 2405 μαχομένοις,
1230 2337 1321 2386 καὶ
1369 2336 1479 2389 τῶν
1526 2336 1710 2387 αὐτῶν
1766 2335 1996 2397 ἐκείνοις

413 2426 657 2498 ἱδρώτων
689 2429 782 2478 καὶ
834 2428 1011 2478 πότων
1062 2428 1312 2494 μετεῖχεν
1355 2428 1402 2477 εἰ
1439 2429 1511 2493 μή
1553 2444 1657 2477 που
1701 2427 1793 2479 καὶ
1826 2425 1997 2479 πλείω

410 2538 494 2581 τις
531 2519 665 2587 φαίη
693 2558 708 2582 ,
740 2518 1004 2587 ἐρεθίζων
1056 2518 1191 2587 πρὸς
1230 2519 1405 2587 μάχας
1433 2519 1527 2570 καὶ
1568 2518 1836 2585 πολέμους
1870 2518 1997 2580 τοὺς

414 2614 558 2666 κλτᾶ
586 2612 685 2673 τὰς
712 2610 1049 2681 ἀκρολοφίας
1074 2610 1183 2661 τῶν
1215 2611 1551 2680 κλεισουρῶν
1589 2611 1995 2674 κατατεθέντας

409 2701 709 2771 ἡγεμόνας,
737 2703 827 2752 καὶ
858 2699 1250 2768 ὑππιθέμενος
1275 2700 1412 2769 ὅπερ
1432 2702 1474 2730 ⁵⁵
1496 2701 1601 2771 χρὴ
1626 2701 1996 2770 προσϐάλλειν

407 2796 521 2856 τοῖς
570 2792 818 2852 Κελτοῖς.
867 2792 926 2844 '0
961 2791 1016 2843 δέ
1068 2807 1132 2856 γε
1191 2793 1472 2861 Μαριανῆς
1522 2793 1616 2844 τοῦ
1677 2794 1995 2861 άναμεταξὺ

416 2883 820 2953 Λογγιδαρδὲας
866 2883 960 2934 καὶ
1014 2883 1314 2952 Ἰλλυρικοῦ
1368 2884 1617 2953 πορθμοῦ
1669 2884 1767 2946 τὰς
1805 2887 1997 2938 κελεύ-

415 2978 537 3038 θους
565 2977 846 3044 ἐπιτηρῶν
874 2977 1107 3043 ἀπεῖργε
1135 2977 1452 3030 παντάπασι
1479 2978 1605 3039 τοὺς
1626 2979 1837 3032 ἐκεῖθεν
1862 2980 1998 3050 πρὸς

411 3073 505 3122 τὶν
544 3070 840 3137 Ἰλλυρικὸν
905 3070 1319 3139 διαπερῶντας,
1373 3070 1434 3121 οὐ
1472 3071 1821 3140 τριάρμενον,
1876 3072 1998 3124 οὐδὲ

418 3160 752 3230 μυριοιρόρον
810 3158 1031 3222 ὁλκάδα,
1071 3159 1190 3211 οὐδὲ
1247 3157 1586 3228 μυοπάρωνα
1636 3158 1875 3210 δίκωπον
1937 3159 1997 3211 τὸ

416 3255 682 3320 παράπαν
721 3250 1017 3321 ξυγχωρὼν
1055 3251 1188 3321 πρὸς
1216 3251 1307 3302 τὸν
1337 3249 1676 3320 Βαῖμοῦντον
1703 3250 1995 3322 διαπερᾷν.

416 3345 525 3396 Καὶ
583 3342 765 3394 αὐτῶν
824 3343 957 3409 γοῦν
1007 3342 1115 3393 τῶν
1166 3341 1253 3393 διὰ
1284 3340 1557 3408 θαλάττης
1621 3339 1998 3409 κομιζομένων

413 3436 701 3504 τροφίμων
755 3433 1121 3487 ἐκλειπόντων
1180 3432 1364 3501 αὐτῷ,
1404 3432 1635 3485 καὶτῶν
1686 3432 1774 3484 διὰ
1823 3433 1995 3503 ξηρᾶς

415 3527 813 3596 ἐπιτιθεμένων
879 3529 976 3579 σὺν
1027 3524 1296 3596 ἐμπειρίᾳ
1374 3524 1546 3594 πολλῇ
1608 3526 1699 3578 τὸν
1760 3527 1997 3588 πόλεμον

417 3622 564 3689 ἐώρα
594 3618 982 3688 προϐαίνοντα.
1021 3617 1291 3685 ὐπηνίκα
1321 3617 1429 3687 γὰρ
1461 3617 1555 3669 τοῦ
1588 3617 1833 3687 χάρακος
1863 3637 1995 3689 χορ-

414 3711 697 3780 ταγωγίας
731 3712 892 3781 χάριν
943 3710 1090 3779 ἐξῄει
1130 3728 1212 3772 τις
1248 3709 1279 3780 ἢ
1326 3711 1419 3763 καί
1457 3728 1621 3764 τινων
1648 3714 1995 3784 συγκομιδῶν

418 3806 617 3871 ἄλλων,
672 3807 705 3876 ἦ
772 3807 865 3857 καὶ
918 3807 1042 3866 τοὺς
1094 3806 1298 3867 ἵππους
1340 3806 1420 3868 el;
1478 3806 1642 3858 ποτὸν
1682 3806 1999 3877 ἐξήλαυνον,

417 3898 732 3952 ἐπετίθεντο
786 3897 1000 3959 τούτοις
1052 3898 1101 3950 οἱ
1159 3898 1422 3967 Ῥωμαῖοι
1464 3900 1715 3962 καὶτοὺς
1747 3901 2003 3964 πλείονας

419 3988 675 4057 ἀνῄρουν,
734 3988 809 4049 ὡς
873 3989 1014 4039 κατὰ
1079 3990 1271 4059 μικρὸν
1325 3990 1385 4043 τὸ
1443 3990 1609 4061 αὐτοῦ
1660 3990 2003 4046 δαπανᾶσθαι

420 4082 765 4151 ε’τράτευμαο
802 4080 1131 4142 ἀποστείλας
1188 4086 1325 4150 πρὸς
1358 4082 1449 4134 τὸν
1492 4081 1661 4135 δοῦκα
1694 4084 2001 4155 Δυρραχίου

430 4173 670 4237 Ἃλέξιον
698 4175 765 4226 τὰ
803 4174 935 4244 περὶ
968 4174 1194 4243 εἰρήνης
1222 4174 1332 4242 (ὅθ)
1365 4176 1641 4245 ἐπερωτᾷ.

2175 1968 2396 2023 Interim
2459 1982 2588 2021 vero
2644 1969 2808 2020 miras
2867 1967 2919 2020 in
2980 1966 3258 2035 angustias
3324 1967 3677 2021 armabantur

2103 2059 2389 2115 Baimundi
2434 2075 2519 2135 res
2557 2077 2571 2112 :
2603 2059 2688 2114 cui
2736 2074 2909 2127 neque
2958 2073 2984 2109 a
3042 2059 3176 2111 mari
3230 2053 3400 2125 neque
3455 2073 3482 2110 a
3535 2069 3675 2111 terra

2099 2154 2395 2221 quidquam
2426 2153 2538 2221 jam
2578 2152 2787 2215 auxilii,
2818 2166 2878 2203 ac
2908 2167 2978 2206 ne
3009 2150 3191 2219 effugii
3223 2151 3440 2219 quidem
3480 2152 3676 2204 factum

2102 2256 2222 2297 erat
2256 2244 2542 2311 reliqnmn.
2581 2241 2715 2297 llinc
2764 2245 3059 2311 imperator
3090 2244 3296 2309 aderat,
3344 2242 3540 2297 sedens
3592 2243 3679 2295 ille

2097 2337 2314 2404 quidem
2348 2337 2502 2404 quasi
2541 2344 2821 2403 spectator
2853 2336 2904 2388 in
2933 2335 3110 2388 media
3162 2334 3357 2405 Illyrici
3417 2335 3677 2403 planitie;

2097 2429 2191 2481 sed
2228 2428 2280 2481 in
2310 2442 2530 2481 suorum
2565 2428 2800 2495 undique
2830 2442 2927 2495 per
2955 2428 3245 2480 circuitum
3294 2442 3358 2479 ex
3402 2427 3532 2481 tutis
3589 2442 3679 2478 ar-

2098 2518 2248 2572 cibus
2270 2518 2485 2572 assidue
2517 2517 2701 2572 Gallos
2733 2517 3128 2571 iucursantium
3178 2516 3376 2571 animis
3423 2527 3476 2570 et
3514 2531 3681 2569 cona-

2100 2610 2265 2671 tibus,
2297 2609 2641 2663 auctoritatis
2676 2608 2725 2661 vi
2759 2609 2990 2677 quadam
3025 2608 3130 2660 late
3188 2606 3326 2670 fusa,
3364 2609 3577 2661 cunctis
3611 2623 3678 2661 ex

2104 2700 2350 2769 partibus
2388 2715 2501 2754 rem
2541 2715 2680 2753 unus
2721 2713 2934 2769 gerens.
2980 2699 3133 2751 Adeo
3174 2712 3448 2765 nunquam
3493 2699 3681 2751 remit-

2102 2801 2220 2845 tens
2251 2790 2549 2856 contentio,
2581 2792 2856 2859 nunquam
2896 2790 3200 2843 connivens
3232 2788 3411 2859 vigilia
3445 2789 3681 2856 impera-

2102 2888 2255 2941 toria:
2312 2886 2690 2956 providentize,
2740 2885 2793 2938 in
2839 2883 3140 2943 mittendis,
3196 2880 3536 2945 revocandis,
3590 2880 3684 2931 ad-

2099 2981 2425 3045 hortandis,
2480 2978 2835 3035 admonendis
2888 2976 3155 3039 ducibus,
3217 2973 3516 3037 militibus,
3585 2971 3677 3042 qui

2099 3075 2331 3130 vertices
2360 3076 2648 3139 montium,
2688 3072 2782 3141 qui
2815 3070 2985 3125 valles
3026 3078 3309 3139 angustas,
3356 3066 3449 3134 qui
3483 3076 3681 3120 caetera

2100 3183 2196 3237 per
2225 3167 2514 3223 circuitum
2548 3164 2806 3235 disposita
2838 3161 3087 3233 praesidia
3117 3161 3398 3223 tenebant,
3430 3160 3671 3222 labores,

2102 3264 2349 3328 sudores,
2383 3271 2612 3317 conatus
2642 3259 2978 3330 singulorum
3030 3266 3196 3325 atque
3231 3254 3471 3309 omnium
3510 3252 3683 3319 impe-

2107 3356 2303 3407 ratoris
2359 3354 2606 3424 proprios
2669 3352 2836 3422 ipsius
2878 3349 3175 3405 faciebant.
3232 3346 3411 3399 Nihilo
3460 3341 3684 3411 segnius

2105 3448 2403 3499 curabatur
2442 3445 2712 3497 maritima
2764 3458 2872 3496 res.
2927 3440 3240 3495 Excubabat
3275 3436 3345 3490 ab
3391 3437 3493 3489 hac
3528 3441 3687 3503 parte

2105 3536 2334 3590 Mariani
2367 3537 2519 3591 ducis
2554 3535 2806 3589 acerrimi
2863 3534 3124 3586 adversus
3159 3538 3301 3583 artes
3344 3526 3552 3596 pariter
3594 3539 3688 3576 co—

2103 3640 2367 3698 natusque
2402 3642 2592 3683 omncs
2622 3625 3052 3694 impenetrabilis
3089 3622 3374 3685 custodia;
3407 3620 3478 3671 ita
3502 3626 3686 3685 partes

2103 3721 2374 3789 calleSque
2417 3720 2537 3774 freti
2571 3719 2715 3787 quod
2751 3717 2956 3771 Italiam
2987 3725 3040 3769 et
3088 3712 3354 3784 Illyricum
3403 3708 3687 3777 interiacet

2108 3814 2388 3867 universas
2409 3813 2717 3881 ubscpicns,
2748 3820 2933 3865 utnon
2967 3806 3191 3862 flrniiori
3225 3805 3382 3860 trinis
3405 3803 3684 3856 instructas

2108 3906 2242 3960 velis
2270 3906 2391 3959 navi
2420 3905 2661 3971 Galliczc,
2717 3921 2820 3959 non
2875 3902 3163 3963 onerariae,
3213 3914 3317 3953 non
3368 3892 3686 3967 myoparoni

2113 4014 2385 4051 remorum
2416 4000 2577 4051 duum
2611 3997 2863 4065 trajicere
2909 3996 3031 4048 illac
3070 3993 3135 4047 ad
3181 3999 3359 4046 castra
3401 3984 3686 4040 Baimundi

2109 4088 2218 4142 ullo
2250 4089 2410 4141 modo
2445 4088 2657 4143 liceret.
2690 4085 2899 4138 Aretari
2936 4100 3065 4153 ergo
3098 4084 3150 4137 in
3186 4082 3302 4136 dies
3328 4095 3562 4143 annona,
3594 4078 3688 4129 de-

2105 4181 2321 4234 ﬁciente
2354 4188 2599 4234 comeatu
2627 4179 2917 4241 maritimo,
2952 4193 2979 4229 a
3006 4188 3146 4230 terra
3178 4191 3305 4229 vero
3332 4174 3442 4243 jam
3475 4174 3548 4226 ila
3583 4189 3687 4228 un-

421 4269 585 4334 dique
620 4267 893 4322 admmcri
923 4267 1255 4338 oppugnatio
1297 4268 1496 4320 dudum
1529 4268 1766 4321 obsessis
1810 4269 2003 4325 castris
2040 4270 2285 4332 Gallicis.
2325 4281 2383 4326 ut
2417 4271 2500 4323 vel
2541 4270 2810 4323 tantillum
2877 4268 3142 4337 prodiisse
3188 4266 3325 4319 vallo
3392 4252 3684 4333 pabulandi

421 4378 584 4415 causa
611 4364 832 4434 impure
862 4381 965 4417 non
1008 4375 1170 4428 esset,
1206 4364 1466 4417 Romanis
1490 4373 1597 4417 tam
1680 4366 1903 4420 assidue
1968 4367 2398 4433 iuuninentibus,
2466 4364 2631 4436 399
2676 4374 2823 4418 tanta
2853 4375 2972 4418 arte
3024 4363 3346 4429 rationeque
3428 4373 3538 4411 rem
3586 4371 3681 4424 ge-

423 4456 686 4521 rentibus,
720 4468 776 4511 ut
810 4468 861 4511 ct
886 4473 1100 4525 semper
1133 4459 1227 4525 ipsi
1267 4458 1460 4512 subitis
1494 4459 1826 4522 incursibus,
1856 4462 2195 4530 tempestivis
2267 4460 2597 4529 receptibus,
2674 4459 2791 4513 sine
2852 4472 2952 4512 suo
3002 4454 3240 4525 periculo
3278 4462 3561 4517 nocerent;
3630 4458 3686 4504 et

421 4548 587 4603 Gallis
624 4549 822 4603 nullam
857 4550 1195 4603 occasionem
1244 4550 1557 4603 exercendas
1625 4549 1861 4609 virtutis,
1950 4550 2151 4604 nullam
2217 4565 2366 4621 spem
2401 4550 2694 4604 evadindze
2732 4547 3060 4603 calamitatis
3093 4546 3353 4614 reliquam
3422 4541 3684 4595 facerent.

421 4642 521 4707 Qui
547 4641 590 4696 si
618 4641 697 4696 vel
724 4643 787 4694 ad
823 4654 1002 4711 potum
1030 4659 1197 4711 equos
1221 4644 1454 4695 educere
1521 4643 1785 4697 auderent
1852 4644 2069 4709 castris,
2113 4644 2384 4699 Ruinanos
2436 4660 2467 4698 c
2525 4642 2793 4713 prmsidiis
2824 4642 3088 4709 proximis
3123 4640 3265 4693 haud
3297 4637 3458 4691 dubie
3502 4636 3689 4688 incnr-

422 4744 607 4786 santes
640 4733 1007 4800 patiebamur,
1046 4735 1393 4788 creberrimis
1421 4749 1683 4803 equorum
1715 4736 2067 4806 virorumque
2134 4740 2543 4807 captivitatibus
2606 4750 2700 4792 aut
2781 4737 3038 4792 caedibus.
3091 4735 3274 4790 Sensit
3353 4732 3686 4787 Baimundus

418 4822 820 4877 ineluctabilem
860 4824 965 4876 vim
998 4826 1144 4887 mali,
1174 4827 1434 4895 carpique
1486 4828 1686 4881 sensim
1726 4843 1790 4883 ac
1840 4830 2228 4897 culliquescere
2259 4831 2469 4884 iteratis
2532 4831 2585 4884 in
2616 4832 2776 4885 horas
2834 4828 3046 4881 damnis
3106 4827 3409 4880 exercitum
3469 4824 3683 4885 videns,

418 4933 447 4969 a
475 4920 485 4967 l
518 4927 819 4969 extremum
847 4932 911 4971 eo
943 4919 1183 4987 confugit
1216 4930 1275 4974 ut
1343 4919 1522 4973 missis
1582 4922 1649 4975 ad
1708 4922 1954 4975 Alexium
2002 4925 2190 4977 ducem
2263 4922 2584 4994 Dyrrhachii
2615 4924 2824 4993 legatis,
2860 4921 3194 4975 mentionem
3228 4919 3377 4989 pacis
3423 4919 3572 4988 prior
3603 4918 3689 4970 in-

424 5010 609 5061 ferret.
3266 4998 3277 5027 ‘

504 5104 658 5156 Ἐπεὶ
696 5105 752 5157 δὲ
782 5106 873 5158 καὶ
897 5101 977 5169 εἷς
1009 5125 1092 5169 τις
1124 5108 1352 5179 εὐγενὴς
1382 5109 1489 5162 τῶν
1522 5109 1615 5161 τοῦ
1648 5110 1997 5181 Βαῖμούντου

2179 5108 2291 5160 Sub
2344 5108 2393 5157 id
2451 5117 2660 5175 tempus
2712 5106 3011 5161 Gulielmus
3065 5105 3325 5169 Harenas,
3379 5100 3686 5170 praniobilis

422 5192 679 5259 κομήτων
706 5193 993 5265 Γελὶελμος
1024 5198 1051 5249 ὁ
1090 5197 1371 5269 Κλαρέλης
1420 5200 1531 5269 (8|)
1575 5201 1723 5270 ἐώρα
1760 5202 1818 5252 τὸ
1846 5202 1994 5253 ἅπαν

2111 5202 2251 5253 inter
2285 5199 2465 5251 Gallos
2502 5202 2729 5252 comites
2761 5198 2850 5269 qui
2880 5214 3001 5251 cum
3032 5196 3328 5251 Baimnndo
3361 5194 3685 5251 militabant,

1492 5311 1687 5372 Varia:
1720 5311 2021 5374 lectiones
2056 5328 2132 5373 ex
2171 5310 2309 5372 cod.
2351 5308 2617 5371 Coislin.

491 5406 538 5441 “
555 5408 723 5471 ὅπως.

1494 5524 1633 5585 Car.
1671 5522 1999 5583 Dufrcsnii
2049 5525 2144 5583 Du
2183 5523 2397 5599 Cangii
2432 5533 2621 5585 nota).

2119 5652 2306 5704 initum
2358 5652 2652 5706 Bucmnndi
2690 5651 2751 5703 ad
2782 5648 3028 5702 Alexium
3085 5643 3380 5699 defectione
3434 5641 3685 5694 Albertns

2116 5725 2194 5785 Au
2259 5724 2344 5774 lib.
2386 5740 2437 5783 κ,
2473 5738 2593 5787 cap.
2624 5721 2692 5773 .ἱῦ
2710 5731 2758 5771 et
2788 5720 2897 5786 1M;
2929 5728 2982 5773 et
3015 5716 3301 5787 Qrdericus
3339 5713 3469 5787 lotio
3492 5711 3680 5787 εἰιξῖιο.

2120 5780 2278 5844 Addit
2337 5780 2588 5847 Albcrtns
2635 5790 2700 5841 W
2731 5780 2964 5843 llcltuum
3018 5784 3217 5848 Clam,
3264 5783 3351 5851 qui
3404 5780 3683 5851 Κλαρέλας

496 5653 607 5723 (80)
658 5653 730 5707 Τὰ
785 5652 917 5721 περὶ
970 5653 1231 5721 εἰρήνης.
1285 5652 1593 5712 Ordericus,
1647 5650 1740 5723 lib.
1785 5665 2005 5723 inpag.

418 5720 551 5791 bii;
590 5720 1025 5791 AlwcrtnsAqu.
1049 5726 1139 5776 lib.
1170 5741 1220 5781 τι.
1260 5739 1375 5789 mp.
1409 5723 1499 5785 4i,
1531 5723 1618 5779 42.
1656 5720 1744 5782 45,
1775 5721 1863 5773 Η.

492 5796 604 5863 (31)
642 5795 965 5863 Γελιέλμος
999 5796 1030 5847 ὀ
1064 5793 1390 5862 Κιῖιιίέλιις.
1455 5796 1628 5862 Agunt
1687 5792 1749 5843 de
1790 5794 1885 5844 huc
1915 5807 2005 5843 C0-
