4086 6406
416 377 528 442 995

1726 369 1951 431 ΑΝΝιΕ
1991 369 2379 431 COMNEN/E

3585 362 3695 427 996

414 496 535 551 fore
560 501 616 549 ut
654 489 1055 561 perlionorilice
1107 488 1224 558 ipse
1248 485 1595 556 exciperetur
1645 485 1715 539 ab
1767 484 2006 554 impera-

2114 491 2384 560 Μαρῖνον,
2414 505 2509 541 και
2541 487 2633 541 τὸν
2670 485 3011 557 καλούμενον
3053 482 3429 555 Ἀδράλεστον,
3473 482 3566 537 καὶ
3596 483 3692 535 τὸν

416 599 569 653 tore;
600 600 665 641 ac
715 584 760 640 si
823 584 871 637 is
917 597 977 637 se
1007 579 1195 635 audito
1243 576 1537 647 postulatis
1587 590 1832 631 annuere
1885 575 2004 630 suis

416 685 717 741 recusaret,
757 675 988 731 liberum
1013 680 1062 728 et
1097 680 1269 726 tutum
1304 671 1360 724 in
1389 685 1485 724 sua
1535 669 1641 724 sibi
1679 678 1860 723 castra
1916 683 2004 723 re-

420 784 635 825 cessum
662 769 836 822 daret.
874 766 930 820 lu
963 766 1015 819 id
1055 762 1439 834 jusjurandum
1498 776 1528 814 ιι
1581 760 1776 831 legatis
1824 760 2005 814 datum

416 860 647 933 prolatis
692 858 747 913 in
782 858 1018 913 medium
1060 855 1271 911 sanctis
1326 853 1656 924 Evangeliis.
1705 853 1842 917 Quia
1877 867 2007 908 vero

418 951 758 1007 Baimundus
780 948 999 1005 obsides
1029 947 1145 1002 dari
1194 945 1422 1014 iubebat
1460 946 1515 1000 in
1571 960 1766 999 manus
1819 942 2010 998 fratris

419 1045 503 1099 sui
532 1042 675 1106 Gidi,
713 1039 1085 1110 custodirique
1106 1040 1176 1095 ab
1206 1039 1323 1107 ipso
1355 1052 1528 1108 usque
1563 1037 1630 1092 ad
1677 1052 1836 1094 suum
1870 1037 2011 1091 redi-

421 1146 556 1199 tum,
585 1133 965 1202 jusjurandum
1000 1133 1066 1185 de
1095 1130 1478 1186 incolumitate
1531 1130 1773 1200 ipsorum
1810 1146 1838 1182 ει
1884 1126 2013 1182 Bai-

418 1225 623 1280 mundo
682 1224 926 1280 vicissim
980 1223 1211 1293 petitum
1242 1231 1330 1278 est
1357 1231 1412 1277 et
1456 1220 1526 1276 ab
1572 1236 1643 1276 eo
1700 1222 1823 1276 sine
1860 1235 2012 1275 mora

418 1316 745 1387 praestitum.
792 1314 912 1381 Quo
972 1313 1272 1368 cavebatur
1323 1323 1383 1366 ut
1437 1312 1689 1369 sebastus
1743 1311 2010 1379 Marinus,

415 1408 762 1471 Adralestus,
796 1418 854 1461 et
893 1405 1138 1460 Francus
1171 1405 1460 1474 Bogerins,
1513 1405 1653 1461 Gido
1703 1406 1757 1459 in
1820 1406 2015 1477 pignus

417 1496 542 1552 ﬁdei
574 1495 894 1553 asservaudi
956 1495 1167 1559 traditi,
1223 1494 1408 1549 Statim
1458 1504 1621 1565 atque
1678 1493 2013 1549 Baimundus

418 1600 450 1640 a
503 1586 773 1656 colloquio
832 1585 1207 1655 imperatoris,
1264 1600 1361 1640 seu
1425 1583 1594 1649 facta,
1662 1600 1759 1642 seu
1811 1585 2012 1643 infecta

418 1692 553 1746 pace
613 1676 883 1736 rediisset,
944 1675 1096 1730 illaesi
1131 1691 1195 1730 ac
1244 1677 1421 1730 securi
1485 1677 1897 1731 remitterentur
1941 1676 2009 1733 ad

420 1764 1119 1833 iinpcratorem.Ca3terum
1169 1773 1464 1833 antequam
1517 1764 1625 1820 iter
1678 1764 2010 1820 Baimundus

420 1858 486 1911 ad
535 1858 843 1926 Augustum
894 1872 998 1910 una
1050 1872 1175 1911 cum
1235 1856 1600 1924 Enpborbeuo
1647 1838 2150 1942 ConstantinoBi

419 1948 744 2003 Catacalone
790 1957 1129 2016 capesseret,
1185 1962 1311 2002 cum
1366 1948 1739 2003 necessarium
1796 1955 2011 2019 putaret

419 2040 620 2094 mutari
655 2053 846 2092 auram
894 2039 1117 2104 castris,
1150 2039 1409 2093 diuturna
1465 2040 1518 2094 in
1576 2039 1698 2094 loco
1730 2053 1839 2094 uno
1874 2054 2008 2096 con-

419 2129 620 2186 stantia
678 2129 1019 2198 fmtentibus,
1069 2145 1189 2186 eam
1248 2145 1360 2185 rem
1413 2131 1642 2186 arbitrio
1706 2131 2008 2202 legatorum

426 2222 642 2289 detulit,
677 2224 940 2292 petiitque
969 2226 1036 2279 ab
1069 2224 1137 2278 iis
1166 2224 1434 2294 exquisita
1467 2224 1717 2281 videlicet
1744 2224 2003 2281 oﬂlciosi-

418 2321 531 2367 tate
560 2324 618 2366 ut
648 2314 701 2367 id
734 2315 1048 2385 probarent.
1104 2313 1197 2370 Sic
1255 2315 1537 2385 inaequalis
1583 2324 1661 2371 et»
1690 2316 1743 2371 in
1789 2331 2007 2374 omnem

417 2412 573 2475 atque
595 2404 806 2460 infinita
845 2416 1056 2476 partem
1086 2415 1280 2461 natura
1316 2407 1595 2463 Gallorum
1619 2418 1723 2474 est,
1751 2410 1822 2464 ab
1850 2425 2011 2465 acer-

416 2495 587 2550 bitate
620 2496 890 2552 interdum
924 2511 1137 2552 summa
1169 2498 1239 2553 ad
1271 2499 1715 2554 remississimam
1770 2498 2010 2555 facilita-

425 2591 530 2638 tem
559 2594 833 2641 momento
855 2585 1134 2651 desiliens,
1169 2588 1241 2641 ita
1289 2597 1343 2642 ut
1376 2589 1470 2659 qui
1517 2589 1680 2645 modo
1720 2589 2010 2660 praefiden-

419 2673 677 2731 tissimus
706 2676 1009 2734 elatissimo
1038 2680 1333 2748 supercilio
1359 2689 1562 2736 terram
1608 2695 1669 2737 se
1701 2682 2014 2739 minabatur

419 2781 822 2822 concussurum
854 2769 1186 2836 universam,
1222 2787 1347 2827 mox
1377 2772 1686 2832 humilitate
1726 2775 2013 2833 demissis-

417 2859 556 2912 sima
580 2872 749 2928 usque
776 2859 842 2913 ad
870 2861 1417 2933 pulveremsubsidat
1449 2882 1463 2920 :
1493 2866 1580 2921 ubi
1605 2869 1905 2935 praesertim
1959 2871 2013 2924 in

419 2949 637 3020 ingenia
663 2950 879 3005 robusta
902 2951 1168 3022 fortisque
1182 2968 1246 3008 ac
1265 2954 1384 3010 lixa:
1403 2957 1685 3013 sententiae
1709 2960 1854 3014 viros
1877 2961 2016 3014 inci-

417 3042 579 3098 derit.
617 3042 801 3113 Legati
829 3044 1062 3098 oblatam
1104 3055 1426 3116 potestatem
1478 3061 1804 3119 usurpantes
1834 3054 2016 3124 praell-

422 3135 576 3188 ninnt
599 3135 834 3204 spatium
861 3137 1161 3193 stadiorum
1187 3138 1492 3205 duodecim,
1511 3141 1649 3198 ultra
1670 3145 1811 3213 quod
1837 3155 2019 3203 trans-
2039 3180 2085 3244 Ο

417 3224 547 3280 ferri
577 3234 758 3282 castra
776 3242 882 3283 non
907 3230 1317 3312 permitterent;
1344 3231 1506 3304 503
1530 3236 2007 3308 acquieseentitwe

417 3316 721 3374 Bainmndo
749 3329 805 3374 et
828 3323 1177 3390 praescriptos
1234 3338 1339 3377 non
1395 3339 1743 3381 excessurum
1806 3327 2008 3386 limites

415 3409 613 3474 aienti,
648 3412 994 3493 addiderunt,
1027 3427 1087 3467 se
1109 3429 1357 3485 quoque,
1387 3417 1433 3471 si
1465 3417 1643 3485 vellet,
1678 3419 1854 3476 ituros
1881 3436 2005 3478 cum

416 3502 538 3572 ipso
591 3511 647 3559 et
694 3502 1038 3573 inspecturos
1085 3504 1308 3562 locum:
1345 3522 1453 3577 quo
1496 3510 1561 3563 ad
1607 3510 1660 3565 id
1709 3514 1874 3568 etiam
1904 3529 2006 3569 an-

417 3601 640 3659 nuente,
699 3592 843 3649 datis
897 3594 976 3650 illi
1019 3596 1200 3652 statim
1253 3598 1319 3652 ad
1366 3600 1624 3658 custodes
1673 3602 2003 3660 clisurarum

416 3680 635 3745 litteris,
679 3685 1071 3754 prohibuerunt
1120 3702 1188 3744 ne
1220 3704 1331 3758 qua
1383 3690 1641 3762 deinceps
1688 3695 2002 3751 incursione

415 3772 600 3829 Gallos
628 3774 975 3832 iufestareut.
1012 3775 1168 3833 Tunc
1190 3780 1585 3850 Eupborbenus
1614 3781 2006 3843 Constantinus

416 3863 677 3918 Catacan
729 3865 899 3933 petita
952 3866 1353 3940 impetrataque
1389 3886 1421 3926 a
1479 3871 1785 3928 Baimundo
1844 3877 2005 3931 venia

418 3958 755 4027 ingrediendi
794 3960 1113 4031 Dyrrhachii
1140 3964 1205 4016 ad
1236 3965 1454 4020 brevem
1477 3966 1744 4022 duntaxat
1767 3983 2004 4036 moram,

416 4048 671 4103 celeriter
723 4047 915 4104 lsuacii
967 4053 1424 4109 scbastocrntoris
1475 4055 1585 4109 lilio
1632 4053 1826 4112 Alexio
1870 4071 2003 4113 con-

414 4150 602 4207 vento,
637 4140 766 4210 quid
812 4140 929 4212 ipse
976 4142 1220 4214 sociique
1269 4145 1431 4201 simul
1481 4146 1629 4202 missi
1679 4149 1845 4203 duces
1879 4163 2002 4210 cum

412 4230 718 4289 Bnimundo
753 4235 1170 4306 transcgissent,
1202 4238 1475 4304 exposuit,
1527 4240 1771 4295 omnium
1824 4242 2005 4297 adhuc

413 4327 630 4395 penitus
691 4327 902 4398 ignaro.
964 4326 1180 4385 Etenim
1227 4341 1450 4402 propter
1494 4333 1804 4389 machinatu
1838 4349 1999 4403 quam

413 4416 617 4485 imponi
657 4415 756 4473 toti
789 4431 885 4485 per
917 4416 1211 4473 circuitum
1257 4433 1474 4473 corona:
1524 4435 1806 4475 murorum
1854 4420 2004 4474 urbis

413 4506 709 4575 imperator
751 4508 1024 4578 jusserat,
1092 4524 1255 4566 nemo
1315 4506 1831 4581 Dyrrltacliiensium
1906 4514 2004 4568 de-

416 4609 669 4659 soertare
700 4616 729 4655 a
763 4601 922 4659 lonao
948 4609 1192 4659 tempore
1213 4609 1465 4659 potuerat
1491 4604 1617 4659 quid
1652 4604 1703 4657 in
1724 4602 1999 4658 Gallorum

2114 4512 2227 4560 τοις
2255 4506 2348 4549 ουν
2380 4506 2653 4585 ὁμιλήσας
2681 4506 2708 4548 ο
2734 4506 3086 4563 Ευφοροηνος
3109 4506 3205 4547 καὶ
3220 4506 3289 4547 τα
3314 4510 3407 4546 του
3433 4506 3654 4562 βασιλέα·

2114 4586 2414 4659 μηνύματα
2471 4586 2817 4655 ἀπαγγείλας
2857 4583 2953 4637 καὶ
3008 4583 3248 4654 θάρσους
3283 4583 3573 4653 ἐμπλήσας
3596 4586 3663 4637 αὖ

416 4609 669 4671 spectare
700 4616 729 4655 a
763 4601 922 4673 longo
948 4609 1192 4672 tempore
1213 4609 1465 4672 potuerat
1491 4604 1617 4675 quid
1652 4604 1703 4657 in
1724 4602 1999 4658 Gallorum

411 4692 611 4746 castris
665 4702 971 4760 gereretur.
1025 4692 1246 4750 Tabulae
1298 4701 1456 4748 erant
1519 4693 1746 4748 summis
1807 4694 2004 4747 additae

412 4782 670 4836 mmnium
706 4783 911 4853 pinnis,
958 4783 1105 4839 nullo
1142 4783 1447 4839 commissa}
1496 4784 1845 4860 'devinctaeve
1894 4785 2006 4840 cla-

411 4887 604 4926 vorum
679 4887 847 4940 nexu,
916 4874 1010 4930 sed
1061 4874 1361 4945 pendentes
1417 4872 1470 4929 in
1516 4875 1782 4929 incertum
1834 4881 1890 4930 et
1935 4876 2004 4931 ad

414 4962 667 5032 quemvis
701 4963 990 5034 impulsum
1019 4963 1285 5022 ﬂuctuare
1307 4973 1477 5035 aptae;
1508 4965 1653 5033 quod
1679 4966 1759 5022 sic
1791 4972 1912 5023 erat
1945 4968 2014 5026 de

414 5053 683 5109 industria
718 5064 989 5124 paratum,
1033 5066 1093 5111 ut
1136 5057 1181 5111 si
1217 5056 1437 5127 quando
1480 5053 1661 5111 Latini
1707 5058 1872 5115 scalis
1909 5076 2010 5130 ap-

420 5143 621 5214 plicitis
654 5144 706 5199 in
742 5146 881 5199 muri
933 5147 1268 5217 crepidinem
1322 5161 1607 5202 ascensum
1654 5142 1835 5205 conati
1886 5164 2011 5219 per-

2109 585 2364 654 Φράγγον
2413 580 2705 653 Ῥογέρην,
2756 577 3098 652 παραδίδωσι
3144 580 3224 647 τῷ
3265 575 3488 648 ἁδελφῷ
3522 575 3694 630 αὐτοῦ

2107 676 2273 745 Γὶδῳ,
2314 675 2382 728 ἶν’
2408 674 2652 744 ὁπηνίκα
2683 671 2716 743 ἢ
2766 676 2905 741 μετὰ
2943 671 3041 725 τοῦ
3102 669 3370 742 βασιλέως
3402 670 3694 739 εὲρηνικᾶς

2112 768 2346 831 σπονδάς
2379 769 2685 838 ποιήσειεν,
2725 765 2758 837 ἢ
2785 769 2833 821 εί
2858 765 2933 838 μὴ
2956 765 3138 826 τοῦτο,
3173 765 3432 828 ἀϐλαϐεῖς
3478 763 3701 817 ἐκεῖθεν

2110 860 2253 913 κατὰ
2281 859 2410 922 τούς
2438 860 2636 930 ὅρκους
2659 857 2863 924 αὐτοὺς
2893 857 3032 929 πρὸς
3061 856 3155 911 τὸν
3185 856 3569 925 αὐτοκράτορα
3604 855 3665 921 ἐξ
3691 883 3701 890 -

2111 951 2434 1024 αποστείλῃ.
2476 951 2706 1007 Μέλλων
2758 952 2945 1006 τοίνυν
2984 952 3085 1021 τῆς
3135 951 3274 1022 προς
3325 949 3418 1003 τὸν
3471 948 3700 1028 βασιλέα

2115 1047 2254 1119 μετὰ
2283 1046 2378 1100 τοῦ
2412 1045 2768 1118 Εὐφορϐηνοῦ
2802 1044 3221 1100 Κωνσταντίνου
3283 1042 3379 1097 τοῦ
3433 1045 3701 1096 Κατακα-

2110 1140 2220 1194 λῶν
2248 1141 2526 1212 φερούσης
2556 1139 2822 1211 ἅψασθαι,
2855 1140 2978 1192 ἐπεὶ
3003 1137 3242 1193 δυσωδία
3274 1136 3444 1207 πολλὴ
3503 1136 3591 1189 διὰ
3639 1136 3700 1190 τὸ

2115 1235 2244 1306 περὶ
2274 1235 2367 1288 τὸν
2406 1234 2573 1288 αὐτὸν
2613 1235 2801 1300 τόπον,
2835 1234 3029 1304 καιρὸν
3067 1231 3251 1285 ἱκανὸν
3280 1230 3340 1283 τὸ
3398 1230 3489 1283 ὑπ’
3530 1230 3695 1283 αὐτὶν

2117 1328 2442 1399 στράτευμα
2472 1325 2904 1399 χρονοτριϐῆσαι
2935 1325 3183 1394 γέγονεν,
3216 1323 3547 1395 βουλόμενος
3603 1340 3699 1391 με-

2112 1422 2360 1476 ταθεῖναι
2389 1423 2449 1475 τὸ
2486 1420 2826 1489 στράτευμα.
2863 1419 2999 1491 μηδὲ
3031 1419 3191 1472 τοῦτο
3219 1421 3353 1474 ἄνευ
3392 1417 3491 1487 τῆς
3516 1416 3699 1469 αὐτῶν

2113 1515 2162 1548 ⁸³
2188 1513 2388 1584 βουλῆς
2427 1512 2634 1567 ἐθέλειν
2665 1509 2923 1579 γενέσθαι
2960 1509 3169 1578 ἔλεγεν.
3201 1507 3462 1562 Τοιοῦτον
3505 1507 3615 1576 γάρ
3641 1506 3705 1558 τὸ

2116 1607 2386 1662 Κελτικὸν
2435 1604 2595 1675 γένος
2624 1602 2917 1676 ἀνώμαλον
2957 1604 3053 1657 καὶ
3075 1601 3160 1671 ἐφ’
3193 1602 3431 1671 ἑκάτερα
3465 1601 3522 1652 ὲν
3547 1597 3705 1669 ὀξείᾳ

2116 1701 2311 1772 καιροῦ
2339 1702 2478 1773 ῥοπῇ
2504 1699 2949 1771 μεταφερόμενον
2970 1714 2986 1731 ο
3011 1697 3105 1752 καὶ
3128 1695 3276 1750 ἔστιν
3311 1695 3441 1748 ἰδεῖν
3485 1693 3574 1746 τὸν
3602 1693 3704 1747 αὐ-

2115 1795 2207 1848 τὸν
2249 1793 2342 1847 καὶ
2369 1792 2464 1845 ἕνα
2506 1790 2640 1845 ποτὲ
2682 1794 2782 1864 μὲν
2826 1789 3100 1863 αὐχοῦντα
3141 1788 3240 1858 τὴν
3271 1787 3376 1857 γῆν
3417 1784 3706 1854 κλονήσειν

2158 1902 2354 1950 πασαν,
2385 1891 2517 1942 ποτε
2537 1885 2593 1939 δὲ
2620 1885 3053 1940 ύτωπεπτωκὸτα
3075 1885 3168 1937 καὶ
3213 1882 3370 1953 μέχρι
3395 1881 3578 1942 κονῖας
3607 1882 3710 1932 αύ-

2114 1981 2216 2051 τῆς
2246 1983 2646 2053 καταγόμενον,
2698 1978 2795 2031 καὶ
2830 1978 3030 2046 μᾶλλον
3078 1976 3316 2047 ὁπηνίκα
3353 1974 3707 2046 στεροτέροις

2115 2074 2332 2145 ὲντύχοι
2367 2073 2737 2145 φρονήμασιν.
2767 2072 2831 2125 Οί
2864 2072 2921 2126 δὲ
2952 2069 3126 2125 πλείω
3150 2070 3260 2124 τῶν
3308 2069 3403 2124 δέο
3433 2070 3528 2123 καὶ
3564 2068 3705 2122 δέκα

2116 2169 2350 2223 σταδίων
2380 2168 2443 2222 οὐ
2470 2166 2818 2239 συνεχώρουν
2871 2164 3196 2236 μεταθεῖναι
3239 2164 3300 2217 τὸ
3356 2163 3700 2235 στράτευμα.

2112 2264 2225 2318 Καὶ
2260 2265 2310 2317 εί
2357 2263 2518 2317 τοῦτο
2572 2259 2778 2334 βούλει,
2819 2260 2956 2333 πρὸς
2984 2259 3078 2326 τὸν
3107 2256 3444 2330 Βαῖμοῦντον
3486 2257 3708 2326 ελεγον,

2114 2356 2557 2428 συνελευσὸμεθα
2585 2356 2683 2411 καὶ
2718 2356 2881 2427 ἡμεῖς
2915 2342 3175 2425 ὀψόμενοι
3219 2353 3311 2406 τὸν
3337 2353 3527 2407 τόπον.
3583 2352 3705 2405 Κα-

2113 2458 2473 2517 τανεύσαντος
2507 2451 2564 2506 δὲ
2614 2450 2711 2505 καὶ
2766 2447 2905 2521 πρὸς
2961 2447 3121 2504 τοῦτο
3189 2442 3284 2500 τοῦ
3336 2444 3710 2515 Βαῖμούντιυ,

2116 2548 2463 2618 παραχρῆμα
2515 2545 2605 2600 διὰ
2667 2544 3014 2615 γραμμάτων
3064 2544 3178 2604 τοῖς
3208 2541 3307 2605 τὰς
3377 2539 3711 2610 κλεισούρας

2116 2643 2479 2712 φυλάττουσιν
2537 2636 2841 2710 ἐδήλωσαν,
2885 2632 3028 2690 ὥστε
3066 2634 3141 2707 μὴ
3196 2633 3467 2705 ἐκδρομὰς
3519 2651 3710 2687 ποιου-

2119 2737 2317 2807 μένους
2392 2732 2804 2788 καταϐλάπτειν
2854 2730 3072 2794 αὐτούς.
3126 2732 3186 2783 Ὀ
3241 2724 3296 2783 δὲ
3352 2728 3711 2797 Εὐφορϐίνὴς

2120 2828 2528 2889 Κωνσταντῖνος
2553 2826 2580 2878 ὁ
2606 2822 2947 2879 Κατακαλὼν
3006 2824 3185 2897 ⁴ᾐτεῖτο
3237 2821 3393 2883 αὖθις
3427 2822 3517 2873 τὸν
3574 2822 3711 2874 Bai-

2122 2917 2349 2990 μοῦντον
2408 2914 2882 2987 παραχωρηθῆναί
2919 2915 2969 2968 οί
3013 2916 3109 2985 τὴν
3173 2915 3254 2977 είς
3294 2914 3356 2966 τδ
3398 2914 3708 2985 Δυρράχιον

2118 3012 2433 3067 ἀπέλευσιν.
2525 3008 2976 3070 Κατανεύσαντος
3042 3007 3100 3060 δὲ
3167 3005 3262 3061 τοῦ
3313 3005 3653 3075 Βαίμούντςυ
3689 3044 3708 3071 ,

2119 3106 2333 3177 γοργῶ;
2384 3105 2445 3158 τὸ
2484 3105 2839 3176 Δυρράχιονὸ
2874 3099 3215 3156 Καξακαλὼν
3264 3100 3706 3169 καταλαμϐάνει,

2119 3198 2214 3252 καὶ
2253 3195 2344 3249 τὸν
2398 3195 2747 3265 φυλάσσοντα
2795 3194 2898 3265 τὴν
2948 3195 3107 3247 πόλιν
3153 3192 3395 3257 ’Δλέξιον
3448 3194 3540 3246 τὸν
3587 3194 3710 3246 υἱὸν

2127 3291 2400 3346 Ἰσαακίου
2450 3288 2547 3344 τοῦ
2581 3287 3083 3358 σεϐαστοκράτορος
3119 3287 3437 3356 ἀναζητῆσαι
3451 3304 3493 3352 -,
3524 3287 3713 3356 ἀπήγ-

2113 3385 2261 3455 γειλε
2295 3384 2364 3439 τὰ
2395 3400 2464 3436 πθ
2480 3387 2548 3454 ρὰ
2575 3382 2670 3437 τοῦ
2701 3383 3108 3452 αὐτοκράτορος
3135 3380 3540 3451 διαμηνυοέντα
3567 3381 3705 3450 πρὶη,

2112 3479 2278 3534 αὐτόν
2309 3495 2367 3531 τε
2400 3479 2496 3531 καὶ
2527 3475 2655 3538 τοὺς
2687 3474 3162 3543 συγκατελθόντας
3188 3472 3307 3541 μετ’
3339 3472 3506 3527 αὐτοῦ
3535 3472 3706 3539 λογάο

2112 3570 2211 3634 δας
2239 3569 2347 3624 τῶν
2397 3567 2772 3636 στρατιωτῶν.
2843 3565 2955 3617 Καὶ
3007 3564 3119 3634 γὰρ
3185 3564 3288 3617 οὐκ
3320 3562 3584 3633 ἠδύναντο
3604 3562 3704 3617 τοῦ

2112 3663 2325 3732 τείχους
2372 3658 2710 3731 προκύπτειν
2756 3656 2845 3710 διὰ
2900 3655 2999 3728 τὴν
3064 3656 3443 3725 γεγενημένην
3493 3656 3704 3711 ἄνωθεν

2113 3755 2269 3824 παρὰ
2315 3752 2380 3807 τά
2416 3750 2702 3824 κρήδεμνα
2759 3747 2854 3802 τοῦ
2909 3747 3221 3820 Δυρραχίου
3287 3746 3538 3819 μηχανὴν
3601 3748 3700 3802 τοῦ

2112 3845 2523 3917 αὐτοκράτορος
2544 3859 2558 3874 ·
2604 3843 2817 3905 σανίδες
2845 3841 2955 3912 γάρ
2985 3859 3130 3906 τινες
3155 3842 3285 3912 περὶ
3307 3841 3406 3905 τὰς
3444 3841 3705 3906 ἐπάλξεις

2111 3937 2208 3991 τοῦ
2233 3936 2478 4007 κάστρου
2542 3935 2875 4008 εὐμηχάνως
2908 3933 3199 4003 ἐτέθησαν,
3224 3934 3316 3987 ἐπὶ
3345 3933 3519 4002 τούτῳ
3550 3933 3706 4002 αὐτῷ

2112 4028 2646 4085 κατασκευασθεῖσαι
2709 4029 2977 4099 ἀνήλωτοι
3003 4072 3015 4090 ,
3056 4026 3199 4081 ὦττε
3262 4028 3388 4090 τοὺς
3430 4031 3560 4090 ἴσως
3591 4028 3706 4081 ἀπὸ

2109 4122 2222 4178 τῶν
2252 4121 2499 4177 Λατίνων
2526 4118 2618 4174 διὰ
2652 4119 2940 4185 κλιμάκων
2969 4119 3375 4191 ὰναρῤιχᾶσθαι
3422 4120 3708 4190 πειρωμέ-

2109 4233 2259 4281 νους,
2285 4215 2427 4270 ἐπὰν
2449 4215 2559 4269 τῶν
2622 4212 2906 4279 ἐπάλξεων
2956 4213 3232 4278 ἐπιϐαῖεν,
3255 4213 3330 4283 μὴ
3366 4214 3708 4286 ἐστηριγμέ-

2110 4328 2236 4376 νους
2265 4308 2548 4373 ἵστασθαι,
2575 4307 2716 4363 ἀλλὰ
2746 4310 2845 4363 σὺν
2873 4309 3071 4371 αὐταῖς
3105 4307 3285 4365 σανίσι
3311 4306 3703 4361 διολισθαὶνειν

2109 4401 2417 4475 τηνικαῦτα
2447 4401 2546 4456 καὶ
2567 4401 2792 4455 πίπτειν
2822 4400 2974 4458 ἐντὸς
3005 4399 3148 4454 καθά
3175 4415 3241 4467 γε
3289 4400 3526 4469 εἴρηται.
3557 4402 3701 4454 Τού-

2110 4512 2227 4560 τοις
2255 4493 2348 4549 οὐν
2380 4494 2651 4566 ὁμιλήσας
2681 4496 2708 4548 ὁ
2733 4491 3086 4563 Εὐφορϐηνδς
3109 4492 3205 4547 καὶ
3220 4493 3289 4547 τὰ
3314 4491 3407 4546 τοῦ
3433 4491 3654 4562 βασιλέι·
3676 4512 3706 4559 ς

2110 4680 2261 4746 τοὺς,
2284 4680 2570 4751 ἐρωτήσας
2589 4696 2648 4734 τε
2674 4677 2744 4732 τὰ
2763 4676 2894 4748 περὶ
2910 4676 3003 4731 τοῦ
3035 4678 3300 4749 κάστρου,
3328 4677 3421 4731 καὶ⁸
3442 4677 3697 4747 διαγνοὺς

2110 4772 2181 4825 τὰ
2233 4773 2355 4825 κατ’
2416 4772 2618 4834 αὐτοὺς
2677 4771 2908 4842 ἀρίστης
2952 4767 3314 4840 τετυχηκέναι
3379 4770 3700 4839 οἰκονομίας

2112 4863 2190 4928 ὡς
2226 4865 2335 4919 τῶν
2378 4863 2518 4935 πρὸς
2556 4863 2749 4935 χρείαν
2807 4862 3102 4933 αὐτάρκως
3128 4861 3370 4932 ἔχοντας,
3432 4865 3529 4916 καὶ
3556 4864 3704 4934 παρ’

2113 4956 2268 5011 οὐδὲν
2301 4957 2403 5022 τὰς
2443 4956 2541 5011 τοῦ
2602 4955 2945 5026 Βαῖμούντου
3002 4952 3393 5026 λογιζομένους
3420 4956 3701 5027 μηχανάς,

2114 5048 2531 5122 καταλαμϐάνει
2583 5046 2677 5100 τδν
2738 5045 3079 5118 Βαῖμοῦντον
3121 5046 3223 5118 τὴν
3271 5048 3543 5123 ταφρείαν
3570 5047 3705 5101 ἔνθα

2112 5146 2349 5216 προεῖπε
2391 5140 2787 5213 ποιησάμενον,
2855 5141 2950 5194 καὶ
2998 5138 3221 5203 ὲνωθεὶς
3252 5138 3405 5212 αὐτῷ
3427 5142 3529 5213 τῆς
3561 5141 3706 5210 πρὸς

417 5226 688 5303 tigissent,
748 5235 821 5291 ibi
890 5239 1077 5307 pedem
1137 5239 1300 5309 ﬁgere
1355 5238 1643 5305 nequirent
1694 5238 1804 5295 ullo
1858 5251 2009 5297 certo

2114 5235 2205 5291 τὸν
2257 5235 2482 5307 βασιλέα
2540 5230 2816 5304 φερούσης
2874 5230 3087 5301 είχετο’
3130 5231 3178 5283 ei
3203 5231 3260 5285 δὲ
3286 5230 3560 5286 ἐπίλοιποι
3587 5233 3704 5287 τῶν

415 5327 535 5383 loco
568 5345 583 5382 :
625 5328 718 5384 sed
744 5327 1005 5385 tremulos
1028 5339 1084 5386 et
1105 5330 1381 5401 lapsantes
1405 5339 1551 5385 tactu
1578 5331 1755 5401 primo
1785 5345 2002 5387 asseres

2114 5328 2401 5401 πρέσϐεων
2447 5324 2590 5379 κατὰ
2618 5324 2686 5380 τὰ
2730 5321 3203 5395 προῦπεσχημένα
3247 5323 3386 5394 μετὰ
3413 5320 3510 5376 τοῦ
3541 5323 3703 5380 Γίδου

412 5421 649 5490 experti,
679 5421 866 5490 utique
900 5421 1191 5492 desperato
1237 5422 1487 5492 ingressu
1543 5421 1817 5481 resilirent
1845 5439 1859 5478 :
1890 5423 1998 5478 nisi

2114 5419 2566 5489 κατελείφθησαν.
2607 5416 2869 5487 Μανουὴλ
2896 5416 2954 5470 δὲ
2987 5416 3081 5470 τὸν
3106 5413 3347 5486 Μοδηνδν
3371 5418 3702 5472 πιστότατόν
3808 5444 3815 5447 “

412 5526 533 5567 sese
557 5512 727 5583 ipsos,
762 5529 866 5567 una
901 5529 1024 5571 cum
1058 5515 1201 5570 male
1233 5515 1472 5572 fundatis
1497 5515 1694 5587 quibus
1747 5518 2004 5574 insistere

2114 5530 2169 5569 τε
2202 5513 2301 5571 καὶ
2349 5510 2712 5565 εὐνούστατον
2756 5508 2867 5564 τῶν
2912 5507 3085 5563 αὐτοῦ
3126 5508 3476 5581 Θεραπόντων
3521 5510 3704 5577 ὑπάρ-

413 5606 680 5663 auderent
723 5606 958 5678 planeis,
1012 5609 1183 5683 abripi
1244 5626 1460 5684 pessum
1518 5610 1659 5664 intra
1728 5610 2001 5666 civitatem

2114 5623 2282 5680 κοντα
2343 5602 2783 5685 προαποστέλλει
2832 5600 2973 5674 πρὸς
3033 5600 3126 5657 τὸν
3173 5602 3401 5674 βασιλέα
3425 5602 3525 5675 τὴν
3554 5604 3700 5673 πρὶς

448 5802 455 5803 ,
1497 5729 1703 5795 Varim
1738 5727 2049 5792 lectiones
2081 5742 2163 5792 ex
2196 5726 2336 5790 cod.
2373 5723 2635 5789 Coislin.

469 5827 515 5861 ⁸³
534 5827 724 5890 αὐτοῦ,
1928 5838 1933 5841 ‘
