4086 6406
382 396 486 460 99⁸1

1582 390 1998 453 ALEXIADIS
2036 391 2185 452 LIB.
2228 393 2402 454 Xlll.

3546 392 3653 456 998

373 507 537 563 αὐτὴν
560 504 657 559 τοῦ
683 499 1025 573 Βαῖμούντου
1074 497 1497 569 ἀπαγγέλλοντα
1534 498 1771 555 ἐλευσιν.
1808 501 1964 555 Ἐπεὶ

2071 506 2224 557 ruina
2254 502 2516 574 pratcipiti
2556 504 2621 558 ad
2653 512 2865 559 certum
2901 504 3126 560 exitium
3158 505 3346 561 velint.
3386 506 3465 559 Ad
3521 504 3660 576 Dyr-

374 602 429 654 δὲ
458 596 629 669 ἀγχοῦ
668 597 763 667 τῆς
789 595 1077 666 βασιλικῆς
1103 593 1348 663 ἐγεγόνει
1375 596 1582 664 σκηνῆς
1606 592 1964 664 παρεσκεύα-

378 711 470 746 στο
499 694 595 745 καὶ
638 690 707 744 τά
747 690 845 759 τῆς
897 686 1062 741 αὑτοῦ
1093 686 1358 756 ὑπαντῆς,
1376 682 1562 748 καθὼς
1608 688 1659 739 οἱ
1706 687 1967 755 πρέσδεις

375 784 550 855 τούτῳ
607 782 914 837 συνέθεντο.
956 779 1312 842 Εἰσελθόντος
1353 777 1410 831 δὲ
1459 778 1674 845 τούτου,
1710 778 1968 840 ἐκτείνας

376 879 476 949 τὴν
527 880 688 949 χεῖρα
722 878 749 928 ὁ
786 873 1042 942 βασιλεὺς
1089 872 1189 926 καὶ
1251 871 1354 941 τῆς
1402 872 1617 925 ἐκείνου
1682 872 1972 943 ἁψάμενος

377 969 581 1038 χειρὸς,
616 968 708 1019 καὶ
730 967 829 1027 τὴν
882 964 1090 1034 συνήθη
1125 965 1241 1026 τοῖς
1275 961 1560 1033 βασιλεῦσι
1592 965 1971 1032 προσαγόρευ-

380 1083 465 1118 σιν
498 1064 889 1135 ποιησάμενος,
938 1061 1106 1130 ὲγγὺς
1136 1059 1230 1113 τοῦ
1256 1057 1544 1129 βασιλικοῦ
1579 1060 1970 1131 παρεστήσατο

378 1156 594 1225 θρόνου.

2070 597 2425 653 rhachieuses
2454 612 2585 669 ergo
2617 597 3017 668 Enphorbenus
3048 600 3235 654 adiens
3277 603 3529 653 mandata
3581 604 3660 653 eis

2070 704 2191 758 quae
2217 690 2284 744 ad
2319 692 2463 760 ipsos
2501 690 2737 746 habebat
2759 691 3107 761 imperatoris
3138 691 3423 757 exposuit;
3460 693 3661 745 audere

2071 781 2219 851 ipsos
2250 781 2318 837 de
2350 792 2547 838 caatero
2581 799 2646 838 ac
2674 784 2879 851 optimo
2919 785 3102 837 animo
3148 798 3270 838 esse
3317 785 3533 852 jnbeus.
3569 783 3659 837 lu-

2072 876 2370 945 terrogavit
2426 877 2621 931 deinde
2678 877 2921 931 vicissim
2978 895 3086 946 quo
3140 894 3228 931 res
3297 894 3485 931 eorum
3544 878 3663 929 loro

2078 979 2299 1034 essent;
2336 980 2393 1024 et
2428 978 2489 1024 ut
2521 980 2666 1025 recte
2695 971 2898 1025 habere
2925 974 3105 1026 omnia
3135 973 3417 1040 comperit.
3448 988 3663 1023 summu

2077 1063 2308 1117 consilio
2382 1063 2729 1133 maximaque
2792 1066 3128 1132 providentia
3192 1075 3305 1119 toto
3366 1065 3663 1119 obsidionis

2077 1162 2321 1223 tempore
2353 1155 2785 1210 administratam
2824 1158 2965 1225 apud
3000 1156 3119 1211 illos
3173 1158 3342 1213 fuisse
3380 1157 3654 1226 publicam

374 1264 512 1314 rem,
549 1250 827 1304 abundare
855 1251 1032 1303 adhuc
1061 1247 1190 1316 ipsis
1216 1245 1282 1300 ad
1322 1245 1520 1301 victum
1596 1261 1661 1300 ac
1731 1243 1853 1300 belli
1883 1260 2037 1300 usum
2082 1260 2205 1315 qua:
2272 1262 2411 1316 opus
2461 1257 2680 1314 essent,
2735 1260 3191 1318 contemnereque
3258 1254 3474 1305 eosdem
3524 1257 3665 1305 nunc

380 1344 617 1395 maxime
663 1356 726 1395 ac
774 1341 933 1409 plane
985 1339 1134 1393 nihili
1190 1338 1392 1392 ducere
1454 1337 1733 1392 machinas
1775 1352 1964 1390 omnes
2005 1348 2345 1407 conatusque
2410 1338 2721 1406 Baimundi,
2763 1357 2885 1395 cum
2922 1343 3008 1397 his
3039 1343 3104 1396 ad
3160 1343 3516 1397 Baimuudum
3574 1358 3664 1397 re—

374 1422 479 1485 diit
522 1434 612 1501 qui
660 1434 773 1504 jam
820 1434 1166 1489 counuodum
1217 1448 1312 1487 sua
1369 1441 1550 1487 castra
1606 1431 1957 1486 transtulerat
1997 1447 2120 1486 eum
2154 1432 2206 1485 in
2243 1432 2417 1487 locum
2447 1436 2513 1487 de
2548 1451 2655 1504 quo
2688 1436 2863 1490 fuerat
2896 1437 3044 1504 prius
3124 1452 3245 1489 eum
3294 1437 3438 1491 inter
3524 1435 3668 1504 lega-

375 1531 568 1589 toSque
602 1533 951 1581 conventum.
987 1524 1123 1580 lluic
1155 1541 1212 1579 sc
1253 1524 1559 1594 adjnngeus
1598 1524 1996 1592 Euphorbcnns
2040 1525 2144 1577 iter
2210 1526 2448 1595 capessit
2499 1528 2563 1580 ad
2615 1528 2961 1597 imperatoris
3032 1538 3231 1593 castra,
3319 1528 3491 1581 tribus
3546 1526 3667 1586 aliis

375 1617 541 1670 sociis
596 1618 728 1683 suis,
771 1618 920 1686 prius
985 1617 1196 1687 legatis,
1291 1633 1434 1672 nunc
1518 1616 1821 1679 obsidibus,
1879 1624 2035 1684 prout
2076 1626 2191 1670 crat
2216 1619 2597 1681 constitutum,
2628 1621 2679 1672 in
2733 1619 2855 1675 Gidi
2906 1630 3171 1689 potestate
3222 1620 3447 1674 relictis.
3498 1619 3668 1672 Porro

375 1710 492 1778 ipse
537 1711 649 1777 jam
732 1726 962 1781 pergens
1018 1710 1284 1780 praemisit
1336 1711 1400 1764 ad
1462 1710 1832 1777 Augustusne
1883 1707 1967 1759 via
2008 1706 2310 1763 Mannelem
2345 1708 2631 1764 Modennm
2661 1712 2935 1765 hominem
2963 1714 3065 1767 sibi
3139 1712 3460 1765 ﬁdissimum
3534 1726 3671 1764 nunc

377 1806 509 1858 tium
541 1805 809 1859 adventus
866 1803 1192 1869 Baimundi;
1277 1803 1366 1871 qui
1421 1802 1511 1856 ubi
1566 1805 1633 1855 ad
1681 1810 1889 1855 certqu
1973 1801 2041 1854 ab
2082 1802 2362 1870 Augustali
2437 1806 2671 1872 spatium
2731 1815 3017 1875 provectus
3074 1808 3253 1859 eundo
3310 1817 3412 1869 est,
3477 1803 3666 1863 obvios

374 1897 733 1967 babuitjuxta
766 1907 921 1966 pacta
955 1908 1221 1951 conventa
1246 1896 1544 1951 familiares
1627 1895 1993 1965 imperatoris.
2080 1893 2283 1951 Deinde
2350 1895 2685 1954 Baimundns
2760 1901 3083 1963 admittitur,
3143 1900 3384 1970 Augusto
3442 1909 3665 1955 extensa

375 2010 541 2048 manu
615 2008 711 2047 sua
762 2008 979 2046 manum
1027 1991 1145 2060 ejus
1193 1992 1577 2061 prehendente,
1645 1993 1816 2062 iisque
1869 2006 1990 2043 eum
2052 1992 2237 2047 verbis
2292 2007 2355 2048 ac
2412 1995 2570 2049 modo
2604 1995 2875 2051 Salutante
2909 2012 3016 2065 quo
3058 1997 3415 2066 imperatores
3468 1998 3646 2054 solent

374 2101 498 2140 mox
537 2084 700 2137 etiam
730 2084 995 2138 invitante
1015 2093 1076 2138 ut
1113 2098 1281 2154 prope
1316 2084 1726 2154 imperatorium
1757 2090 1964 2139 astaret
2007 2082 2227 2136 solium.

446 2172 555 2229 Ἦν
610 2176 667 2229 δὲ
696 2174 939 2240 τοιοῦτος
971 2176 998 2228 ὁ
1031 2174 1173 2245 ἀνὴρ
1222 2169 1363 2239 οἷος,
1403 2175 1479 2239 ὡς
1521 2174 1716 2246 βραχεῖ
1748 2173 1849 2243 μὲν
1884 2173 1964 2226 εί-

2144 2172 2193 2227 ls
2221 2175 2306 2228 vir
2333 2175 2443 2242 cui,
2474 2186 2530 2229 ut
2584 2176 2748 2232 multa
2790 2177 2977 2247 paucis
3022 2192 3271 2245 comgam
3296 2219 3309 2241 ,
3348 2177 3552 2231 nullum
3602 2192 3667 2231 ca

377 2273 521 2333 πεῖν,
549 2269 725 2333 οὐδεὶς
752 2269 875 2322 κατ’
901 2270 1109 2321 ἐκεῖνον
1143 2267 1298 2338 ὤφθη
1332 2268 1389 2320 ὲν
1421 2270 1487 2338 τῇ
1524 2267 1634 2319 τῶν
1674 2264 1963 2334 Ῥωμαίων

374 2365 474 2433 γῇ,
535 2359 659 2415 οὔτε
723 2360 999 2431 βάρδαρος
1060 2359 1186 2414 οὔτε
1217 2360 1456 2428 Ἕλλην’
1510 2358 1722 2428 θάμϐος
1762 2356 1872 2427 γὰρ
1899 2351 1966 2427 ἦν

374 2453 668 2523 ὀφθαλμῶν
687 2452 959 2523 ὁρώμενος
980 2453 1075 2505 καὶ
1093 2470 1165 2521 φη
1177 2452 1487 2521 μιζόμενοτ,
1506 2449 1767 2520 ἔκπληξις
1794 2466 1967 2502 κατα-

380 2548 545 2616 μέρος
596 2547 652 2598 δὲ
700 2544 1015 2615 ὑπογράψαι
1044 2545 1105 2597 τὸ
1133 2543 1231 2597 τοῦ
1270 2543 1550 2614 βαρϐάρου
1579 2539 1739 2605 εἶδος.
1785 2540 1968 2594 Τοιόσ-

373 2638 432 2691 δε
506 2637 715 2707 μακρὸς
751 2633 818 2708 ἦν
848 2639 949 2707 τὴν
1012 2636 1325 2707 ἀναδρομὴν
1380 2634 1476 2688 τοῦ
1534 2633 1791 2705 σώματος
1824 2634 1967 2688 ὥστε

378 2733 461 2794 είς
496 2732 674 2800 πῆχυν
707 2730 801 2782 ἕνα
846 2729 1046 2801 μικροῦ
1080 2730 1204 2791 τοὺς
1250 2728 1629 2798 μακροτάτους
1664 2725 1968 2796 ὑπερελαύο

378 2842 515 2889 νειν,
544 2822 645 2893 τὴν
678 2823 923 2891 γαστέρα
958 2820 1406 2890 συνεσταλμένος
1448 2821 1543 2874 καὶ
1572 2821 1699 2885 τοὺς
1728 2819 1775 2852 ⁵⁸
1800 2819 1965 2889 λαγόο

385 2933 502 2978 νας,
545 2915 637 2966 καὶ
671 2916 795 2975 τοὺς
828 2912 1013 2982 ὤμους
1039 2912 1207 2982 εὐρύς
1243 2928 1258 2942 °
1289 2913 1476 2965 καὶτὰ
1506 2912 1707 2982 στέρνα
1760 2912 1970 2969 πλατὺς

384 3008 479 3059 καὶ
510 3010 637 3070 τοὺς
669 3006 966 3077 βραχίονας
986 3005 1281 3074 κρατερός·
1320 3005 1417 3058 καὶ
1446 3005 1548 3074 τὴν
1575 3003 1701 3075 ὃλην
1728 3004 1841 3070 ἕξιν
1871 3002 1968 3056 τοῦ

383 3099 633 3167 σώματος
667 3096 793 3150 οὔτε
821 3098 1290 3167 περιεπτισμένος
1307 3097 1377 3160 ⁸⁸,
1406 3096 1532 3150 οὔτε
1576 3096 1968 3169 περιόριθόμε-

381 3209 471 3254 νος
498 3193 617 3255 ταῖς
652 3190 845 3256 σαρξὶν
864 3190 929 3253 ³⁸,
969 3189 1084 3241 ἀλλ’
1109 3190 1185 3253 ὡς
1222 3191 1423 3261 ἄριστα
1452 3189 1823 3261 κεκραμένος,
1871 3189 1969 3243 καὶ

377 3279 492 3337 οἷον
517 3285 694 3336 εἰπεῖν
724 3282 867 3335 κατὰ
896 3282 988 3335 τὸν
1016 3281 1429 3336 Πολυκλείτειον
1499 3281 1702 3334 κανόνα
1731 3283 1967 3350 ἐνηρμο-

382 3380 580 3447 σμένος
618 3396 632 3409 ο
663 3380 763 3442 τὰς
787 3380 978 3449 χεῖρας
1006 3376 1166 3448 ἁδρὸς
1195 3376 1289 3430 καὶ
1312 3376 1422 3429 τῶν
1448 3375 1627 3429 ποδῶν
1654 3375 1753 3437 τὰς
1781 3373 1969 3443 βάσεις

386 3473 638 3544 στερρόςο
666 3471 759 3523 καὶ
782 3471 876 3523 τὸν
893 3470 1096 3540 αὐχένα
1123 3470 1215 3522 καὶ
1240 3470 1310 3523 τὰ
1343 3470 1661 3539 μετάφρενα
1689 3465 1962 3535 εὐπαγὴς.

2070 2273 2398 2336 tempestate
2455 2284 2630 2337 neque
2674 2270 2923 2325 Graecum
2970 2284 3149 2338 neque
3207 2268 3503 2322 Barbarum
3557 2271 3667 2324 Ro-

2067 2374 2225 2413 mana
2257 2369 2397 2414 terra
2430 2377 2613 2429 parem
2639 2362 2803 2418 vidit:
2832 2362 2985 2429 cuius
3056 2360 3213 2415 famas
3272 2362 3469 2430 ingenti
3496 2400 3514 2427 ,
3556 2378 3662 2430 qua

2077 2452 2187 2506 late
2233 2452 2422 2521 procul
2478 2454 2808 2522 percellehat
2862 2455 3077 2509 animos
3104 2494 3116 2518 ,
3152 2456 3360 2521 species
3386 2457 3665 2523 prmseutis

2069 2541 2408 2597 admirabilis
2475 2544 2690 2613 rapiens
2714 2558 2895 2598 coram
2926 2544 3111 2600 oculos
3139 2552 3327 2599 exacte
3359 2547 3666 2612 responde-

2070 2636 2182 2699 bat,
2214 2634 2381 2708 ἀρῇ,
2411 2636 2534 2691 talis
2562 2636 2676 2692 fere
2719 2646 2939 2705 aspectu
2974 2653 3037 2693 ac
3090 2636 3265 2691 forma
3319 2638 3443 2692 fuit.
3480 2638 3666 2706 Longo

2071 2728 2328 2795 surgebat
2354 2742 2591 2785 excursu
2616 2738 2822 2784 statura
2852 2731 3132 2800 corporis,
3173 2731 3307 2785 adeo
3353 2740 3412 2785 ut
3466 2747 3663 2802 proce-

2072 2820 2320 2877 rissimos
2353 2838 2597 2892 quosque
2628 2840 2737 2879 uno
2764 2823 2936 2880 ferme
2960 2824 3121 2879 altior
3152 2826 3333 2880 cubito
3376 2834 3664 2881 transcen-

2072 2911 2245 2968 deret.
2292 2914 2550 2969 Ventrem
2578 2923 2633 2970 ct
2678 2915 2770 2970 itia
2807 2917 3139 2970 contractior
3162 2958 3177 2983 ,
3212 2917 3352 2971 latus
3386 2919 3664 2984 humeros,

2073 3006 2314 3076 spatioso
2336 3019 2390 3062 et
2421 3017 2702 3076 cozequato
2730 3020 2969 3079 pectore,
2999 3011 3216 3065 lacertis
3268 3021 3511 3076 torosus;
3552 3020 3661 3065 tota

2072 3096 2317 3166 corporis
2365 3098 2681 3153 habitudine
2705 3115 2807 3154 nec
2839 3102 3101 3171 strigosa,
3137 3116 3235 3155 nec
3259 3114 3483 3172 gravata
3515 3101 3663 3157 ﬂuxu

2071 3188 2337 3253 carnium,
2371 3191 2463 3245 sed
2497 3191 2702 3261 optimo
2764 3192 2907 3245 inter
2944 3192 3268 3247 obesitatem
3329 3202 3381 3247 et
3431 3196 3661 3249 maciem

2074 3288 2523 3350 temperamento,
2555 3281 2702 3335 velut
2750 3280 3004 3353 Polycleti
3059 3298 3220 3336 manu
3266 3283 3547 3354 cujusdam
3596 3300 3663 3339 ex

2073 3369 2190 3425 idea
2233 3370 2740 3439 praecellentissima:
2768 3376 2901 3426 artis
2940 3372 3096 3426 ﬂetus
3141 3384 3303 3443 atque
3360 3381 3655 3429 tornatus:

2074 3463 2394 3533 maiusculis
2420 3473 2473 3517 et
2498 3479 2662 3518 succo
2697 3464 2873 3519 vivido
2929 3465 3118 3518 solidis
3166 3466 3454 3531 manibus;
3516 3475 3664 3521 recte

392 3522 785 3634 :frie;s;u¢d);
806 3522 863 3616 et
892 3522 1136 3633 μετρίως
1167 3559 1243 3631 τῷ
1295 3522 1540 3630 ἀκριὸιῖλς
1567 3560 1734 3613 αὐτὸν
1791 3522 1959 3630 πὲιέζ-

2074 3556 2315 3612 l‘nudatis
2343 3557 2571 3626 pedibus
2595 3567 2648 3609 et
2682 3558 2901 3611 rohuste
2929 3558 3220 3625 vestigium
3253 3558 3660 3626 obtinentibus;

380 3655 740 3727 εργαζομένῳ
788 3654 1043 3723 ἐφαίνετο
1068 3669 1081 3682 ο
1112 3652 1173 3705 οὐ
1205 3652 1314 3705 τῶν
1346 3652 1614 3704 νωτιαίων
1648 3651 1967 3704 σπονδύλων

376 3764 430 3800 τι
467 3746 815 3800 πεπονθότων
861 3745 959 3813 τῆς
1026 3744 1259 3814 ῥάχεως,
1287 3741 1401 3796 ἀλλ’
1435 3742 1581 3795 οὕτω
1639 3741 1878 3812 μετρίως
1905 3743 1967 3794 ἐκ

377 3839 628 3909 γενετῆς,
659 3838 732 3900 ὠς
767 3838 935 3902 ἔοικε,
971 3835 1067 3904 τὴν
1088 3835 1379 3888 διάπλασιν
1413 3836 1633 3907 ἔσχηκε.
1664 3836 1737 3887 Τὸ
1768 3836 1969 3905 χρῶμα

380 3934 479 3987 καὶ
529 3934 588 3984 τὸ
617 3932 746 3984 ἄλλο
799 3930 896 3998 μὲν
928 3929 1089 3999 σῶμα
1114 3930 1463 3994 λευκότατον,
1488 3929 1552 3981 τὸ
1585 3927 1641 3980 δὲ
1668 3929 1968 3998 πρόσωπον

384 4022 524 4092 μετὰ
563 4022 657 4074 τοῦ
714 4018 914 4072 λευκοῦ
936 4019 1261 4089 ἐπυρσοῦτο,
1285 4022 1379 4071 καὶ
1411 4019 1614 4089 ὴκόμη
1644 4016 1968 4083 ὑπόξανθος,

381 4113 495 4167 ἀλλ’
523 4111 793 4182 οὐμενοῦν
856 4111 1021 4181 μέχρι
1055 4109 1164 4189 τῷν
1211 4109 1573 4179 μεταφρένων
1612 4109 1968 4180 αἰωρουμένη

384 4206 526 4259 κατὰ
575 4206 703 4267 τοὺς
761 4204 957 4264 ἄλλους
1024 4202 1373 4272 Βαρδάρους·
1433 4202 1493 4253 οὐ
1525 4200 1637 4271 γὰρ
1672 4200 1969 4271 ἐτριχομά-

386 4318 467 4353 νει
500 4298 610 4368 (87)
639 4300 667 4351 ὁ
691 4296 853 4367 ἀνὴρ,
884 4294 1022 4349 ἀλλὰ
1079 4294 1307 4365 κουρίας
1328 4289 1396 4363 ἦν
1446 4294 1607 4363 μέχρι
1645 4292 1753 4345 τῶν
1788 4293 1966 4346 ὤτων.

387 4394 461 4446 Τὸ
487 4392 542 4445 δὲ
568 4393 775 4459 γένειον
802 4390 909 4443 εἴτε
939 4388 1147 4458 πυρσὸν
1186 4389 1295 4441 εἴτε
1326 4387 1458 4441 ἄλλο
1493 4405 1543 4439 τι
1570 4388 1767 4457 χρῶμα
1796 4382 1965 4457 εἶχεν,

380 4486 482 4538 οὐκ
516 4485 623 4554 ἔχω
662 4482 845 4550 λέγειν
878 4499 892 4513 ⁸
915 4483 944 4534 ὁ
968 4479 1127 4549 ξυρὺς
1154 4478 1262 4548 γὰρ
1282 4479 1325 4511 ⁵⁷
1373 4479 1672 4549 ἐπεξῆλθεν
1712 4479 1841 4531 αὐτὸ
1871 4479 1970 4532 καὶ

381 4577 598 4631 τιτάνου
654 4574 853 4637 παντὸς
916 4571 1312 4641 ἀκριὸἐστερον
1337 4586 1351 4600 ·
1390 4571 1564 4625 ἐδόκει
1617 4572 1660 4624 δ’
1701 4571 1794 4625 οὖν
1828 4568 1969 4627 εἶναι

382 4672 477 4724 καὶ
523 4669 681 4722 τοῦτο
742 4668 967 4735 πυρσόν.
1024 4662 1097 4718 Τὸ
1157 4662 1375 4732 βλέμμα
1426 4664 1683 4732 γλαυκὸν
1714 4667 1811 4718 καὶ
1851 4665 1971 4734 ἅμα

382 4763 558 4833 θυμὸν
584 4764 677 4815 καὶ
715 4758 1037 4831 ἐμὸρίθειαν
1058 4757 1455 4824 ὑποσημαῖνον.
1499 4756 1606 4809 Καὶ
1639 4757 1671 4826 ὴ
1709 4759 1792 4827 ῥὶς
1819 4757 1969 4828 αὐτῴ

2070 3649 2301 3703 cervicis
2338 3663 2726 3718 armorumque
2766 3661 2887 3718 apta
2922 3665 3212 3719 compages
3235 3689 3250 3714 ,
3276 3658 3328 3703 et
3367 3660 3476 3705 tum
3514 3653 3662 3707 succi

2071 3744 2250 3811 plena.
2281 3752 2391 3797 tum
2419 3743 2719 3813 dignitatis.
2759 3742 2960 3798 Trunci
3003 3753 3178 3798 status
3205 3785 3220 3810 ,
3255 3746 3298 3800 si
3331 3745 3450 3814 quis
3481 3755 3662 3801 atten-

2072 3834 2225 3889 deret
2251 3833 2544 3895 curiosius,
2579 3847 2608 3887 e
2642 3833 2948 3887 rectissimo
2994 3832 3243 3887 inclinari
3296 3834 3565 3905 paulisper
3607 3837 3659 3889 in

2070 3942 2301 3997 pronum
2343 3926 2629 3980 videbatur
2664 3942 2678 3978 :
2712 3941 2815 3979 non
2848 3925 2954 3979 ullo
2981 3925 3350 3980 vertebrarum
3378 3938 3471 3980 aut
3494 3929 3662 3997 spina:

2073 4016 2217 4072 dorsi
2250 4017 2409 4079 vitio,
2442 4017 2537 4071 sed
2591 4023 2752 4085 prout
2803 4013 3136 4083 apparebat,
3180 4014 3324 4082 quod
3375 4014 3442 4067 ab
3500 4022 3660 4067 nitate

2073 4120 2257 4165 tenera
2292 4108 2556 4163 institutis
2589 4108 2985 4161 moderantium
3035 4105 3088 4159 in
3142 4104 3297 4159 istum
3332 4116 3476 4160 esset
3500 4106 3662 4167 {habi-

2071 4210 2186 4254 tum
2212 4198 2278 4252 ad
2316 4199 2585 4267 specimen
2626 4195 2905 4251 modestiae
2936 4195 3225 4250 formatus.
3259 4197 3420 4249 Color
3453 4197 3661 4266 reliquo

2078 4303 2312 4359 corpore
2363 4289 2801 4343 candidissimus.
2848 4286 3035 4341 Facies
3092 4287 3144 4340 in
3198 4287 3357 4341 niveo
3406 4290 3655 4342 rubebat.

2070 4382 2264 4454 Capilli
2303 4380 2554 4448 subﬂavi,
2585 4391 2812 4434 eatenus
2847 4379 3098 4449 promissi
3127 4389 3183 4431 ut
3205 4393 3362 4434 aures
3383 4390 3657 4450 tegvrcut,

2072 4491 2179 4531 non
2215 4474 2379 4528 etiam
2414 4486 2565 4526 more
2597 4471 2774 4539 gentis
2803 4470 3058 4524 humeros
3110 4467 3460 4539 ﬂagellarcnt,
3490 4485 3663 4539 neque

2070 4569 2214 4626 enim
2242 4566 2548 4621 insaniebat
2581 4563 2738 4617 istam
2768 4562 3035 4616 insaniam
3086 4576 3258 4615 comae
3302 4562 3657 4620 studentium.

2074 4663 2247 4717 Barba
2282 4659 2435 4728 cujus
2463 4657 2659 4712 coloris
2692 4664 2840 4710 esset
2874 4667 2978 4708 non
3016 4668 3237 4724 possum
3272 4654 3451 4707 dicere
3477 4694 3489 4717 ,
3512 4670 3662 4722 εοιηιυ

2073 4757 2269 4825 quippe
2297 4769 2362 4807 ac
2393 4761 2635 4805 mentum
2658 4749 2773 4819 ejus
2795 4748 2913 4802 acie
2942 4746 3216 4801 novaculae
3242 4746 3308 4800 ad
3338 4756 3514 4800 cutem
3541 4762 3659 4801 rasa

1452 4875 1651 4934 Varia:
1713 4875 2019 4940 lectiones
2051 4894 2125 4939 ex
2161 4873 2306 4935 cod.
2342 4870 2615 4935 Coislin.

424 4985 475 5018 “
503 4982 622 5047 τάς.
699 4983 746 5014 ⁸⁵
786 4981 1227 5052 περιεσφγμένος
1246 4978 1390 5050 (sic).
1468 4977 1514 5008 ⁸⁸
1552 4980 1616 5048 τῇ
1650 4978 1835 5047 σαρκί.

1916 4980 1958 5011 ⁸⁷
1991 4978 2152 5048 γοῦν.

1498 5102 1638 5160 Car.
1674 5098 2004 5161 Dufresnii
2032 5101 2129 5160 Du
2160 5092 2386 5171 Cangii
2427 5101 2616 5155 notre.

459 5208 569 5277 (87)
612 5200 1030 5277 Ἐτριχοιέάγ-ει.
1077 5203 1527 5277 Nn_niNorniantii
1578 5203 1960 5277 caztet-i.__tttct

2071 5210 2161 5277 est
2214 5199 2604 5277 ex.Cedr_cn_o,h
2639 5212 2762 5264 pag.
2803 5194 2931 5277 £53,
2978 5203 3042 5277 et
3105 5206 3166 5274 ea
3227 5189 3659 5277 iiscum-notat

385 5272 601 5342 Franci,
651 5286 785 5328 teste
843 5272 1104 5329 Orderit'o
1147 5275 1301 5330 Vitnli
1327 5277 1422 5329 lib.
1463 5290 1560 5328 vm
1599 5290 1611 5324 :
1647 5272 1885 5342 Capillos
1928 5290 1960 5325 a

384 5351 572 5404 vertice
635 5347 690 5399 in
753 5345 974 5408 frontem
1026 5345 1485 5410 discriminabant,
1554 5344 1737 5412 longos
1793 5342 1960 5395 crines

382 5421 540 5475 veluti
592 5417 834 5472 mulieres
868 5416 1193 5477 nutriebant,
1244 5427 1290 5470 et
1322 5428 1649 5481 summopere
1680 5415 1962 5467 curabant.

385 5491 530 5544 idem
567 5506 656 5541 an.
716 5483 899 5556 1092A:
940 5481 1019 5538 Eo
1058 5497 1142 5540 ten
1166 5502 1289 5556 pore
1343 5484 1603 5538 militares
1646 5486 1743 5556 viri
1803 5498 1970 5556 mores

386 5572 633 5630 paternos
666 5560 721 5611 iu
755 5554 947 5630 vestitu
973 5565 1022 5609 et
1056 5552 1367 5626 capillorum
1422 5563 1645 5630 lonsura_
1675 5552 1968 5630 derelique-

386 5623 531 5693 ium,
563 5645 693 5698 quos
740 5626 907 5698 paulo
952 5641 1070 5691 post
1110 5623 1388 5698 lim-genre:
1414 5634 1460 5678 et
1510 5623 1716 5698 rustici,
1764 5633 1811 5698 et
1845 5637 1972 5688 pene

390 5712 554 5753 totum
575 5692 771 5769 'vulgu's
815 5695 1005 5750 lmitatt
1039 5709 1184 5753 sunt.
1211 5692 1289 5750 'Et
1312 5696 1403 5749 lib.
1437 5709 1515 5748 tt:
1555 5692 1621 5746 In
1654 5694 1970 5769 nutrimento

390 5787 561 5824 autem
620 5767 920 5828 caularum.
988 5770 1266 5822 mulierum
1324 5779 1569 5831 sequaces
1616 5767 1969 5816 redimantur.

391 5844 571 5895 (initus
602 5852 812 5894 veteres
848 5851 901 5897 et
937 5837 1174 5893 Francos
1206 5851 1414 5893 comam
1447 5833 1743 5891 nutrivisse
1793 5832 1966 5901 palam

2074 5271 2374 5325 Salmasius
2407 5270 2470 5321 ad
2499 5259 2764 5330 Solidum,
2802 5259 3120 5321 Goskelinus
3156 5263 3206 5315 in
3254 5259 3462 5313 llistor.
3498 5274 3655 5330 refer.

2072 5340 2213 5394 Gali.
2258 5339 2631 5393 llotomannus
2672 5328 3134 5390 et'Matharellus
3185 5333 3236 5385 iu
3270 5328 3655 5383 Franro-Call.

2070 5420 2259 5465 contra
2319 5423 2492 5479 quam
2517 5406 2714 5479 Graeci,
2745 5408 2835 5479 qui
2868 5405 3374 5479 caputtumlebant,
3406 5409 3464 5451 ut
3493 5406 3575 5479 est

2071 5482 2241 5550 EpiSt.
2275 5469 2495 5550 Adriani
2523 5476 2624 5550 PP.
2650 5480 2730 5550 ad
2765 5469 2950 5531 Caroli
2999 5475 3069 5528 Μ.
3105 5490 3169 5527 ex
3209 5472 3275 5524 iis
3300 5485 3437 5538 quas
3494 5469 3661 5550 edidit

2068 5548 2379 5605 Gretzcrus.
2408 5548 2561 5621 Angli
2592 5548 2758 5621 etiam
2777 5562 2839 5599 ea
2868 5554 3183 5621 tempestate
3207 5555 3417 5621 contain
3452 5548 3658 5621 nutrie-

2069 5622 2221 5683 bant,
2258 5633 2364 5688 quo
2396 5609 2614 5672 nomine
2641 5617 2709 5688 ab
2733 5609 2993 5669 Anselmo'
3030 5609 3409 5688 Cantuaiietri
3435 5677 3446 5688 _
3479 5609 3659 5661 anhi-

2070 5676 2323 5761 episcopu
2378 5704 2486 5742 non
2545 5686 2961 5761 seuiebcarptos
2984 5694 3169 5737 auctor
3199 5676 3657 5761 cst-Iliatlre‘r-iif,

2067 5746 2163 5815 li'b.
2199 5776 2236 5823 t,
2257 5746 2329 5813 ἰιι
2357 5768 2410 5814 et
2456 5774 2505 5811 tv
2537 5755 2675 5813 Hist.
2703 5746 2903 5811 Novo}.
2935 5763 2988 5808 et
3013 5770 3078 5809 ex
3101 5766 3165 5805 eo
3199 5748 3497 5804 W.lleliuus
3530 5746 3657 5801 Mal.

2070 5830 2484 5887 mesbttt'iensis.
