4086 6404
412 395 518 457 999
1712 376 1937 439 ANNIE
1975 373 2358 436 COMNENAE
2580 404 2583 405 ν
3531 360 3671 425 1000

417 502 762 575 superﬁciem
788 498 1061 555 habebant
1099 495 1290 566 quovis
1316 506 1483 565 gypso
1529 490 1831 553 ιωνῐοιιοιιις
1862 500 1996 541 cond

2115 483 2191 536 ιαὶ
2215 483 2243 534 ό
2275 477 2492 551 μυκτὴρ
2518 474 2804 547 ἐλεύθερον
2824 473 2980 528 ἔπνει
2998 470 3088 527 τὸν
3109 470 3271 541 ἀέρα.
3298 470 3599 542 Σονηγόρει
3620 471 3682 524 δὲ

418 565 622 661 tectura
661 603 840 647 tamen
875 600 953 646 est
985 565 1161 644 rufam
1216 595 1272 642 et
1328 586 1467 641 hanc
1511 583 1699 639 fuisse.
1758 580 1997 637 Glaucus

2115 576 2178 648 τῷ
2211 573 2452 645 μυκτῆρι
2483 571 2573 626 διὰ
2590 568 2701 624 τῶν
2718 569 2980 641 στέρνων,
3009 567 3107 622 καὶ
3127 566 3217 621 διὰ
3237 567 3335 620 τοῦ
3389 565 3679 637 μυκτῆρος
3752 596 3757 607 ι

419 697 694 756 aspectus,
723 686 819 740 irae
842 690 1006 748 atque
1032 681 1344 738 acerbitatis
1376 694 1483 736 non
1524 680 1664 733 bene
1709 674 1994 731 latentium

422 779 470 832 vi
497 776 761 833 submista
816 776 1023 831 minax.
1070 772 1248 828 Nasus
1303 772 1473 827 libere
1548 784 1732 824 aerem
1792 767 1999 822 ducens

421 867 686 923 meatibus
715 865 1092 936 largiusculis;
1126 864 1205 919 sic
1232 862 1377 921 enim
1414 868 1535 917 erat
1576 874 1713 928 opus
1752 857 1820 913 ad
1853 871 2001 912 eom-

422 960 578 1014 mode
626 956 965 1013 inferendam
1025 955 1469 1023 ell‘erendamque
1513 951 1739 1021 spiritus
1786 948 2000 1016 copiam

421 1057 678 1119 quantam
696 1048 764 1101 ad
783 1045 1185 1101 eventilandum
1202 1059 1298 1100 cor
1314 1041 1795 1115 ﬂagrantissimum
1822 1037 2004 1107 pulmo

423 1139 720 1210 praelargus
747 1137 1052 1201 anhelaret,
1075 1139 1218 1191 unde
1247 1136 1335 1190 illa
1371 1135 1622 1189 instituto
1647 1141 1857 1187 naturas
1881 1144 2001 1199 pro.

425 1232 729 1303 portionem
758 1239 812 1286 et
843 1230 1292 1300 signiﬁcationem
1328 1239 1567 1281 mutuam
1618 1223 1819 1280 habent
1844 1263 1859 1285 ,
1890 1237 2006 1276 ma-

422 1322 879 1393 gnitudonariutn
909 1330 964 1376 et
997 1323 1226 1376 vastitas
1256 1321 1511 1389 pectoris.
1559 1317 1842 1373 Etnicabat
1868 1356 1884 1379 ,
1930 1314 2009 1368 fa-

427 1428 568 1483 teor,
593 1417 845 1471 universa
867 1433 936 1471 ex
964 1415 1146 1486 specie
1173 1427 1339 1469 suave
1366 1411 1644 1481 quiddam,
1678 1411 1780 1466 nisi
1803 1410 2007 1465 crebris

425 1510 793 1574 undecunque
852 1505 1011 1563 simul
1072 1503 1484 1574 erumpentibus
1561 1502 1790 1558 terroris
1846 1500 2007 1570 quasi

428 1600 718 1669 fulgetris,
752 1599 982 1655 blandus
1047 1598 1137 1653 ille
1185 1597 1369 1652 radius
1417 1594 1773 1668 frangeretur.
1827 1596 2011 1664 Itaque

428 1692 822 1746 amabilitatem
858 1700 1074 1747 tenuem
1133 1690 1326 1761 majori
1379 1689 1670 1745 odiositate
1690 1690 2008 1752 obruente,

431 1794 543 1838 tam
576 1783 664 1838 ille
701 1783 985 1854 giganteos
1030 1791 1206 1839 status
1232 1820 1250 1848 ,
1281 1796 1445 1852 quam
1491 1781 1718 1838 tervitas
1763 1780 2010 1851 quadam

2098 669 2198 738 τὴν
2216 668 2324 722 τῶν
2350 667 2591 737 στέρνων
2608 664 2905 738 εὐρύτητα·
2930 662 3089 734 ἡγὰρ
3105 660 3268 731 φύσις
3284 660 3551 727 διεξόδους
3568 659 3691 713 ὲδε-

2100 762 2265 816 δώκει
2296 760 2386 816 διὰ
2414 761 2524 814 τῶν
2547 758 2712 830 ῥινῶν
2731 758 2827 812 τοῦ
2845 756 2953 812 ἀπὸ
2975 756 3077 827 τῆς
3099 754 3329 827 καρδίας
3367 752 3688 823 παφλάζον-

2100 872 2193 918 τος
2222 853 2562 927 πνεύματος.
2610 850 2739 905 Ἡδὺ
2761 848 2821 905 δέ
2855 866 2911 905 τι
2944 849 3044 903 καὶ
3065 846 3386 917 ἐνεφαίνετο
3412 846 3491 915 τῷ
3523 845 3688 916 ἀνδρὶ

2102 946 2303 1015 τούτῳ,
2324 944 2458 999 ἀλλά
2493 946 2606 1006 τοῖς
2642 941 3020 1013 ἁπανταχόθεν
3047 941 3301 1012 φοϐεροῖς
3322 937 3691 1009 ὑπεθραύετο·

2103 1038 2223 1101 ὅλος
2278 1039 2392 1109 γὰρ
2421 1038 2490 1091 δι’
2520 1037 2644 1091 ὅλου
2674 1035 2769 1089 τοῦ
2810 1035 3067 1105 σώματος
3126 1032 3450 1103 ἀμείλικτος
3473 1026 3542 1101 ἦν
3595 1031 3692 1083 καὶ

2106 1130 2383 1202 θηριώδης
2412 1132 2441 1184 ὁ
2468 1129 2781 1201 ἄνθρωπος,
2842 1129 2952 1181 ἀπὸ
2995 1126 3089 1181 τοῦ
3141 1124 3429 1196 μεγέθους,
3458 1122 3567 1175 an»
3594 1120 3692 1173 τοῦ

2110 1223 2444 1295 βλέμματος,
2472 1224 2620 1277 δοκεί
2652 1240 2766 1291 μοι,
2792 1222 2889 1275 καὶ⁵
2913 1223 2941 1275 ὁ
2963 1221 3140 1288 γέλως
3171 1218 3336 1272 αὑτοῦ
3360 1204 3476 1280 ’τοῖς
3510 1215 3694 1277 ἄλλοις

2111 1316 2445 1387 ὲμϐρίμημα
2476 1311 2563 1387 ἦν.
2594 1314 2781 1377 Οὕτως
2816 1310 2931 1383 εἶχε
2973 1312 3152 1382 ψυχῆς
3186 1329 3245 1364 τε
3295 1311 3389 1363 καὶ
3418 1308 3695 1379 σώματος,

2107 1409 2186 1472 ὡς
2220 1408 2315 1464 καὶ
2363 1408 2456 1462 τὸν
2507 1407 2681 1477 θυμὸν
2714 1407 2772 1459 ὲν
2826 1405 3004 1475 τούτῳ
3060 1402 3428 1474 κορύσσεσθαι
3481 1401 3577 1453 καὶ
3605 1401 3699 1452 τὶν

2110 1502 2316 1571 ἔρωτα,
2365 1501 2460 1553 καὶ
2505 1494 2858 1571 ἀμφοτέρους
2914 1498 3048 1568 ὁρᾷν
3084 1496 3247 1567 ξπρὺς
3314 1494 3574 1563 πόλεμον.
3624 1484 3701 1544 Τὸ

2110 1593 2170 1646 δὲ
2219 1593 2478 1664 φρόνημα
2511 1590 2665 1661 αὐτῷ
2697 1589 3043 1643 παντοδαπὸν
3074 1590 3171 1641 καὶ
3238 1584 3573 1655 πανοῦργον,
3599 1571 3699 1636 καὶ

2114 1686 2252 1758 πρὸς
2281 1685 2501 1741 ἃπαντα
2549 1684 2722 1756 λαὸὴν
2770 1681 3154 1753 διαδιδρᾶσκον
3185 1695 3200 1709 ·
3265 1681 3321 1733 αἱ
3354 1679 3462 1749 γὰρ
3485 1675 3702 1746 ὁμιλίαι

2114 1779 2292 1850 τούτῳ
2332 1777 2606 1850 ἀκριϐεῖς,
2636 1775 2735 1831 καὶ
2785 1776 2884 1840 τὰς
2903 1773 3233 1844 ἀποκρίσεις
3265 1772 3439 1825 ἐδίδου
3486 1788 3704 1823 παντα-

430 1873 628 1930 frontis
653 1876 859 1940 arduae,
890 1889 953 1928 ac
980 1873 1139 1944 quasi
1170 1874 1236 1929 ad
1264 1873 1372 1939 vim
1421 1873 1800 1943 expeditorum
1848 1872 2012 1927 tacita

2115 1872 2275 1943 χόθεν
2332 1870 2793 1943 ἀπεριδράκτους.
2858 1867 2973 1922 Καὶ
3024 1865 3268 1930 τοιοῦτος
3306 1864 3383 1918 ὣν
3455 1865 3551 1918 καὶ
3607 1880 3702 1917 το-

432 1968 720 2021 minacitas
761 1976 1008 2030 artuum,
1035 1966 1290 2019 universo
1320 1972 1617 2033 conspectu
1664 1961 1838 2020 ferum
1869 1963 2012 2019 haud

431 2058 595 2113 dubie
627 2058 907 2129 quidpiam
955 2066 1011 2113 et
1060 2056 1332 2112 illaetabile
1392 2057 1671 2127 spirabat;
1703 2067 1760 2112 ut
1809 2056 2016 2112 arrisns

431 2151 548 2218 ejus
569 2192 586 2217 ,
612 2151 742 2205 mihi
771 2150 992 2221 quidem
1024 2189 1041 2215 ,
1091 2149 1261 2204 nihilo
1324 2151 1599 2206 videretur
1624 2150 1894 2205 ammnior
1921 2158 2015 2204 aut

433 2241 681 2298 blandior
711 2282 727 2307 ,
757 2257 920 2312 quam
951 2241 1181 2296 aliorum
1237 2241 1376 2296 irata
1424 2241 1596 2296 facies
1639 2240 1973 2312 jurgantinm
1996 2281 2012 2304 ,

433 2336 567 2390 adeo
594 2349 705 2390 non
755 2348 973 2389 mavors
1030 2334 1203 2389 solum
1253 2334 1415 2403 ejus,
1473 2333 1569 2388 sed
1623 2333 2016 2404 qualiscunque

432 2439 588 2481 amor
611 2425 798 2492 etiam,
834 2424 1086 2480 militaris
1120 2424 1173 2478 in
1201 2438 1267 2480 eo
1301 2433 1461 2494 atque
1508 2431 1752 2480 armatus
1790 2438 2017 2495 appare-

432 2516 527 2572 bat
564 2535 579 2572 :
622 2515 698 2571 ita
753 2526 932 2570 tamen
975 2525 1033 2570 ut
1073 2515 1308 2572 sentires
1371 2516 1693 2571 suavitatem
1756 2518 2018 2572 exsistere

432 2616 602 2662 totam
658 2621 687 2660 a
728 2617 923 2661 natura
954 2605 1257 2678 .fortnaque
1314 2609 1608 2675 corporis,
1665 2608 1772 2663 vim
1816 2622 2017 2663 stt-vam

434 2707 601 2768 atque
641 2698 934 2753 immanem
974 2712 1004 2751 a
1038 2699 1114 2779 ιη
1129 2699 1288 2776 rbaro
1341 2698 1484 2755 intus
1529 2700 1809 2755 habitante
1852 2698 2018 2754 amari

435 2790 639 2845 animo.
678 2788 809 2844 Erat
851 2789 898 2844 is
928 2804 1036 2844 non
1088 2789 1430 2860 malignitate
1478 2791 1655 2847 solum
1713 2792 2023 2846 cumulatus

434 2879 689 2952 plurima,
708 2894 894 2935 verum
916 2880 1125 2936 artibus
1146 2895 1362 2951 quoque
1398 2885 1467 2938 ad
1498 2882 1639 2938 hanc
1658 2886 2020 2939 exercendam

435 2972 692 3027 omnibus
724 2969 1039 3036 abundans;
1075 2970 1209 3026 nihil
1243 2984 1309 3027 eo
1340 2972 1629 3049 versutius,
1660 2972 1793 3025 nihil
1831 2986 2019 3042 prom-

437 3059 679 3129 ptissima
706 3057 914 3114 consilii
959 3061 1458 3136 accommodatiotie
1514 3063 1687 3132 magis
1712 3064 2023 3132 expeditum

2120 1961 2329 2028 σοῦτος,
2373 1961 2521 2033 μόνῳ
2575 1959 2651 2030 τῷ
2690 1959 3055 2030 αὐτοκράτορι
3109 1955 3387 2028 ἁλώσιμος
3436 1952 3538 2026 ἦν,
3606 1956 3706 2009 καὶ

2113 2056 2260 2130 τύχῃ
2308 2055 2403 2108 καὶ
2432 2053 2616 2123 λόγοις
2681 2054 2777 2106 καὶ
2832 2056 2947 2115 τοῖς
2998 2051 3185 2115 ἄλλοις
3208 2052 3322 2114 τοῖς
3352 2048 3461 2103 ἀπὺ
3482 2048 3702 2117 φύσεως

2116 2149 2610 2219 πλεονεκτήμασιν.
2677 2148 3027 2219 ’Δναμνήσας
3092 2141 3187 2223 οῦν
3255 2147 3283 2197 ὁ
3339 2142 3705 2212 αὐτοκράτωρ

2117 2239 2284 2295 αὑτὸν
2318 2240 2429 2294 τῶν
2464 2240 2750 2312 προτέρων
2778 2238 3145 2310 ἐπιτροχάδην
3174 2239 3268 2292 καὶ
3301 2236 3707 2304 συνεσκιασμᾶ-

2119 2347 2226 2395 νως
2254 2348 2372 2393 πως
2407 2329 2561 2401 αὺτῷ
2595 2331 2987 2402 παραστήσας,
3020 2332 3218 2401 ἑτέραν
3252 2328 3413 2399 λόγου
3450 2328 3707 2400 περίοδον

2118 2422 2441 2492 ἐπαήσατο.
2505 2421 2565 2475 '0
2608 2421 2664 2476 δὲ
2698 2422 2800 2494 τὴν
2835 2421 2976 2477 ἰδίαν
3002 2422 3332 2494 -συνείδησιν
3364 2421 3506 2493 ἔχων
3548 2421 3709 2490 ἐλέγ-

2119 2530 2342 2585 χουσαν,
2394 2513 2720 2584 ἐπιτηδείως
2771 2514 2873 2577 τὰς
2930 2514 3068 2584 πρὸς
3115 2514 3244 2577 τοὺς
3294 2512 3490 2581 λόγους
3535 2512 3708 2567 αὐτοῦ

2119 2609 2382 2679 ὲξέφυρεν
2392 2606 2801 2677 ἀνθυποφοράς,
2821 2604 2977 2659 τοῦτο
3009 2606 3170 2675 μόνον
3189 2606 3453 2675 φάμενος,
3472 2604 3544 2669 ὡς
3570 2604 3712 2675 Οὐχὶ

2121 2703 2255 2774 περὶ
2277 2700 2390 2755 τῶν
2419 2701 2682 2755 τοιούτων
2704 2698 3095 2770 ἀνακρίνισθαι
3124 2698 3382 2766 ἐλήλυθα.
3411 2694 3569 2769 Εἶχον
3599 2699 3713 2768 γὰρ

2125 2796 2192 2851 ἂν
2237 2796 2336 2850 καὶ
2404 2794 2570 2856 αὐτὸς
2613 2790 2660 2825 ⁸⁸
2709 2791 2881 2845 πολλὰ
2945 2791 3145 2858 λέγειν.
3192 2789 3301 2845 Τοῦ
3366 2788 3502 2842 Θεοῦ
3550 2789 3607 2842 δὲ
3652 2790 3714 2840 ὲν

2124 2890 2343 2951 ταυτοῖς
2375 2903 2440 2958 με
2481 2884 2894 2945 συνελάσαντος,
2932 2885 3110 2937 πάντα
3152 2882 3248 2936 τοῦ
3293 2881 3482 2935 λοιποῦ
3517 2881 3596 2952 τῷ
3631 2880 3714 2950 σῷ

2126 2980 2427 3051 ἀνατίθημι
2470 2978 2691 3048 κράτει.
2753 2977 2812 3030 '0
2842 2976 2900 3030 δὲ
2938 2975 3195 3045 βασιλεὺς
3226 2975 3363 3045 πρὸς
3404 2974 3598 3027 αὐτόν*
3631 2975 3715 3026 Τὰ

2134 3075 2233 3145 μὲν
2269 3073 2688 3144 παρεληλυθότα
2743 3070 2933 3124 ἐατέον
2982 3070 3044 3123 τὸ
3096 3071 3244 3132 νῦν,·
3270 3072 3334 3124 σὺ
3369 3070 3425 3123 δὲ
3458 3070 3505 3122 εἰ
3536 3068 3716 3138 βούλει

439 3151 509 3206 ad
559 3150 939 3208 conversiones
972 3151 1213 3207 omnium
1261 3161 1585 3222 temporum.
1624 3151 1910 3221 Nunquam
1957 3156 2009 3211 ill

2139 3167 2471 3221 σπείσασθαι
2508 3166 2630 3235 μεθ’
2675 3164 2856 3235 ἡμῶν,
2908 3163 3129 3234 πρῶτον
3178 3163 3277 3233 μὲν
3315 3162 3412 3215 ἕνα
3461 3162 3572 3216 τῶν
3608 3161 3718 3215 ὑπὸ

438 3244 659 3300 occasio
677 3260 864 3299 ansam
902 3246 1166 3315 imparato
1184 3245 1336 3299 daret
1358 3260 1374 3310 ;
1401 3260 1674 3313 nunquam
1699 3247 1841 3316 quod
1856 3248 2012 3302 cuivit

2135 3262 2229 3314 τὸν
2271 3260 2407 3329 ὲμδν
2454 3258 2663 3327 κράτος
2714 3257 2820 3328 χρὴ
2857 3257 2917 3309 σὲ
2949 3255 3250 3324 γενέσθαι,
3296 3252 3416 3309 εἶτα
3470 3254 3719 3325 δηλῶσαι

440 3333 685 3401 petitioni
709 3344 1005 3404 opponeret
1035 3344 1247 3395 scutum
1276 3334 1486 3404 deerat.
1523 3335 1717 3391 Sermo
1760 3335 1879 3405 ejus
1911 3348 2025 3393 tra-

442 3424 641 3479 Ctantis
691 3436 1010 3492 accuratus;
1039 3427 1418 3504 responsiones
1461 3428 1609 3482 omni
1656 3429 1893 3500 undique
1916 3431 2029 3486 cir-

2140 3354 2274 3424 περὶ
2314 3352 2482 3407 αὐτοῦ
2520 3368 2580 3404 τε
2611 3351 2809 3405 τούτου
2837 3350 2918 3420 τῷ
2951 3349 3029 3421 σῷ
3068 3350 3277 3420 ἀνεψιῷ
3308 3350 3553 3419 Ταγγρὲ,
3590 3350 3717 3402 ἐπι-

2142 3444 2350 3514 σκῆψαί
2382 3462 2442 3498 τε
2490 3444 2667 3515 αὐτῷ,
2701 3447 2818 3508 τοῖς
2851 3443 2910 3509 ἐξ
2954 3444 3090 3513 ἐμοῦ
3135 3443 3497 3498 ἀποσταλείσι
3540 3460 3718 3513 παρα-

442 3515 848 3585 cumspectione
886 3518 1239 3587 praemunita),
1260 3529 1314 3575 ct
1334 3519 1594 3577 adversus
1615 3520 1693 3577 vel
1711 3523 2012 3578 acerrimau

2137 3534 2321 3589 δοῦναι
2350 3535 2452 3604 τὴν
2494 3534 2831 3605 Ἀντιόχειαν
2855 3535 3001 3588 κατὰ
3032 3536 3132 3598 τὰς
3162 3533 3454 3603 γεγονυίας
3480 3532 3720 3603 ὲξαρχὴν

443 3622 685 3663 censurae
720 3609 953 3680 vigiliam
986 3610 1229 3681 cujusvis
1260 3654 1276 3680 ,
1329 3628 1450 3679 sua,
1474 3615 1820 3683 prehensioni
1847 3614 2012 3670 locutr

2140 3624 2467 3693 συμφωνίας
2516 3626 2650 3695 ἡμῖν
2681 3627 2751 3690 ⁸ο,

441 3702 912 3778 ρι’ωιιοιιιθπιιηί,
948 3705 1234 3774 prudentia
1288 3705 1600 3760 tutissima'.
1650 3706 1891 3778 Denique
1941 3711 2012 3764 hit

2136 3715 2582 3786 συμπεφώνηται
2644 3717 2801 3789 ἡμῖν,
2830 3715 3072 3788 τηρῆσαι
3143 3716 3267 3789 νῦν,
3289 3732 3351 3770 τε
3402 3717 3519 3770 καί
3546 3716 3713 3787 μετὲ-

445 3788 570 3844 talis
604 3805 668 3845 ac
697 3798 880 3848 tantus
916 3792 1038 3858 fuit,
1076 3805 1133 3848 ut
1183 3793 1278 3849 uni
1310 3796 1549 3849 omnium
1575 3797 1667 3866 qui
1711 3808 1841 3854 tunc
1868 3810 2027 3855 erant
2143 3820 2331 3861 πειτα.

447 3884 724 3980 hominum
754 3887 1067 3954 imperatori
1095 3888 1287 3943 Alexio
1311 3892 1580 3946 secundus
1608 3926 1624 3956 ,
1675 3893 1765 3947 uni
1794 3895 2056 3953 duntaxat
2090 3899 2165 3955 illi
2202 3899 2441 3970 fortuna,
2477 3904 2527 3958 vi
2558 3904 2789 3971 dicendi,
2822 3905 3071 3973 consilio,
3136 3910 3453 3980 exterisque
3515 3919 3723 3963 natura:

449 3978 663 4035 dotibus
686 3989 832 4035 esset
856 3980 1121 4039 inferior:
1158 3983 1315 4049 plane
1362 3984 1759 4042 iuvictissimus
1788 3987 2024 4057 futurus,
2060 3993 2164 4049 nisi
2195 4010 2317 4050 eum
2357 4008 2490 4052 tetas
2524 4013 2642 4063 sua,
2677 4014 2966 4069 rerumque
2995 4016 3059 4056 ac
3088 4003 3202 4072 spei
3280 3978 3517 4058 rationes
3584 4019 3711 4057 cum

449 4081 606 4166 patre
641 4088 761 4127 tneo
831 4073 1258 4129 commisissent.
1303 4074 1406 4141 Qui
1485 4078 1702 4146 quidem
1750 4096 1902 4137 mens
1955 4095 2107 4151 pater
2141 4087 2192 4141 ei
2222 4098 2350 4145 tunc
2388 4090 2490 4144 sibi
2515 4092 2737 4158 astanti,
2774 4108 2872 4164 pro
2895 4110 2957 4149 ea
2999 4111 3106 4165 qua
3139 4097 3353 4153 valebat
3386 4097 3573 4152 festiva
3614 4112 3721 4166 pe-

452 4164 575 4264 ¹’
597 4166 864 4220 δθῖητθηίδ
881 4168 946 4264 aid
971 4181 1124 4221 “sum
1154 4170 1718 4264 (ιυέωειιηίιυοωὸ
1742 4174 2026 4244 figurandi,
2071 4178 2346 4237 refricavit
2378 4185 2612 4254 primum
2688 4186 2843 4255 quasi
2891 4164 3037 4241 aliud
3088 4202 3254 4258 agens
3296 4188 3475 4243 obiter
3557 4164 3725 4256 atqtte

453 4254 672 4349 θδίίξιυθ
694 4257 1010 4311 memorial"
1040 4260 1486 4345 ,Pmlel'ilomllﬂ
1554 4280 1674 4334 qua:
1698 4281 1822 4322 cum
1904 4284 2093 4326 morsu
2135 4277 2504 4343 conscientiae,
2536 4287 2591 4332 et
2618 4254 2994 4349 recordatione
3040 4254 3387 4336 successuum
3427 4282 3605 4333 minus
3633 4254 3724 4334 fe-

451 4350 654 4417 licium,
688 4350 998 4419 displiceret
1041 4351 1363 4416 Baimundo.
1395 4366 1605 4414 malure
1638 4360 1685 4413 is
1714 4361 2074 4433 interpellavit
2103 4367 2367 4438 ingratam
2402 4370 2730 4432 orationem,
2791 4385 2892 4425 nec
2949 4370 3091 4425 ultra
3155 4386 3321 4424 unam
3383 4374 3724 4439 alteramque

451 4444 733 4516 periodum
764 4443 889 4498 sivit
939 4458 1227 4501 excurrere
1261 4463 1276 4499 :
1305 4461 1428 4500 cum
1471 4457 1525 4502 et
1567 4448 1681 4519 ipse
1718 4465 1886 4521 prope
1933 4469 2032 4523 par
2071 4450 2292 4523 artifex,
2314 4473 2418 4513 non
2447 4457 2626 4514 minus
2647 4468 2825 4515 astute
2846 4460 3162 4525 declinaret,
3224 4476 3385 4531 quam
3445 4462 3724 4532 ingeniose

452 4536 776 4610 petebatur;
806 4545 861 4592 et
890 4552 1009 4605 qua:
1073 4539 1303 4593 obscure
1345 4553 1412 4594 ac
1463 4543 1767 4610 generatim
1815 4545 2256 4618 intendebantur,
2335 4552 2632 4606 universitn
2697 4568 2913 4624 quoque
2975 4570 3039 4609 ac
3085 4556 3495 4611 dissimulanter
3539 4559 3725 4628 depel-

453 4635 635 4717 feret:
671 4629 799 4685 illud
846 4629 1073 4685 subinde
1119 4630 1436 4697 admonens,
1485 4637 1803 4704 neutiquam
1858 4641 2150 4697 advenisse
2179 4659 2241 4700 se
2272 4644 2700 4716 disceptatorum
2733 4648 2801 4703 de
2864 4646 3024 4704 rebus
3092 4649 3233 4712 istis,
3302 4649 3540 4719 alioquin
3597 4666 3720 4706 esse

458 4720 561 4776 sibi
593 4724 755 4777 etiam
791 4720 1063 4813 permulta
1096 4721 1153 4777 in
1187 4722 1294 4778 illis
1356 4725 1692 4792 temporibus
1766 4730 2109 4801 negotiisque
2144 4734 2215 4790 de
2242 4735 2438 4804 quibus
2467 4735 2727 4804 conqueri
2761 4745 2816 4791 et
2840 4736 3185 4807 expostulare
3210 4743 3333 4809 jure
3380 4752 3561 4808 posset
3598 4753 3724 4813 suo,

460 4827 581 4883 quae
602 4815 858 4883 quoniam
887 4812 1087 4868 divinas
1123 4814 1285 4869 ductu
1313 4814 1677 4873 Providentia:
1716 4820 1822 4877 huc
1868 4825 2026 4881 modo
2066 4828 2131 4883 de
2158 4842 2290 4898 pace
2314 4835 2644 4884 tractaturus
2709 4830 2944 4894 venerit,
3012 4832 3284 4902 majestati
3334 4818 3452 4902 ejus
3505 4812 3716 4894 condo?

460 4928 618 5013 Daret
646 4921 1086 5013 permitteretque
1117 4936 1258 5013 nunc
1292 4922 1497 5013 omnia.
1520 4918 1673 4977 Tunc
1705 4923 2029 4993 imperator:
2071 4923 2272 4983 Vetera
2303 4929 2467 4999 igitur
2488 4946 2621 4987 sane
2637 4931 3032 5000 delinquamus.
3058 4928 3135 4986 Te
3191 4946 3340 5000 vero,
3400 4934 3724 5013 Baimunde,

434 5008 510 5101 κεί
539 5007 679 5065 bona
714 5012 820 5067 ﬁde
862 5027 1074 5068 meeum
1124 5011 1177 5065 in
1225 5012 1517 5067 amicitiam
1568 5016 1862 5071 convenire
1921 5018 2003 5073 vis
2028 5055 2044 5083 ,
2080 5019 2316 5087 primum
2349 5022 2589 5075 omnium
2625 5021 2892 5090 subjicere
2919 5020 3072 5085 mihi,
3102 5032 3156 5077 et
3187 5023 3502 5079 :‘dominum
3568 5007 3726 5096 prin;

463 5101 745 5170 cipemque
775 5115 860 5157 me
892 5111 1039 5156 tuum
1079 5116 1376 5173 agnoscere
1398 5119 1460 5159 ac
1500 5104 1738 5174 proﬁteri
1784 5117 2031 5176 oportet,
2115 5122 2227 5168 tum
2295 5113 2424 5168 illud
2458 5114 2630 5183 ipsum
2661 5114 2838 5184 nepoti
2873 5125 2964 5169 tuo
2997 5114 3278 5170 'l‘ancredo
3318 5119 3578 5172 mandare
3629 5132 3729 5187 per

464 5191 669 5247 litteras
692 5200 749 5245 nt
777 5202 831 5247 et
856 5192 968 5263 ipse
996 5203 1249 5261 praestet;
1280 5200 1682 5268 pracipereqne
1703 5199 1847 5253 serio
1865 5199 2042 5255 eidem
2084 5211 2145 5258 ut
2168 5205 2511 5261 Antiochiam
2542 5204 2696 5274 juxta
2722 5214 2877 5275 pacta
2906 5217 3169 5260 conventa
3200 5207 3350 5276 prius
3421 5208 3565 5263 inter
3622 5225 3724 5264 no;

459 5282 658 5353 jurata,
690 5287 919 5342 ducibus
949 5302 978 5340 a
1011 5303 1096 5342 me
1161 5289 1343 5346 missis
1409 5300 1503 5345 aut
1548 5293 1829 5349 mittendis
1914 5299 2114 5354 tradat.
2154 5300 2436 5356 Postremo
2466 5300 2692 5359 inducas
2740 5302 2797 5357 in
2838 5303 3077 5358 animum
3124 5312 3179 5358 et
3219 5313 3407 5359 sancte
3450 5306 3726 5373 spondeas

464 5379 622 5434 velim
649 5391 841 5484 cae-tera
877 5388 929 5436 te
955 5383 1135 5529 0mg:
1170 5396 1290 5452 qua:
1320 5382 1450 5439 olim
1502 5386 1632 5445 mihi
1682 5390 2035 5458 promiseras,
2077 5394 2146 5448 de
2173 5406 2373 5451 caetero
2402 5396 3016 5468 religioseservaturum
3069 5396 3450 5469 facturumque
3507 5415 3725 5458 summa

464 5473 1010 5529 constantissimaoue
1105 5489 1154 5529 e.
1886 5528 1891 5529 ,

405 5510 408 5514 λ
464 5473 1010 5542 constantissimaque
1033 5473 1154 5530 fide.

534 5567 668 5623 Cum
696 5567 810 5624 lucc
839 5578 893 5623 et
924 5568 1025 5625 alia
1049 5571 1170 5640 ejus
1217 5575 1435 5643 generis
1477 5577 1629 5647 plura
1673 5579 1937 5637 dixissent
1967 5583 2012 5636 vi

2115 5605 2122 5639 ι
2227 5580 2419 5639 Ταῦτα
2452 5581 2548 5638 τοῦ
2581 5580 2852 5656 βασιλέως
2881 5584 2975 5643 καὶ
3007 5584 3145 5642 ἄλλα
3186 5586 3356 5643 πλείω
3395 5589 3530 5662 πρὸς
3560 5590 3728 5647 αὑτὸν

1489 5711 1693 5776 Variae
1742 5713 2047 5779 lectiones
2087 5734 2162 5779 ex
2199 5716 2343 5785 cod.
2374 5718 2633 5787 Coisliu.

534 5800 581 5835 ⁸³
615 5805 749 5875 πρὸς
780 5804 940 5859 αὐτά.
1014 5803 1058 5839 ¹⁹
1086 5804 1263 5880 ἡμῶν.

2805 3621 2926 3679 εἶτα
2995 3626 3091 3679 καὶ
3121 3624 3169 3679 τ’
3215 3625 3353 3680 ἄλλα
3399 3626 3576 3679 πάντα
3618 3626 3717 3678 ὃσα
3818 3671 3831 3681 .
