4086 6410
438 379 569 444 1001

1672 376 2085 441 ALEXIADIS
2114 377 2259 437 LIB.
2298 378 2470 439 ΧΠΙ.

3552 379 3690 437 102

432 495 683 559 εἰπόντος
722 510 782 547 τε
836 494 934 548 καὶ
991 492 1349 561 ἀκούσαντος,
1393 495 1518 549 ἐπεὶ
1548 495 1576 548 ό
1604 496 1764 559 αὐτὸς
1806 496 2012 557 ἐκεῖνος

2117 491 2300 546 ciss’m
2334 491 2770 561 audirissentqne
2808 492 2947 547 inter
2995 504 3054 547 se
3117 491 3414 561 imperator
3462 502 3517 548 et
3574 493 3665 546 Bai

434 582 503 657 ἦν
544 588 571 640 ό
614 585 951 656 Βαῖμοῦντος
999 586 1094 640 καὶ
1137 588 1237 641 οὐκ
1282 587 1560 657 ἠλλοίωτο,
1599 588 1702 659 ἔφη
1734 588 2013 651 ἀδυνάτως

436 678 583 748 ἔχειν
612 677 712 748 τὴν
752 677 1014 749 τοιαύτην
1054 679 1350 748 ὑπόσχεσιν
1386 677 1738 747 ποιήσασθαι.
1792 680 1900 732 Καὶ
1944 678 2012 733 δι’

435 770 571 824 ἄλλα
600 770 722 823 τινά
754 770 906 838 παρᾶ
952 770 1047 824 τοῦ
1081 769 1348 840 βασιλέως
1378 768 1770 837 ἀπαιτούμενοι
1824 770 2013 839 ᾐτεῖτο

431 862 531 931 τὴν
554 862 693 933 πρὸς
723 861 782 915 τὸ
815 864 945 917 ίδιον
981 863 1306 933 στράτευμα
1338 861 1703 926 ἐπανάζευξιν
1736 862 1879 916 κατά
1913 863 2014 933 τὴν

432 956 732 1027 γενομένην
779 957 1103 1026 συμφωνίαν
1151 956 1303 1026 παρά
1351 955 1460 1009 τῶν
1510 955 1816 1026 πρέσϐεων.
1862 956 1920 1010 Ὀ
1954 957 2012 1010 δὲ

433 1046 692 1116 βασιλεύς
727 1065 895 1117 φησιν
934 1047 1070 1119 πρὸς
1102 1047 1264 1102 αὐτὸν
1297 1047 1378 1100 ὅτι
1409 1046 1709 1117 Κρείττονα
1742 1046 1878 1115 ἐμοῦ
1913 1047 2014 1099 οὐκ

428 1136 540 1207 ἔχω
563 1138 656 1191 τὸν
705 1140 844 1208 μετά
894 1137 1193 1206 ἀσφαλείας
1244 1155 1304 1190 σε
1351 1137 1708 1191 διασώσοντα.
1759 1138 2014 1203 Καίἆμα

433 1230 508 1300 τῷ
550 1230 695 1299 λόγῳ
763 1232 879 1294 τοῖς
955 1230 1190 1300 ἡγεμόσι
1240 1229 1527 1302 παρρησίᾳ
1592 1228 1855 1281 ἐπέταττε
1912 1227 2008 1281 τοῦ

430 1324 871 1395 στρατεύματος,
909 1323 1201 1393 ἑτοιμάσαι
1226 1324 1353 1385 τοὺς
1386 1323 1588 1384 ἵππους
1623 1321 1827 1387 αὐτῶν,
1854 1319 1942 1392 ἐφ’
1969 1314 2014 1390 ᾧ

430 1413 528 1483 τῆς
563 1413 706 1480 πρὸς
735 1412 796 1465 τὸ
829 1412 1135 1484 Δυρράχιον
1160 1411 1433 1483 φερούσης
1460 1411 1726 1480 ἅψασθαι.

501 1503 673 1556 Τοῦτο
714 1504 743 1556 ὁ
784 1503 1115 1574 Βαῖμοῦντος
1137 1503 1374 1566 ἀκούσας
1399 1501 1634 1567 ἐξελθὼν
1661 1502 1753 1555 ἐπὶ
1776 1502 1851 1573 τῷ
1874 1503 2013 1573 πρὸς

428 1594 530 1666 τὴν
562 1594 1021 1666 ἀποτεταγμένην
1044 1594 1192 1664 αὐτῷ
1226 1594 1448 1647 ἀπιέναι
1488 1593 1720 1665 σκηνὴν,
1755 1593 1851 1646 τὸν
1878 1593 2013 1664 ἐμὸν

428 1684 687 1756 Καίσαρα
712 1683 1031 1755 Νικηφόρον
1055 1682 1146 1737 τὸν
1170 1682 1459 1754 Βρυέννιον
1485 1682 1564 1753 τῷ
1590 1682 1685 1736 τοῦ
1720 1683 2011 1751 Πανυπερο

430 1776 697 1834 σεδάστου
722 1778 842 1831 τότε
870 1777 1243 1848 τετιμημένον
1269 1774 1543 1847 ἀξιώματι
1584 1774 1768 1848 ἐζήτει
1814 1776 2012 1831 θεάσα-

429 1868 581 1923 σθαι.
616 1869 675 1922 '0
702 1868 756 1923 δὲ
784 1835 1129 1934 ἐξελθὼν
1156 1835 1337 1922 πᾶσαν
1355 1835 1527 1921 πειθὼ
1554 1835 1727 1937 λόγων
1758 1869 2011 1940 κινήσας,
2042 1835 2088 1895 Β

428 1964 617 2024 ὁποῖος
703 1965 913 2026 ἐκεῖνος
982 1958 1042 2013 ἐν
1106 1959 1477 2031 δημηγορίαις
1542 1960 1638 2015 καὶ
1707 1958 2013 2027 διαλέξεσιν

430 2054 835 2125 ἀπαράμιλλος,
870 2053 1054 2107 πείθει
1093 2053 1186 2107 τὶν
1221 2052 1561 2123 Βαῖμοῦντον
1592 2053 1705 2116 τοῖς
1735 2052 2013 2117 πλείστοις

430 2149 720 2205 συνθέσθαι
751 2150 861 2203 τῶν
895 2150 1048 2221 παρὰ
1084 2147 1179 2202 τοῦ
1214 2146 1484 2219 βασιλέως
1508 2146 1812 2218 ῥηθέντων.
1851 2148 2011 2219 Κρα-

430 2245 605 2316 τήσας
670 2241 764 2296 οὖν
820 2241 986 2296 αὐτὸν
1039 2241 1140 2312 τῆς
1198 2240 1387 2311 χειρὸς
1447 2238 1661 2307 είσάγει
1726 2238 1864 2309 πρὸς
1918 2239 2012 2293 τὸν

428 2332 682 2404 βασιλέα.
712 2333 792 2403 Τῇ
827 2331 884 2385 δὲ
919 2332 1039 2402 μετ’
1076 2331 1248 2401 αὐτὴν
1275 2330 1565 2401 ἐνωμότως
1592 2333 1688 2383 καὶ
1722 2329 1864 2399 μετά
1910 2328 2049 2413 τῆς,

428 2427 640 2487 οἰκείας
695 2425 1071 2498 προαιρέσεως
1092 2423 1234 2478 κατὰ
1259 2422 1318 2476 τὸ
1346 2420 1537 2476 δοκοῦν
1562 2420 1708 2491 αὑτῷ
1737 2420 1837 2492 τὴν
1868 2437 2011 2492 συμ-

430 2521 638 2591 φωνίαν
703 2520 1048 2592 ἐπλήρωσεν.
1104 2512 1233 2588 Εἶχε
1290 2514 1349 2571 δὲ
1398 2516 1469 2571 τὰ
1514 2514 2009 2587 συμπεφωνημένα

423 2614 600 2678 οῦτως
652 2613 784 2684 (88).

2120 585 2375 646 mundus,
2412 585 2624 638 tandem
2658 584 2744 639 hic
2778 584 2921 639 illius
2944 599 3226 639 sermones
3250 598 3438 653 parum
3465 583 3531 637 ad
3568 599 3695 637 suae

2119 689 2242 743 spes
2309 692 2372 728 ac
2441 675 2679 729 rationes
2755 677 3189 730 accommodatus
3256 676 3697 729 animadvertetis

2120 766 2337 837 (quippe
2390 769 2478 834 qui
2532 768 2804 820 mordittts
2849 769 2898 822 in
2959 770 3238 836 proposito
3281 769 3510 822 hzererct
3538 806 3555 833 ,
3596 783 3695 821 nec

2117 859 2395 927 Cupiditati
2432 869 2594 927 atque
2625 858 2909 912 ambitioni
2941 874 3052 913 sua:
3078 859 3595 928 detrahiquidquatn
3625 862 3692 911 du:

2120 950 2367 1018 superbis
2396 950 2502 1004 illis
2546 951 2857 1005 dominandi
2896 952 3261 1021 regnand'que
3309 952 3450 1007 \‘0'is
3483 964 3699 1022 pati-ro-

2119 1042 2251 1108 tttr),
2283 1043 2379 1107 sic,
2416 1043 2567 1111 quasi
2599 1044 2877 1111 desperata
2914 1044 3303 1112 compositione
3332 1084 3347 1110 ,
3394 1046 3696 1113 Augustum

2117 1133 2403 1203 alloquitur
2444 1151 2458 1188 :
2501 1134 2767 1201 Quoniam
2804 1152 2922 1205 q:t:e
2982 1138 3224 1204 promitti
3279 1152 3390 1203 prae.
3422 1137 3633 1206 tarique
3668 1156 3697 1191 :t

2118 1240 2203 1279 nte
2241 1226 2331 1280 libi
2360 1228 2622 1296 postulas,
2658 1230 2733 1280 ttti
2769 1228 3096 1282 deditionem
3135 1230 3455 1294 Antiochia,
3490 1238 3548 1281 et
3585 1230 3688 1281 alit

2117 1318 2395 1390 pleraque,
2446 1336 2507 1374 ea
2538 1320 2799 1388 ejusmodi
2831 1337 2950 1376 csse
2981 1321 3156 1376 sentio
3184 1337 3302 1387 qua:
3330 1338 3425 1374 nec
3455 1321 3696 1391 polliceri

2117 1428 2216 1467 nec
2246 1425 2639 1480 reprmseutare
2667 1414 2866 1481 possim
2896 1430 3155 1481 unquam,
3186 1429 3283 1481 age
3328 1412 3481 1481 juxta
3533 1406 3711 1467 fidem

2117 1503 2245 1557 mihi
2279 1520 2374 1573 per
2403 1513 2522 1557 tuos
2554 1504 2761 1575 legatos
2795 1522 2824 1556 a
2863 1514 2913 1558 te
2942 1505 3149 1569 datam,
3197 1519 3377 1557 annue.
3424 1505 3553 1559 mihi
3602 1520 3692 1559 se-

2113 1610 2302 1650 curutn
2322 1596 2371 1651 in
2398 1612 2475 1651 ca-
2494 1608 2575 1651 tra
2600 1612 2716 1651 mea
2746 1596 2999 1652 reditum.
3022 1597 3119 1651 Cui
3144 1598 3420 1669 Augustus
3452 1614 3464 1651 :
3490 1597 3697 1651 Prolixe

2116 1703 2266 1751 vero,
2297 1688 2493 1758 inquit,
2530 1688 2849 1755 Baimnnde,
2884 1705 3069 1743 annuo
3094 1691 3236 1759 quod
3271 1691 3441 1760 petis;
3472 1705 3534 1744 ac
3561 1705 3698 1759 quo-

2119 1782 2261 1834 niam
2287 1780 2355 1835 ad
2392 1790 2442 1834 te
2474 1790 2587 1836 tuto
2634 1797 2934 1851 secureque
2985 1781 3361 1837 deducendum
3414 1782 3692 1837 nemiuem

2124 1888 2209 1927 me
2241 1873 2360 1943 ipso
2391 1874 2657 1944 aptiorem
2692 1875 2867 1930 habeo
2895 1914 2909 1939 ,
2951 1874 3096 1945 agite
3152 1875 3354 1943 (vertit
3401 1877 3609 1931 vultum
3668 1891 3697 1929 a

2116 1962 2417 2019 Baimundo
2445 1965 2687 2035 quicum
2731 1976 2942 2021 secreto
2990 1966 3350 2036 loquebatur,
3405 1968 3471 2022 ad
3527 1968 3697 2023 ducet

2114 2056 2386 2112 exercitus
2435 2067 2673 2113 astantes
2729 2059 3021 2130 palamque
3093 2058 3226 2129 ipsis
3273 2069 3522 2113 contenta
3572 2075 3697 2113 γοι-«υ

2114 2146 2194 2201 sic
2227 2148 2411 2211 edicit,
2438 2148 2603 2219 agite,
2634 2151 2879 2216 inquam,
2912 2165 3084 2219 equos
3116 2152 3399 2218 expedite,
3451 2165 3574 2204 mox
3606 2165 3693 2203 no-

2114 2238 2327 2294 biscum
2377 2238 2775 2312 Dyrrhachium
2830 2258 3020 2299 versus
3079 2242 3403 2310 profecturi.
3448 2240 3544 2298 llis
3604 2257 3693 2295 an.

2119 2334 2247 2388 ditis
2278 2332 2611 2390 Baimundus
2660 2350 2781 2390 cum
2842 2339 2909 2390 ad
2941 2336 3281 2406 designatum
3345 2344 3697 2405 paratumque

2116 2423 2219 2479 sibi
2264 2425 2671 2480 tabernaculum
2720 2442 2779 2482 se
2830 2428 3140 2498 reciperet,
3188 2443 3385 2481 metmr
3427 2425 3697 2483 Caesarem

2114 2513 2478 2586 Nicephorum
2532 2515 2820 2589 Bryenium
2874 2517 3359 2588 panhypersebasti
3433 2517 3591 2572 titulo
3638 2529 3695 2570 ac

2118 2607 2379 2677 dignitate
2400 2609 2511 2678 jam
2545 2618 2655 2665 tum
2706 2620 2959 2666 ornatum
3010 2610 3192 2666 videre
3238 2612 3413 2666 obiter
3454 2608 3696 2681 expetiit.

432 2708 638 2765 Prodiit
692 2709 803 2775 ille,
862 2717 1139 2777 totamque
1188 2704 1465 2776 explicans
1516 2717 1678 2773 quam
1736 2717 2006 2759 summam
2050 2702 2283 2759 habebat
2309 2704 2523 2761 dicendi
2553 2706 3023 2772 vitn,sermonum
3050 2707 3166 2775 ejus
3232 2707 3579 2761 familiarium
3644 2715 3695 2759 et

427 2805 764 2873 publicarum
810 2807 875 2861 ad
924 2804 1212 2859 conciones
1256 2801 1564 2857 orationum
1617 2798 2007 2871 experimentis
2047 2800 2261 2857 abunde
2292 2804 2595 2871 probatam,
2627 2803 2696 2857 ad
2759 2803 3105 2859 tractandum
3177 2804 3397 2859 adhibet
3459 2803 3696 2859 ferocem

428 2900 695 2961 animum,
727 2898 985 2967 omnique
1015 2914 1080 2954 ex
1117 2905 1270 2966 parte
1298 2893 1656 2949 Baimundnm
1706 2894 1878 2950 ambit
1927 2902 2090 2964 atque
2123 2908 2280 2965 urget
2348 2898 2564 2963 leniter,
2628 2914 2722 2953 sua
2783 2900 2873 2954 illa
2930 2916 3034 2969 qua
3088 2900 3323 2971 pollebat
3364 2902 3689 2971 incompara-

430 2993 521 3047 bili
543 2992 780 3049 efﬁcacia
818 2994 1124 3057 suavitatis,
1142 2991 1317 3046 donec
1340 2989 1643 3046 molliendis
1662 2989 2007 3060 quibusdam,
2054 2993 2397 3061 lndulgendis
2424 2993 2566 3063 aliis,
2604 2995 2830 3064 perfecit
2870 2995 3089 3051 tandem
3162 3007 3220 3051 ut
3266 2997 3536 3066 plerisque
3603 3012 3693 3052 eo-

431 3105 547 3143 rum
579 3104 697 3159 quae
724 3092 1001 3162 Angustus
1037 3089 1268 3159 petierat
1328 3088 1680 3157 acquiescere
1731 3086 1841 3155 jam
1863 3096 2084 3157 paratus
2121 3099 2267 3143 esset
2295 3090 2651 3147 Baimundus.
2698 3092 2815 3159 Quo
2862 3093 2996 3147 satis
3051 3092 3136 3146 vir
3164 3108 3316 3147 meus
3369 3102 3653 3163 perspecto
3678 3132 3695 3158 ,

424 3188 652 3244 comiter
681 3190 1079 3259 apprehensum
1110 3201 1270 3240 manu
1303 3183 1664 3239 Baimuudum
1710 3184 2003 3240 introducit
2040 3184 2205 3257 ωδ
2232 3187 2298 3241 ad
2329 3188 2651 3257 Augustum.
2715 3187 2980 3244 Convenit
3020 3188 3203 3244 statim
3257 3189 3397 3244 inter
3461 3193 3650 3246 ambos
3679 3233 3695 3255 ,

423 3292 481 3337 et
511 3282 775 3352 postridie
838 3296 905 3334 ex
961 3278 1244 3347 utriusque
1296 3276 1564 3331 sententia
1637 3275 1892 3331 conclusa
1978 3277 2269 3334 concordia
2338 3289 2443 3348 es',
2492 3279 2854 3338 instrumento
2923 3278 3138 3353 publico
3187 3279 3462 3337 Baimundi
3518 3284 3696 3340 verbis

427 3375 531 3430 rite
554 3383 841 3443 concepto,
875 3370 1031 3441 cujus
1054 3370 1359 3439 exemplum
1391 3369 1480 3424 hic
1516 3367 1770 3438 deinceps
1802 3367 2157 3425 describimus
2197 3385 2211 3423 :
3276 3372 3277 3377 ‘
3398 3405 3440 3453 ε

502 3489 523 3524 ε
588 3472 656 3524 'H
699 3472 799 3541 μὲν
834 3470 1083 3540 προτέρα
1130 3467 1445 3538 συμφωνία,
1494 3468 1617 3536 ἦτις
1647 3466 1715 3536 δὴ
1751 3467 1850 3520 καὶ
1893 3464 2013 3519 κατ’

2196 3488 2215 3520 ‹
2254 3468 2497 3525 Primum
2551 3471 2793 3526 omnium
2826 3512 2841 3537 ,
2876 3475 3167 3529 conventio
3199 3482 3566 3543 tractatusque
3607 3476 3696 3533 ille

427 3566 603 3619 ἐκεῖνο
633 3560 831 3633 καιροῦ
860 3561 1054 3630 γέγονε
1083 3560 1223 3632 πρὸς
1251 3558 1312 3613 τὸ
1340 3558 1645 3626 Θεοστεφές
1674 3558 1877 3628 κράτος
1916 3574 2009 3613 σου

2115 3568 2276 3623 quem
2302 3571 2424 3610 cum
2450 3573 2482 3613 a
2505 3556 2614 3613 Deo
2643 3569 2899 3615 coronata
2933 3561 3219 3632 majestate
3254 3571 3341 3616 tua
3375 3572 3484 3617 tum
3522 3574 3695 3622 trans-

424 3658 627 3711 ὁπόταν
657 3655 799 3726 μετά
819 3652 921 3721 τῆς
951 3649 1332 3721 πολυπληθοῦς
1362 3650 1583 3719 ἐκείνης
1612 3651 1875 3720 στρατιᾶς
1903 3650 2011 3704 τῶν

2122 3647 2231 3716 egi,
2271 3654 2486 3717 quando
2518 3650 2571 3705 in
2594 3654 2852 3706 comitatu
2902 3654 3332 3709 numerosissimi
3360 3655 3502 3710 illius
3530 3672 3694 3714 exer-

425 3750 700 3819 Φράγγων
747 3748 829 3811 είς
857 3746 958 3817 τὴν
992 3744 1248 3816 βασιλίδα
1296 3743 1454 3797 πόλιν
1488 3743 1871 3814 ἐπιδεδήμηκα
1896 3744 2013 3798 δια-

427 3843 632 3896 σαίνων
662 3839 773 3894 ἀπὸ
799 3837 901 3908 τῆς
926 3836 1202 3910 Εὐρώπης
1229 3836 1311 3900 είς
1342 3835 1443 3906 τὴν
1478 3835 1664 3889 Ἀσίαν
1695 3835 1791 3889 ἐπὶ
1814 3838 1879 3907 τῇ
1902 3836 2011 3891 τῶν

438 3932 836 4006 Ἰεροσολύμων
886 3928 1200 4000 ἐλευθερίᾳ,
1243 3926 1434 3999 ἐπειδὴ
1482 3927 1625 3982 κατά
1662 3944 1818 3991 τινας
1855 3944 2013 4000 περι·

425 4023 649 4087 πετείας
668 4022 1017 4094 πραγμάτων
1032 4018 1321 4091 ὴθέτηται,
1346 4017 1535 4089 ἐκείνη
1561 4018 1666 4090 μὲν
1690 4020 2013 4090 σχολασάτω

426 4117 525 4172 καὶ⁵
573 4114 652 4187 μὴ
684 4114 862 4186 ἐχέτω
909 4112 972 4166 τὸ
1019 4109 1245 4182 ἐνεργὸν
1274 4109 1351 4174 ὡς
1377 4109 1440 4164 τὸ
1477 4110 1688 4182 ἄκυρον
1732 4112 2012 4184 ἀποφερο-

429 4210 570 4281 μένη
620 4208 711 4263 διά
746 4206 848 4278 τὴν
881 4204 993 4259 τῶν
1029 4204 1378 4276 πραγμάτων
1409 4203 1740 4273 περίστασιν
1763 4219 1778 4234 ·
1820 4206 1919 4259 καὶ
1948 4204 2008 4273 ἐξ

426 4300 649 4372 ἐκείνης
675 4297 739 4353 οὐ
768 4298 877 4369 χρὴ
908 4297 1032 4351 κατ’
1060 4292 1201 4366 ἐμοῦ
1226 4293 1441 4347 δίκαιόν
1464 4311 1516 4347 τι
1549 4292 1697 4364 ἔχειν
1726 4291 1826 4364 τὴν
1854 4292 2010 4364 βασι-

426 4391 745 4465 λείανχσου,
799 4387 1100 4443 κάντεῦθεν
1166 4383 1546 4456 ἰσχυρίζεσθαι
1602 4384 1732 4456 περ)⁸
1780 4385 1887 4437 τῶν
1943 4386 2003 4439 ἐν

428 4484 618 4555 ἐκείνῃ
662 4477 1197 4552 συμπεφωνημένων
1242 4492 1304 4528 τε
1337 4475 1434 4529 καὶ
1465 4474 2007 4544 ἀναγεγραμμένων.

432 4573 682 4642 Πόλεμον
716 4570 826 4640 γάρ
878 4567 1163 4640 ἀραμένου
1206 4582 1309 4637 μου
1344 4563 1489 4618 κατά
1521 4564 1618 4618 τοῦ
1652 4564 1745 4618 σοῦ
1777 4564 2012 4636 Θεοπρο-

424 4667 624 4739 Gul-.01.)
650 4665 893 4735 κράτους
936 4663 1031 4716 καὶ
1057 4659 1483 4731 παραλύσαντος
1514 4659 1585 4712 τά
1629 4675 2007 4730 συμπεφωνη-

2111 3737 2526 3803 εἰιιιεῈηηοίεί
2583 3757 2651 3797 ει
2715 3743 2929 3813 Europa
2960 3745 3362 3815 transgrediens
3410 3748 3463 3802 in
3505 3748 3689 3803 Asiam

2111 3828 2612 3903 Hierosolymorum
2704 3833 3081 3889 liberationem
3115 3875 3130 3902 ,
3214 3836 3691 3910 Constantinopoli

2115 3920 2362 3988 transivi,
2388 3930 2448 3977 ut
2469 3923 2792 3994 quibusdam
2820 3939 2998 3979 rerum
3030 3935 3083 3980 et
3116 3929 3452 3998 negotiorum
3508 3931 3578 3987 ab
3625 3946 3694 3986 eo

2111 4020 2359 4084 tempore
2392 4014 2789 4071 incurrentium
2816 4016 3026 4073 vicibus
3049 4016 3344 4088 abrogatas
3367 4030 3471 4087 est,
3504 4022 3576 4077 ita
3598 4040 3695 4094 pro

2110 4104 2373 4172 abrogato
2398 4106 2669 4176 planeque
2699 4106 2978 4177 antiquato
3028 4126 3174 4167 nunc
3225 4113 3491 4171 habeatur
3534 4133 3549 4170 :
3591 4132 3695 4171 nec

2110 4210 2177 4249 ex
2202 4209 2268 4250 eo
2293 4204 2381 4250 tua
2406 4196 2660 4267 majestas
2681 4198 2772 4266 jus
2800 4200 2902 4254 sibi
2938 4204 3173 4269 posthac
3217 4204 3384 4260 ullum
3432 4222 3649 4264 sumere
3675 4251 3691 4271 ,

2110 4286 2267 4355 eique
2294 4287 2363 4342 ad
2394 4303 2546 4357 Spem
2578 4290 2742 4345 ullam
2773 4292 2931 4347 inniti
2958 4294 3154 4361 valeat,
3180 4294 3250 4350 ob
3270 4312 3331 4352 ea
3351 4313 3691 4369 quaecunque

2111 4390 2176 4431 ac
2203 4377 2601 4449 qualiacunque
2648 4390 2806 4436 cauta
2832 4422 2847 4448 ,
2882 4395 3105 4452 excepta
3138 4427 3153 4451 ,
3190 4388 3391 4456 scripta
3415 4429 3431 4455 ,
3467 4390 3644 4458 iurata
3674 4433 3701 4459 ,

2112 4468 2602 4540 quomodocunque
2657 4471 2730 4526 ibi
2781 4474 3043 4541 promissa
3091 4486 3183 4529 aut
3232 4492 3549 4535 memorata.
3595 4484 3689 4537 Et-

2114 4564 2261 4617 enim
2286 4563 2428 4619 bello
2462 4565 2660 4619 exinde
2693 4581 2723 4619 a
2764 4582 2851 4621 me
2881 4568 3145 4624 adversus
3192 4579 3335 4625 tuam
3368 4588 3397 4625 a
3432 4575 3539 4629 Deo
3565 4590 3693 4645 pro-

2114 4665 2316 4710 motam
2372 4655 2709 4723 maiestatem
2772 4668 2916 4713 moto
2960 4672 3223 4730 gestaque
3266 4676 3515 4721 revocata
3567 4669 3691 4735 illa,

427 4761 586 4829 μένα,
631 4755 1132 4827 συμπαραλέλυται
1170 4751 1383 4814 τούτοις
1412 4752 1509 4805 καὶ
1538 4753 1604 4803 τὰ
1636 4751 1745 4803 ἀπὸ
1779 4751 1875 4804 τοῦ
1910 4749 2005 4806 σοῦ

2115 4746 2381 4817 irritaqne
2406 4762 2469 4802 ac
2490 4762 2641 4803 cassa
2668 4749 2939 4804 declarata
2987 4753 3200 4806 censeri
3245 4770 3371 4823 pars
3424 4768 3508 4811 est
3543 4772 3559 4810 :
3592 4775 3692 4816 nec

427 4811 439 4829 .
477 4811 487 4812 κ
536 4811 586 4822 η
706 4811 720 4827 .
836 4811 847 4827 .
1367 4811 1377 4814 τ

423 4854 662 4923 κράτους
710 4851 833 4903 κατ’
866 4847 1002 4918 ἐμοῦ
1034 4846 1356 4915 αἰτιάματα.
1394 4842 1508 4896 Νῦν
1532 4842 1588 4895 δὲ
1620 4840 1712 4896 οὖν
1744 4843 1787 4875 ⁸⁸
1816 4843 2005 4915 ὥσπερ

2115 4811 2340 4893 causam
2372 4848 2467 4893 aut
2494 4839 2708 4893 titulum
2744 4842 2986 4910 praebere
3012 4842 3176 4896 ullum
3207 4811 3300 4898 tibi
3330 4862 3487 4915 posse
3516 4811 3693 4919 legiti;

421 4949 488 4998 ἐκ
520 4941 886 5013 μεταμελείας
909 4941 1201 5010 ἐρχόμενος
1230 4936 1323 4991 καὶ
1351 4934 1542 5002 ὥσπερ
1567 4934 1751 4996 ἁλιεὺς
1772 4933 2007 5003 πληγεὶς

2115 4948 2259 4986 mum
2314 4941 2505 4987 contra
2554 4948 2642 4988 me
2689 4934 3038 4989 accusatione
3093 4934 3201 4990 ulla
3255 4940 3546 5007 querelave
3601 4959 3690 4999 ve-

424 5036 522 5089 καὶ
552 5032 1006 5103 ἀπενεγκάμενος
1038 5030 1165 5083 νοῦν
1200 5028 1294 5082 καὶ
1342 5027 1506 5098 μόνον
1549 5026 1672 5096 ούχὶ
1707 5025 1784 5095 τῷ
1817 5025 2006 5096 δόρατι

2115 5024 2315 5078 nieudi.
2349 5023 2562 5092 integer
2584 5037 2714 5092 ergo
2745 5040 2886 5078 nunc
2912 5024 3181 5093 pleneque
3223 5028 3363 5097 juris
3412 5034 3516 5085 mei
3549 5033 3691 5088 ultro

422 5130 501 5197 τῷ
542 5129 636 5181 σοῦ
670 5126 1085 5195 νουνεχέστερος
1117 5119 1356 5191 γεγονὼς
1404 5120 1501 5173 καὶ
1540 5118 1638 5185 τῆς
1676 5117 1796 5170 κατ’
1828 5118 2006 5170 ἐκεῖνο

2115 5114 2202 5167 tibi
2232 5126 2315 5166 me
2348 5111 2503 5177 sisto,
2544 5112 2687 5167 velut
2712 5115 2951 5181 piscator
2982 5113 3117 5168 ictus
3154 5115 3235 5169 vel
3260 5130 3384 5171 sero
3430 5121 3689 5187 promens

426 5218 619 5290 καιροῦ
666 5218 836 5289 ἥττης
886 5215 981 5269 καὶ
1028 5213 1135 5267 τῶν
1184 5211 1440 5281 πολέμων
1487 5208 1863 5279 ἀναμνησθεὶς
1920 5207 2002 5271 είς

2115 5206 2482 5275 paenitentiam
2535 5223 2697 5277 quam
2729 5211 2949 5282 concepi
2998 5224 3220 5277 veram,
3270 5228 3336 5269 ex
3378 5226 3525 5271 certa
3571 5234 3687 5273 mea

1585 5328 1789 5389 Variae
1824 5320 2131 5390 lectiones
2169 5342 2254 5388 ex
2287 5324 2430 5388 cod.
2465 5325 2732 5389 Coislin.

491 5439 537 5471 ⁸⁸
568 5440 659 5495 αὖ.

1473 5525 1606 5585 Car.
1629 5520 1952 5583 Dufresnii
1997 5523 2095 5582 Du
2142 5523 2355 5603 Cangii
2386 5530 2573 5589 nota).

489 5665 601 5730 (88)
656 5660 800 5731 Εἶχε
874 5661 942 5715 δὲ
1002 5655 1200 5724 οὗτος.
1274 5655 1350 5707 De
1398 5667 1528 5722 pare
1582 5651 1789 5731 firmata
1816 5719 1828 5731 _
1859 5649 1999 5729 inter
2107 5653 2399 5708 Orilericus
2431 5652 2798 5731 e_t_.M_at_thae.us
2832 5653 2985 5711 Paris
3009 5669 3101 5731 an.
3137 5651 3308 5723 “09;
3351 5665 3505 5710 vatus
3538 5654 3678 5711 seri-

419 5719 661 5791 Anim...
694 5719 1135 5787 ei'Buemundum
1159 5719 1332 5787 'agtutt
1372 5719 1627 5798 primore:
1680 5719 1998 5798 Fuh-herjtts
2106 5736 2247 5794 ptor,
2282 5735 2411 5781 tom.
2453 5722 2521 5779 Ν
2550 5724 2690 5780 Hist.
2716 5724 2812 5781 Fr.
2847 5741 2969 5798 pag.
3003 5727 3093 5783 95.

417 5788 634 5863 Cui-not.
658 5806 754 5861 lib.
783 5819 841 5866 ll,
872 5820 993 5870 cap.
1016 5801 1118 5863 57;
1145 5788 1398 5851 Albertus
1424 5796 1527 5861 Aq.
1559 5792 1649 5846 lib.
1679 5805 1731 5855 ι,
1752 5804 1869 5860 cap.
1892 5788 1998 5857 M;

746 5900 1021 5960 ΡΑτιιοι..
1068 5896 1187 5956 Gn.
1234 5886 1526 5952 CXXXI.

3166 5881 3245 5945 32
