  <div class='ocr_page' id='page_1' title='image "/cluster/home/n/w/nwhite01/storage/ocr_20150623/131:no.4/coo.31924054870369/510.png"; bbox 0 0 4086 6412; ppageno 0'>
   <div class='ocr_carea' id='block_1_1' title="bbox 413 383 558 450">
    <p class='ocr_par' dir='ltr' id='par_1_1' title="bbox 413 383 558 450">
     <span class='ocr_line' id='line_1_1' title="bbox 413 383 558 450; baseline -0.014 0"><span class='ocrx_word' id='word_1_1' title='bbox 413 383 558 450; x_wconf 78' lang='lat'><strong>1005</strong></span> 
     </span>
    </p>
   </div>
   <div class='ocr_carea' id='block_1_2' title="bbox 1629 377 2447 442">
    <p class='ocr_par' dir='ltr' id='par_1_2' title="bbox 1629 377 2447 442">
     <span class='ocr_line' id='line_1_2' title="bbox 1629 377 2447 442; baseline -0.002 0"><span class='ocrx_word' id='word_1_2' title='bbox 1629 377 2044 442; x_wconf 74' lang='lat' dir='ltr'><strong>ALEXIADIS</strong></span> <span class='ocrx_word' id='word_1_3' title='bbox 2087 378 2233 442; x_wconf 78' lang='lat' dir='ltr'><strong>LIB.</strong></span> <span class='ocrx_word' id='word_1_4' title='bbox 2270 379 2447 441; x_wconf 81' lang='lat' dir='ltr'><strong>XIII.</strong></span> 
     </span>
    </p>
   </div>
   <div class='ocr_carea' id='block_1_3' title="bbox 3541 385 3686 451">
    <p class='ocr_par' dir='ltr' id='par_1_3' title="bbox 3541 385 3686 451">
     <span class='ocr_line' id='line_1_3' title="bbox 3541 385 3686 451; baseline 0 -1"><span class='ocrx_word' id='word_1_5' title='bbox 3541 385 3686 451; x_wconf 76' lang='lat'><strong>1006</strong></span> 
     </span>
    </p>
   </div>
   <div class='ocr_carea' id='block_1_4' title="bbox 405 489 2011 565">
    <p class='ocr_par' dir='ltr' id='par_1_4' title="bbox 405 490 1993 565">
     <span class='ocr_line' id='line_1_4' title="bbox 405 490 1993 565; baseline -0.005 -16"><span class='ocrx_word' id='word_1_6' title='bbox 405 494 576 565; x_wconf 82' lang='grc' dir='ltr'><strong>κυροῦ</strong></span> <span class='ocrx_word' id='word_1_7' title='bbox 625 493 875 548; x_wconf 66' lang='grc' dir='ltr'>’ῐωάννου</span> <span class='ocrx_word' id='word_1_8' title='bbox 929 490 1024 544; x_wconf 80' lang='grc' dir='ltr'>τοῦ</span> <span class='ocrx_word' id='word_1_9' title='bbox 1068 491 1590 563; x_wconf 78' lang='grc' dir='ltr'>Πορφυρογαννήτου</span> <span class='ocrx_word' id='word_1_10' title='bbox 1620 505 1634 519; x_wconf 85' lang='grc'><strong>·</strong></span> <span class='ocrx_word' id='word_1_11' title='bbox 1678 491 1747 561; x_wconf 80' lang='grc' dir='ltr'>ἣν</span> <span class='ocrx_word' id='word_1_12' title='bbox 1782 491 1993 562; x_wconf 82' lang='grc' dir='ltr'>ἀμετα-</span> 
     </span>
    </p>
   </div>
   <div class='ocr_carea' id='block_1_5' title="bbox 2115 489 3688 565">
    <p class='ocr_par' dir='ltr' id='par_1_5' title="bbox 2121 490 3688 565">
     <span class='ocr_line' id='line_1_5' title="bbox 2121 490 3688 565; baseline 0.007 -21"><span class='ocrx_word' id='word_1_13' title='bbox 2121 490 2423 546; x_wconf 86' lang='lat' dir='ltr'><strong>nvestitura</strong></span> <span class='ocrx_word' id='word_1_14' title='bbox 2457 491 2588 546; x_wconf 84' lang='lat' dir='ltr'><strong>mihi</strong></span> <span class='ocrx_word' id='word_1_15' title='bbox 2628 491 2911 549; x_wconf 79' lang='lat' dir='ltr'><strong>confertur</strong></span> <span class='ocrx_word' id='word_1_16' title='bbox 2945 508 3042 565; x_wconf 84' lang='lat' dir='ltr'><strong>per</strong></span> <span class='ocrx_word' id='word_1_17' title='bbox 3069 495 3273 551; x_wconf 85' lang='lat' dir='ltr'><strong>Bullam</strong></span> <span class='ocrx_word' id='word_1_18' title='bbox 3310 498 3542 554; x_wconf 80' lang='lat' dir='ltr'><strong>Auream</strong></span> <span class='ocrx_word' id='word_1_19' title='bbox 3571 517 3688 555; x_wconf 86' lang='lat' dir='ltr'><strong>ma-</strong></span> 
     </span>
    </p>
   </div>
   <div class='ocr_carea' id='block_1_6' title="bbox 405 580 1997 655">
    <p class='ocr_par' dir='ltr' id='par_1_6' title="bbox 405 580 1997 655">
     <span class='ocr_line' id='line_1_6' title="bbox 405 580 1997 655; baseline -0.001 -19"><span class='ocrx_word' id='word_1_20' title='bbox 405 585 629 655; x_wconf 66' lang='grc' dir='ltr'>κίνητον</span> <span class='ocrx_word' id='word_1_21' title='bbox 671 587 767 638; x_wconf 70' lang='grc' dir='ltr'><strong>καὶ</strong></span> <span class='ocrx_word' id='word_1_22' title='bbox 806 583 1108 637; x_wconf 73' lang='grc' dir='ltr'>ἀσάλευτον</span> <span class='ocrx_word' id='word_1_23' title='bbox 1146 582 1404 650; x_wconf 75' lang='grc' dir='ltr'><strong>καθέξειν</strong></span> <span class='ocrx_word' id='word_1_24' title='bbox 1436 580 1868 652; x_wconf 82' lang='grc' dir='ltr'>ἐπισχνοὺμενος</span> <span class='ocrx_word' id='word_1_25' title='bbox 1892 598 1997 634; x_wconf 81' lang='grc' dir='ltr'>κα-</span> 
     </span>
    </p>
   </div>
   <div class='ocr_carea' id='block_1_7' title="bbox 407 674 2000 750">
    <p class='ocr_par' dir='ltr' id='par_1_7' title="bbox 407 674 2000 750">
     <span class='ocr_line' id='line_1_7' title="bbox 407 674 2000 750; baseline -0.004 -18"><span class='ocrx_word' id='word_1_26' title='bbox 407 678 584 750; x_wconf 80' lang='grc' dir='ltr'>Θάπερ</span> <span class='ocrx_word' id='word_1_27' title='bbox 632 679 885 748; x_wconf 83' lang='grc' dir='ltr'>ἄγκυραν</span> <span class='ocrx_word' id='word_1_28' title='bbox 942 676 1187 746; x_wconf 70' lang='grc' dir='ltr'>ἀσφαλῆ.</span> <span class='ocrx_word' id='word_1_29' title='bbox 1241 677 1352 729; x_wconf 76' lang='grc' dir='ltr'>Καὶ</span> <span class='ocrx_word' id='word_1_30' title='bbox 1392 675 1481 729; x_wconf 77' lang='grc' dir='ltr'>ενα</span> <span class='ocrx_word' id='word_1_31' title='bbox 1526 675 1861 730; x_wconf 78' lang='grc' dir='ltr'>ἐπαναλάϐω</span> <span class='ocrx_word' id='word_1_32' title='bbox 1905 674 2000 727; x_wconf 71' lang='grc' dir='ltr'>τὸν</span> 
     </span>
    </p>
   </div>
   <div class='ocr_carea' id='block_1_8' title="bbox 404 767 1999 842">
    <p class='ocr_par' dir='ltr' id='par_1_8' title="bbox 404 767 1999 842">
     <span class='ocr_line' id='line_1_8' title="bbox 404 767 1999 842; baseline -0.001 -20"><span class='ocrx_word' id='word_1_33' title='bbox 404 771 567 839; x_wconf 87' lang='grc' dir='ltr'>λόγον</span> <span class='ocrx_word' id='word_1_34' title='bbox 607 769 944 842; x_wconf 81' lang='grc' dir='ltr'>σαφέστερον</span> <span class='ocrx_word' id='word_1_35' title='bbox 982 772 1076 823; x_wconf 77' lang='grc' dir='ltr'><strong>καὶ</strong></span> <span class='ocrx_word' id='word_1_36' title='bbox 1116 769 1216 840; x_wconf 77' lang='grc' dir='ltr'>τὴν</span> <span class='ocrx_word' id='word_1_37' title='bbox 1251 769 1492 837; x_wconf 68' lang='grc' dir='ltr'>ἰδιότητα</span> <span class='ocrx_word' id='word_1_38' title='bbox 1540 769 1847 837; x_wconf 76' lang='grc' dir='ltr'><strong>φυλάξαιμι</strong></span> <span class='ocrx_word' id='word_1_39' title='bbox 1888 767 1999 820; x_wconf 86' lang='grc' dir='ltr'><strong>τῶν</strong></span> 
     </span>
    </p>
   </div>
   <div class='ocr_carea' id='block_1_9' title="bbox 408 859 1998 934">
    <p class='ocr_par' dir='ltr' id='par_1_9' title="bbox 408 859 1998 934">
     <span class='ocr_line' id='line_1_9' title="bbox 408 859 1998 934; baseline -0.001 -18"><span class='ocrx_word' id='word_1_40' title='bbox 408 866 704 934; x_wconf 78' lang='grc' dir='ltr'><strong>ἐγγράφως</strong></span> <span class='ocrx_word' id='word_1_41' title='bbox 739 864 1202 933; x_wconf 75' lang='grc' dir='ltr'><strong>συμφωνούντων,</strong></span> <span class='ocrx_word' id='word_1_42' title='bbox 1253 863 1362 916; x_wconf 73' lang='grc' dir='ltr'>ἰδοὺ</span> <span class='ocrx_word' id='word_1_43' title='bbox 1421 859 1534 930; x_wconf 80' lang='grc' dir='ltr'>ἐγὼ</span> <span class='ocrx_word' id='word_1_44' title='bbox 1584 861 1920 931; x_wconf 76' lang='grc' dir='ltr'>Βαῖμοῧντος</span> <span class='ocrx_word' id='word_1_45' title='bbox 1954 861 1998 892; x_wconf 82' lang='grc'><strong>⁶²</strong></span> 
     </span>
    </p>
   </div>
   <div class='ocr_carea' id='block_1_10' title="bbox 410 954 2001 1028">
    <p class='ocr_par' dir='ltr' id='par_1_10' title="bbox 410 954 2001 1028">
     <span class='ocr_line' id='line_1_10' title="bbox 410 954 2001 1028; baseline -0.001 -18"><span class='ocrx_word' id='word_1_46' title='bbox 410 958 530 1020; x_wconf 78' lang='grc' dir='ltr'>υίὸς</span> <span class='ocrx_word' id='word_1_47' title='bbox 604 958 950 1028; x_wconf 82' lang='grc' dir='ltr'>Ῥομπέρτου</span> <span class='ocrx_word' id='word_1_48' title='bbox 1007 956 1315 1027; x_wconf 82' lang='grc' dir='ltr'>Γισκάρδου</span> <span class='ocrx_word' id='word_1_49' title='bbox 1363 955 1646 1026; x_wconf 83' lang='grc' dir='ltr'>συμφωνῶ</span> <span class='ocrx_word' id='word_1_50' title='bbox 1707 955 1846 1025; x_wconf 77' lang='grc' dir='ltr'>μετὰ</span> <span class='ocrx_word' id='word_1_51' title='bbox 1905 954 2001 1008; x_wconf 81' lang='grc' dir='ltr'>τοῦ</span> 
     </span>
    </p>
   </div>
   <div class='ocr_carea' id='block_1_11' title="bbox 411 1046 2004 1118">
    <p class='ocr_par' dir='ltr' id='par_1_11' title="bbox 411 1046 2004 1118">
     <span class='ocr_line' id='line_1_11' title="bbox 411 1046 2004 1118; baseline -0.001 -18"><span class='ocrx_word' id='word_1_52' title='bbox 411 1047 655 1117; x_wconf 79' lang='grc' dir='ltr'><strong>κράτους</strong></span> <span class='ocrx_word' id='word_1_53' title='bbox 689 1047 845 1116; x_wconf 89' lang='grc' dir='ltr'>ὑμῶν</span> <span class='ocrx_word' id='word_1_54' title='bbox 877 1048 972 1100; x_wconf 75' lang='grc' dir='ltr'>καὶ</span> <span class='ocrx_word' id='word_1_55' title='bbox 1023 1048 1125 1115; x_wconf 72' lang='grc' dir='ltr'><strong>τὴν</strong></span> <span class='ocrx_word' id='word_1_56' title='bbox 1165 1046 1492 1116; x_wconf 79' lang='grc' dir='ltr'>συμφωνίαν</span> <span class='ocrx_word' id='word_1_57' title='bbox 1537 1046 1755 1118; x_wconf 73' lang='grc' dir='ltr'>ἀρραγῆ</span> <span class='ocrx_word' id='word_1_58' title='bbox 1812 1046 2004 1116; x_wconf 77' lang='grc' dir='ltr'>τίθημι</span> 
     </span>
    </p>
   </div>
   <div class='ocr_carea' id='block_1_12' title="bbox 411 1137 2004 1211">
    <p class='ocr_par' dir='ltr' id='par_1_12' title="bbox 411 1137 2004 1211">
     <span class='ocr_line' id='line_1_12' title="bbox 411 1137 2004 1211; baseline -0.001 -17"><span class='ocrx_word' id='word_1_59' title='bbox 411 1138 708 1210; x_wconf 72' lang='grc' dir='ltr'><strong>φυλάττειν</strong></span> <span class='ocrx_word' id='word_1_60' title='bbox 745 1140 880 1210; x_wconf 83' lang='grc' dir='ltr'>πρὸς</span> <span class='ocrx_word' id='word_1_61' title='bbox 906 1140 1007 1211; x_wconf 79' lang='grc' dir='ltr'>τὴν</span> <span class='ocrx_word' id='word_1_62' title='bbox 1033 1139 1314 1210; x_wconf 83' lang='grc' dir='ltr'>βασιλείαν</span> <span class='ocrx_word' id='word_1_63' title='bbox 1345 1137 1526 1209; x_wconf 86' lang='grc' dir='ltr'>ὑμῶν,</span> <span class='ocrx_word' id='word_1_64' title='bbox 1555 1138 1827 1204; x_wconf 73' lang='grc' dir='ltr'><strong>τουτέστι,</strong></span> <span class='ocrx_word' id='word_1_65' title='bbox 1858 1139 1917 1192; x_wconf 89' lang='grc' dir='ltr'><strong>σέ</strong></span> <span class='ocrx_word' id='word_1_66' title='bbox 1942 1154 2004 1192; x_wconf 74' lang='grc' dir='ltr'><strong>τε</strong></span> 
     </span>
    </p>
   </div>
   <div class='ocr_carea' id='block_1_13' title="bbox 409 1232 2003 1306">
    <p class='ocr_par' dir='ltr' id='par_1_13' title="bbox 409 1232 2003 1306">
     <span class='ocr_line' id='line_1_13' title="bbox 409 1232 2003 1306; baseline 0.001 -21"><span class='ocrx_word' id='word_1_67' title='bbox 409 1232 503 1286; x_wconf 78' lang='grc' dir='ltr'><strong>τὸν</strong></span> <span class='ocrx_word' id='word_1_68' title='bbox 531 1233 912 1304; x_wconf 71' lang='grc' dir='ltr'>αὐτοκράτορα</span> <span class='ocrx_word' id='word_1_69' title='bbox 956 1233 1251 1304; x_wconf 86' lang='grc' dir='ltr'>Ῥωμαίων</span> <span class='ocrx_word' id='word_1_70' title='bbox 1277 1234 1385 1306; x_wconf 84' lang='grc' dir='ltr'>κῦρ</span> <span class='ocrx_word' id='word_1_71' title='bbox 1412 1233 1459 1267; x_wconf 83' lang='grc'><strong><em>⁸³</em></strong></span> <span class='ocrx_word' id='word_1_72' title='bbox 1479 1232 1750 1302; x_wconf 82' lang='grc' dir='ltr'>Ἀλέξιον,</span> <span class='ocrx_word' id='word_1_73' title='bbox 1784 1234 1878 1290; x_wconf 77' lang='grc' dir='ltr'><strong>καὶ</strong></span> <span class='ocrx_word' id='word_1_74' title='bbox 1909 1233 2003 1288; x_wconf 80' lang='grc' dir='ltr'><strong>τὸν</strong></span> 
     </span>
    </p>
   </div>
   <div class='ocr_carea' id='block_1_14' title="bbox 411 1324 2006 1399">
    <p class='ocr_par' dir='ltr' id='par_1_14' title="bbox 411 1324 2006 1399">
     <span class='ocr_line' id='line_1_14' title="bbox 411 1324 2006 1399; baseline -0.001 -20"><span class='ocrx_word' id='word_1_75' title='bbox 411 1325 644 1396; x_wconf 82' lang='grc' dir='ltr'><strong>βασιλέα</strong></span> <span class='ocrx_word' id='word_1_76' title='bbox 676 1327 770 1377; x_wconf 67' lang='grc' dir='ltr'><strong>καὶ</strong></span> <span class='ocrx_word' id='word_1_77' title='bbox 808 1325 922 1378; x_wconf 83' lang='grc' dir='ltr'>υἱόν</span> <span class='ocrx_word' id='word_1_78' title='bbox 959 1341 1056 1379; x_wconf 89' lang='grc' dir='ltr'><strong>σου</strong></span> <span class='ocrx_word' id='word_1_79' title='bbox 1088 1325 1179 1380; x_wconf 77' lang='grc' dir='ltr'>τὸν</span> <span class='ocrx_word' id='word_1_80' title='bbox 1219 1325 1762 1399; x_wconf 73' lang='grc' dir='ltr'>Πορφυρογέννητον,</span> <span class='ocrx_word' id='word_1_81' title='bbox 1817 1324 2006 1380; x_wconf 76' lang='grc' dir='ltr'>καὶτὸ</span> 
     </span>
    </p>
   </div>
   <div class='ocr_carea' id='block_1_15' title="bbox 409 1414 2006 1488">
    <p class='ocr_par' dir='ltr' id='par_1_15' title="bbox 409 1414 2006 1488">
     <span class='ocr_line' id='line_1_15' title="bbox 409 1414 2006 1488; baseline 0.001 -20"><span class='ocrx_word' id='word_1_82' title='bbox 409 1414 584 1480; x_wconf 74' lang='grc' dir='ltr'>λίζιον</span> <span class='ocrx_word' id='word_1_83' title='bbox 637 1415 948 1487; x_wconf 82' lang='grc' dir='ltr'>ἀνθρώπων</span> <span class='ocrx_word' id='word_1_84' title='bbox 1003 1416 1298 1470; x_wconf 72' lang='grc' dir='ltr'>ἀνόθευτον</span> <span class='ocrx_word' id='word_1_85' title='bbox 1325 1433 1386 1470; x_wconf 92' lang='grc' dir='ltr'><strong>τε</strong></span> <span class='ocrx_word' id='word_1_86' title='bbox 1423 1417 1516 1470; x_wconf 62' lang='grc' dir='ltr'><strong>κοιλ¹</strong></span> <span class='ocrx_word' id='word_1_87' title='bbox 1573 1417 2006 1488; x_wconf 81' lang='grc' dir='ltr'>ἀπαραποίητον</span> 
     </span>
    </p>
   </div>
   <div class='ocr_carea' id='block_1_16' title="bbox 409 1506 2002 1580">
    <p class='ocr_par' dir='ltr' id='par_1_16' title="bbox 409 1506 2002 1580">
     <span class='ocr_line' id='line_1_16' title="bbox 409 1506 2002 1580; baseline 0.002 -20"><span class='ocrx_word' id='word_1_88' title='bbox 409 1506 517 1572; x_wconf 72' lang='grc' dir='ltr'>ἕως</span> <span class='ocrx_word' id='word_1_89' title='bbox 539 1506 605 1562; x_wconf 82' lang='grc' dir='ltr'>ἂν</span> <span class='ocrx_word' id='word_1_90' title='bbox 633 1508 860 1578; x_wconf 77' lang='grc' dir='ltr'>ἐμπνέω</span> <span class='ocrx_word' id='word_1_91' title='bbox 887 1509 979 1562; x_wconf 78' lang='grc' dir='ltr'>καὶ</span> <span class='ocrx_word' id='word_1_92' title='bbox 1005 1509 1146 1579; x_wconf 80' lang='grc' dir='ltr'>μετὰ</span> <span class='ocrx_word' id='word_1_93' title='bbox 1172 1509 1280 1562; x_wconf 87' lang='grc' dir='ltr'><strong>τῶν</strong></span> <span class='ocrx_word' id='word_1_94' title='bbox 1302 1508 1524 1574; x_wconf 78' lang='grc' dir='ltr'>ζώντων</span> <span class='ocrx_word' id='word_1_95' title='bbox 1548 1509 2002 1580; x_wconf 78' lang='grc' dir='ltr'>συναριθμῶμαιο</span> 
     </span>
    </p>
   </div>
   <div class='ocr_carea' id='block_1_17' title="bbox 411 1601 2008 1674">
    <p class='ocr_par' dir='ltr' id='par_1_17' title="bbox 411 1601 2008 1674">
     <span class='ocr_line' id='line_1_17' title="bbox 411 1601 2008 1674; baseline 0.001 -20"><span class='ocrx_word' id='word_1_96' title='bbox 411 1603 508 1654; x_wconf 73' lang='grc' dir='ltr'><strong>καὶ</strong></span> <span class='ocrx_word' id='word_1_97' title='bbox 543 1601 948 1673; x_wconf 76' lang='grc' dir='ltr'>ἐξοπλισαίμην</span> <span class='ocrx_word' id='word_1_98' title='bbox 971 1602 1070 1674; x_wconf 84' lang='grc' dir='ltr'><strong>τὴν</strong></span> <span class='ocrx_word' id='word_1_99' title='bbox 1092 1607 1254 1674; x_wconf 82' lang='grc' dir='ltr'>χεῖρα</span> <span class='ocrx_word' id='word_1_100' title='bbox 1284 1602 1429 1657; x_wconf 82' lang='grc' dir='ltr'>κατὰ</span> <span class='ocrx_word' id='word_1_101' title='bbox 1460 1603 1569 1657; x_wconf 91' lang='grc' dir='ltr'><strong>τῶν</strong></span> <span class='ocrx_word' id='word_1_102' title='bbox 1599 1603 1850 1657; x_wconf 79' lang='grc' dir='ltr'>ἐντεῦθεν</span> <span class='ocrx_word' id='word_1_103' title='bbox 1875 1604 2008 1656; x_wconf 84' lang='grc' dir='ltr'>ἀνα-</span> 
     </span>
    </p>
   </div>
   <div class='ocr_carea' id='block_1_18' title="bbox 412 1695 2007 1768">
    <p class='ocr_par' dir='ltr' id='par_1_18' title="bbox 412 1695 2007 1768">
     <span class='ocr_line' id='line_1_18' title="bbox 412 1695 2007 1768; baseline 0.002 -21"><span class='ocrx_word' id='word_1_104' title='bbox 412 1695 811 1766; x_wconf 79' lang='grc' dir='ltr'>φανησομένων</span> <span class='ocrx_word' id='word_1_105' title='bbox 868 1695 1080 1768; x_wconf 79' lang='grc' dir='ltr'>ἐχθρῶν</span> <span class='ocrx_word' id='word_1_106' title='bbox 1122 1697 1277 1767; x_wconf 88' lang='grc' dir='ltr'>ὑμῶν</span> <span class='ocrx_word' id='word_1_107' title='bbox 1316 1697 1410 1750; x_wconf 69' lang='grc' dir='ltr'><strong>καὶ</strong></span> <span class='ocrx_word' id='word_1_108' title='bbox 1445 1699 1544 1764; x_wconf 80' lang='grc' dir='ltr'>τῆς</span> <span class='ocrx_word' id='word_1_109' title='bbox 1584 1695 1862 1768; x_wconf 81' lang='grc' dir='ltr'>βασιλείας</span> <span class='ocrx_word' id='word_1_110' title='bbox 1908 1697 2007 1767; x_wconf 79' lang='grc' dir='ltr'><strong>τῆς</strong></span> 
     </span>
    </p>
   </div>
   <div class='ocr_carea' id='block_1_19' title="bbox 413 1790 2005 1861">
    <p class='ocr_par' dir='ltr' id='par_1_19' title="bbox 413 1790 2005 1861">
     <span class='ocr_line' id='line_1_19' title="bbox 413 1790 2005 1861; baseline 0 -19"><span class='ocrx_word' id='word_1_111' title='bbox 413 1790 689 1861; x_wconf 82' lang='grc' dir='ltr'>ὑμετέρας</span> <span class='ocrx_word' id='word_1_112' title='bbox 716 1790 824 1844; x_wconf 88' lang='grc' dir='ltr'><strong>τῶν</strong></span> <span class='ocrx_word' id='word_1_113' title='bbox 857 1790 1232 1845; x_wconf 78' lang='grc' dir='ltr'>ἀεισεὸἀστων</span> <span class='ocrx_word' id='word_1_114' title='bbox 1275 1791 1561 1844; x_wconf 73' lang='grc' dir='ltr'>σεϐαστῶν</span> <span class='ocrx_word' id='word_1_115' title='bbox 1594 1790 1864 1860; x_wconf 84' lang='grc' dir='ltr'>βασιλέων</span> <span class='ocrx_word' id='word_1_116' title='bbox 1905 1790 2005 1860; x_wconf 78' lang='grc' dir='ltr'><strong>τῆς</strong></span> 
     </span>
    </p>
   </div>
   <div class='ocr_carea' id='block_1_20' title="bbox 410 1884 2008 1957">
    <p class='ocr_par' dir='ltr' id='par_1_20' title="bbox 410 1884 2008 1957">
     <span class='ocr_line' id='line_1_20' title="bbox 410 1884 2008 1957; baseline 0 -19"><span class='ocrx_word' id='word_1_117' title='bbox 410 1884 525 1938; x_wconf 89' lang='grc' dir='ltr'><strong>τῶν</strong></span> <span class='ocrx_word' id='word_1_118' title='bbox 559 1885 854 1955; x_wconf 78' lang='grc' dir='ltr'>Ῥωμαίων</span> <span class='ocrx_word' id='word_1_119' title='bbox 893 1887 1199 1956; x_wconf 82' lang='grc' dir='ltr'>ἡγεμονίας</span> <span class='ocrx_word' id='word_1_120' title='bbox 1230 1887 1324 1940; x_wconf 72' lang='grc' dir='ltr'><strong>καὶ</strong></span> <span class='ocrx_word' id='word_1_121' title='bbox 1356 1885 1485 1940; x_wconf 79' lang='grc' dir='ltr'>ἔνθα</span> <span class='ocrx_word' id='word_1_122' title='bbox 1522 1885 1588 1939; x_wconf 82' lang='grc' dir='ltr'>ἂν</span> <span class='ocrx_word' id='word_1_123' title='bbox 1617 1887 1710 1939; x_wconf 75' lang='grc' dir='ltr'><strong>καὶ</strong></span> <span class='ocrx_word' id='word_1_124' title='bbox 1767 1903 2008 1957; x_wconf 83' lang='grc' dir='ltr'>προστα-</span> 
     </span>
    </p>
   </div>
   <div class='ocr_carea' id='block_1_21' title="bbox 411 1977 2010 2050">
    <p class='ocr_par' dir='ltr' id='par_1_21' title="bbox 411 1977 2010 2050">
     <span class='ocr_line' id='line_1_21' title="bbox 411 1977 2010 2050; baseline 0.002 -21"><span class='ocrx_word' id='word_1_125' title='bbox 411 1977 603 2050; x_wconf 74' lang='grc' dir='ltr'>χθείην</span> <span class='ocrx_word' id='word_1_126' title='bbox 629 1978 719 2048; x_wconf 82' lang='grc' dir='ltr'><strong>ὑφ’</strong></span> <span class='ocrx_word' id='word_1_127' title='bbox 747 1978 904 2049; x_wconf 87' lang='grc' dir='ltr'>ὑμῶν</span> <span class='ocrx_word' id='word_1_128' title='bbox 929 1980 1069 2050; x_wconf 70' lang='grc' dir='ltr'>μετὰ</span> <span class='ocrx_word' id='word_1_129' title='bbox 1095 1979 1277 2050; x_wconf 79' lang='grc' dir='ltr'>πάσης</span> <span class='ocrx_word' id='word_1_130' title='bbox 1307 1983 1406 2050; x_wconf 87' lang='grc' dir='ltr'>τῆς</span> <span class='ocrx_word' id='word_1_131' title='bbox 1454 1980 1584 2050; x_wconf 66' lang='grc' dir='ltr'>περὶ</span> <span class='ocrx_word' id='word_1_132' title='bbox 1618 1981 1718 2049; x_wconf 79' lang='grc' dir='ltr'><strong>ἐμὲ</strong></span> <span class='ocrx_word' id='word_1_133' title='bbox 1746 1979 2010 2049; x_wconf 81' lang='grc' dir='ltr'>στρατιᾶς</span> 
     </span>
    </p>
   </div>
   <div class='ocr_carea' id='block_1_22' title="bbox 410 2073 2012 2146">
    <p class='ocr_par' dir='ltr' id='par_1_22' title="bbox 410 2073 2012 2146">
     <span class='ocr_line' id='line_1_22' title="bbox 410 2073 2012 2146; baseline 0 -20"><span class='ocrx_word' id='word_1_134' title='bbox 410 2073 837 2143; x_wconf 76' lang='grc' dir='ltr'>ἀπροφασίστως</span> <span class='ocrx_word' id='word_1_135' title='bbox 884 2074 1222 2127; x_wconf 79' lang='grc' dir='ltr'>ἐκδουλεὺσω</span> <span class='ocrx_word' id='word_1_136' title='bbox 1287 2076 1426 2128; x_wconf 68' lang='grc' dir='ltr'>κατὰ</span> <span class='ocrx_word' id='word_1_137' title='bbox 1457 2073 1556 2146; x_wconf 82' lang='grc' dir='ltr'>τὴν</span> <span class='ocrx_word' id='word_1_138' title='bbox 1592 2074 2012 2144; x_wconf 72' lang='grc' dir='ltr'><strong>παρισταμένην</strong></span> 
     </span>
    </p>
   </div>
   <div class='ocr_carea' id='block_1_23' title="bbox 412 2162 2010 2237">
    <p class='ocr_par' dir='ltr' id='par_1_23' title="bbox 412 2162 2010 2237">
     <span class='ocr_line' id='line_1_23' title="bbox 412 2162 2010 2237; baseline 0.001 -20"><span class='ocrx_word' id='word_1_139' title='bbox 412 2164 628 2236; x_wconf 84' lang='grc' dir='ltr'>χρείαν.</span> <span class='ocrx_word' id='word_1_140' title='bbox 668 2165 780 2218; x_wconf 80' lang='grc' dir='ltr'>Καὶ</span> <span class='ocrx_word' id='word_1_141' title='bbox 821 2165 874 2218; x_wconf 82' lang='grc' dir='ltr'><strong>εί</strong></span> <span class='ocrx_word' id='word_1_142' title='bbox 901 2183 1044 2228; x_wconf 89' lang='grc' dir='ltr'>τινες</span> <span class='ocrx_word' id='word_1_143' title='bbox 1077 2167 1142 2220; x_wconf 84' lang='grc' dir='ltr'><strong>ἂν</strong></span> <span class='ocrx_word' id='word_1_144' title='bbox 1182 2168 1276 2219; x_wconf 74' lang='grc' dir='ltr'><strong>καὶ</strong></span> <span class='ocrx_word' id='word_1_145' title='bbox 1317 2162 1428 2219; x_wconf 86' lang='grc' dir='ltr'>εἷεν</span> <span class='ocrx_word' id='word_1_146' title='bbox 1460 2167 1746 2236; x_wconf 77' lang='grc' dir='ltr'>δυσμενῶς</span> <span class='ocrx_word' id='word_1_147' title='bbox 1792 2167 2010 2237; x_wconf 82' lang='grc' dir='ltr'>ἔχοντες</span> 
     </span>
    </p>
   </div>
   <div class='ocr_carea' id='block_1_24' title="bbox 413 2256 2011 2330">
    <p class='ocr_par' dir='ltr' id='par_1_24' title="bbox 413 2256 2011 2330">
     <span class='ocr_line' id='line_1_24' title="bbox 413 2256 2011 2330; baseline 0.001 -22"><span class='ocrx_word' id='word_1_148' title='bbox 413 2257 554 2328; x_wconf 74' lang='grc' dir='ltr'>πρὸς</span> <span class='ocrx_word' id='word_1_149' title='bbox 590 2256 652 2309; x_wconf 79' lang='grc' dir='ltr'><strong>τὸ</strong></span> <span class='ocrx_word' id='word_1_150' title='bbox 691 2257 962 2329; x_wconf 83' lang='grc' dir='ltr'>ὑμέτερον</span> <span class='ocrx_word' id='word_1_151' title='bbox 996 2259 1198 2330; x_wconf 70' lang='grc' dir='ltr'>κράτος</span> <span class='ocrx_word' id='word_1_152' title='bbox 1233 2260 1280 2311; x_wconf 82' lang='grc' dir='ltr'>εἰ</span> <span class='ocrx_word' id='word_1_153' title='bbox 1324 2259 1510 2330; x_wconf 76' lang='grc' dir='ltr'>μήπου</span> <span class='ocrx_word' id='word_1_154' title='bbox 1571 2261 1684 2322; x_wconf 87' lang='grc' dir='ltr'>τοῖς</span> <span class='ocrx_word' id='word_1_155' title='bbox 1717 2258 2011 2322; x_wconf 78' lang='grc' dir='ltr'>ἀθανάτοις</span> 
     </span>
    </p>
   </div>
   <div class='ocr_carea' id='block_1_25' title="bbox 413 2351 2009 2423">
    <p class='ocr_par' dir='ltr' id='par_1_25' title="bbox 413 2351 2009 2423">
     <span class='ocr_line' id='line_1_25' title="bbox 413 2351 2009 2423; baseline 0 -19"><span class='ocrx_word' id='word_1_156' title='bbox 413 2351 672 2419; x_wconf 79' lang='grc' dir='ltr'><strong>ἀγγέλοις</strong></span> <span class='ocrx_word' id='word_1_157' title='bbox 707 2351 1017 2416; x_wconf 75' lang='grc' dir='ltr'>ἱστὰζοιντο</span> <span class='ocrx_word' id='word_1_158' title='bbox 1055 2353 1121 2406; x_wconf 81' lang='grc' dir='ltr'><strong>ἂν</strong></span> <span class='ocrx_word' id='word_1_159' title='bbox 1162 2353 1257 2406; x_wconf 76' lang='grc' dir='ltr'>καὶ</span> <span class='ocrx_word' id='word_1_160' title='bbox 1285 2353 1391 2404; x_wconf 74' lang='grc' dir='ltr'>εἰσὶ</span> <span class='ocrx_word' id='word_1_161' title='bbox 1428 2353 1541 2415; x_wconf 82' lang='grc' dir='ltr'>τοῖς</span> <span class='ocrx_word' id='word_1_162' title='bbox 1582 2353 1880 2423; x_wconf 70' lang='grc' dir='ltr'><strong>ἡμετέροις</strong></span> <span class='ocrx_word' id='word_1_163' title='bbox 1919 2352 2009 2404; x_wconf 75' lang='grc' dir='ltr'><strong>δό-</strong></span> 
     </span>
    </p>
   </div>
   <div class='ocr_carea' id='block_1_26' title="bbox 418 2443 2011 2515">
    <p class='ocr_par' dir='ltr' id='par_1_26' title="bbox 418 2443 2011 2515">
     <span class='ocr_line' id='line_1_26' title="bbox 418 2443 2011 2515; baseline 0.001 -20"><span class='ocrx_word' id='word_1_164' title='bbox 418 2459 578 2515; x_wconf 87' lang='grc' dir='ltr'>ρασιν</span> <span class='ocrx_word' id='word_1_165' title='bbox 617 2443 876 2513; x_wconf 78' lang='grc' dir='ltr'>ἄτρωτοι,</span> <span class='ocrx_word' id='word_1_166' title='bbox 910 2443 943 2514; x_wconf 80' lang='grc' dir='ltr'>ἢ</span> <span class='ocrx_word' id='word_1_167' title='bbox 984 2444 1328 2515; x_wconf 70' lang='grc' dir='ltr'>ἀδαμάντινὰ</span> <span class='ocrx_word' id='word_1_168' title='bbox 1362 2462 1484 2497; x_wconf 87' lang='grc' dir='ltr'>τινα</span> <span class='ocrx_word' id='word_1_169' title='bbox 1517 2444 1867 2515; x_wconf 80' lang='grc' dir='ltr'>περίκεινται</span> <span class='ocrx_word' id='word_1_170' title='bbox 1902 2443 2011 2496; x_wconf 82' lang='grc' dir='ltr'><strong>σώ-</strong></span> 
     </span>
    </p>
   </div>
   <div class='ocr_carea' id='block_1_27' title="bbox 417 2538 2011 2612">
    <p class='ocr_par' dir='ltr' id='par_1_27' title="bbox 417 2538 2011 2612">
     <span class='ocr_line' id='line_1_27' title="bbox 417 2538 2011 2612; baseline 0.003 -22"><span class='ocrx_word' id='word_1_171' title='bbox 417 2555 566 2608; x_wconf 84' lang='grc' dir='ltr'>ματα</span> <span class='ocrx_word' id='word_1_172' title='bbox 601 2538 745 2592; x_wconf 74' lang='grc' dir='ltr'>κατὰ</span> <span class='ocrx_word' id='word_1_173' title='bbox 794 2539 1002 2593; x_wconf 86' lang='grc' dir='ltr'>τούτων</span> <span class='ocrx_word' id='word_1_174' title='bbox 1062 2540 1286 2593; x_wconf 71' lang='grc' dir='ltr'>παντων</span> <span class='ocrx_word' id='word_1_175' title='bbox 1334 2540 1874 2612; x_wconf 76' lang='grc' dir='ltr'>ὑπεραγωνισαίμην</span> <span class='ocrx_word' id='word_1_176' title='bbox 1911 2543 2011 2610; x_wconf 75' lang='grc' dir='ltr'>τῆς</span> 
     </span>
    </p>
   </div>
   <div class='ocr_carea' id='block_1_28' title="bbox 417 2630 2009 2704">
    <p class='ocr_par' dir='ltr' id='par_1_28' title="bbox 417 2630 2009 2704">
     <span class='ocr_line' id='line_1_28' title="bbox 417 2630 2009 2704; baseline 0.001 -22"><span class='ocrx_word' id='word_1_177' title='bbox 417 2630 699 2700; x_wconf 77' lang='grc' dir='ltr'>βασιλείας</span> <span class='ocrx_word' id='word_1_178' title='bbox 722 2630 901 2700; x_wconf 84' lang='grc' dir='ltr'>ὑμῶν.</span> <span class='ocrx_word' id='word_1_179' title='bbox 930 2633 1040 2685; x_wconf 70' lang='grc' dir='ltr'><strong>Καὶ</strong></span> <span class='ocrx_word' id='word_1_180' title='bbox 1063 2631 1112 2683; x_wconf 82' lang='grc' dir='ltr'><strong>εἰ</strong></span> <span class='ocrx_word' id='word_1_181' title='bbox 1143 2630 1242 2702; x_wconf 81' lang='grc' dir='ltr'>μὲν</span> <span class='ocrx_word' id='word_1_182' title='bbox 1278 2631 1447 2701; x_wconf 83' lang='grc' dir='ltr'>ὑγιῶς</span> <span class='ocrx_word' id='word_1_183' title='bbox 1477 2631 1586 2704; x_wconf 78' lang='grc' dir='ltr'><strong>ἔχω</strong></span> <span class='ocrx_word' id='word_1_184' title='bbox 1617 2631 1712 2685; x_wconf 73' lang='grc' dir='ltr'>τοῦ</span> <span class='ocrx_word' id='word_1_185' title='bbox 1753 2631 2009 2703; x_wconf 80' lang='grc' dir='ltr'>σώματος</span> 
     </span>
    </p>
   </div>
   <div class='ocr_carea' id='block_1_29' title="bbox 414 2723 2012 2797">
    <p class='ocr_par' dir='ltr' id='par_1_29' title="bbox 414 2723 2012 2797">
     <span class='ocr_line' id='line_1_29' title="bbox 414 2723 2012 2797; baseline 0 -21"><span class='ocrx_word' id='word_1_186' title='bbox 414 2725 509 2776; x_wconf 67' lang='grc' dir='ltr'><strong>καὶ</strong></span> <span class='ocrx_word' id='word_1_187' title='bbox 570 2723 940 2794; x_wconf 77' lang='grc' dir='ltr'>ἐλευθεριάζω</span> <span class='ocrx_word' id='word_1_188' title='bbox 984 2723 1224 2793; x_wconf 81' lang='grc' dir='ltr'>πολέμου</span> <span class='ocrx_word' id='word_1_189' title='bbox 1253 2725 1397 2787; x_wconf 69' lang='grc' dir='ltr'>τινος</span> <span class='ocrx_word' id='word_1_190' title='bbox 1441 2723 1787 2797; x_wconf 75' lang='grc' dir='ltr'>βαρϐαρικοῦ</span> <span class='ocrx_word' id='word_1_191' title='bbox 1824 2742 1882 2778; x_wconf 87' lang='grc' dir='ltr'><strong>τε</strong></span> <span class='ocrx_word' id='word_1_192' title='bbox 1915 2725 2012 2778; x_wconf 63' lang='grc' dir='ltr'><strong>καὶ</strong></span> 
     </span>
    </p>
   </div>
   <div class='ocr_carea' id='block_1_30' title="bbox 415 2813 2010 2886">
    <p class='ocr_par' dir='ltr' id='par_1_30' title="bbox 415 2813 2010 2886">
     <span class='ocr_line' id='line_1_30' title="bbox 415 2813 2010 2886; baseline -0.001 -17"><span class='ocrx_word' id='word_1_193' title='bbox 415 2813 723 2884; x_wconf 71' lang='grc' dir='ltr'>Τουρκικοῦ</span> <span class='ocrx_word' id='word_1_194' title='bbox 783 2816 950 2878; x_wconf 56' lang='lat' dir='ltr'><strong>aia-:3;</strong></span> <span class='ocrx_word' id='word_1_195' title='bbox 981 2813 1094 2882; x_wconf 80' lang='grc' dir='ltr'><strong>ἐγὼ</strong></span> <span class='ocrx_word' id='word_1_196' title='bbox 1133 2815 1212 2884; x_wconf 82' lang='grc' dir='ltr'>τῷ</span> <span class='ocrx_word' id='word_1_197' title='bbox 1253 2814 1369 2884; x_wconf 79' lang='grc' dir='ltr'>ἐμῷ</span> <span class='ocrx_word' id='word_1_198' title='bbox 1408 2813 1624 2886; x_wconf 81' lang='grc' dir='ltr'>σώματι</span> <span class='ocrx_word' id='word_1_199' title='bbox 1657 2814 2010 2886; x_wconf 72' lang='grc' dir='ltr'>ἀγωνιοῦμαι</span> 
     </span>
    </p>
   </div>
   <div class='ocr_carea' id='block_1_31' title="bbox 415 2906 2008 2978">
    <p class='ocr_par' dir='ltr' id='par_1_31' title="bbox 415 2906 2008 2978">
     <span class='ocr_line' id='line_1_31' title="bbox 415 2906 2008 2978; baseline 0.001 -20"><span class='ocrx_word' id='word_1_200' title='bbox 415 2908 510 2958; x_wconf 62' lang='grc' dir='ltr'>καὶ</span> <span class='ocrx_word' id='word_1_201' title='bbox 544 2907 635 2958; x_wconf 74' lang='grc' dir='ltr'>τὸν</span> <span class='ocrx_word' id='word_1_202' title='bbox 672 2907 813 2974; x_wconf 79' lang='grc' dir='ltr'>ὑπὲρ</span> <span class='ocrx_word' id='word_1_203' title='bbox 851 2907 1007 2977; x_wconf 86' lang='grc' dir='ltr'>ὑμῶν</span> <span class='ocrx_word' id='word_1_204' title='bbox 1044 2909 1286 2976; x_wconf 65' lang='grc' dir='ltr'>πόλεμον</span> <span class='ocrx_word' id='word_1_205' title='bbox 1316 2909 1456 2976; x_wconf 75' lang='grc' dir='ltr'>μετὰ</span> <span class='ocrx_word' id='word_1_206' title='bbox 1497 2906 1590 2959; x_wconf 78' lang='grc' dir='ltr'>τοῦ</span> <span class='ocrx_word' id='word_1_207' title='bbox 1634 2907 2008 2978; x_wconf 77' lang='grc' dir='ltr'>ξυνεπομένου</span> 
     </span>
    </p>
   </div>
   <div class='ocr_carea' id='block_1_32' title="bbox 418 2995 2009 3072">
    <p class='ocr_par' dir='ltr' id='par_1_32' title="bbox 418 2995 2009 3072">
     <span class='ocr_line' id='line_1_32' title="bbox 418 2995 2009 3072; baseline 0.001 -21"><span class='ocrx_word' id='word_1_208' title='bbox 418 3000 854 3071; x_wconf 57' lang='grc' dir='ltr'>στρατεύματος.</span> <span class='ocrx_word' id='word_1_209' title='bbox 892 3001 954 3053; x_wconf 82' lang='grc' dir='ltr'><strong>ΕΞ</strong></span> <span class='ocrx_word' id='word_1_210' title='bbox 995 3001 1052 3053; x_wconf 76' lang='grc' dir='ltr'>δὲ</span> <span class='ocrx_word' id='word_1_211' title='bbox 1106 2999 1138 3071; x_wconf 82' lang='grc' dir='ltr'>ἢ</span> <span class='ocrx_word' id='word_1_212' title='bbox 1173 3001 1314 3070; x_wconf 81' lang='grc' dir='ltr'>νόσῳ</span> <span class='ocrx_word' id='word_1_213' title='bbox 1353 3000 1550 3070; x_wconf 74' lang='grc' dir='ltr'>βαρείᾳ</span> <span class='ocrx_word' id='word_1_214' title='bbox 1603 3001 1877 3072; x_wconf 74' lang='grc' dir='ltr'>πεδοῦμαι</span> <span class='ocrx_word' id='word_1_215' title='bbox 1923 2995 2009 3054; x_wconf 76' lang='grc' dir='ltr'>οἷα</span> 
     </span>
    </p>
   </div>
   <div class='ocr_carea' id='block_1_33' title="bbox 419 3091 2012 3167">
    <p class='ocr_par' dir='ltr' id='par_1_33' title="bbox 419 3091 2012 3167">
     <span class='ocr_line' id='line_1_33' title="bbox 419 3091 2012 3167; baseline 0.004 -24"><span class='ocrx_word' id='word_1_216' title='bbox 419 3091 592 3144; x_wconf 84' lang='grc' dir='ltr'>πολλὰ</span> <span class='ocrx_word' id='word_1_217' title='bbox 621 3092 689 3143; x_wconf 75' lang='grc' dir='ltr'><strong>τὰ</strong></span> <span class='ocrx_word' id='word_1_218' title='bbox 721 3091 1060 3163; x_wconf 77' lang='grc' dir='ltr'>ἀνθρώπινα,</span> <span class='ocrx_word' id='word_1_219' title='bbox 1096 3093 1128 3164; x_wconf 74' lang='grc' dir='ltr'>ἢ</span> <span class='ocrx_word' id='word_1_220' title='bbox 1179 3093 1420 3162; x_wconf 69' lang='grc' dir='ltr'>πόλεμος</span> <span class='ocrx_word' id='word_1_221' title='bbox 1462 3095 1816 3165; x_wconf 77' lang='grc' dir='ltr'>ἐπικείμενος</span> <span class='ocrx_word' id='word_1_222' title='bbox 1871 3096 2012 3167; x_wconf 70' lang='grc' dir='ltr'>πρὸς</span> 
     </span>
    </p>
   </div>
   <div class='ocr_carea' id='block_1_34' title="bbox 415 3183 2078 3270">
    <p class='ocr_par' dir='ltr' id='par_1_34' title="bbox 415 3183 2078 3270">
     <span class='ocr_line' id='line_1_34' title="bbox 415 3183 2078 3270; baseline 0.002 -32"><span class='ocrx_word' id='word_1_223' title='bbox 415 3184 613 3238; x_wconf 68' lang='grc' dir='ltr'>ἑαυτὸν</span> <span class='ocrx_word' id='word_1_224' title='bbox 643 3183 792 3238; x_wconf 73' lang='grc' dir='ltr'>ἕλκει</span> <span class='ocrx_word' id='word_1_225' title='bbox 825 3202 914 3255; x_wconf 87' lang='grc' dir='ltr'><strong>με,</strong></span> <span class='ocrx_word' id='word_1_226' title='bbox 941 3185 1063 3238; x_wconf 79' lang='grc' dir='ltr'>τότε</span> <span class='ocrx_word' id='word_1_227' title='bbox 1102 3185 1186 3255; x_wconf 76' lang='grc' dir='ltr'>δὴ,</span> <span class='ocrx_word' id='word_1_228' title='bbox 1221 3187 1344 3238; x_wconf 88' lang='grc' dir='ltr'>τότε</span> <span class='ocrx_word' id='word_1_229' title='bbox 1377 3186 1749 3258; x_wconf 73' lang='grc' dir='ltr'>ὑπισχνοῦμαι</span> <span class='ocrx_word' id='word_1_230' title='bbox 1775 3189 1861 3242; x_wconf 70' lang='grc' dir='ltr'><strong>διὰ</strong></span> <span class='ocrx_word' id='word_1_231' title='bbox 1897 3189 2006 3242; x_wconf 82' lang='grc' dir='ltr'><strong>τῶν</strong></span> <span class='ocrx_word' id='word_1_232' title='bbox 2035 3214 2078 3270; x_wconf 75' lang='lat' dir='ltr'><strong><em>C</em></strong></span> 
     </span>
    </p>
   </div>
   <div class='ocr_carea' id='block_1_35' title="bbox 414 3273 2008 3349">
    <p class='ocr_par' dir='ltr' id='par_1_35' title="bbox 414 3273 2008 3349">
     <span class='ocr_line' id='line_1_35' title="bbox 414 3273 2008 3349; baseline 0.004 -23"><span class='ocrx_word' id='word_1_233' title='bbox 414 3275 546 3346; x_wconf 60' lang='grc' dir='ltr'>’περὶ</span> <span class='ocrx_word' id='word_1_234' title='bbox 573 3273 675 3344; x_wconf 85' lang='grc' dir='ltr'>ἐμὲ</span> <span class='ocrx_word' id='word_1_235' title='bbox 701 3275 968 3342; x_wconf 77' lang='grc' dir='ltr'>γενναίων</span> <span class='ocrx_word' id='word_1_236' title='bbox 1004 3275 1309 3345; x_wconf 72' lang='grc' dir='ltr'>ἀνθρώπων</span> <span class='ocrx_word' id='word_1_237' title='bbox 1344 3295 1447 3347; x_wconf 91' lang='grc' dir='ltr'><strong>μου</strong></span> <span class='ocrx_word' id='word_1_238' title='bbox 1513 3278 1613 3347; x_wconf 86' lang='grc' dir='ltr'>τὴν</span> <span class='ocrx_word' id='word_1_239' title='bbox 1659 3279 1891 3349; x_wconf 76' lang='grc' dir='ltr'>δυνατὴν</span> <span class='ocrx_word' id='word_1_240' title='bbox 1923 3280 2008 3347; x_wconf 79' lang='grc' dir='ltr'><strong>ἐξ·-</strong></span> 
     </span>
    </p>
   </div>
   <div class='ocr_carea' id='block_1_36' title="bbox 415 3367 2007 3438">
    <p class='ocr_par' dir='ltr' id='par_1_36' title="bbox 415 3367 2007 3438">
     <span class='ocr_line' id='line_1_36' title="bbox 415 3367 2007 3438; baseline 0.004 -18"><span class='ocrx_word' id='word_1_241' title='bbox 415 3368 774 3420; x_wconf 85' lang='grc' dir='ltr'>αποστέλλειν</span> <span class='ocrx_word' id='word_1_242' title='bbox 805 3367 1080 3438; x_wconf 70' lang='grc' dir='ltr'>βοήθειαν,</span> <span class='ocrx_word' id='word_1_243' title='bbox 1105 3368 1180 3432; x_wconf 84' lang='grc' dir='ltr'><strong>ὡς</strong></span> <span class='ocrx_word' id='word_1_244' title='bbox 1205 3368 1671 3434; x_wconf 74' lang='grc' dir='ltr'>ἐπανασωζόντων</span> <span class='ocrx_word' id='word_1_245' title='bbox 1697 3371 1922 3425; x_wconf 78' lang='grc' dir='ltr'>ἐκείνων</span> <span class='ocrx_word' id='word_1_246' title='bbox 1947 3373 2007 3426; x_wconf 78' lang='grc' dir='ltr'>τὸ</span> 
     </span>
    </p>
   </div>
   <div class='ocr_carea' id='block_1_37' title="bbox 417 3458 2010 3536">
    <p class='ocr_par' dir='ltr' id='par_1_37' title="bbox 417 3458 2010 3536">
     <span class='ocr_line' id='line_1_37' title="bbox 417 3458 2010 3536; baseline 0.003 -24"><span class='ocrx_word' id='word_1_247' title='bbox 417 3458 551 3530; x_wconf 75' lang='grc' dir='ltr'>ἐμὸν</span> <span class='ocrx_word' id='word_1_248' title='bbox 592 3459 886 3530; x_wconf 73' lang='grc' dir='ltr'>ἔλλειμμα.</span> <span class='ocrx_word' id='word_1_249' title='bbox 949 3459 1014 3512; x_wconf 85' lang='grc' dir='ltr'><strong>Ἦ</strong></span> <span class='ocrx_word' id='word_1_250' title='bbox 1061 3461 1170 3530; x_wconf 79' lang='grc' dir='ltr'>γὰρ</span> <span class='ocrx_word' id='word_1_251' title='bbox 1219 3461 1356 3532; x_wconf 77' lang='grc' dir='ltr'>ὀρθὴ</span> <span class='ocrx_word' id='word_1_252' title='bbox 1418 3461 1605 3526; x_wconf 84' lang='grc' dir='ltr'>πίστις</span> <span class='ocrx_word' id='word_1_253' title='bbox 1657 3465 1724 3535; x_wconf 85' lang='grc' dir='ltr'>ἣν</span> <span class='ocrx_word' id='word_1_254' title='bbox 1767 3465 2010 3536; x_wconf 78' lang='grc' dir='ltr'>σήμερον</span> 
     </span>
    </p>
   </div>
   <div class='ocr_carea' id='block_1_38' title="bbox 419 3552 2009 3628">
    <p class='ocr_par' dir='ltr' id='par_1_38' title="bbox 419 3552 2009 3628">
     <span class='ocr_line' id='line_1_38' title="bbox 419 3552 2009 3628; baseline 0.002 -20"><span class='ocrx_word' id='word_1_255' title='bbox 419 3554 558 3625; x_wconf 81' lang='grc' dir='ltr'>πρὸς</span> <span class='ocrx_word' id='word_1_256' title='bbox 621 3554 720 3624; x_wconf 79' lang='grc' dir='ltr'>τὴν</span> <span class='ocrx_word' id='word_1_257' title='bbox 762 3552 1046 3624; x_wconf 78' lang='grc' dir='ltr'>βασιλείαν</span> <span class='ocrx_word' id='word_1_258' title='bbox 1105 3555 1283 3624; x_wconf 88' lang='grc' dir='ltr'>ὑμῶν·</span> <span class='ocrx_word' id='word_1_259' title='bbox 1343 3555 1506 3609; x_wconf 78' lang='grc' dir='ltr'>τοῦτο</span> <span class='ocrx_word' id='word_1_260' title='bbox 1569 3558 1687 3610; x_wconf 75' lang='grc' dir='ltr'>ἐστὶ</span> <span class='ocrx_word' id='word_1_261' title='bbox 1727 3557 1809 3616; x_wconf 82' lang='grc' dir='ltr'><strong>τὸ.</strong></span> <span class='ocrx_word' id='word_1_262' title='bbox 1866 3557 2009 3628; x_wconf 75' lang='grc' dir='ltr'><strong>ἢδι’</strong></span> 
     </span>
    </p>
   </div>
   <div class='ocr_carea' id='block_1_39' title="bbox 421 3647 2011 3724">
    <p class='ocr_par' dir='ltr' id='par_1_39' title="bbox 421 3647 2011 3724">
     <span class='ocr_line' id='line_1_39' title="bbox 421 3647 2011 3724; baseline 0.003 -23"><span class='ocrx_word' id='word_1_263' title='bbox 421 3647 667 3718; x_wconf 78' lang='grc' dir='ltr'>ἐμαυτοῦ</span> <span class='ocrx_word' id='word_1_264' title='bbox 699 3647 731 3718; x_wconf 81' lang='grc' dir='ltr'>ἢ</span> <span class='ocrx_word' id='word_1_265' title='bbox 764 3647 832 3702; x_wconf 84' lang='grc' dir='ltr'><strong>δι’</strong></span> <span class='ocrx_word' id='word_1_266' title='bbox 862 3647 1090 3718; x_wconf 84' lang='grc' dir='ltr'>ἐτέρων,</span> <span class='ocrx_word' id='word_1_267' title='bbox 1122 3649 1380 3720; x_wconf 70' lang='grc' dir='ltr'>καθάπερ</span> <span class='ocrx_word' id='word_1_268' title='bbox 1411 3650 1658 3721; x_wconf 72' lang='grc' dir='ltr'>εἴρηται,</span> <span class='ocrx_word' id='word_1_269' title='bbox 1683 3651 2011 3724; x_wconf 73' lang='grc' dir='ltr'>ἁνακρωτη-</span> 
     </span>
    </p>
   </div>
   <div class='ocr_carea' id='block_1_40' title="bbox 420 3742 2010 3812">
    <p class='ocr_par' dir='ltr' id='par_1_40' title="bbox 420 3742 2010 3812">
     <span class='ocr_line' id='line_1_40' title="bbox 420 3742 2010 3812; baseline 0.003 -19"><span class='ocrx_word' id='word_1_270' title='bbox 420 3743 620 3812; x_wconf 82' lang='grc' dir='ltr'>ρίαστα</span> <span class='ocrx_word' id='word_1_271' title='bbox 656 3744 846 3810; x_wconf 79' lang='grc' dir='ltr'>τηρεῖν</span> <span class='ocrx_word' id='word_1_272' title='bbox 877 3742 943 3795; x_wconf 83' lang='grc' dir='ltr'><strong>τὰ</strong></span> <span class='ocrx_word' id='word_1_273' title='bbox 994 3742 1094 3811; x_wconf 73' lang='grc' dir='ltr'>τῆς</span> <span class='ocrx_word' id='word_1_274' title='bbox 1127 3743 1473 3812; x_wconf 72' lang='grc' dir='ltr'>συμφωνίας,</span> <span class='ocrx_word' id='word_1_275' title='bbox 1501 3742 1669 3812; x_wconf 70' lang='grc' dir='ltr'>ὀρθήν</span> <span class='ocrx_word' id='word_1_276' title='bbox 1719 3761 1776 3796; x_wconf 89' lang='grc' dir='ltr'><strong>τε</strong></span> <span class='ocrx_word' id='word_1_277' title='bbox 1823 3743 2010 3798; x_wconf 83' lang='grc' dir='ltr'>πίστιν</span> 
     </span>
    </p>
   </div>
   <div class='ocr_carea' id='block_1_41' title="bbox 419 3833 2006 3908">
    <p class='ocr_par' dir='ltr' id='par_1_41' title="bbox 419 3833 2006 3908">
     <span class='ocr_line' id='line_1_41' title="bbox 419 3833 2006 3908; baseline 0.001 -24"><span class='ocrx_word' id='word_1_278' title='bbox 419 3833 716 3896; x_wconf 77' lang='grc' dir='ltr'>φυλάττειν</span> <span class='ocrx_word' id='word_1_279' title='bbox 749 3833 1035 3903; x_wconf 80' lang='grc' dir='ltr'>διόμνυμι·</span> <span class='ocrx_word' id='word_1_280' title='bbox 1075 3834 1168 3887; x_wconf 78' lang='grc' dir='ltr'><strong>καὶ</strong></span> <span class='ocrx_word' id='word_1_281' title='bbox 1219 3833 1450 3888; x_wconf 67' lang='grc' dir='ltr'>καθόλου</span> <span class='ocrx_word' id='word_1_282' title='bbox 1502 3837 1770 3888; x_wconf 71' lang='grc' dir='ltr'>καὶκατὰ</span> <span class='ocrx_word' id='word_1_283' title='bbox 1817 3835 2006 3908; x_wconf 80' lang='grc' dir='ltr'>μέρος,</span> 
     </span>
    </p>
   </div>
   <div class='ocr_carea' id='block_1_42' title="bbox 418 3925 2010 4000">
    <p class='ocr_par' dir='ltr' id='par_1_42' title="bbox 418 3925 2010 4000">
     <span class='ocr_line' id='line_1_42' title="bbox 418 3925 2010 4000; baseline 0.002 -20"><span class='ocrx_word' id='word_1_284' title='bbox 418 3925 564 3996; x_wconf 78' lang='grc' dir='ltr'>ὑπὲρ</span> <span class='ocrx_word' id='word_1_285' title='bbox 602 3925 698 3978; x_wconf 83' lang='grc' dir='ltr'>τοῦ</span> <span class='ocrx_word' id='word_1_286' title='bbox 730 3925 1002 3997; x_wconf 74' lang='grc' dir='ltr'>ὑμετέρου</span> <span class='ocrx_word' id='word_1_287' title='bbox 1036 3927 1275 3997; x_wconf 73' lang='grc' dir='ltr'>κράτους</span> <span class='ocrx_word' id='word_1_288' title='bbox 1303 3928 1396 3980; x_wconf 75' lang='grc' dir='ltr'><strong>καὶ</strong></span> <span class='ocrx_word' id='word_1_289' title='bbox 1420 3928 1520 3998; x_wconf 66' lang='grc' dir='ltr'>τῆς</span> <span class='ocrx_word' id='word_1_290' title='bbox 1555 3928 1833 4000; x_wconf 77' lang='grc' dir='ltr'>ὑμετέρας</span> <span class='ocrx_word' id='word_1_291' title='bbox 1865 3928 2010 3999; x_wconf 75' lang='grc' dir='ltr'>ζωῆς</span> 
     </span>
    </p>
   </div>
   <div class='ocr_carea' id='block_1_43' title="bbox 418 4019 2011 4092">
    <p class='ocr_par' dir='ltr' id='par_1_43' title="bbox 418 4019 2011 4092">
     <span class='ocr_line' id='line_1_43' title="bbox 418 4019 2011 4092; baseline 0.001 -20"><span class='ocrx_word' id='word_1_292' title='bbox 418 4021 659 4089; x_wconf 63' lang='grc' dir='ltr'>ταυτησὶ</span> <span class='ocrx_word' id='word_1_293' title='bbox 699 4020 844 4086; x_wconf 83' lang='grc' dir='ltr'>λέγω</span> <span class='ocrx_word' id='word_1_294' title='bbox 874 4019 972 4087; x_wconf 77' lang='grc' dir='ltr'>τῆς</span> <span class='ocrx_word' id='word_1_295' title='bbox 1011 4020 1164 4074; x_wconf 75' lang='grc' dir='ltr'>κάτω</span> <span class='ocrx_word' id='word_1_296' title='bbox 1193 4037 1253 4072; x_wconf 84' lang='grc' dir='ltr'><strong>τε</strong></span> <span class='ocrx_word' id='word_1_297' title='bbox 1312 4021 1409 4074; x_wconf 71' lang='grc' dir='ltr'>καὶ</span> <span class='ocrx_word' id='word_1_298' title='bbox 1441 4023 1640 4092; x_wconf 69' lang='grc' dir='ltr'>γηῖνης</span> <span class='ocrx_word' id='word_1_299' title='bbox 1669 4038 1682 4051; x_wconf 89' lang='grc'><strong>·</strong></span> <span class='ocrx_word' id='word_1_300' title='bbox 1719 4021 1860 4092; x_wconf 75' lang='grc' dir='ltr'>ὑπὲρ</span> <span class='ocrx_word' id='word_1_301' title='bbox 1904 4023 2011 4092; x_wconf 78' lang='grc' dir='ltr'>γὰρ</span> 
     </span>
    </p>
   </div>
   <div class='ocr_carea' id='block_1_44' title="bbox 419 4112 2014 4186">
    <p class='ocr_par' dir='ltr' id='par_1_44' title="bbox 419 4112 2014 4186">
     <span class='ocr_line' id='line_1_44' title="bbox 419 4112 2014 4186; baseline -0.001 -20"><span class='ocrx_word' id='word_1_302' title='bbox 419 4118 520 4184; x_wconf 77' lang='grc' dir='ltr'>τῆς</span> <span class='ocrx_word' id='word_1_303' title='bbox 557 4113 813 4186; x_wconf 77' lang='grc' dir='ltr'>τοιαύτης</span> <span class='ocrx_word' id='word_1_304' title='bbox 848 4113 1001 4184; x_wconf 87' lang='grc' dir='ltr'>ὑμῶν</span> <span class='ocrx_word' id='word_1_305' title='bbox 1031 4112 1198 4183; x_wconf 77' lang='grc' dir='ltr'>ζωῆς,</span> <span class='ocrx_word' id='word_1_306' title='bbox 1231 4113 1491 4185; x_wconf 77' lang='grc' dir='ltr'>σιδηροῦς</span> <span class='ocrx_word' id='word_1_307' title='bbox 1528 4133 1611 4178; x_wconf 88' lang='grc' dir='ltr'><strong>τις</strong></span> <span class='ocrx_word' id='word_1_308' title='bbox 1653 4114 1879 4185; x_wconf 71' lang='grc' dir='ltr'>ἀνδριὰς</span> <span class='ocrx_word' id='word_1_309' title='bbox 1922 4115 2014 4167; x_wconf 78' lang='grc' dir='ltr'><strong>καὶ</strong></span> 
     </span>
    </p>
   </div>
   <div class='ocr_carea' id='block_1_45' title="bbox 423 4205 2016 4278">
    <p class='ocr_par' dir='ltr' id='par_1_45' title="bbox 423 4205 2016 4278">
     <span class='ocr_line' id='line_1_45' title="bbox 423 4205 2016 4278; baseline 0 -20"><span class='ocrx_word' id='word_1_310' title='bbox 423 4207 769 4277; x_wconf 75' lang='grc' dir='ltr'>σφυρήλατος</span> <span class='ocrx_word' id='word_1_311' title='bbox 804 4205 1108 4277; x_wconf 81' lang='grc' dir='ltr'>γεννοὶμην</span> <span class='ocrx_word' id='word_1_312' title='bbox 1139 4207 1252 4270; x_wconf 87' lang='grc' dir='ltr'>τοῖς</span> <span class='ocrx_word' id='word_1_313' title='bbox 1283 4208 1494 4271; x_wconf 81' lang='grc' dir='ltr'>ὅπλοις,</span> <span class='ocrx_word' id='word_1_314' title='bbox 1536 4207 1674 4260; x_wconf 80' lang='grc' dir='ltr'>ἀλλᾶ</span> <span class='ocrx_word' id='word_1_315' title='bbox 1717 4208 1882 4278; x_wconf 74' lang='grc' dir='ltr'>μέχρι</span> <span class='ocrx_word' id='word_1_316' title='bbox 1921 4208 2016 4260; x_wconf 68' lang='grc' dir='ltr'><strong>καὶ</strong></span> 
     </span>
    </p>
   </div>
   <div class='ocr_carea' id='block_1_46' title="bbox 420 4299 2014 4372">
    <p class='ocr_par' dir='ltr' id='par_1_46' title="bbox 420 4299 2014 4372">
     <span class='ocr_line' id='line_1_46' title="bbox 420 4299 2014 4372; baseline -0.001 -18"><span class='ocrx_word' id='word_1_317' title='bbox 420 4304 522 4371; x_wconf 75' lang='grc' dir='ltr'>τῆς</span> <span class='ocrx_word' id='word_1_318' title='bbox 554 4301 721 4372; x_wconf 80' lang='grc' dir='ltr'>τιμῆς</span> <span class='ocrx_word' id='word_1_319' title='bbox 744 4300 842 4370; x_wconf 77' lang='grc' dir='ltr'><strong>τῆς</strong></span> <span class='ocrx_word' id='word_1_320' title='bbox 876 4300 1176 4370; x_wconf 81' lang='grc' dir='ltr'>ὑμετέρας,</span> <span class='ocrx_word' id='word_1_321' title='bbox 1216 4301 1498 4370; x_wconf 72' lang='grc' dir='ltr'>καὶμέχρι</span> <span class='ocrx_word' id='word_1_322' title='bbox 1524 4299 1824 4370; x_wconf 85' lang='grc' dir='ltr'>βασιλικῶν</span> <span class='ocrx_word' id='word_1_323' title='bbox 1857 4300 2014 4370; x_wconf 88' lang='grc' dir='ltr'>ὑμῶν</span> 
     </span>
    </p>
   </div>
   <div class='ocr_carea' id='block_1_47' title="bbox 425 4391 2017 4466">
    <p class='ocr_par' dir='ltr' id='par_1_47' title="bbox 425 4391 2017 4466">
     <span class='ocr_line' id='line_1_47' title="bbox 425 4391 2017 4466; baseline 0 -20"><span class='ocrx_word' id='word_1_324' title='bbox 425 4393 606 4466; x_wconf 84' lang='grc' dir='ltr'>μελῶν</span> <span class='ocrx_word' id='word_1_325' title='bbox 644 4395 872 4446; x_wconf 86' lang='grc' dir='ltr'>ἐκτείνω</span> <span class='ocrx_word' id='word_1_326' title='bbox 899 4393 990 4446; x_wconf 82' lang='grc' dir='ltr'><strong>τὸν</strong></span> <span class='ocrx_word' id='word_1_327' title='bbox 1030 4393 1217 4461; x_wconf 84' lang='grc' dir='ltr'>ὅρκον,</span> <span class='ocrx_word' id='word_1_328' title='bbox 1245 4391 1298 4446; x_wconf 80' lang='grc' dir='ltr'>εἴ</span> <span class='ocrx_word' id='word_1_329' title='bbox 1326 4409 1410 4456; x_wconf 89' lang='grc' dir='ltr'>τις</span> <span class='ocrx_word' id='word_1_330' title='bbox 1435 4392 1622 4455; x_wconf 86' lang='grc' dir='ltr'>αὑτοῖς</span> <span class='ocrx_word' id='word_1_331' title='bbox 1659 4394 2017 4448; x_wconf 76' lang='grc' dir='ltr'>ἐπιϐουλεύε-</span> 
     </span>
    </p>
   </div>
   <div class='ocr_carea' id='block_1_48' title="bbox 423 4485 2016 4560">
    <p class='ocr_par' dir='ltr' id='par_1_48' title="bbox 423 4485 2016 4560">
     <span class='ocr_line' id='line_1_48' title="bbox 423 4485 2016 4560; baseline 0 -18"><span class='ocrx_word' id='word_1_332' title='bbox 423 4507 516 4544; x_wconf 83' lang='grc' dir='ltr'><strong>ται</strong></span> <span class='ocrx_word' id='word_1_333' title='bbox 563 4488 809 4551; x_wconf 79' lang='grc' dir='ltr'>κάκωσις</span> <span class='ocrx_word' id='word_1_334' title='bbox 860 4487 1014 4559; x_wconf 76' lang='grc' dir='ltr'>παρά</span> <span class='ocrx_word' id='word_1_335' title='bbox 1069 4505 1234 4540; x_wconf 89' lang='grc' dir='ltr'>τινων</span> <span class='ocrx_word' id='word_1_336' title='bbox 1279 4485 1582 4559; x_wconf 79' lang='grc' dir='ltr'>ἀλιτηρίων</span> <span class='ocrx_word' id='word_1_337' title='bbox 1644 4488 1880 4560; x_wconf 81' lang='grc' dir='ltr'>ἐχθρῶν,</span> <span class='ocrx_word' id='word_1_338' title='bbox 1921 4488 2016 4553; x_wconf 82' lang='grc' dir='ltr'><strong>οὓς</strong></span> 
     </span>
    </p>
   </div>
   <div class='ocr_carea' id='block_1_49' title="bbox 2099 583 3693 663">
    <p class='ocr_par' dir='ltr' id='par_1_49' title="bbox 2099 583 3693 663">
     <span class='ocr_line' id='line_1_49' title="bbox 2099 583 3693 663; baseline 0.008 -26"><span class='ocrx_word' id='word_1_339' title='bbox 2099 583 2316 654; x_wconf 87' lang='lat' dir='ltr'><strong>jestatis</strong></span> <span class='ocrx_word' id='word_1_340' title='bbox 2351 595 2480 648; x_wconf 66' lang='lat' dir='ltr'><strong>tuae,</strong></span> <span class='ocrx_word' id='word_1_341' title='bbox 2527 600 2556 640; x_wconf 76' lang='grc' dir='ltr'><strong>ιι</strong></span> <span class='ocrx_word' id='word_1_342' title='bbox 2613 595 2663 641; x_wconf 89' lang='lat' dir='ltr'><strong>te</strong></span> <span class='ocrx_word' id='word_1_343' title='bbox 2718 587 3070 644; x_wconf 87' lang='lat' dir='ltr'><strong>rubramento</strong></span> <span class='ocrx_word' id='word_1_344' title='bbox 3123 590 3506 662; x_wconf 75' lang='lat' dir='ltr'><strong>subsrriptam.</strong></span> <span class='ocrx_word' id='word_1_345' title='bbox 3561 593 3693 663; x_wconf 71' lang='lat' dir='ltr'><strong>Qua:</strong></span> 
     </span>
    </p>
   </div>
   <div class='ocr_carea' id='block_1_50' title="bbox 2101 676 3691 753">
    <p class='ocr_par' dir='ltr' id='par_1_50' title="bbox 2101 676 3691 753">
     <span class='ocr_line' id='line_1_50' title="bbox 2101 676 3691 753; baseline 0.008 -24"><span class='ocrx_word' id='word_1_346' title='bbox 2101 676 2319 746; x_wconf 82' lang='lat' dir='ltr'><strong>quidem</strong></span> <span class='ocrx_word' id='word_1_347' title='bbox 2350 676 2502 731; x_wconf 86' lang='lat' dir='ltr'><strong>Bulla</strong></span> <span class='ocrx_word' id='word_1_348' title='bbox 2534 693 2640 732; x_wconf 91' lang='lat' dir='ltr'><strong>non</strong></span> <span class='ocrx_word' id='word_1_349' title='bbox 2670 681 2840 749; x_wconf 80' lang='lat' dir='ltr'><strong>gratis</strong></span> <span class='ocrx_word' id='word_1_350' title='bbox 2869 683 3001 736; x_wconf 86' lang='lat' dir='ltr'><strong>mihi</strong></span> <span class='ocrx_word' id='word_1_351' title='bbox 3037 694 3119 737; x_wconf 87' lang='lat' dir='ltr'><strong>est</strong></span> <span class='ocrx_word' id='word_1_352' title='bbox 3159 688 3378 753; x_wconf 78' lang='lat' dir='ltr'><strong>tradita,</strong></span> <span class='ocrx_word' id='word_1_353' title='bbox 3418 689 3510 743; x_wconf 83' lang='lat' dir='ltr'><strong>sed</strong></span> <span class='ocrx_word' id='word_1_354' title='bbox 3541 705 3691 745; x_wconf 79' lang='lat' dir='ltr'><strong>cca-.-</strong></span> 
     </span>
    </p>
   </div>
   <div class='ocr_carea' id='block_1_51' title="bbox 2105 773 3688 843">
    <p class='ocr_par' dir='ltr' id='par_1_51' title="bbox 2105 773 3688 843">
     <span class='ocr_line' id='line_1_51' title="bbox 2105 773 3688 843; baseline 0.008 -22"><span class='ocrx_word' id='word_1_355' title='bbox 2105 779 2313 824; x_wconf 86' lang='lat' dir='ltr'><strong>mutata</strong></span> <span class='ocrx_word' id='word_1_356' title='bbox 2341 785 2438 839; x_wconf 88' lang='lat' dir='ltr'><strong>pro</strong></span> <span class='ocrx_word' id='word_1_357' title='bbox 2473 786 2531 826; x_wconf 87' lang='lat' dir='ltr'><strong>re</strong></span> <span class='ocrx_word' id='word_1_358' title='bbox 2560 773 2816 842; x_wconf 88' lang='lat' dir='ltr'><strong>quapiam</strong></span> <span class='ocrx_word' id='word_1_359' title='bbox 2852 790 2878 827; x_wconf 89' lang='lat' dir='ltr'><strong>a</strong></span> <span class='ocrx_word' id='word_1_360' title='bbox 2919 791 3002 830; x_wconf 91' lang='lat' dir='ltr'><strong>me</strong></span> <span class='ocrx_word' id='word_1_361' title='bbox 3044 777 3284 832; x_wconf 78' lang='lat' dir='ltr'><strong>vicissim</strong></span> <span class='ocrx_word' id='word_1_362' title='bbox 3341 783 3688 843; x_wconf 80' lang='lat' dir='ltr'><strong>exhibenda;</strong></span> 
     </span>
    </p>
   </div>
   <div class='ocr_carea' id='block_1_52' title="bbox 2104 860 3690 935">
    <p class='ocr_par' dir='ltr' id='par_1_52' title="bbox 2104 860 3690 935">
     <span class='ocr_line' id='line_1_52' title="bbox 2104 860 3690 935; baseline 0.01 -21"><span class='ocrx_word' id='word_1_363' title='bbox 2104 860 2178 914; x_wconf 88' lang='lat' dir='ltr'><strong>ita</strong></span> <span class='ocrx_word' id='word_1_364' title='bbox 2219 876 2318 931; x_wconf 75' lang='lat' dir='ltr'><strong>ego</strong></span> <span class='ocrx_word' id='word_1_365' title='bbox 2349 879 2494 918; x_wconf 90' lang='lat' dir='ltr'><strong>nunc</strong></span> <span class='ocrx_word' id='word_1_366' title='bbox 2537 866 2746 935; x_wconf 84' lang='lat' dir='ltr'><strong>accipio</strong></span> <span class='ocrx_word' id='word_1_367' title='bbox 2794 875 2968 922; x_wconf 85' lang='lat' dir='ltr'><strong>terras</strong></span> <span class='ocrx_word' id='word_1_368' title='bbox 3006 879 3063 923; x_wconf 91' lang='lat' dir='ltr'><strong>ct</strong></span> <span class='ocrx_word' id='word_1_369' title='bbox 3094 869 3332 926; x_wconf 88' lang='lat' dir='ltr'><strong>ditiones</strong></span> <span class='ocrx_word' id='word_1_370' title='bbox 3374 873 3495 928; x_wconf 85' lang='lat' dir='ltr'><strong>illas</strong></span> <span class='ocrx_word' id='word_1_371' title='bbox 3539 891 3565 928; x_wconf 91' lang='lat' dir='ltr'><strong>a</strong></span> <span class='ocrx_word' id='word_1_372' title='bbox 3601 886 3690 930; x_wconf 82' lang='lat' dir='ltr'><strong>llt&#39;l</strong></span> 
     </span>
    </p>
   </div>
   <div class='ocr_carea' id='block_1_53' title="bbox 2105 955 3690 1032">
    <p class='ocr_par' dir='ltr' id='par_1_53' title="bbox 2105 955 3690 1032">
     <span class='ocr_line' id='line_1_53' title="bbox 2105 955 3690 1032; baseline 0.007 -24"><span class='ocrx_word' id='word_1_373' title='bbox 2105 955 2388 1026; x_wconf 87' lang='lat' dir='ltr'><strong>majestate</strong></span> <span class='ocrx_word' id='word_1_374' title='bbox 2437 958 2777 1014; x_wconf 77' lang='lat' dir='ltr'><strong>irrevocabili</strong></span> <span class='ocrx_word' id='word_1_375' title='bbox 2831 960 2880 1016; x_wconf 89' lang='lat' dir='ltr'><strong>vi</strong></span> <span class='ocrx_word' id='word_1_376' title='bbox 2937 962 3211 1032; x_wconf 68' lang='lat' dir='ltr'><strong>prmdictae</strong></span> <span class='ocrx_word' id='word_1_377' title='bbox 3267 965 3437 1022; x_wconf 67' lang='lat' dir='ltr'><strong>Bulla:</strong></span> <span class='ocrx_word' id='word_1_378' title='bbox 3497 969 3690 1022; x_wconf 70' lang='lat' dir='ltr'><strong>Aureae</strong></span> 
     </span>
    </p>
   </div>
   <div class='ocr_carea' id='block_1_54' title="bbox 2104 1048 3693 1130">
    <p class='ocr_par' dir='ltr' id='par_1_54' title="bbox 2104 1048 3693 1130">
     <span class='ocr_line' id='line_1_54' title="bbox 2104 1048 3693 1130; baseline 0.008 -28"><span class='ocrx_word' id='word_1_379' title='bbox 2104 1048 2394 1106; x_wconf 76' lang='lat' dir='ltr'><strong>attributas</strong></span> <span class='ocrx_word' id='word_1_380' title='bbox 2441 1052 2610 1120; x_wconf 88' lang='lat' dir='ltr'><strong>mibi,</strong></span> <span class='ocrx_word' id='word_1_381' title='bbox 2653 1061 2713 1108; x_wconf 88' lang='lat' dir='ltr'><strong>ut</strong></span> <span class='ocrx_word' id='word_1_382' title='bbox 2771 1054 2822 1109; x_wconf 93' lang='lat' dir='ltr'><strong>in</strong></span> <span class='ocrx_word' id='word_1_383' title='bbox 2880 1058 3372 1113; x_wconf 84' lang='lat' dir='ltr'><strong>remunerationem</strong></span> <span class='ocrx_word' id='word_1_384' title='bbox 3427 1068 3591 1130; x_wconf 87' lang='lat' dir='ltr'><strong>atque</strong></span> <span class='ocrx_word' id='word_1_385' title='bbox 3641 1061 3693 1116; x_wconf 89' lang='lat' dir='ltr'><strong>in</strong></span> 
     </span>
    </p>
   </div>
   <div class='ocr_carea' id='block_1_55' title="bbox 2105 1143 3698 1222">
    <p class='ocr_par' dir='ltr' id='par_1_55' title="bbox 2105 1143 3698 1222">
     <span class='ocr_line' id='line_1_55' title="bbox 2105 1143 3698 1222; baseline 0.009 -28"><span class='ocrx_word' id='word_1_386' title='bbox 2105 1143 2336 1209; x_wconf 84' lang='lat' dir='ltr'><strong>pretium</strong></span> <span class='ocrx_word' id='word_1_387' title='bbox 2371 1153 2447 1199; x_wconf 91' lang='lat' dir='ltr'><strong>tot</strong></span> <span class='ocrx_word' id='word_1_388' title='bbox 2507 1144 2722 1201; x_wconf 89' lang='lat' dir='ltr'><strong>illarum</strong></span> <span class='ocrx_word' id='word_1_389' title='bbox 2766 1156 3150 1219; x_wconf 85' lang='lat' dir='ltr'><strong>tantarumque</strong></span> <span class='ocrx_word' id='word_1_390' title='bbox 3185 1152 3467 1222; x_wconf 84' lang='lat' dir='ltr'><strong>regionum</strong></span> <span class='ocrx_word' id='word_1_391' title='bbox 3505 1162 3560 1210; x_wconf 92' lang='lat' dir='ltr'><strong>et</strong></span> <span class='ocrx_word' id='word_1_392' title='bbox 3609 1172 3698 1209; x_wconf 82' lang='lat' dir='ltr'><strong>nr-</strong></span> 
     </span>
    </p>
   </div>
   <div class='ocr_carea' id='block_1_56' title="bbox 2106 1236 3688 1315">
    <p class='ocr_par' dir='ltr' id='par_1_56' title="bbox 2106 1236 3688 1315">
     <span class='ocr_line' id='line_1_56' title="bbox 2106 1236 3688 1315; baseline 0.009 -26"><span class='ocrx_word' id='word_1_393' title='bbox 2106 1236 2276 1301; x_wconf 82' lang='lat' dir='ltr'><strong>bium,</strong></span> <span class='ocrx_word' id='word_1_394' title='bbox 2336 1251 2608 1308; x_wconf 91' lang='lat' dir='ltr'><strong>opponam</strong></span> <span class='ocrx_word' id='word_1_395' title='bbox 2653 1241 2996 1315; x_wconf 85' lang='lat' dir='ltr'><strong>obligemque</strong></span> <span class='ocrx_word' id='word_1_396' title='bbox 3039 1244 3199 1300; x_wconf 87' lang='lat' dir='ltr'><strong>ﬁdem</strong></span> <span class='ocrx_word' id='word_1_397' title='bbox 3255 1259 3320 1300; x_wconf 90' lang='lat' dir='ltr'><strong>ac</strong></span> <span class='ocrx_word' id='word_1_398' title='bbox 3368 1247 3688 1304; x_wconf 88' lang='lat' dir='ltr'><strong>ﬁdelitatem</strong></span> 
     </span>
    </p>
   </div>
   <div class='ocr_carea' id='block_1_57' title="bbox 2113 1329 3694 1411">
    <p class='ocr_par' dir='ltr' id='par_1_57' title="bbox 2113 1329 3694 1411">
     <span class='ocr_line' id='line_1_57' title="bbox 2113 1329 3694 1411; baseline 0.007 -30"><span class='ocrx_word' id='word_1_399' title='bbox 2113 1342 2290 1382; x_wconf 82' lang='lat' dir='ltr'><strong>meam</strong></span> <span class='ocrx_word' id='word_1_400' title='bbox 2325 1329 2598 1399; x_wconf 85' lang='lat' dir='ltr'><strong>majestati</strong></span> <span class='ocrx_word' id='word_1_401' title='bbox 2627 1333 2909 1402; x_wconf 74' lang='lat' dir='ltr'><strong>utriusque</strong></span> <span class='ocrx_word' id='word_1_402' title='bbox 2937 1343 3172 1391; x_wconf 87' lang='lat' dir='ltr'><strong>vestrum</strong></span> <span class='ocrx_word' id='word_1_403' title='bbox 3201 1353 3216 1403; x_wconf 88' lang='lat'><strong>;</strong></span> <span class='ocrx_word' id='word_1_404' title='bbox 3253 1347 3358 1393; x_wconf 65' lang='lat' dir='ltr'><strong>tua:</strong></span> <span class='ocrx_word' id='word_1_405' title='bbox 3378 1381 3391 1406; x_wconf 93' lang='lat'><strong>,</strong></span> <span class='ocrx_word' id='word_1_406' title='bbox 3439 1341 3694 1411; x_wconf 87' lang='lat' dir='ltr'><strong>inquam,</strong></span> 
     </span>
    </p>
   </div>
   <div class='ocr_carea' id='block_1_58' title="bbox 2111 1421 3697 1497">
    <p class='ocr_par' dir='ltr' id='par_1_58' title="bbox 2111 1421 3697 1497">
     <span class='ocr_line' id='line_1_58' title="bbox 2111 1421 3697 1497; baseline 0.008 -23"><span class='ocrx_word' id='word_1_407' title='bbox 2111 1421 2291 1490; x_wconf 78' lang='lat' dir='ltr'><strong>magni</strong></span> <span class='ocrx_word' id='word_1_408' title='bbox 2332 1423 2681 1488; x_wconf 80' lang='lat' dir='ltr'><strong>imperatoris</strong></span> <span class='ocrx_word' id='word_1_409' title='bbox 2708 1428 2910 1482; x_wconf 76' lang='lat' dir='ltr'><strong>domini</strong></span> <span class='ocrx_word' id='word_1_410' title='bbox 2944 1427 3120 1484; x_wconf 82' lang='lat' dir='ltr'><strong>Alexii</strong></span> <span class='ocrx_word' id='word_1_411' title='bbox 3163 1430 3461 1497; x_wconf 86' lang='lat' dir='ltr'><strong>Comneui,</strong></span> <span class='ocrx_word' id='word_1_412' title='bbox 3501 1441 3555 1486; x_wconf 89' lang='lat' dir='ltr'><strong>et</strong></span> <span class='ocrx_word' id='word_1_413' title='bbox 3601 1433 3697 1486; x_wconf 84' lang='lat' dir='ltr'><strong>dc-</strong></span> 
     </span>
    </p>
   </div>
   <div class='ocr_carea' id='block_1_59' title="bbox 2108 1515 3700 1590">
    <p class='ocr_par' dir='ltr' id='par_1_59' title="bbox 2108 1515 3700 1590">
     <span class='ocr_line' id='line_1_59' title="bbox 2108 1515 3700 1590; baseline 0.006 -22"><span class='ocrx_word' id='word_1_414' title='bbox 2108 1515 2494 1572; x_wconf 84' lang='lat' dir='ltr'><strong>sideralissimi</strong></span> <span class='ocrx_word' id='word_1_415' title='bbox 2530 1517 2624 1574; x_wconf 88' lang='lat' dir='ltr'><strong>ﬁlii</strong></span> <span class='ocrx_word' id='word_1_416' title='bbox 2663 1520 2736 1572; x_wconf 92' lang='lat' dir='ltr'><strong>tui</strong></span> <span class='ocrx_word' id='word_1_417' title='bbox 2769 1521 3033 1590; x_wconf 79' lang='lat' dir='ltr'><strong>principis</strong></span> <span class='ocrx_word' id='word_1_418' title='bbox 3073 1523 3275 1578; x_wconf 89' lang='lat' dir='ltr'><strong>domini</strong></span> <span class='ocrx_word' id='word_1_419' title='bbox 3309 1523 3534 1582; x_wconf 82' lang='lat' dir='ltr'><strong>Joannis</strong></span> <span class='ocrx_word' id='word_1_420' title='bbox 3567 1525 3700 1579; x_wconf 82' lang='lat' dir='ltr'><strong>Por-</strong></span> 
     </span>
    </p>
   </div>
   <div class='ocr_carea' id='block_1_60' title="bbox 2110 1605 3695 1683">
    <p class='ocr_par' dir='ltr' id='par_1_60' title="bbox 2110 1605 3695 1683">
     <span class='ocr_line' id='line_1_60' title="bbox 2110 1605 3695 1683; baseline 0.006 -23"><span class='ocrx_word' id='word_1_421' title='bbox 2110 1605 2449 1678; x_wconf 83' lang='lat' dir='ltr'><strong>phyrogeniti</strong></span> <span class='ocrx_word' id='word_1_422' title='bbox 2491 1611 2764 1680; x_wconf 87' lang='lat' dir='ltr'><strong>spondens</strong></span> <span class='ocrx_word' id='word_1_423' title='bbox 2811 1622 2864 1666; x_wconf 81' lang='lat' dir='ltr'><strong>et</strong></span> <span class='ocrx_word' id='word_1_424' title='bbox 2914 1614 3180 1683; x_wconf 85' lang='lat' dir='ltr'><strong>pollicens</strong></span> <span class='ocrx_word' id='word_1_425' title='bbox 3230 1617 3508 1671; x_wconf 90' lang='lat' dir='ltr'><strong>immotam</strong></span> <span class='ocrx_word' id='word_1_426' title='bbox 3573 1632 3695 1672; x_wconf 74' lang='lat' dir='ltr'><strong>eam</strong></span> 
     </span>
    </p>
   </div>
   <div class='ocr_carea' id='block_1_61' title="bbox 2109 1696 3699 1770">
    <p class='ocr_par' dir='ltr' id='par_1_61' title="bbox 2109 1696 3699 1770">
     <span class='ocr_line' id='line_1_61' title="bbox 2109 1696 3699 1770; baseline 0.007 -19"><span class='ocrx_word' id='word_1_427' title='bbox 2109 1696 2602 1770; x_wconf 89' lang='lat' dir='ltr'><strong>inconcussamque</strong></span> <span class='ocrx_word' id='word_1_428' title='bbox 2644 1711 3003 1770; x_wconf 89' lang='lat' dir='ltr'><strong>retenturum,</strong></span> <span class='ocrx_word' id='word_1_429' title='bbox 3040 1705 3185 1760; x_wconf 88' lang='lat' dir='ltr'><strong>vel..t</strong></span> <span class='ocrx_word' id='word_1_430' title='bbox 3233 1706 3444 1762; x_wconf 89' lang='lat' dir='ltr'><strong>ﬁrmam</strong></span> <span class='ocrx_word' id='word_1_431' title='bbox 3493 1710 3699 1763; x_wconf 84' lang='lat' dir='ltr'><strong>ancho-</strong></span> 
     </span>
    </p>
   </div>
   <div class='ocr_carea' id='block_1_62' title="bbox 2115 1787 3702 1863">
    <p class='ocr_par' dir='ltr' id='par_1_62' title="bbox 2115 1787 3702 1863">
     <span class='ocr_line' id='line_1_62' title="bbox 2115 1787 3702 1863; baseline 0.008 -23"><span class='ocrx_word' id='word_1_432' title='bbox 2115 1802 2252 1842; x_wconf 90' lang='lat' dir='ltr'><strong>ram.</strong></span> <span class='ocrx_word' id='word_1_433' title='bbox 2285 1787 2459 1859; x_wconf 77' lang='lat' dir='ltr'><strong>Atque</strong></span> <span class='ocrx_word' id='word_1_434' title='bbox 2489 1799 2546 1843; x_wconf 88' lang='lat' dir='ltr'><strong>ut</strong></span> <span class='ocrx_word' id='word_1_435' title='bbox 2579 1791 2780 1847; x_wconf 90' lang='lat' dir='ltr'><strong>clarius</strong></span> <span class='ocrx_word' id='word_1_436' title='bbox 2815 1808 3084 1863; x_wconf 83' lang='lat' dir='ltr'><strong>exponam</strong></span> <span class='ocrx_word' id='word_1_437' title='bbox 3124 1805 3360 1851; x_wconf 85' lang='lat' dir='ltr'><strong>mentem</strong></span> <span class='ocrx_word' id='word_1_438' title='bbox 3401 1813 3613 1863; x_wconf 89' lang='lat' dir='ltr'><strong>meam,</strong></span> <span class='ocrx_word' id='word_1_439' title='bbox 3648 1809 3702 1853; x_wconf 82' lang='lat' dir='ltr'><strong>et</strong></span> 
     </span>
    </p>
   </div>
   <div class='ocr_carea' id='block_1_63' title="bbox 2117 1880 3702 1959">
    <p class='ocr_par' dir='ltr' id='par_1_63' title="bbox 2117 1880 3702 1959">
     <span class='ocr_line' id='line_1_63' title="bbox 2117 1880 3702 1959; baseline 0.008 -28"><span class='ocrx_word' id='word_1_440' title='bbox 2117 1880 2504 1948; x_wconf 86' lang='lat' dir='ltr'><strong>proprietatem</strong></span> <span class='ocrx_word' id='word_1_441' title='bbox 2533 1896 2768 1948; x_wconf 85' lang='lat' dir='ltr'><strong>servem,</strong></span> <span class='ocrx_word' id='word_1_442' title='bbox 2799 1884 3180 1956; x_wconf 64' lang='lat' dir='ltr'><strong>legitimasque</strong></span> <span class='ocrx_word' id='word_1_443' title='bbox 3211 1902 3465 1959; x_wconf 88' lang='lat' dir='ltr'><strong>usurpem</strong></span> <span class='ocrx_word' id='word_1_444' title='bbox 3505 1889 3702 1943; x_wconf 79' lang='lat' dir='ltr'><strong>formu-</strong></span> 
     </span>
    </p>
   </div>
   <div class='ocr_carea' id='block_1_64' title="bbox 2114 1972 3702 2053">
    <p class='ocr_par' dir='ltr' id='par_1_64' title="bbox 2114 1972 3702 2053">
     <span class='ocr_line' id='line_1_64' title="bbox 2114 1972 3702 2053; baseline 0.008 -28"><span class='ocrx_word' id='word_1_445' title='bbox 2114 1972 2197 2028; x_wconf 88' lang='lat' dir='ltr'><strong>las</strong></span> <span class='ocrx_word' id='word_1_446' title='bbox 2237 1987 2426 2028; x_wconf 87' lang='lat' dir='ltr'><strong>eorum</strong></span> <span class='ocrx_word' id='word_1_447' title='bbox 2464 1975 2554 2043; x_wconf 90' lang='lat' dir='ltr'><strong>qui</strong></span> <span class='ocrx_word' id='word_1_448' title='bbox 2607 1976 2712 2030; x_wconf 88' lang='lat' dir='ltr'><strong>rite</strong></span> <span class='ocrx_word' id='word_1_449' title='bbox 2746 1977 3055 2032; x_wconf 78' lang='lat' dir='ltr'><strong>ﬁdelitatem</strong></span> <span class='ocrx_word' id='word_1_450' title='bbox 3093 1980 3254 2033; x_wconf 86' lang='lat' dir='ltr'><strong>alicui</strong></span> <span class='ocrx_word' id='word_1_451' title='bbox 3290 1995 3443 2035; x_wconf 86' lang='lat' dir='ltr'><strong>suam</strong></span> <span class='ocrx_word' id='word_1_452' title='bbox 3494 1983 3702 2053; x_wconf 73' lang='lat' dir='ltr'><strong>scripto</strong></span> 
     </span>
    </p>
   </div>
   <div class='ocr_carea' id='block_1_65' title="bbox 2116 2067 3700 2141">
    <p class='ocr_par' dir='ltr' id='par_1_65' title="bbox 2116 2067 3700 2141">
     <span class='ocr_line' id='line_1_65' title="bbox 2116 2067 3700 2141; baseline 0.006 -21"><span class='ocrx_word' id='word_1_453' title='bbox 2116 2067 2430 2123; x_wconf 81' lang='lat' dir='ltr'><strong>authentico</strong></span> <span class='ocrx_word' id='word_1_454' title='bbox 2463 2069 2790 2138; x_wconf 89' lang='lat' dir='ltr'><strong>proﬁtentur</strong></span> <span class='ocrx_word' id='word_1_455' title='bbox 2819 2088 2832 2124; x_wconf 90' lang='lat'><strong>:</strong></span> <span class='ocrx_word' id='word_1_456' title='bbox 2867 2087 2932 2125; x_wconf 92' lang='lat' dir='ltr'><strong>cn</strong></span> <span class='ocrx_word' id='word_1_457' title='bbox 2962 2087 3062 2141; x_wconf 76' lang='lat' dir='ltr'><strong>ego</strong></span> <span class='ocrx_word' id='word_1_458' title='bbox 3102 2071 3438 2130; x_wconf 73' lang='lat' dir='ltr'><strong>B&#39;Iimlllidlls</strong></span> <span class='ocrx_word' id='word_1_459' title='bbox 3475 2076 3700 2132; x_wconf 77' lang='lat' dir='ltr'><strong>Robcrti</strong></span> 
     </span>
    </p>
   </div>
   <div class='ocr_carea' id='block_1_66' title="bbox 2113 2159 3704 2240">
    <p class='ocr_par' dir='ltr' id='par_1_66' title="bbox 2113 2159 3704 2240">
     <span class='ocr_line' id='line_1_66' title="bbox 2113 2159 3704 2240; baseline 0.006 -26"><span class='ocrx_word' id='word_1_460' title='bbox 2113 2159 2362 2214; x_wconf 75' lang='lat' dir='ltr'><strong>Ciscardi</strong></span> <span class='ocrx_word' id='word_1_461' title='bbox 2399 2162 2562 2227; x_wconf 69' lang='lat' dir='ltr'><strong>ﬁlius,</strong></span> <span class='ocrx_word' id='word_1_462' title='bbox 2594 2161 2907 2218; x_wconf 75' lang='lat' dir='ltr'><strong>ﬁdelitatem</strong></span> <span class='ocrx_word' id='word_1_463' title='bbox 2933 2172 2989 2220; x_wconf 85' lang='lat' dir='ltr'><strong>et</strong></span> <span class='ocrx_word' id='word_1_464' title='bbox 3011 2165 3406 2234; x_wconf 87' lang='lat' dir='ltr'><strong>subjectionem</strong></span> <span class='ocrx_word' id='word_1_465' title='bbox 3443 2171 3704 2240; x_wconf 83' lang='lat' dir='ltr'><strong>proﬁteor</strong></span> 
     </span>
    </p>
   </div>
   <div class='ocr_carea' id='block_1_67' title="bbox 2117 2254 3679 2328">
    <p class='ocr_par' dir='ltr' id='par_1_67' title="bbox 2117 2254 3679 2328">
     <span class='ocr_line' id='line_1_67' title="bbox 2117 2254 3679 2328; baseline 0.006 -22"><span class='ocrx_word' id='word_1_466' title='bbox 2117 2267 2310 2307; x_wconf 74' lang='lat' dir='ltr'><strong>vestra:</strong></span> <span class='ocrx_word' id='word_1_467' title='bbox 2346 2254 2638 2324; x_wconf 70' lang='lat' dir='ltr'><strong>majestati,</strong></span> <span class='ocrx_word' id='word_1_468' title='bbox 2681 2256 2781 2310; x_wconf 85' lang='lat' dir='ltr'><strong>hoc</strong></span> <span class='ocrx_word' id='word_1_469' title='bbox 2811 2266 2921 2320; x_wconf 86' lang='lat' dir='ltr'><strong>est,</strong></span> <span class='ocrx_word' id='word_1_470' title='bbox 2948 2257 3046 2313; x_wconf 89' lang='lat' dir='ltr'><strong>tibi</strong></span> <span class='ocrx_word' id='word_1_471' title='bbox 3079 2259 3394 2328; x_wconf 84' lang='lat' dir='ltr'><strong>imperatori</strong></span> <span class='ocrx_word' id='word_1_472' title='bbox 3428 2261 3679 2317; x_wconf 81' lang='lat' dir='ltr'><strong>Romano</strong></span> 
     </span>
    </p>
   </div>
   <div class='ocr_carea' id='block_1_68' title="bbox 2116 2344 3704 2420">
    <p class='ocr_par' dir='ltr' id='par_1_68' title="bbox 2116 2344 3704 2420">
     <span class='ocr_line' id='line_1_68' title="bbox 2116 2344 3704 2420; baseline 0.009 -24"><span class='ocrx_word' id='word_1_473' title='bbox 2116 2359 2234 2397; x_wconf 87' lang='lat' dir='ltr'><strong>rum</strong></span> <span class='ocrx_word' id='word_1_474' title='bbox 2265 2344 2486 2399; x_wconf 88' lang='lat' dir='ltr'><strong>domino</strong></span> <span class='ocrx_word' id='word_1_475' title='bbox 2519 2346 2714 2401; x_wconf 80' lang='lat' dir='ltr'><strong>Alexio</strong></span> <span class='ocrx_word' id='word_1_476' title='bbox 2739 2387 2754 2412; x_wconf 88' lang='lat'><strong>,</strong></span> <span class='ocrx_word' id='word_1_477' title='bbox 2791 2359 2844 2403; x_wconf 89' lang='lat' dir='ltr'><strong>et</strong></span> <span class='ocrx_word' id='word_1_478' title='bbox 2886 2349 3115 2420; x_wconf 90' lang='lat' dir='ltr'><strong>principi</strong></span> <span class='ocrx_word' id='word_1_479' title='bbox 3164 2367 3226 2406; x_wconf 89' lang='lat' dir='ltr'><strong>ac</strong></span> <span class='ocrx_word' id='word_1_480' title='bbox 3265 2351 3372 2408; x_wconf 91' lang='lat' dir='ltr'><strong>ﬁlio</strong></span> <span class='ocrx_word' id='word_1_481' title='bbox 3426 2363 3520 2410; x_wconf 89' lang='lat' dir='ltr'><strong>tuo</strong></span> <span class='ocrx_word' id='word_1_482' title='bbox 3563 2355 3704 2412; x_wconf 83' lang='lat' dir='ltr'><strong>Pur-</strong></span> 
     </span>
    </p>
   </div>
   <div class='ocr_carea' id='block_1_69' title="bbox 2115 2436 3702 2511">
    <p class='ocr_par' dir='ltr' id='par_1_69' title="bbox 2115 2436 3702 2511">
     <span class='ocr_line' id='line_1_69' title="bbox 2115 2436 3702 2511; baseline 0.008 -22"><span class='ocrx_word' id='word_1_483' title='bbox 2115 2436 2513 2508; x_wconf 79' lang='lat' dir='ltr'><strong>pliyrogenito;</strong></span> <span class='ocrx_word' id='word_1_484' title='bbox 2557 2448 2612 2494; x_wconf 93' lang='lat' dir='ltr'><strong>ct</strong></span> <span class='ocrx_word' id='word_1_485' title='bbox 2647 2443 2888 2511; x_wconf 87' lang='lat' dir='ltr'><strong>spondeo</strong></span> <span class='ocrx_word' id='word_1_486' title='bbox 2927 2455 3013 2498; x_wconf 88' lang='lat' dir='ltr'><strong>me</strong></span> <span class='ocrx_word' id='word_1_487' title='bbox 3061 2441 3215 2498; x_wconf 86' lang='lat' dir='ltr'><strong>vobis</strong></span> <span class='ocrx_word' id='word_1_488' title='bbox 3266 2443 3448 2499; x_wconf 84' lang='lat' dir='ltr'><strong>lizium</strong></span> <span class='ocrx_word' id='word_1_489' title='bbox 3484 2462 3702 2503; x_wconf 89' lang='lat' dir='ltr'><strong>omnem</strong></span> 
     </span>
    </p>
   </div>
   <div class='ocr_carea' id='block_1_70' title="bbox 2113 2533 3702 2608">
    <p class='ocr_par' dir='ltr' id='par_1_70' title="bbox 2113 2533 3702 2608">
     <span class='ocr_line' id='line_1_70' title="bbox 2113 2533 3702 2608; baseline 0.008 -26"><span class='ocrx_word' id='word_1_490' title='bbox 2113 2545 2301 2585; x_wconf 84' lang='lat' dir='ltr'><strong>verum</strong></span> <span class='ocrx_word' id='word_1_491' title='bbox 2331 2547 2395 2587; x_wconf 90' lang='lat' dir='ltr'><strong>ac</strong></span> <span class='ocrx_word' id='word_1_492' title='bbox 2422 2533 2696 2590; x_wconf 87' lang='lat' dir='ltr'><strong>sincerum</strong></span> <span class='ocrx_word' id='word_1_493' title='bbox 2739 2533 2874 2601; x_wconf 81' lang='lat' dir='ltr'><strong>fore,</strong></span> <span class='ocrx_word' id='word_1_494' title='bbox 2909 2537 3152 2606; x_wconf 75' lang='lat' dir='ltr'><strong>quantlin</strong></span> <span class='ocrx_word' id='word_1_495' title='bbox 3182 2538 3432 2608; x_wconf 89' lang='lat' dir='ltr'><strong>spiritum</strong></span> <span class='ocrx_word' id='word_1_496' title='bbox 3463 2540 3658 2596; x_wconf 88' lang='lat' dir='ltr'><strong>ducam</strong></span> <span class='ocrx_word' id='word_1_497' title='bbox 3687 2583 3702 2604; x_wconf 85' lang='lat'><em>.</em></span> 
     </span>
    </p>
   </div>
   <div class='ocr_carea' id='block_1_71' title="bbox 2113 2625 3704 2702">
    <p class='ocr_par' dir='ltr' id='par_1_71' title="bbox 2113 2625 3704 2702">
     <span class='ocr_line' id='line_1_71' title="bbox 2113 2625 3704 2702; baseline 0.006 -24"><span class='ocrx_word' id='word_1_498' title='bbox 2113 2635 2167 2678; x_wconf 85' lang='lat' dir='ltr'><strong>et</strong></span> <span class='ocrx_word' id='word_1_499' title='bbox 2211 2639 2331 2677; x_wconf 92' lang='lat' dir='ltr'><strong>cum</strong></span> <span class='ocrx_word' id='word_1_500' title='bbox 2381 2625 2518 2680; x_wconf 88' lang='lat' dir='ltr'><strong>vivis</strong></span> <span class='ocrx_word' id='word_1_501' title='bbox 2567 2630 2919 2695; x_wconf 83' lang='lat' dir='ltr'><strong>munerabor,</strong></span> <span class='ocrx_word' id='word_1_502' title='bbox 2978 2638 3434 2702; x_wconf 87' lang='lat' dir='ltr'><strong>armaturumquc</strong></span> <span class='ocrx_word' id='word_1_503' title='bbox 3482 2649 3704 2688; x_wconf 82' lang='lat' dir='ltr'><strong>manuni</strong></span> 
     </span>
    </p>
   </div>
   <div class='ocr_carea' id='block_1_72' title="bbox 2115 2719 3702 2793">
    <p class='ocr_par' dir='ltr' id='par_1_72' title="bbox 2115 2719 3702 2793">
     <span class='ocr_line' id='line_1_72' title="bbox 2115 2719 3702 2793; baseline 0.004 -22"><span class='ocrx_word' id='word_1_504' title='bbox 2115 2727 2303 2771; x_wconf 91' lang='lat' dir='ltr'><strong>contra</strong></span> <span class='ocrx_word' id='word_1_505' title='bbox 2349 2732 2539 2773; x_wconf 89' lang='lat' dir='ltr'><strong>omnes</strong></span> <span class='ocrx_word' id='word_1_506' title='bbox 2577 2719 2668 2788; x_wconf 89' lang='lat' dir='ltr'><strong>qui</strong></span> <span class='ocrx_word' id='word_1_507' title='bbox 2702 2735 2766 2772; x_wconf 81' lang='lat' dir='ltr'><strong>ex</strong></span> <span class='ocrx_word' id='word_1_508' title='bbox 2814 2720 2916 2776; x_wconf 92' lang='lat' dir='ltr'><strong>hoc</strong></span> <span class='ocrx_word' id='word_1_509' title='bbox 2959 2731 3208 2792; x_wconf 89' lang='lat' dir='ltr'><strong>tempore</strong></span> <span class='ocrx_word' id='word_1_510' title='bbox 3259 2738 3381 2779; x_wconf 89' lang='lat' dir='ltr'><strong>sese</strong></span> <span class='ocrx_word' id='word_1_511' title='bbox 3431 2725 3702 2793; x_wconf 77' lang='lat' dir='ltr'><strong>proferen’</strong></span> 
     </span>
    </p>
   </div>
   <div class='ocr_carea' id='block_1_73' title="bbox 2117 2807 3706 2881">
    <p class='ocr_par' dir='ltr' id='par_1_73' title="bbox 2117 2807 3706 2881">
     <span class='ocr_line' id='line_1_73' title="bbox 2117 2807 3706 2881; baseline 0.006 -21"><span class='ocrx_word' id='word_1_512' title='bbox 2117 2809 2300 2862; x_wconf 83' lang='lat' dir='ltr'><strong>hostes</strong></span> <span class='ocrx_word' id='word_1_513' title='bbox 2363 2807 2663 2876; x_wconf 84' lang='lat' dir='ltr'><strong>majestatis</strong></span> <span class='ocrx_word' id='word_1_514' title='bbox 2702 2822 2922 2875; x_wconf 71' lang='lat' dir='ltr'><strong>vestrm,</strong></span> <span class='ocrx_word' id='word_1_515' title='bbox 2983 2811 3380 2881; x_wconf 83' lang='lat' dir='ltr'><strong>imperatorum</strong></span> <span class='ocrx_word' id='word_1_516' title='bbox 3447 2813 3706 2870; x_wconf 63' lang='lat' dir='ltr'><strong>Romanae</strong></span> 
     </span>
    </p>
   </div>
   <div class='ocr_carea' id='block_1_74' title="bbox 2116 2898 3708 2970">
    <p class='ocr_par' dir='ltr' id='par_1_74' title="bbox 2116 2898 3708 2970">
     <span class='ocr_line' id='line_1_74' title="bbox 2116 2898 3708 2970; baseline 0.009 -23"><span class='ocrx_word' id='word_1_517' title='bbox 2116 2899 2340 2955; x_wconf 76' lang='lat' dir='ltr'><strong>ditionis</strong></span> <span class='ocrx_word' id='word_1_518' title='bbox 2375 2913 2591 2968; x_wconf 79' lang='lat' dir='ltr'><strong>semper</strong></span> <span class='ocrx_word' id='word_1_519' title='bbox 2634 2903 3020 2970; x_wconf 71' lang='lat' dir='ltr'><strong>Augustorum.</strong></span> <span class='ocrx_word' id='word_1_520' title='bbox 3059 2902 3255 2958; x_wconf 78' lang='lat' dir='ltr'><strong>Vester</strong></span> <span class='ocrx_word' id='word_1_521' title='bbox 3303 2915 3508 2961; x_wconf 87' lang='lat' dir='ltr'><strong>tantum</strong></span> <span class='ocrx_word' id='word_1_522' title='bbox 3553 2898 3708 2962; x_wconf 74' lang='lat' dir='ltr'><strong>ialm:-</strong></span> 
     </span>
    </p>
   </div>
   <div class='ocr_carea' id='block_1_75' title="bbox 2117 2989 3709 3070">
    <p class='ocr_par' dir='ltr' id='par_1_75' title="bbox 2117 2989 3709 3070">
     <span class='ocr_line' id='line_1_75' title="bbox 2117 2989 3709 3070; baseline 0.008 -27"><span class='ocrx_word' id='word_1_523' title='bbox 2117 2989 2279 3044; x_wconf 67' lang='lat' dir='ltr'><strong>fuerit</strong></span> <span class='ocrx_word' id='word_1_524' title='bbox 2333 2991 2525 3060; x_wconf 78' lang='lat' dir='ltr'><strong>jubere</strong></span> <span class='ocrx_word' id='word_1_525' title='bbox 2577 3007 2640 3046; x_wconf 90' lang='lat' dir='ltr'><strong>ac</strong></span> <span class='ocrx_word' id='word_1_526' title='bbox 2692 2995 2989 3064; x_wconf 63' lang='lat' dir='ltr'><strong>praecipere</strong></span> <span class='ocrx_word' id='word_1_527' title='bbox 3015 3011 3123 3066; x_wconf 92' lang='lat' dir='ltr'><strong>quo</strong></span> <span class='ocrx_word' id='word_1_528' title='bbox 3171 2997 3289 3052; x_wconf 89' lang='lat' dir='ltr'><strong>loco</strong></span> <span class='ocrx_word' id='word_1_529' title='bbox 3348 3013 3412 3053; x_wconf 90' lang='lat' dir='ltr'><strong>ac</strong></span> <span class='ocrx_word' id='word_1_530' title='bbox 3464 3010 3709 3070; x_wconf 80' lang='lat' dir='ltr'><strong>tempore</strong></span> 
     </span>
    </p>
   </div>
   <div class='ocr_carea' id='block_1_76' title="bbox 2117 3082 3704 3161">
    <p class='ocr_par' dir='ltr' id='par_1_76' title="bbox 2117 3082 3704 3161">
     <span class='ocr_line' id='line_1_76' title="bbox 2117 3082 3704 3161; baseline 0.007 -25"><span class='ocrx_word' id='word_1_531' title='bbox 2117 3082 2296 3138; x_wconf 81' lang='lat' dir='ltr'><strong>velitis</strong></span> <span class='ocrx_word' id='word_1_532' title='bbox 2329 3098 2414 3138; x_wconf 89' lang='lat' dir='ltr'><strong>me</strong></span> <span class='ocrx_word' id='word_1_533' title='bbox 2443 3094 2639 3154; x_wconf 68' lang='lat' dir='ltr'><strong>praisto</strong></span> <span class='ocrx_word' id='word_1_534' title='bbox 2661 3086 2851 3140; x_wconf 86' lang='lat' dir='ltr'><strong>adesse</strong></span> <span class='ocrx_word' id='word_1_535' title='bbox 2881 3103 3002 3142; x_wconf 91' lang='lat' dir='ltr'><strong>cum</strong></span> <span class='ocrx_word' id='word_1_536' title='bbox 3030 3088 3163 3144; x_wconf 89' lang='lat' dir='ltr'><strong>meis</strong></span> <span class='ocrx_word' id='word_1_537' title='bbox 3195 3091 3367 3161; x_wconf 88' lang='lat' dir='ltr'><strong>copiis</strong></span> <span class='ocrx_word' id='word_1_538' title='bbox 3392 3091 3664 3148; x_wconf 88' lang='lat' dir='ltr'><strong>universis</strong></span> <span class='ocrx_word' id='word_1_539' title='bbox 3689 3109 3704 3147; x_wconf 91' lang='lat'><strong>:</strong></span> 
     </span>
    </p>
   </div>
   <div class='ocr_carea' id='block_1_77' title="bbox 2117 3175 3707 3251">
    <p class='ocr_par' dir='ltr' id='par_1_77' title="bbox 2117 3175 3707 3251">
     <span class='ocr_line' id='line_1_77' title="bbox 2117 3175 3707 3251; baseline 0.006 -22"><span class='ocrx_word' id='word_1_540' title='bbox 2117 3175 2388 3245; x_wconf 86' lang='lat' dir='ltr'><strong>obsequar</strong></span> <span class='ocrx_word' id='word_1_541' title='bbox 2425 3176 2699 3246; x_wconf 81' lang='lat' dir='ltr'><strong>extemplo</strong></span> <span class='ocrx_word' id='word_1_542' title='bbox 2749 3178 2869 3232; x_wconf 89' lang='lat' dir='ltr'><strong>sine</strong></span> <span class='ocrx_word' id='word_1_543' title='bbox 2913 3180 3289 3246; x_wconf 83' lang='lat' dir='ltr'><strong>excusatione,</strong></span> <span class='ocrx_word' id='word_1_544' title='bbox 3344 3182 3462 3236; x_wconf 86' lang='lat' dir='ltr'><strong>sine</strong></span> <span class='ocrx_word' id='word_1_545' title='bbox 3511 3198 3662 3238; x_wconf 86' lang='lat' dir='ltr'><strong>mora</strong></span> <span class='ocrx_word' id='word_1_546' title='bbox 3690 3226 3707 3251; x_wconf 86' lang='lat'><strong>,</strong></span> 
     </span>
    </p>
   </div>
   <div class='ocr_carea' id='block_1_78' title="bbox 2115 3266 3708 3347">
    <p class='ocr_par' dir='ltr' id='par_1_78' title="bbox 2115 3266 3708 3347">
     <span class='ocr_line' id='line_1_78' title="bbox 2115 3266 3708 3347; baseline 0.008 -27"><span class='ocrx_word' id='word_1_547' title='bbox 2115 3268 2437 3336; x_wconf 80' lang='lat' dir='ltr'><strong>naraboque</strong></span> <span class='ocrx_word' id='word_1_548' title='bbox 2472 3266 2686 3322; x_wconf 88' lang='lat' dir='ltr'><strong>ﬁdelem</strong></span> <span class='ocrx_word' id='word_1_549' title='bbox 2723 3279 2778 3323; x_wconf 88' lang='lat' dir='ltr'><strong>et</strong></span> <span class='ocrx_word' id='word_1_550' title='bbox 2809 3285 2969 3338; x_wconf 89' lang='lat' dir='ltr'><strong>quam</strong></span> <span class='ocrx_word' id='word_1_551' title='bbox 3000 3271 3346 3327; x_wconf 78' lang='lat' dir='ltr'><strong>utilissimam</strong></span> <span class='ocrx_word' id='word_1_552' title='bbox 3381 3274 3538 3330; x_wconf 86' lang='lat' dir='ltr'><strong>vobis</strong></span> <span class='ocrx_word' id='word_1_553' title='bbox 3571 3292 3708 3347; x_wconf 83' lang='lat' dir='ltr'><strong>0pc-</strong></span> 
     </span>
    </p>
   </div>
   <div class='ocr_carea' id='block_1_79' title="bbox 2115 3365 3708 3435">
    <p class='ocr_par' dir='ltr' id='par_1_79' title="bbox 2115 3365 3708 3435">
     <span class='ocr_line' id='line_1_79' title="bbox 2115 3365 3708 3435; baseline 0.007 -21"><span class='ocrx_word' id='word_1_554' title='bbox 2115 3375 2255 3422; x_wconf 87' lang='lat' dir='ltr'><strong>ram,</strong></span> <span class='ocrx_word' id='word_1_555' title='bbox 2295 3369 2457 3431; x_wconf 87' lang='lat' dir='ltr'><strong>prout</strong></span> <span class='ocrx_word' id='word_1_556' title='bbox 2520 3377 2608 3415; x_wconf 89' lang='lat' dir='ltr'><strong>res</strong></span> <span class='ocrx_word' id='word_1_557' title='bbox 2665 3373 2965 3432; x_wconf 73' lang='lat' dir='ltr'><strong>prtescntcs</strong></span> <span class='ocrx_word' id='word_1_558' title='bbox 3025 3365 3268 3433; x_wconf 80' lang='lat' dir='ltr'><strong>cxigent,</strong></span> <span class='ocrx_word' id='word_1_559' title='bbox 3336 3367 3708 3435; x_wconf 86' lang='lat' dir='ltr'><strong>perduellibus</strong></span> 
     </span>
    </p>
   </div>
   <div class='ocr_carea' id='block_1_80' title="bbox 2120 3452 3708 3528">
    <p class='ocr_par' dir='ltr' id='par_1_80' title="bbox 2120 3452 3708 3528">
     <span class='ocr_line' id='line_1_80' title="bbox 2120 3452 3708 3528; baseline 0.008 -26"><span class='ocrx_word' id='word_1_560' title='bbox 2120 3452 2336 3512; x_wconf 81' lang='lat' dir='ltr'><strong>vestris.</strong></span> <span class='ocrx_word' id='word_1_561' title='bbox 2367 3461 2460 3506; x_wconf 87' lang='lat' dir='ltr'><strong>aut</strong></span> <span class='ocrx_word' id='word_1_562' title='bbox 2494 3453 2904 3524; x_wconf 87' lang='lat' dir='ltr'><strong>quibuscunquc</strong></span> <span class='ocrx_word' id='word_1_563' title='bbox 2926 3456 3416 3528; x_wconf 86' lang='lat' dir='ltr'><strong>quomodocunque</strong></span> <span class='ocrx_word' id='word_1_564' title='bbox 3449 3459 3601 3514; x_wconf 82' lang='lat' dir='ltr'><strong>vobis</strong></span> <span class='ocrx_word' id='word_1_565' title='bbox 3627 3461 3708 3514; x_wconf 91' lang='lat' dir='ltr'><strong>in-</strong></span> 
     </span>
    </p>
   </div>
   <div class='ocr_carea' id='block_1_81' title="bbox 2119 3543 3710 3622">
    <p class='ocr_par' dir='ltr' id='par_1_81' title="bbox 2119 3543 3710 3622">
     <span class='ocr_line' id='line_1_81' title="bbox 2119 3543 3710 3622; baseline 0.008 -28"><span class='ocrx_word' id='word_1_566' title='bbox 2119 3543 2289 3598; x_wconf 80' lang='lat' dir='ltr'><strong>fcnsis</strong></span> <span class='ocrx_word' id='word_1_567' title='bbox 2324 3545 2453 3615; x_wconf 88' lang='lat' dir='ltr'><strong>(nisi</strong></span> <span class='ocrx_word' id='word_1_568' title='bbox 2488 3544 2630 3600; x_wconf 80' lang='lat' dir='ltr'><strong>forte</strong></span> <span class='ocrx_word' id='word_1_569' title='bbox 2663 3546 3068 3603; x_wconf 86' lang='lat' dir='ltr'><strong>immortalibus</strong></span> <span class='ocrx_word' id='word_1_570' title='bbox 3111 3548 3316 3604; x_wconf 86' lang='lat' dir='ltr'><strong>similes</strong></span> <span class='ocrx_word' id='word_1_571' title='bbox 3349 3551 3561 3622; x_wconf 80' lang='lat' dir='ltr'><strong>angelis</strong></span> <span class='ocrx_word' id='word_1_572' title='bbox 3599 3553 3710 3607; x_wconf 88' lang='lat' dir='ltr'><strong>sint</strong></span> 
     </span>
    </p>
   </div>
   <div class='ocr_carea' id='block_1_82' title="bbox 2117 3635 3707 3702">
    <p class='ocr_par' dir='ltr' id='par_1_82' title="bbox 2117 3635 3707 3702">
     <span class='ocr_line' id='line_1_82' title="bbox 2117 3635 3707 3702; baseline 0.006 -18"><span class='ocrx_word' id='word_1_573' title='bbox 2117 3635 2542 3690; x_wconf 89' lang='lat' dir='ltr'><strong>invulnerabiles</strong></span> <span class='ocrx_word' id='word_1_574' title='bbox 2579 3637 2780 3690; x_wconf 86' lang='lat' dir='ltr'><strong>nostris</strong></span> <span class='ocrx_word' id='word_1_575' title='bbox 2812 3637 3004 3702; x_wconf 86' lang='lat' dir='ltr'><strong>hastis,</strong></span> <span class='ocrx_word' id='word_1_576' title='bbox 3037 3646 3091 3690; x_wconf 91' lang='lat' dir='ltr'><strong>et</strong></span> <span class='ocrx_word' id='word_1_577' title='bbox 3130 3637 3496 3695; x_wconf 85' lang='lat' dir='ltr'><strong>adamantinis</strong></span> <span class='ocrx_word' id='word_1_578' title='bbox 3542 3640 3707 3696; x_wconf 85' lang='lat' dir='ltr'><strong>solidi</strong></span> 
     </span>
    </p>
   </div>
   <div class='ocr_carea' id='block_1_83' title="bbox 2116 3728 3710 3799">
    <p class='ocr_par' dir='ltr' id='par_1_83' title="bbox 2116 3728 3710 3799">
     <span class='ocr_line' id='line_1_83' title="bbox 2116 3728 3710 3799; baseline 0.004 -17"><span class='ocrx_word' id='word_1_579' title='bbox 2116 3729 2436 3797; x_wconf 82' lang='lat' dir='ltr'><strong>corporibus</strong></span> <span class='ocrx_word' id='word_1_580' title='bbox 2472 3728 2726 3799; x_wconf 84' lang='lat' dir='ltr'><strong>rigeant),</strong></span> <span class='ocrx_word' id='word_1_581' title='bbox 2763 3738 2872 3784; x_wconf 90' lang='lat' dir='ltr'><strong>toto</strong></span> <span class='ocrx_word' id='word_1_582' title='bbox 2898 3728 3098 3797; x_wconf 91' lang='lat' dir='ltr'><strong>impetu</strong></span> <span class='ocrx_word' id='word_1_583' title='bbox 3128 3745 3226 3798; x_wconf 89' lang='lat' dir='ltr'><strong>pro</strong></span> <span class='ocrx_word' id='word_1_584' title='bbox 3251 3742 3428 3786; x_wconf 87' lang='lat' dir='ltr'><strong>vestra</strong></span> <span class='ocrx_word' id='word_1_585' title='bbox 3457 3747 3619 3788; x_wconf 85' lang='lat' dir='ltr'><strong>causa</strong></span> <span class='ocrx_word' id='word_1_586' title='bbox 3653 3744 3710 3788; x_wconf 82' lang='lat' dir='ltr'><strong>et</strong></span> 
     </span>
    </p>
   </div>
   <div class='ocr_carea' id='block_1_84' title="bbox 2119 3822 3709 3896">
    <p class='ocr_par' dir='ltr' id='par_1_84' title="bbox 2119 3822 3709 3896">
     <span class='ocr_line' id='line_1_84' title="bbox 2119 3822 3709 3896; baseline 0.003 -20"><span class='ocrx_word' id='word_1_587' title='bbox 2119 3822 2398 3892; x_wconf 80' lang='lat' dir='ltr'><strong>majestate</strong></span> <span class='ocrx_word' id='word_1_588' title='bbox 2437 3822 2764 3892; x_wconf 80' lang='lat' dir='ltr'><strong>impctcndis</strong></span> <span class='ocrx_word' id='word_1_589' title='bbox 2796 3837 2859 3877; x_wconf 88' lang='lat' dir='ltr'><strong>ac</strong></span> <span class='ocrx_word' id='word_1_590' title='bbox 2890 3822 3245 3878; x_wconf 80' lang='lat' dir='ltr'><strong>debellandis.</strong></span> <span class='ocrx_word' id='word_1_591' title='bbox 3273 3823 3350 3878; x_wconf 82' lang='lat' dir='ltr'><strong>Ac</strong></span> <span class='ocrx_word' id='word_1_592' title='bbox 3380 3826 3423 3880; x_wconf 91' lang='lat' dir='ltr'><strong>si</strong></span> <span class='ocrx_word' id='word_1_593' title='bbox 3452 3841 3554 3896; x_wconf 75' lang='lat' dir='ltr'><strong>ego</strong></span> <span class='ocrx_word' id='word_1_594' title='bbox 3586 3829 3709 3896; x_wconf 88' lang='lat' dir='ltr'><strong>qui-</strong></span> 
     </span>
    </p>
   </div>
   <div class='ocr_carea' id='block_1_85' title="bbox 2119 3916 3711 3988">
    <p class='ocr_par' dir='ltr' id='par_1_85' title="bbox 2119 3916 3711 3988">
     <span class='ocr_line' id='line_1_85' title="bbox 2119 3916 3711 3988; baseline 0.002 -18"><span class='ocrx_word' id='word_1_595' title='bbox 2119 3919 2239 3971; x_wconf 89' lang='lat' dir='ltr'><strong>dem</strong></span> <span class='ocrx_word' id='word_1_596' title='bbox 2281 3925 2335 3969; x_wconf 86' lang='lat' dir='ltr'><strong>et</strong></span> <span class='ocrx_word' id='word_1_597' title='bbox 2375 3930 2606 3986; x_wconf 89' lang='lat' dir='ltr'><strong>corpore</strong></span> <span class='ocrx_word' id='word_1_598' title='bbox 2640 3916 2852 3980; x_wconf 85' lang='lat' dir='ltr'><strong>valebo,</strong></span> <span class='ocrx_word' id='word_1_599' title='bbox 2889 3924 2943 3971; x_wconf 88' lang='lat' dir='ltr'><strong>et</strong></span> <span class='ocrx_word' id='word_1_600' title='bbox 2975 3930 3005 3969; x_wconf 87' lang='lat' dir='ltr'><strong>a</strong></span> <span class='ocrx_word' id='word_1_601' title='bbox 3042 3916 3180 3970; x_wconf 85' lang='lat' dir='ltr'><strong>bello</strong></span> <span class='ocrx_word' id='word_1_602' title='bbox 3223 3931 3546 3988; x_wconf 84' lang='lat' dir='ltr'><strong>quocunque</strong></span> <span class='ocrx_word' id='word_1_603' title='bbox 3583 3919 3711 3974; x_wconf 70' lang='lat' dir='ltr'><strong>baro</strong></span> 
     </span>
    </p>
   </div>
   <div class='ocr_carea' id='block_1_86' title="bbox 2118 4007 3708 4083">
    <p class='ocr_par' dir='ltr' id='par_1_86' title="bbox 2118 4007 3708 4083">
     <span class='ocr_line' id='line_1_86' title="bbox 2118 4007 3708 4083; baseline 0.002 -20"><span class='ocrx_word' id='word_1_604' title='bbox 2118 4009 2303 4064; x_wconf 81' lang='lat' dir='ltr'><strong>barico</strong></span> <span class='ocrx_word' id='word_1_605' title='bbox 2331 4017 2425 4063; x_wconf 89' lang='lat' dir='ltr'><strong>aut</strong></span> <span class='ocrx_word' id='word_1_606' title='bbox 2456 4009 2687 4064; x_wconf 90' lang='lat' dir='ltr'><strong>&#39;l‘urcico</strong></span> <span class='ocrx_word' id='word_1_607' title='bbox 2713 4007 2848 4064; x_wconf 87' lang='lat' dir='ltr'><strong>liber</strong></span> <span class='ocrx_word' id='word_1_608' title='bbox 2879 4007 3053 4075; x_wconf 83' lang='lat' dir='ltr'><strong>fuero,</strong></span> <span class='ocrx_word' id='word_1_609' title='bbox 3079 4025 3178 4081; x_wconf 89' lang='lat' dir='ltr'><strong>per</strong></span> <span class='ocrx_word' id='word_1_610' title='bbox 3206 4025 3292 4066; x_wconf 90' lang='lat' dir='ltr'><strong>me</strong></span> <span class='ocrx_word' id='word_1_611' title='bbox 3316 4012 3434 4083; x_wconf 91' lang='lat' dir='ltr'><strong>ipse</strong></span> <span class='ocrx_word' id='word_1_612' title='bbox 3465 4027 3708 4083; x_wconf 81' lang='lat' dir='ltr'><strong>praesens</strong></span> 
     </span>
    </p>
   </div>
   <div class='ocr_carea' id='block_1_87' title="bbox 2119 4103 3712 4178">
    <p class='ocr_par' dir='ltr' id='par_1_87' title="bbox 2119 4103 3712 4178">
     <span class='ocr_line' id='line_1_87' title="bbox 2119 4103 3712 4178; baseline 0.005 -24"><span class='ocrx_word' id='word_1_613' title='bbox 2119 4103 2352 4158; x_wconf 66' lang='lat' dir='ltr'><strong>(iactabo</strong></span> <span class='ocrx_word' id='word_1_614' title='bbox 2386 4117 2536 4157; x_wconf 86' lang='lat' dir='ltr'><strong>meas</strong></span> <span class='ocrx_word' id='word_1_615' title='bbox 2567 4103 2778 4173; x_wconf 87' lang='lat' dir='ltr'><strong>copias,</strong></span> <span class='ocrx_word' id='word_1_616' title='bbox 2815 4118 3054 4174; x_wconf 89' lang='lat' dir='ltr'><strong>cumque</strong></span> <span class='ocrx_word' id='word_1_617' title='bbox 3101 4105 3169 4160; x_wconf 91' lang='lat' dir='ltr'><strong>iis</strong></span> <span class='ocrx_word' id='word_1_618' title='bbox 3217 4105 3611 4178; x_wconf 49' lang='lat' dir='ltr'><strong>meum‘caput</strong></span> <span class='ocrx_word' id='word_1_619' title='bbox 3656 4119 3712 4162; x_wconf 87' lang='lat' dir='ltr'><strong>et</strong></span> 
     </span>
    </p>
   </div>
   <div class='ocr_carea' id='block_1_88' title="bbox 2119 4197 3710 4269">
    <p class='ocr_par' dir='ltr' id='par_1_88' title="bbox 2119 4197 3710 4269">
     <span class='ocr_line' id='line_1_88' title="bbox 2119 4197 3710 4269; baseline 0.003 -19"><span class='ocrx_word' id='word_1_620' title='bbox 2119 4197 2286 4269; x_wconf 62' lang='grc'><strong>408</strong></span> <span class='ocrx_word' id='word_1_621' title='bbox 2301 4212 2498 4268; x_wconf 89' lang='lat' dir='ltr'><strong>corpus</strong></span> <span class='ocrx_word' id='word_1_622' title='bbox 2527 4214 2578 4251; x_wconf 83' lang='lat' dir='ltr'><strong>in</strong></span> <span class='ocrx_word' id='word_1_623' title='bbox 2609 4213 2804 4268; x_wconf 74' lang='lat' dir='ltr'><strong>pugna:</strong></span> <span class='ocrx_word' id='word_1_624' title='bbox 2829 4197 3120 4253; x_wconf 88' lang='lat' dir='ltr'><strong>discrimen</strong></span> <span class='ocrx_word' id='word_1_625' title='bbox 3149 4211 3332 4254; x_wconf 82' lang='lat' dir='ltr'><strong>vestra</strong></span> <span class='ocrx_word' id='word_1_626' title='bbox 3357 4216 3518 4256; x_wconf 89' lang='lat' dir='ltr'><strong>causa</strong></span> <span class='ocrx_word' id='word_1_627' title='bbox 3547 4202 3710 4256; x_wconf 86' lang='lat' dir='ltr'><strong>dabo.</strong></span> 
     </span>
    </p>
   </div>
   <div class='ocr_carea' id='block_1_89' title="bbox 2123 4291 3709 4361">
    <p class='ocr_par' dir='ltr' id='par_1_89' title="bbox 2123 4291 3709 4361">
     <span class='ocr_line' id='line_1_89' title="bbox 2123 4291 3709 4361; baseline 0.001 -14"><span class='ocrx_word' id='word_1_628' title='bbox 2123 4293 2220 4347; x_wconf 87' lang='lat' dir='ltr'><strong>Sin</strong></span> <span class='ocrx_word' id='word_1_629' title='bbox 2267 4308 2375 4356; x_wconf 88' lang='lat' dir='ltr'><strong>me,</strong></span> <span class='ocrx_word' id='word_1_630' title='bbox 2409 4291 2592 4361; x_wconf 86' lang='lat' dir='ltr'><strong>qualia</strong></span> <span class='ocrx_word' id='word_1_631' title='bbox 2630 4293 2800 4347; x_wconf 89' lang='lat' dir='ltr'><strong>multa</strong></span> <span class='ocrx_word' id='word_1_632' title='bbox 2841 4293 3132 4348; x_wconf 82' lang='lat' dir='ltr'><strong>humanam</strong></span> <span class='ocrx_word' id='word_1_633' title='bbox 3169 4294 3334 4347; x_wconf 88' lang='lat' dir='ltr'><strong>vitam</strong></span> <span class='ocrx_word' id='word_1_634' title='bbox 3364 4293 3709 4350; x_wconf 86' lang='lat' dir='ltr'><strong>iucOmmoda</strong></span> 
     </span>
    </p>
   </div>
   <div class='ocr_carea' id='block_1_90' title="bbox 2121 4386 3710 4457">
    <p class='ocr_par' dir='ltr' id='par_1_90' title="bbox 2121 4386 3710 4457">
     <span class='ocr_line' id='line_1_90' title="bbox 2121 4386 3710 4457; baseline -0.001 -15"><span class='ocrx_word' id='word_1_635' title='bbox 2121 4387 2402 4453; x_wconf 81' lang='lat' dir='ltr'><strong>infestant,</strong></span> <span class='ocrx_word' id='word_1_636' title='bbox 2433 4397 2522 4442; x_wconf 88' lang='lat' dir='ltr'><strong>aut</strong></span> <span class='ocrx_word' id='word_1_637' title='bbox 2553 4387 2736 4457; x_wconf 79' lang='lat' dir='ltr'><strong>gravis</strong></span> <span class='ocrx_word' id='word_1_638' title='bbox 2767 4387 2990 4442; x_wconf 84' lang='lat' dir='ltr'><strong>morbus</strong></span> <span class='ocrx_word' id='word_1_639' title='bbox 3019 4386 3345 4456; x_wconf 86' lang='lat' dir='ltr'><strong>impedierit,</strong></span> <span class='ocrx_word' id='word_1_640' title='bbox 3385 4397 3476 4441; x_wconf 87' lang='lat' dir='ltr'><strong>aut</strong></span> <span class='ocrx_word' id='word_1_641' title='bbox 3507 4387 3710 4442; x_wconf 88' lang='lat' dir='ltr'><strong>bellum</strong></span> 
     </span>
    </p>
   </div>
   <div class='ocr_carea' id='block_1_91' title="bbox 2125 4479 3713 4550">
    <p class='ocr_par' dir='ltr' id='par_1_91' title="bbox 2125 4479 3713 4550">
     <span class='ocr_line' id='line_1_91' title="bbox 2125 4479 3713 4550; baseline -0.001 -16"><span class='ocrx_word' id='word_1_642' title='bbox 2125 4480 2445 4536; x_wconf 89' lang='lat' dir='ltr'><strong>incumbens</strong></span> <span class='ocrx_word' id='word_1_643' title='bbox 2505 4480 2574 4536; x_wconf 91' lang='lat' dir='ltr'><strong>ad</strong></span> <span class='ocrx_word' id='word_1_644' title='bbox 2625 4495 2745 4536; x_wconf 90' lang='lat' dir='ltr'><strong>sese</strong></span> <span class='ocrx_word' id='word_1_645' title='bbox 2803 4479 2910 4534; x_wconf 87' lang='lat' dir='ltr'><strong>alio</strong></span> <span class='ocrx_word' id='word_1_646' title='bbox 2964 4479 3212 4544; x_wconf 76' lang='lat' dir='ltr'><strong>traxerit,</strong></span> <span class='ocrx_word' id='word_1_647' title='bbox 3271 4489 3398 4536; x_wconf 90' lang='lat' dir='ltr'><strong>tunc</strong></span> <span class='ocrx_word' id='word_1_648' title='bbox 3449 4480 3713 4550; x_wconf 87' lang='lat' dir='ltr'><strong>polliceor</strong></span> 
     </span>
    </p>
   </div>
   <div class='ocr_carea' id='block_1_92' title="bbox 423 4557 2011 4653">
    <p class='ocr_par' dir='ltr' id='par_1_92' title="bbox 423 4580 2011 4653">
     <span class='ocr_line' id='line_1_92' title="bbox 423 4580 2011 4653; baseline 0 -17"><span class='ocrx_word' id='word_1_649' title='bbox 423 4580 650 4636; x_wconf 85' lang='grc' dir='ltr'>δυνατόν</span> <span class='ocrx_word' id='word_1_650' title='bbox 681 4584 831 4636; x_wconf 89' lang='grc' dir='ltr'>ἐστιν</span> <span class='ocrx_word' id='word_1_651' title='bbox 872 4583 973 4653; x_wconf 77' lang='grc' dir='ltr'>ἐμὲ</span> <span class='ocrx_word' id='word_1_652' title='bbox 1015 4581 1312 4636; x_wconf 74' lang='grc' dir='ltr'>καταλύειν</span> <span class='ocrx_word' id='word_1_653' title='bbox 1351 4583 1448 4634; x_wconf 81' lang='grc' dir='ltr'><strong>καὶ</strong></span> <span class='ocrx_word' id='word_1_654' title='bbox 1473 4581 1764 4653; x_wconf 78' lang='grc' dir='ltr'>ἀπείργειν</span> <span class='ocrx_word' id='word_1_655' title='bbox 1791 4583 1886 4636; x_wconf 78' lang='grc' dir='ltr'>τοῦ</span> <span class='ocrx_word' id='word_1_656' title='bbox 1919 4600 2011 4637; x_wconf 83' lang='grc' dir='ltr'>κα-</span> 
     </span>
    </p>
   </div>
   <div class='ocr_carea' id='block_1_93' title="bbox 2115 4557 3708 4653">
    <p class='ocr_par' dir='ltr' id='par_1_93' title="bbox 2125 4571 3708 4644">
     <span class='ocr_line' id='line_1_93' title="bbox 2125 4571 3708 4644; baseline -0.001 -15"><span class='ocrx_word' id='word_1_657' title='bbox 2125 4575 2418 4630; x_wconf 89' lang='lat' dir='ltr'><strong>missurum</strong></span> <span class='ocrx_word' id='word_1_658' title='bbox 2453 4589 2539 4630; x_wconf 90' lang='lat' dir='ltr'><strong>me</strong></span> <span class='ocrx_word' id='word_1_659' title='bbox 2572 4589 2735 4644; x_wconf 87' lang='lat' dir='ltr'><strong>quam</strong></span> <span class='ocrx_word' id='word_1_660' title='bbox 2771 4583 2962 4642; x_wconf 85' lang='lat' dir='ltr'><strong>potero</strong></span> <span class='ocrx_word' id='word_1_661' title='bbox 3005 4571 3399 4628; x_wconf 79' lang='lat' dir='ltr'><strong>validissimum</strong></span> <span class='ocrx_word' id='word_1_662' title='bbox 3441 4572 3708 4627; x_wconf 82' lang='lat' dir='ltr'><strong>auxilium</strong></span> 
     </span>
    </p>
   </div>
   <div class='ocr_carea' id='block_1_94' title="bbox 425 4675 2016 4749">
    <p class='ocr_par' dir='ltr' id='par_1_94' title="bbox 425 4675 2016 4749">
     <span class='ocr_line' id='line_1_94' title="bbox 425 4675 2016 4749; baseline 0 -19"><span class='ocrx_word' id='word_1_663' title='bbox 425 4675 522 4730; x_wconf 78' lang='grc' dir='ltr'>κοῦ</span> <span class='ocrx_word' id='word_1_664' title='bbox 552 4677 974 4747; x_wconf 84' lang='grc' dir='ltr'>ἐγχειρήματος·</span> <span class='ocrx_word' id='word_1_665' title='bbox 1007 4676 1144 4732; x_wconf 71' lang='grc' dir='ltr'>ἀλλὰ</span> <span class='ocrx_word' id='word_1_666' title='bbox 1168 4676 1260 4728; x_wconf 75' lang='grc' dir='ltr'><strong>καὶ</strong></span> <span class='ocrx_word' id='word_1_667' title='bbox 1296 4675 1437 4746; x_wconf 71' lang='grc' dir='ltr'>ὑπὲρ</span> <span class='ocrx_word' id='word_1_668' title='bbox 1477 4677 1660 4747; x_wconf 77' lang='grc' dir='ltr'>πάσης</span> <span class='ocrx_word' id='word_1_669' title='bbox 1699 4675 1885 4748; x_wconf 81' lang='grc' dir='ltr'>χώρας</span> <span class='ocrx_word' id='word_1_670' title='bbox 1913 4681 2016 4749; x_wconf 77' lang='grc' dir='ltr'>τῆς</span> 
     </span>
    </p>
   </div>
   <div class='ocr_carea' id='block_1_95' title="bbox 424 4767 2016 4841">
    <p class='ocr_par' dir='ltr' id='par_1_95' title="bbox 424 4767 2016 4841">
     <span class='ocr_line' id='line_1_95' title="bbox 424 4767 2016 4841; baseline 0 -19"><span class='ocrx_word' id='word_1_671' title='bbox 424 4769 698 4841; x_wconf 86' lang='grc' dir='ltr'>ὑμετέρας</span> <span class='ocrx_word' id='word_1_672' title='bbox 750 4769 844 4821; x_wconf 80' lang='grc' dir='ltr'><strong>καὶ</strong></span> <span class='ocrx_word' id='word_1_673' title='bbox 885 4767 1094 4832; x_wconf 83' lang='grc' dir='ltr'>πόλεως</span> <span class='ocrx_word' id='word_1_674' title='bbox 1141 4769 1346 4837; x_wconf 75' lang='grc' dir='ltr'>μικρᾶς</span> <span class='ocrx_word' id='word_1_675' title='bbox 1375 4786 1434 4821; x_wconf 89' lang='grc' dir='ltr'><strong>τε</strong></span> <span class='ocrx_word' id='word_1_676' title='bbox 1477 4769 1570 4822; x_wconf 74' lang='grc' dir='ltr'><strong>καὶ</strong></span> <span class='ocrx_word' id='word_1_677' title='bbox 1621 4770 1869 4841; x_wconf 78' lang='grc' dir='ltr'>μεγάλης</span> <span class='ocrx_word' id='word_1_678' title='bbox 1919 4771 2016 4824; x_wconf 66' lang='grc' dir='ltr'><strong>καὶ</strong></span> 
     </span>
    </p>
   </div>
   <div class='ocr_carea' id='block_1_96' title="bbox 423 4859 2015 4934">
    <p class='ocr_par' dir='ltr' id='par_1_96' title="bbox 423 4859 2015 4934">
     <span class='ocr_line' id='line_1_96' title="bbox 423 4859 2015 4934; baseline 0.001 -20"><span class='ocrx_word' id='word_1_679' title='bbox 423 4864 608 4932; x_wconf 78' lang='grc' dir='ltr'>νήσων</span> <span class='ocrx_word' id='word_1_680' title='bbox 634 4861 834 4922; x_wconf 75' lang='grc' dir='ltr'>αὐτῶν,</span> <span class='ocrx_word' id='word_1_681' title='bbox 867 4861 962 4913; x_wconf 77' lang='grc' dir='ltr'><strong>καὶ</strong></span> <span class='ocrx_word' id='word_1_682' title='bbox 1000 4859 1361 4926; x_wconf 77' lang='grc' dir='ltr'>ἁπαξαπλῶς,</span> <span class='ocrx_word' id='word_1_683' title='bbox 1396 4862 1573 4932; x_wconf 67' lang='grc' dir='ltr'>ὁπόση</span> <span class='ocrx_word' id='word_1_684' title='bbox 1602 4862 1685 4926; x_wconf 90' lang='grc' dir='ltr'><strong>τίς</strong></span> <span class='ocrx_word' id='word_1_685' title='bbox 1719 4863 1833 4915; x_wconf 80' lang='grc' dir='ltr'>ἐστι</span> <span class='ocrx_word' id='word_1_686' title='bbox 1860 4863 1930 4934; x_wconf 84' lang='grc' dir='ltr'>γῆ</span> <span class='ocrx_word' id='word_1_687' title='bbox 1955 4880 2015 4916; x_wconf 90' lang='grc' dir='ltr'><strong>τε</strong></span> 
     </span>
    </p>
   </div>
   <div class='ocr_carea' id='block_1_97' title="bbox 424 4950 2010 5024">
    <p class='ocr_par' dir='ltr' id='par_1_97' title="bbox 424 4950 2010 5024">
     <span class='ocr_line' id='line_1_97' title="bbox 424 4950 2010 5024; baseline 0.001 -22"><span class='ocrx_word' id='word_1_688' title='bbox 424 4951 522 5004; x_wconf 69' lang='grc' dir='ltr'><strong>καὶ</strong></span> <span class='ocrx_word' id='word_1_689' title='bbox 579 4950 830 5004; x_wconf 68' lang='grc' dir='ltr'>Θάλασσα</span> <span class='ocrx_word' id='word_1_690' title='bbox 880 4951 986 5003; x_wconf 74' lang='grc' dir='ltr'><strong>ὑπὸ</strong></span> <span class='ocrx_word' id='word_1_691' title='bbox 1029 4950 1096 5003; x_wconf 68' lang='grc' dir='ltr'>τὰ</span> <span class='ocrx_word' id='word_1_692' title='bbox 1140 4951 1385 5020; x_wconf 83' lang='grc' dir='ltr'>ὑμέτερα</span> <span class='ocrx_word' id='word_1_693' title='bbox 1440 4953 1695 5024; x_wconf 72' lang='grc' dir='ltr'>σκῆπτρα</span> <span class='ocrx_word' id='word_1_694' title='bbox 1750 4952 1810 5017; x_wconf 81' lang='grc' dir='ltr'><strong>ἐξ</strong></span> <span class='ocrx_word' id='word_1_695' title='bbox 1845 4952 2010 5006; x_wconf 67' lang='grc' dir='ltr'>αὑτοῦ</span> 
     </span>
    </p>
   </div>
   <div class='ocr_carea' id='block_1_98' title="bbox 423 5041 2014 5115">
    <p class='ocr_par' dir='ltr' id='par_1_98' title="bbox 423 5041 2014 5115">
     <span class='ocr_line' id='line_1_98' title="bbox 423 5041 2014 5115; baseline 0.003 -21"><span class='ocrx_word' id='word_1_696' title='bbox 423 5043 665 5112; x_wconf 80' lang='grc' dir='ltr'>ὃήπουΟε</span> <span class='ocrx_word' id='word_1_697' title='bbox 686 5041 781 5096; x_wconf 78' lang='grc' dir='ltr'>τοῦ</span> <span class='ocrx_word' id='word_1_698' title='bbox 813 5041 1192 5112; x_wconf 79' lang='grc' dir='ltr'>Ἀδριαντικοῦ</span> <span class='ocrx_word' id='word_1_699' title='bbox 1220 5041 1491 5112; x_wconf 81' lang='grc' dir='ltr'>πελάγους</span> <span class='ocrx_word' id='word_1_700' title='bbox 1519 5048 1614 5098; x_wconf 71' lang='grc' dir='ltr'><strong>καὶ</strong></span> <span class='ocrx_word' id='word_1_701' title='bbox 1639 5044 1800 5115; x_wconf 80' lang='grc' dir='ltr'>μέχρι</span> <span class='ocrx_word' id='word_1_702' title='bbox 1828 5046 2014 5113; x_wconf 74' lang='grc' dir='ltr'>πάσης</span> 
     </span>
    </p>
   </div>
   <div class='ocr_carea' id='block_1_99' title="bbox 426 5133 2017 5206">
    <p class='ocr_par' dir='ltr' id='par_1_99' title="bbox 426 5133 2017 5206">
     <span class='ocr_line' id='line_1_99' title="bbox 426 5133 2017 5206; baseline 0.003 -21"><span class='ocrx_word' id='word_1_703' title='bbox 426 5133 698 5202; x_wconf 73' lang='grc' dir='ltr'>ἀνατολῆς</span> <span class='ocrx_word' id='word_1_704' title='bbox 729 5134 822 5186; x_wconf 83' lang='grc' dir='ltr'>καὶ</span> <span class='ocrx_word' id='word_1_705' title='bbox 855 5133 1002 5186; x_wconf 69' lang='grc' dir='ltr'>κατὰ</span> <span class='ocrx_word' id='word_1_706' title='bbox 1037 5135 1210 5204; x_wconf 84' lang='grc' dir='ltr'>μῆκος</span> <span class='ocrx_word' id='word_1_707' title='bbox 1244 5136 1341 5203; x_wconf 84' lang='grc' dir='ltr'><strong>τῆς</strong></span> <span class='ocrx_word' id='word_1_708' title='bbox 1381 5133 1626 5206; x_wconf 80' lang='grc' dir='ltr'>μεγάλης</span> <span class='ocrx_word' id='word_1_709' title='bbox 1667 5135 1850 5200; x_wconf 84' lang='grc' dir='ltr'>Ἀσίας</span> <span class='ocrx_word' id='word_1_710' title='bbox 1887 5133 2017 5189; x_wconf 72' lang='grc' dir='ltr'>ἔνθα</span> 
     </span>
    </p>
   </div>
   <div class='ocr_carea' id='block_1_100' title="bbox 425 5221 2016 5296">
    <p class='ocr_par' dir='ltr' id='par_1_100' title="bbox 425 5221 2016 5296">
     <span class='ocr_line' id='line_1_100' title="bbox 425 5221 2016 5296; baseline 0.001 -19"><span class='ocrx_word' id='word_1_711' title='bbox 425 5228 496 5278; x_wconf 71' lang='grc' dir='ltr'><strong>τα</strong></span> <span class='ocrx_word' id='word_1_712' title='bbox 524 5225 631 5278; x_wconf 86' lang='grc' dir='ltr'><strong>τῶν</strong></span> <span class='ocrx_word' id='word_1_713' title='bbox 669 5227 962 5295; x_wconf 81' lang='grc' dir='ltr'>Ῥωμαίων</span> <span class='ocrx_word' id='word_1_714' title='bbox 1012 5225 1291 5295; x_wconf 81' lang='grc' dir='ltr'>ὁρίσματα</span> <span class='ocrx_word' id='word_1_715' title='bbox 1324 5221 1412 5296; x_wconf 80' lang='grc' dir='ltr'>ἦν.</span> <span class='ocrx_word' id='word_1_716' title='bbox 1451 5227 1574 5278; x_wconf 83' lang='grc' dir='ltr'><strong>Ἔτι</strong></span> <span class='ocrx_word' id='word_1_717' title='bbox 1607 5227 1888 5296; x_wconf 80' lang='grc' dir='ltr'>συμφωνῶ</span> <span class='ocrx_word' id='word_1_718' title='bbox 1925 5229 2016 5279; x_wconf 76' lang='grc' dir='ltr'>καὶ</span> 
     </span>
    </p>
   </div>
   <div class='ocr_carea' id='block_1_101' title="bbox 427 5317 2019 5391">
    <p class='ocr_par' dir='ltr' id='par_1_101' title="bbox 427 5317 2019 5391">
     <span class='ocr_line' id='line_1_101' title="bbox 427 5317 2019 5391; baseline 0.001 -20"><span class='ocrx_word' id='word_1_719' title='bbox 427 5318 587 5372; x_wconf 68' lang='grc' dir='ltr'>ἔσται</span> <span class='ocrx_word' id='word_1_720' title='bbox 623 5319 730 5372; x_wconf 82' lang='grc' dir='ltr'><strong>τῶν</strong></span> <span class='ocrx_word' id='word_1_721' title='bbox 762 5317 1296 5390; x_wconf 65' lang='grc' dir='ltr'>συμπεφωνημένων</span> <span class='ocrx_word' id='word_1_722' title='bbox 1341 5320 1556 5391; x_wconf 76' lang='grc' dir='ltr'>μάρτυς</span> <span class='ocrx_word' id='word_1_723' title='bbox 1593 5321 1686 5373; x_wconf 81' lang='grc' dir='ltr'><strong>καὶ</strong></span> <span class='ocrx_word' id='word_1_724' title='bbox 1717 5319 1958 5390; x_wconf 57' lang='grc' dir='ltr'>ὑπήκοος</span> <span class='ocrx_word' id='word_1_725' title='bbox 1991 5321 2019 5373; x_wconf 84' lang='grc' dir='ltr'>ὁ</span> 
     </span>
    </p>
   </div>
   <div class='ocr_carea' id='block_1_102' title="bbox 427 5411 2022 5485">
    <p class='ocr_par' dir='ltr' id='par_1_102' title="bbox 427 5411 2022 5485">
     <span class='ocr_line' id='line_1_102' title="bbox 427 5411 2022 5485; baseline 0 -19"><span class='ocrx_word' id='word_1_726' title='bbox 427 5412 560 5476; x_wconf 69' lang='grc' dir='ltr'>Θεὸς</span> <span class='ocrx_word' id='word_1_727' title='bbox 593 5412 1174 5485; x_wconf 75' lang='grc' dir='ltr'>μηδεμίανμηὸἐποτε</span> <span class='ocrx_word' id='word_1_728' title='bbox 1213 5411 1400 5482; x_wconf 69' lang='grc' dir='ltr'>χώραν</span> <span class='ocrx_word' id='word_1_729' title='bbox 1428 5413 1775 5485; x_wconf 67' lang='grc' dir='ltr'>τεταγμένην</span> <span class='ocrx_word' id='word_1_730' title='bbox 1817 5414 1923 5466; x_wconf 75' lang='grc' dir='ltr'><strong>ὑπὸ</strong></span> <span class='ocrx_word' id='word_1_731' title='bbox 1955 5414 2022 5467; x_wconf 81' lang='grc' dir='ltr'>τὰ</span> 
     </span>
    </p>
   </div>
   <div class='ocr_carea' id='block_1_103' title="bbox 428 5503 2026 5577">
    <p class='ocr_par' dir='ltr' id='par_1_103' title="bbox 428 5503 2026 5577">
     <span class='ocr_line' id='line_1_103' title="bbox 428 5503 2026 5577; baseline 0.001 -20"><span class='ocrx_word' id='word_1_732' title='bbox 428 5505 668 5577; x_wconf 81' lang='grc' dir='ltr'>ὑμέτερα</span> <span class='ocrx_word' id='word_1_733' title='bbox 708 5507 970 5576; x_wconf 75' lang='grc' dir='ltr'>σκῆπτρα</span> <span class='ocrx_word' id='word_1_734' title='bbox 1011 5503 1124 5556; x_wconf 83' lang='grc' dir='ltr'>εἴτε</span> <span class='ocrx_word' id='word_1_735' title='bbox 1169 5503 1264 5555; x_wconf 79' lang='grc' dir='ltr'><strong>νῦν</strong></span> <span class='ocrx_word' id='word_1_736' title='bbox 1307 5504 1421 5556; x_wconf 79' lang='grc' dir='ltr'>εἴτε</span> <span class='ocrx_word' id='word_1_737' title='bbox 1454 5503 1744 5574; x_wconf 84' lang='grc' dir='ltr'>πρότερον,</span> <span class='ocrx_word' id='word_1_738' title='bbox 1779 5505 1893 5558; x_wconf 77' lang='grc' dir='ltr'>εἴτε</span> <span class='ocrx_word' id='word_1_739' title='bbox 1928 5507 2026 5558; x_wconf 76' lang='grc' dir='ltr'><strong>πό-</strong></span> 
     </span>
    </p>
   </div>
   <div class='ocr_carea' id='block_1_104' title="bbox 427 5595 2021 5666">
    <p class='ocr_par' dir='ltr' id='par_1_104' title="bbox 427 5595 2021 5666">
     <span class='ocr_line' id='line_1_104' title="bbox 427 5595 2021 5666; baseline 0.004 -19"><span class='ocrx_word' id='word_1_740' title='bbox 427 5595 512 5647; x_wconf 83' lang='grc' dir='ltr'><strong>λιν</strong></span> <span class='ocrx_word' id='word_1_741' title='bbox 543 5597 576 5666; x_wconf 72' lang='grc' dir='ltr'><strong>ἢ</strong></span> <span class='ocrx_word' id='word_1_742' title='bbox 604 5599 768 5666; x_wconf 68' lang='grc' dir='ltr'>νῆσον</span> <span class='ocrx_word' id='word_1_743' title='bbox 800 5599 1022 5666; x_wconf 80' lang='grc' dir='ltr'>κρατεῖν</span> <span class='ocrx_word' id='word_1_744' title='bbox 1053 5614 1109 5650; x_wconf 85' lang='grc' dir='ltr'><strong>τε</strong></span> <span class='ocrx_word' id='word_1_745' title='bbox 1147 5599 1242 5650; x_wconf 74' lang='grc' dir='ltr'><strong>καὶ</strong></span> <span class='ocrx_word' id='word_1_746' title='bbox 1272 5598 1441 5666; x_wconf 78' lang='grc' dir='ltr'>ἔχειν.</span> <span class='ocrx_word' id='word_1_747' title='bbox 1473 5597 1584 5650; x_wconf 77' lang='grc' dir='ltr'>Καὶ</span> <span class='ocrx_word' id='word_1_748' title='bbox 1622 5598 1814 5661; x_wconf 85' lang='grc' dir='ltr'>ἁπλῶς</span> <span class='ocrx_word' id='word_1_749' title='bbox 1845 5602 2021 5654; x_wconf 74' lang='grc' dir='ltr'>ὁπόσα</span> 
     </span>
    </p>
   </div>
   <div class='ocr_carea' id='block_1_105' title="bbox 2124 4666 3710 4738">
    <p class='ocr_par' dir='ltr' id='par_1_105' title="bbox 2124 4666 3710 4738">
     <span class='ocr_line' id='line_1_105' title="bbox 2124 4666 3710 4738; baseline 0.003 -19"><span class='ocrx_word' id='word_1_750' title='bbox 2124 4668 2365 4722; x_wconf 87' lang='lat' dir='ltr'><strong>virorum</strong></span> <span class='ocrx_word' id='word_1_751' title='bbox 2400 4667 2624 4723; x_wconf 83' lang='lat' dir='ltr'><strong>fortium</strong></span> <span class='ocrx_word' id='word_1_752' title='bbox 2655 4668 2744 4737; x_wconf 90' lang='lat' dir='ltr'><strong>qui</strong></span> <span class='ocrx_word' id='word_1_753' title='bbox 2777 4666 2910 4722; x_wconf 91' lang='lat' dir='ltr'><strong>mihi</strong></span> <span class='ocrx_word' id='word_1_754' title='bbox 2940 4667 3192 4733; x_wconf 88' lang='lat' dir='ltr'><strong>subsunt,</strong></span> <span class='ocrx_word' id='word_1_755' title='bbox 3231 4668 3324 4738; x_wconf 91' lang='lat' dir='ltr'><strong>qui</strong></span> <span class='ocrx_word' id='word_1_756' title='bbox 3357 4667 3424 4721; x_wconf 86' lang='lat' dir='ltr'><strong>ad</strong></span> <span class='ocrx_word' id='word_1_757' title='bbox 3469 4676 3710 4723; x_wconf 88' lang='lat' dir='ltr'><strong>vestrum</strong></span> 
     </span>
    </p>
   </div>
   <div class='ocr_carea' id='block_1_106' title="bbox 2127 4759 3705 4834">
    <p class='ocr_par' dir='ltr' id='par_1_106' title="bbox 2127 4759 3705 4834">
     <span class='ocr_line' id='line_1_106' title="bbox 2127 4759 3705 4834; baseline 0 -19"><span class='ocrx_word' id='word_1_758' title='bbox 2127 4772 2318 4817; x_wconf 90' lang='lat' dir='ltr'><strong>nutum</strong></span> <span class='ocrx_word' id='word_1_759' title='bbox 2354 4776 2464 4834; x_wconf 85' lang='lat' dir='ltr'><strong>quo</strong></span> <span class='ocrx_word' id='word_1_760' title='bbox 2510 4760 2773 4833; x_wconf 89' lang='lat' dir='ltr'><strong>jubebitis</strong></span> <span class='ocrx_word' id='word_1_761' title='bbox 2803 4768 2997 4831; x_wconf 69' lang='lat' dir='ltr'><strong>praesto</strong></span> <span class='ocrx_word' id='word_1_762' title='bbox 3057 4759 3256 4824; x_wconf 82' lang='lat' dir='ltr'><strong>futuri,</strong></span> <span class='ocrx_word' id='word_1_763' title='bbox 3313 4775 3491 4814; x_wconf 83' lang='lat' dir='ltr'><strong>meum</strong></span> <span class='ocrx_word' id='word_1_764' title='bbox 3545 4761 3705 4815; x_wconf 53' lang='lat' dir='ltr'><strong>obse.</strong></span> 
     </span>
    </p>
   </div>
   <div class='ocr_carea' id='block_1_107' title="bbox 2127 4853 3716 4928">
    <p class='ocr_par' dir='ltr' id='par_1_107' title="bbox 2127 4853 3716 4928">
     <span class='ocr_line' id='line_1_107' title="bbox 2127 4853 3716 4928; baseline 0 -19"><span class='ocrx_word' id='word_1_765' title='bbox 2127 4858 2314 4928; x_wconf 89' lang='lat' dir='ltr'><strong>quinm</strong></span> <span class='ocrx_word' id='word_1_766' title='bbox 2366 4864 2758 4926; x_wconf 78' lang='lat' dir='ltr'><strong>repraesentem</strong></span> <span class='ocrx_word' id='word_1_767' title='bbox 2809 4865 2862 4910; x_wconf 87' lang='lat' dir='ltr'><strong>et</strong></span> <span class='ocrx_word' id='word_1_768' title='bbox 2915 4853 3188 4910; x_wconf 81' lang='lat' dir='ltr'><strong>defectum</strong></span> <span class='ocrx_word' id='word_1_769' title='bbox 3238 4855 3550 4926; x_wconf 85' lang='lat' dir='ltr'><strong>suppleam.</strong></span> <span class='ocrx_word' id='word_1_770' title='bbox 3589 4854 3716 4909; x_wconf 73' lang='lat' dir='ltr'><strong>Haec</strong></span> 
     </span>
    </p>
   </div>
   <div class='ocr_carea' id='block_1_108' title="bbox 2124 4945 3718 5016">
    <p class='ocr_par' dir='ltr' id='par_1_108' title="bbox 2124 4945 3718 5016">
     <span class='ocr_line' id='line_1_108' title="bbox 2124 4945 3718 5016; baseline -0.002 -11"><span class='ocrx_word' id='word_1_771' title='bbox 2124 4949 2270 5005; x_wconf 85' lang='lat' dir='ltr'><strong>enim</strong></span> <span class='ocrx_word' id='word_1_772' title='bbox 2304 4958 2452 5003; x_wconf 86' lang='lat' dir='ltr'><strong>recta</strong></span> <span class='ocrx_word' id='word_1_773' title='bbox 2497 4947 2628 5002; x_wconf 87' lang='lat' dir='ltr'><strong>ﬁdes</strong></span> <span class='ocrx_word' id='word_1_774' title='bbox 2654 4956 2761 5009; x_wconf 86' lang='lat' dir='ltr'><strong>est,</strong></span> <span class='ocrx_word' id='word_1_775' title='bbox 2789 4961 2952 5016; x_wconf 87' lang='lat' dir='ltr'><strong>quam</strong></span> <span class='ocrx_word' id='word_1_776' title='bbox 3004 4945 3162 5002; x_wconf 86' lang='lat' dir='ltr'><strong>hodie</strong></span> <span class='ocrx_word' id='word_1_777' title='bbox 3219 4945 3490 5014; x_wconf 79' lang='lat' dir='ltr'><strong>majestati</strong></span> <span class='ocrx_word' id='word_1_778' title='bbox 3525 4955 3718 5002; x_wconf 72' lang='lat' dir='ltr'><strong>vestra:</strong></span> 
     </span>
    </p>
   </div>
   <div class='ocr_carea' id='block_1_109' title="bbox 2123 5039 3712 5112">
    <p class='ocr_par' dir='ltr' id='par_1_109' title="bbox 2123 5039 3712 5112">
     <span class='ocr_line' id='line_1_109' title="bbox 2123 5039 3712 5112; baseline -0.002 -16"><span class='ocrx_word' id='word_1_779' title='bbox 2123 5041 2325 5112; x_wconf 80' lang='lat' dir='ltr'><strong>obligo,</strong></span> <span class='ocrx_word' id='word_1_780' title='bbox 2364 5051 2456 5095; x_wconf 86' lang='lat' dir='ltr'><strong>aut</strong></span> <span class='ocrx_word' id='word_1_781' title='bbox 2488 5055 2580 5111; x_wconf 85' lang='lat' dir='ltr'><strong>per</strong></span> <span class='ocrx_word' id='word_1_782' title='bbox 2609 5055 2697 5094; x_wconf 86' lang='lat' dir='ltr'><strong>me</strong></span> <span class='ocrx_word' id='word_1_783' title='bbox 2725 5051 2812 5094; x_wconf 89' lang='lat' dir='ltr'><strong>aut</strong></span> <span class='ocrx_word' id='word_1_784' title='bbox 2846 5056 2942 5108; x_wconf 88' lang='lat' dir='ltr'><strong>per</strong></span> <span class='ocrx_word' id='word_1_785' title='bbox 2975 5039 3134 5106; x_wconf 84' lang='lat' dir='ltr'><strong>alios,</strong></span> <span class='ocrx_word' id='word_1_786' title='bbox 3173 5049 3232 5094; x_wconf 88' lang='lat' dir='ltr'><strong>ut</strong></span> <span class='ocrx_word' id='word_1_787' title='bbox 3257 5039 3411 5104; x_wconf 74' lang='lat' dir='ltr'><strong>dixi,</strong></span> <span class='ocrx_word' id='word_1_788' title='bbox 3445 5039 3712 5094; x_wconf 67' lang='lat' dir='ltr'><strong>illibatum</strong></span> 
     </span>
    </p>
   </div>
   <div class='ocr_carea' id='block_1_110' title="bbox 2124 5132 3712 5203">
    <p class='ocr_par' dir='ltr' id='par_1_110' title="bbox 2124 5132 3712 5203">
     <span class='ocr_line' id='line_1_110' title="bbox 2124 5132 3712 5203; baseline -0.003 -13"><span class='ocrx_word' id='word_1_789' title='bbox 2124 5134 2264 5190; x_wconf 86' lang='lat' dir='ltr'><strong>tueri</strong></span> <span class='ocrx_word' id='word_1_790' title='bbox 2297 5133 2651 5203; x_wconf 83' lang='lat' dir='ltr'><strong>subjectionis</strong></span> <span class='ocrx_word' id='word_1_791' title='bbox 2674 5132 2944 5198; x_wconf 74' lang='lat' dir='ltr'><strong>cilicium;</strong></span> <span class='ocrx_word' id='word_1_792' title='bbox 2982 5135 3084 5188; x_wconf 90' lang='lat' dir='ltr'><strong>hoc</strong></span> <span class='ocrx_word' id='word_1_793' title='bbox 3114 5147 3281 5188; x_wconf 85' lang='lat' dir='ltr'><strong>sensu</strong></span> <span class='ocrx_word' id='word_1_794' title='bbox 3319 5143 3522 5190; x_wconf 86' lang='lat' dir='ltr'><strong>rectam</strong></span> <span class='ocrx_word' id='word_1_795' title='bbox 3549 5134 3712 5190; x_wconf 85' lang='lat' dir='ltr'><strong>ﬁdem</strong></span> 
     </span>
    </p>
   </div>
   <div class='ocr_carea' id='block_1_111' title="bbox 2119 5229 3718 5299">
    <p class='ocr_par' dir='ltr' id='par_1_111' title="bbox 2119 5229 3718 5299">
     <span class='ocr_line' id='line_1_111' title="bbox 2119 5229 3718 5299; baseline 0 -17"><span class='ocrx_word' id='word_1_796' title='bbox 2119 5231 2266 5298; x_wconf 90' lang='lat' dir='ltr'><strong>juro,</strong></span> <span class='ocrx_word' id='word_1_797' title='bbox 2303 5240 2358 5283; x_wconf 85' lang='lat' dir='ltr'><strong>ct</strong></span> <span class='ocrx_word' id='word_1_798' title='bbox 2386 5229 2682 5283; x_wconf 85' lang='lat' dir='ltr'><strong>nniversim</strong></span> <span class='ocrx_word' id='word_1_799' title='bbox 2713 5239 2768 5284; x_wconf 87' lang='lat' dir='ltr'><strong>et</strong></span> <span class='ocrx_word' id='word_1_800' title='bbox 2794 5243 2891 5297; x_wconf 90' lang='lat' dir='ltr'><strong>per</strong></span> <span class='ocrx_word' id='word_1_801' title='bbox 2927 5239 3134 5299; x_wconf 76' lang='lat' dir='ltr'><strong>partes,</strong></span> <span class='ocrx_word' id='word_1_802' title='bbox 3179 5245 3279 5298; x_wconf 88' lang='lat' dir='ltr'><strong>pro</strong></span> <span class='ocrx_word' id='word_1_803' title='bbox 3308 5239 3489 5286; x_wconf 81' lang='lat' dir='ltr'><strong>vestra</strong></span> <span class='ocrx_word' id='word_1_804' title='bbox 3523 5230 3718 5299; x_wconf 85' lang='lat' dir='ltr'><strong>ampli-</strong></span> 
     </span>
    </p>
   </div>
   <div class='ocr_carea' id='block_1_112' title="bbox 2125 5321 3711 5393">
    <p class='ocr_par' dir='ltr' id='par_1_112' title="bbox 2125 5321 3711 5393">
     <span class='ocr_line' id='line_1_112' title="bbox 2125 5321 3711 5393; baseline -0.001 -17"><span class='ocrx_word' id='word_1_805' title='bbox 2125 5322 2312 5378; x_wconf 79' lang='lat' dir='ltr'><strong>tudine</strong></span> <span class='ocrx_word' id='word_1_806' title='bbox 2337 5337 2401 5376; x_wconf 89' lang='lat' dir='ltr'><strong>ac</strong></span> <span class='ocrx_word' id='word_1_807' title='bbox 2435 5321 2698 5390; x_wconf 85' lang='lat' dir='ltr'><strong>polentia,</strong></span> <span class='ocrx_word' id='word_1_808' title='bbox 2725 5337 2931 5393; x_wconf 87' lang='lat' dir='ltr'><strong>proque</strong></span> <span class='ocrx_word' id='word_1_809' title='bbox 2957 5333 3141 5378; x_wconf 84' lang='lat' dir='ltr'><strong>vestra</strong></span> <span class='ocrx_word' id='word_1_810' title='bbox 3162 5322 3297 5387; x_wconf 85' lang='lat' dir='ltr'><strong>vita,</strong></span> <span class='ocrx_word' id='word_1_811' title='bbox 3324 5322 3452 5387; x_wconf 87' lang='lat' dir='ltr'><strong>hac,</strong></span> <span class='ocrx_word' id='word_1_812' title='bbox 3474 5325 3711 5392; x_wconf 87' lang='lat' dir='ltr'><strong>inquam,</strong></span> 
     </span>
    </p>
   </div>
   <div class='ocr_carea' id='block_1_113' title="bbox 2125 5413 3712 5484">
    <p class='ocr_par' dir='ltr' id='par_1_113' title="bbox 2125 5413 3712 5484">
     <span class='ocr_line' id='line_1_113' title="bbox 2125 5413 3712 5484; baseline 0 -16"><span class='ocrx_word' id='word_1_813' title='bbox 2125 5415 2308 5468; x_wconf 83' lang='lat' dir='ltr'><strong>inﬁma</strong></span> <span class='ocrx_word' id='word_1_814' title='bbox 2345 5413 2700 5484; x_wconf 86' lang='lat' dir='ltr'><strong>terrestrique</strong></span> <span class='ocrx_word' id='word_1_815' title='bbox 2731 5429 2796 5471; x_wconf 85' lang='lat' dir='ltr'><strong>ac</strong></span> <span class='ocrx_word' id='word_1_816' title='bbox 2826 5415 3064 5472; x_wconf 80' lang='lat' dir='ltr'><strong>naturali</strong></span> <span class='ocrx_word' id='word_1_817' title='bbox 3091 5416 3203 5472; x_wconf 86' lang='lat' dir='ltr'><strong>vita</strong></span> <span class='ocrx_word' id='word_1_818' title='bbox 3228 5458 3245 5484; x_wconf 88' lang='lat'><strong>,</strong></span> <span class='ocrx_word' id='word_1_819' title='bbox 3275 5415 3477 5472; x_wconf 85' lang='lat' dir='ltr'><strong>tuenda</strong></span> <span class='ocrx_word' id='word_1_820' title='bbox 3509 5430 3679 5483; x_wconf 83' lang='lat' dir='ltr'><strong>propu</strong></span> <span class='ocrx_word' id='word_1_821' title='bbox 3699 5445 3712 5454; x_wconf 92' lang='lat'><strong>-</strong></span> 
     </span>
    </p>
   </div>
   <div class='ocr_carea' id='block_1_114' title="bbox 2125 5506 3714 5576">
    <p class='ocr_par' dir='ltr' id='par_1_114' title="bbox 2125 5506 3714 5576">
     <span class='ocr_line' id='line_1_114' title="bbox 2125 5506 3714 5576; baseline 0 -16"><span class='ocrx_word' id='word_1_822' title='bbox 2125 5506 2480 5576; x_wconf 76' lang='lat' dir='ltr'><strong>gnandaque,</strong></span> <span class='ocrx_word' id='word_1_823' title='bbox 2520 5521 2624 5560; x_wconf 92' lang='lat' dir='ltr'><strong>non</strong></span> <span class='ocrx_word' id='word_1_824' title='bbox 2685 5507 2864 5562; x_wconf 90' lang='lat' dir='ltr'><strong>minus</strong></span> <span class='ocrx_word' id='word_1_825' title='bbox 2925 5509 3284 5565; x_wconf 78' lang='lat' dir='ltr'><strong>inconcussus</strong></span> <span class='ocrx_word' id='word_1_826' title='bbox 3341 5525 3404 5564; x_wconf 89' lang='lat' dir='ltr'><strong>ac</strong></span> <span class='ocrx_word' id='word_1_827' title='bbox 3457 5518 3714 5563; x_wconf 76' lang='lat' dir='ltr'><strong>constans</strong></span> 
     </span>
    </p>
   </div>
   <div class='ocr_carea' id='block_1_115' title="bbox 2125 5597 3714 5680">
    <p class='ocr_par' dir='ltr' id='par_1_115' title="bbox 2125 5597 3714 5680">
     <span class='ocr_line' id='line_1_115' title="bbox 2125 5597 3714 5680; baseline -0.001 -28"><span class='ocrx_word' id='word_1_828' title='bbox 2125 5616 2286 5680; x_wconf 79' lang='lat' dir='ltr'><strong>quam</strong></span> <span class='ocrx_word' id='word_1_829' title='bbox 2317 5598 2495 5653; x_wconf 84' lang='lat' dir='ltr'><strong>ferrea</strong></span> <span class='ocrx_word' id='word_1_830' title='bbox 2528 5597 2612 5654; x_wconf 84' lang='lat' dir='ltr'><strong>vel</strong></span> <span class='ocrx_word' id='word_1_831' title='bbox 2648 5615 2755 5654; x_wconf 70' lang='lat' dir='ltr'><strong>mre</strong></span> <span class='ocrx_word' id='word_1_832' title='bbox 2784 5598 2901 5655; x_wconf 81' lang='lat' dir='ltr'><strong>fusa</strong></span> <span class='ocrx_word' id='word_1_833' title='bbox 2946 5603 3176 5658; x_wconf 69' lang='lat' dir='ltr'><strong>ductare</strong></span> <span class='ocrx_word' id='word_1_834' title='bbox 3216 5612 3394 5658; x_wconf 88' lang='lat' dir='ltr'><strong>statua</strong></span> <span class='ocrx_word' id='word_1_835' title='bbox 3446 5599 3498 5654; x_wconf 87' lang='lat' dir='ltr'><strong>in</strong></span> <span class='ocrx_word' id='word_1_836' title='bbox 3546 5600 3714 5652; x_wconf 84' lang='lat' dir='ltr'><strong>armis</strong></span> 
     </span>
    </p>
   </div>
   <div class='ocr_carea' id='block_1_116' title="bbox 1496 5735 2634 5807">
    <p class='ocr_par' dir='ltr' id='par_1_116' title="bbox 1496 5735 2634 5807">
     <span class='ocr_line' id='line_1_116' title="bbox 1496 5735 2634 5807; baseline 0.008 -12"><span class='ocrx_word' id='word_1_837' title='bbox 1496 5735 1695 5800; x_wconf 70' lang='lat' dir='ltr'><strong>Varim</strong></span> <span class='ocrx_word' id='word_1_838' title='bbox 1734 5739 2043 5807; x_wconf 88' lang='lat' dir='ltr'><strong>lectiones</strong></span> <span class='ocrx_word' id='word_1_839' title='bbox 2077 5760 2153 5807; x_wconf 80' lang='lat' dir='ltr'><strong>ex</strong></span> <span class='ocrx_word' id='word_1_840' title='bbox 2179 5743 2324 5807; x_wconf 87' lang='lat' dir='ltr'><strong>cod.</strong></span> <span class='ocrx_word' id='word_1_841' title='bbox 2362 5741 2634 5807; x_wconf 88' lang='lat' dir='ltr'><strong>Coislin.</strong></span> 
     </span>
    </p>
   </div>
   <div class='ocr_carea' id='block_1_117' title="bbox 506 5860 1658 5934">
    <p class='ocr_par' dir='ltr' id='par_1_117' title="bbox 506 5860 1658 5934">
     <span class='ocr_line' id='line_1_117' title="bbox 506 5860 1658 5934; baseline 0 -18"><span class='ocrx_word' id='word_1_842' title='bbox 506 5863 554 5894; x_wconf 82' lang='lat'>“</span> <span class='ocrx_word' id='word_1_843' title='bbox 586 5863 614 5916; x_wconf 83' lang='grc' dir='ltr'>ὁ</span> <span class='ocrx_word' id='word_1_844' title='bbox 649 5861 1006 5933; x_wconf 81' lang='grc' dir='ltr'>Βαῖμοὺνδος.</span> <span class='ocrx_word' id='word_1_845' title='bbox 1088 5863 1135 5895; x_wconf 82' lang='grc'>⁸³</span> <span class='ocrx_word' id='word_1_846' title='bbox 1174 5861 1335 5919; x_wconf 84' lang='lat' dir='ltr'><strong>Deest</strong></span> <span class='ocrx_word' id='word_1_847' title='bbox 1391 5875 1496 5919; x_wconf 76' lang='lat' dir='ltr'><strong>vox</strong></span> <span class='ocrx_word' id='word_1_848' title='bbox 1529 5860 1658 5934; x_wconf 76' lang='grc' dir='ltr'>κῦρ.</span> 
     </span>
    </p>
   </div>
  </div>
