4086 6408
399 356 565 441 1007,
1679 342 1909 406 ANNn
1949 334 2331 400 commence
3518 321 3664 384 ιωε

407 494 496 536 me
533 481 799 533 staturum
832 485 845 521 :
874 467 1352 539 jumm.-ntumqne
1380 475 1619 531 eousque
1640 458 1896 521 extendo,
1922 464 1981 508 ut
2009 502 2013 512 .

2112 471 2117 517 ι
2177 441 2430 516 βασιλεία
2481 438 3115 503 Κωνσταντινουπὸὶεως
3161 436 3439 507 περιεῖχεν
3490 435 3523 507 ἢ
3570 435 3669 490 νῦν

409 588 518 630 non
551 576 757 625 tantum
790 579 887 633 pm
916 559 1182 616 membris
1215 557 1413 613 vestris
1444 555 1629 625 regiis,
1674 552 1769 606 sed
1814 549 1978 603 etiam

2112 539 2329 610 ιατέχει,
2367 537 2514 590 κατὰ
2541 552 2599 588 τε
2629 534 2728 605 τὴν
2755 532 3025 600 ἀνατολὴν
3059 532 3153 583 καὶ
3186 528 3286 598 τὴν
3313 527 3490 591 δύσιν,
3514 526 3672 589 ὲκτδς

409 681 510 738 pro
536 664 742 720 honore
771 654 1107 713 defendendo
1130 660 1332 713 vestro,
1359 648 1727 719 dignitateque
1751 657 1815 697 ac
1840 639 1984 726 larua

2112 632 2194 685 ’ῶν
2235 629 2417 703 ῥητῶς
2449 625 2841 696 δεδωρημένων
2873 641 2964 695 μοι
3012 620 3166 693 παρὰ
3198 620 3293 673 τοῦ
3323 616 3671 688 θεοπροϐλὴ-

2306 724 2317 737 .
2499 721 2513 738 .
2578 718 2646 738 ρο.
2718 717 2748 738 ι
2800 717 2887 738 ---ι
2922 717 3046 738 ----ν
3084 714 3251 738 Lm-
3289 712 3667 738 ε..π..ιη----.

414 712 630 813 ἵυοηιιὶε
661 760 850 809 contra
880 757 1233 817 quoscunque
1258 739 1454 795 ledere
1480 737 1602 792 illas
1638 743 1734 790 aut
1781 718 1985 786 violare

2112 742 2181 778 του
2215 724 2457 795 κράτους
2492 718 2670 790 ὑμῶν,
2715 717 2754 772 ἃ
2797 717 2893 771 καὶ
2921 717 3046 770 κατ’
3082 714 3256 784 ὄνομα
3285 712 3670 782 δηλωθήσεται

2086 819 2144 869 εν
2179 815 2256 886 τῷ
2283 814 2513 885 παρόντι
2533 810 2819 880 ἐγγράφῳ.
2872 807 3015 861 Ἀλλ’
3046 808 3253 877 ὁπόσην
3280 804 3347 860 ἂν
3377 802 3674 874 δυνηθείην

2087 905 2459 980 χειρώσασθαι
2478 902 2667 976 χώραν
2708 898 2975 954 τελοῦσαν
2997 914 3130 951 ποτε
3155 898 3257 950 ὑπὶ
3275 895 3373 968 τὴν
3397 893 3678 966 βασιλείαν

2087 1000 2294 1069 ταύτην
2316 1000 2683 1066 ἀπωσάμενος
2701 994 2824 1056 τοὺς
2844 992 2945 1064 τὴν
2964 992 3150 1063 χώραν
3173 990 3391 1059 ἐκείνην
3412 1005 3516 1042 κατ
3526 989 3680 1057 έχον-

2087 1106 2188 1152 τας
2207 1091 2285 1153 είς
2305 1089 2402 1158 τὴν
2426 1087 2653 1157 γνώμην
2675 1085 2775 1156 τὴν
2798 1084 3071 1155 ὑμετέραν
3094 1082 3334 1152 ἀναρτᾷν
3356 1080 3559 1147 ὀφείλω
3580 1079 3679 1149 τὴν

414 840 820 916 quomodolibet
859 842 1210 896 nttentantes,
1246 827 1328 883 vel
1363 835 1641 919 parantes,
1682 831 1797 878 tota
1833 822 1885 875 vi
1920 833 1986 875 ac

413 914 657 1009 potentia
687 946 802 987 mea
842 928 1076 992 veniam;
1106 924 1360 1006 injuriam
1398 933 1498 990 pro
1523 914 1658 973 'meo
1685 914 1826 970 virili
1862 925 1989 982 pro-

414 1005 710 1082 liibiturus.
742 1020 852 1073 Nec
886 1031 983 1087 pro
1013 1012 1158 1069 fama
1184 1005 1240 1067 ct
1261 1007 1664 1067 existimatione
1695 1005 1866 1060 solum
1896 1015 1991 1055 ve-

414 1126 551 1183 stra,
581 1114 674 1171 sed
712 1111 879 1165 etiam
916 1122 1013 1177 pro
1065 1104 1257 1175 quavis
1312 1102 1567 1172 regione,
1612 1096 1746 1151 urbe
1772 1135 1787 1158 ,
1826 1107 1989 1162 parva

413 1207 498 1262 vel
530 1216 747 1274 magna,
777 1197 970 1255 insulis
1001 1209 1220 1265 quoque
1260 1188 1426 1260 ipsis;
1452 1187 1711 1256 denique,
1740 1195 1798 1239 ut
1824 1185 1991 1238 verbo

413 1299 613 1362 dicam,
644 1309 741 1366 pro
765 1303 1089 1363 quocunque
1118 1286 1238 1341 loco
1263 1292 1424 1339 terra:
1456 1280 1729 1348 marisque
1756 1277 1991 1346 sceptris

414 1390 612 1447 vestris
650 1385 911 1450 obnoxio,
944 1383 1014 1439 ab
1040 1377 1320 1435 Adriatico
1358 1376 1571 1446 pelago,
1604 1386 1777 1442 usque
1802 1369 1874 1425 ad
1906 1379 1992 1424 to-

415 1496 526 1539 tum
558 1481 864 1542 Orientem,
890 1486 945 1530 et
980 1488 1074 1545 per
1101 1471 1441 1526 latitudinem
1471 1480 1677 1535 magna:
1706 1463 1870 1527 Asim,
1898 1460 1991 1517 ubi

400 1572 788 1631 'Itomanorum
829 1568 963 1622 lines
991 1572 1174 1621 erant.
1200 1562 1467 1617 Promitto
1494 1565 1773 1630 praeterea,
1804 1563 1861 1610 et
1892 1553 1996 1610 erit

414 1666 810 1739 promissorum
863 1659 1019 1714 testis
1069 1666 1122 1712 et
1156 1655 1372 1709 auditor
1420 1653 1596 1717 Deus,
1649 1650 1854 1704 nullam
1909 1660 1996 1701 me

417 1774 653 1830 unquam
701 1754 978 1825 regionem
1021 1748 1321 1820 subjectam
1349 1743 1585 1812 sceptris
1622 1741 1838 1806 vestris,
1873 1740 1990 1794 sive

416 1868 586 1916 nnne,
614 1852 729 1903 sive
755 1846 930 1917 prius,
968 1858 1061 1898 seu
1089 1842 1221 1895 urbs
1265 1839 1378 1902 illa,
1428 1852 1526 1892 seu
1572 1835 1748 1891 insula
1782 1833 1948 1887 fuerit
1973 1870 1990 1897 ,

397 1939 731 1995 'lianiturmn
757 1944 1216 2006 posscssurumve
1252 1941 1357 1992 me,
1398 1934 1490 1980 aut
1520 1925 1652 1980 mihi
1684 1922 1993 1979 vindicatu-

424 2037 794 2099 rum,.pr:eter
825 2040 917 2079 eas
950 2032 1132 2077 terras
1165 2028 1220 2074 et
1246 2018 1364 2074 loca
1392 2016 1709 2072 nominatim
1750 2029 1875 2070 mox
1904 2027 2001 2069 ex.

426 2121 708 2191 primenda
744 2119 797 2172 in
842 2114 1096 2187 ιιι-περοιὶ
1143 2111 1380 2181 scripto,
1408 2124 1527 2179 qua:
1561 2108 1694 2164 mihi
1742 2107 2000 2162 distincte

420 2216 635 2271 donatae
664 2220 793 2265 sunt
838 2210 905 2264 ab
940 2206 1198 2262 divinitus
1225 2204 1396 2260 electa
1443 2202 1726 2273 majestate
1761 2208 1943 2255 vestra
1983 2215 1997 2254 :

425 2310 493 2360 iis
520 2308 784 2360 duntaxat
817 2300 1079 2368 exceptis,
1104 2306 1301 2352 cmtera
1337 2295 1497 2366 plane
1527 2295 1731 2358 omnia,
1768 2308 1887 2362 quae
1918 2290 2003 2345 vel

425 2400 560 2454 alias
606 2392 1089 2463 complectebatur,
1141 2388 1223 2442 vel
1276 2402 1417 2442 nunc
1464 2385 1863 2454 complectitur,
1906 2398 2002 2453 per

424 2490 697 2546 Orientem
735 2498 935 2557 perque
971 2479 1315 2537 Occidentem
1339 2477 1996 2545 Constantinopolitanum

423 2580 710 2650 imperium
740 2573 955 2646 propria
982 2585 1075 2641 per
1106 2584 1191 2623 me
1212 2567 1367 2624 vobis
1397 2566 1592 2636 etjure
1614 2580 1773 2635 quam
1801 2563 2005 2634 optimo

426 2668 721 2741 peculiaria
756 2676 939 2722 erunt.
971 2661 1127 2731 Quod
1169 2659 1213 2715 si
1259 2674 1420 2730 quam
1458 2661 1595 2714 forte
1626 2655 1791 2711 armis
1837 2656 2007 2727 subji-

427 2779 554 2820 cere
589 2762 814 2831 quivero
845 2757 1142 2828 regionem,
1177 2752 1536 2822 praesentibus
1569 2750 1687 2819 ejus
1719 2763 2005 2818 possesso-

433 2855 583 2923 ribus
616 2851 756 2906 bello
782 2844 1236 2909 exterminandis,
1279 2858 1400 2913 qua:
1446 2842 1574 2899 olim
1599 2840 1889 2912 aliquando
1939 2839 2007 2895 ad

430 2946 735 3000 Romanum
788 2937 1074 3009 imperium
1119 2933 1465 3003 pertinuerit,
1494 2932 1757 3002 polliceor
1804 2947 1891 2985 me
1938 2929 2004 2984 ad

435 3045 671 3095 vestrum
703 3030 987 3087 arbitrium
1023 3028 1333 3083 delaturum
1387 3026 1629 3080 victoriae
1683 3024 1828 3078 illius
1869 3037 2006 3078 mea:

430 3132 713 3189 fructum,
776 3129 1331 3191 exspectaturumque
1383 3117 1618 3172 obnoxie
1660 3115 1792 3185 quid
1840 3116 1906 3168 de
1945 3130 2009 3170 en
2037 3144 2081 3203 α

432 3216 766 3273 constituere
793 3211 947 3267 vobis
976 3208 1221 3279 placeat;
1258 3223 1320 3263 ae
1353 3208 1396 3262 si
1425 3208 1642 3277 quidem
1674 3206 1825 3262 vobis
1857 3206 2009 3261 vide-

433 3311 581 3365 bitur
646 3304 1175 3362 administrationem
1224 3309 1279 3354 et
1334 3300 1632 3369 precariam
1688 3306 2009 3367 potestatem

433 3405 724 3476 provinciae
751 3401 875 3456 talis
906 3416 936 3454 a
970 3414 1055 3453 me
1083 3396 1226 3452 bello
1253 3394 1515 3465 qumsitze,
1540 3391 1668 3446 mihi
1690 3391 2011 3453 concedere,

434 3499 487 3551 id
510 3496 577 3550 in
593 3495 790 3565 gratiae
824 3502 977 3563 parte
1007 3487 1283 3559 imputabo
1316 3484 1465 3540 vobis
1498 3500 1513 3538 :
1544 3494 1599 3539 et
1631 3499 1768 3539 novo
1797 3483 2015 3536 nomine

422 3602 591 3645 ‘terrze
628 3604 691 3643 ac
719 3582 1087 3656 possessionis
1138 3581 1299 3637 istius
1349 3577 1512 3632 homo
1557 3576 1709 3631 vobis
1759 3575 1916 3630 lizius
1961 3582 2018 3627 et

426 3696 622 3737 servus
657 3679 831 3734 lidelis
882 3691 1006 3731 esse
1042 3689 1298 3744 pergam.
1334 3670 1430 3725 Sin
1481 3669 1625 3723 aliud
1679 3667 2007 3733 malueritis,

436 3774 645 3827 tradam
677 3785 801 3823 cum
830 3768 931 3821 (ide
957 3765 1081 3820 sine
1116 3763 1376 3818 dilatione
1412 3758 1665 3812 fraudeve
1690 3751 1853 3828 [.09
1885 3755 2016 3820 ulla,

434 3873 605 3919 totam
635 3860 781 3913 illaut
814 3868 1012 3912 terram
1045 3854 1319 3921 urbesque
1352 3858 1414 3905 et
1457 3863 1612 3903 arces
1647 3850 1952 3915 cuicunque
1986 3859 2016 3898 a

437 3957 725 4022 majestate
754 3957 937 4003 vestra
965 3946 1030 3999 ad
1058 3945 1112 3999 id
1143 3944 1425 4012 designato
1451 3940 1723 4007 missoque
1745 3932 2020 3990 viro.'lmo

436 4046 484 4098 si
534 4042 659 4113 quis
714 4042 855 4095 forte
903 4036 975 4092 sit
1028 4035 1121 4102 qui
1178 4032 1661 4101 quomodocunqne
1718 4041 2018 4099 possessam

439 4142 759 4203 ereptamve
817 4128 1069 4184 bostibus
1115 4124 1304 4180 urbem
1381 4136 1633 4193 magnam
1690 4121 2023 4173 rninutamve

439 4226 763 4299 quamlibet,
794 4238 857 4277 ex
894 4222 963 4277 iis
992 4234 1110 4290 quae
1143 4218 1242 4273 sub
1277 4214 1514 4270 dominio
1556 4211 1787 4267 Romani
1823 4211 2025 4280 princi-

440 4333 599 4394 patus
626 4315 918 4387 aliquando
946 4313 1186 4375 fuerunt,
1234 4309 1364 4365 mihi
1412 4307 1665 4378 prodere,
1710 4314 1801 4359 aut
1834 4305 1887 4360 in
1925 4319 2024 4374 po-

441 4423 693 4469 testatem
725 4411 989 4480 privatam
1025 4418 1200 4460 meam
1235 4398 1553 4466 transferre,
1580 4399 1778 4454 rnihive
1809 4397 2025 4465 proprie

2093 1185 2228 1253 περὶ
2271 1181 2480 1251 ταύτης
2531 1176 2870 1249 οἰκονομίαν·
2919 1176 3014 1230 καὶ
3044 1176 3093 1228 εἰ
3148 1174 3249 1244 μὲν
3277 1172 3378 1242 ἐμὲ
3409 1170 3672 1242 βούλεσθε

2092 1273 2474 1346 ἐπιτροπεύειν
2520 1271 2622 1341 τῆς
2672 1267 3059 1341 κυριευθείσης
3105 1265 3290 1337 χώρας
3329 1265 3405 1329 ὡς
3461 1264 3676 1334 ἀνθρωο

2094 1384 2196 1419 πον
2241 1364 2509 1433 ὑμέτερον
2549 1359 2721 1425 λίζιον
2748 1358 2842 1413 καὶ
2870 1357 3058 1411 δοῦλον
3084 1355 3275 1410 πιστὸν
3299 1355 3453 1407 ἔσται
3494 1352 3677 1411 τοῦτο.

2092 1459 2157 1512 Εἰ
2190 1458 2234 1510 δ’
2264 1453 2383 1520 οὖν,
2408 1452 2545 1507 ἀλλὰ
2578 1450 2882 1523 παραδοίην
2914 1450 2980 1504 ἂν
3005 1440 3049 1518 ᾧ
3073 1447 3138 1501 ἂν
3169 1447 3329 1518 ἀνδρὶ
3362 1448 3394 1519 ἡ
3426 1446 3682 1517 βασιλεία

2093 1547 2247 1619 ὑμῶν
2290 1544 2577 1618 βουληθείη
2599 1585 2615 1609 ,
2655 1544 2730 1615 μὴ
2763 1541 3121 1613 ἀμφιὸἁλλων
3156 1540 3298 1595 κατά
3331 1556 3385 1592 τι
3424 1538 3485 1592 τὸ
3550 1536 3685 1591 σύν-

2099 1640 2242 1696 θλον.
2272 1637 2474 1710 Χώραν
2500 1636 2557 1690 δὲ
2580 1636 2640 1689 οὑ
2669 1635 2894 1705 δέξομαι
2916 1632 3007 1702 ὑφ’
3040 1633 3227 1703 ἑτέρου
3258 1631 3405 1693 τινὸς
3436 1628 3686 1702 προδιδο-

2103 1733 2273 1804 μένην
2303 1731 2451 1801 ἐμοὶ,
2475 1729 2508 1800 ἢ
2541 1727 2694 1780 πόλιν
2725 1726 2850 1780 τινὰ
2881 1724 3232 1796 ἣπολίχνιον,
3257 1723 3401 1793 ἆπερ
3425 1723 3555 1775 ποτὲ
3580 1722 3689 1774 ὑπὸ

2021 1806 2065 1863 Β
2093 1827 2191 1895 τὴν
2224 1827 2323 1895 τῆς
2364 1821 2639 1893 βασιλείας
2669 1818 2918 1885 ἐξουσίαν
2950 1818 3271 1887 ἐτύγχανον,
3308 1821 3383 1879 ὼς
3411 1818 3537 1885 ἐμοὶ
3559 1815 3685 1867 διαο

2098 1917 2355 1988 φέροντα.
2397 1914 2533 1968 ἀλλὰ
2572 1912 2668 1967 καὶ⁸
2708 1914 2777 1966 τὰ
2827 1911 3119 1981 πολιορκία
3159 1908 3534 1979 κρατούμενα,
3590 1905 3691 1960 καὶ

2097 2011 2167 2064 τὰ
2198 2011 2324 2064 ἄνευ
2356 2004 2670 2078 πολιορκίας
2699 2002 2944 2074 ὑμέτερα
2977 2002 3021 2054 δ’
3053 1997 3194 2071 ἦσαν
3224 2000 3318 2052 καὶ
3354 1998 3515 2051 πάλιν
3549 1995 3691 2066 ὑμέ-

2100 2121 2235 2175 τερα
2258 2101 2476 2155 ἔσονται
2497 2117 2511 2129 ·
2539 2099 2661 2170 μηδ’
2683 2098 2827 2160 ὅπως
2856 2113 2903 2149 τι
2927 2091 3018 2150 οὖν
3041 2093 3552 2163 δικαιολογουμένου
3585 2105 3691 2160 μου

2102 2196 2232 2267 περὶ
2266 2192 2499 2246 τούτων.
2550 2189 2690 2242 Ἀλλ’
2720 2189 2842 2242 οὑδὲ
2882 2188 3046 2255 ὅρκον
3091 2185 3316 2254 δέξομαι
3356 2183 3510 2253 παρὰ
3543 2196 3696 2243 τινος

2101 2283 2456 2358 Χριστικνοῦ,
2486 2283 2518 2353 ἢ
2545 2282 2704 2335 διὺσω
2736 2280 2870 2350 πρὸς
2893 2280 2978 2331 ’ἐτε
2992 2295 3104 2347 ρον,
3131 2277 3165 2349 ἢ
3193 2276 3516 2347 συμφωνίαν
3545 2276 3694 2344 ἡντι-

2102 2378 2264 2433 ναοῦν
2301 2377 2435 2447 πρὸς
2469 2374 2674 2447 βλάϐην
2697 2372 2971 2443 ὑμετέραν
2996 2369 3234 2441 ὁρῶσαν,
3264 2368 3295 2438 ἧ
3328 2366 3464 2438 πρὸ,
3490 2364 3698 2435 ζημίαν

2105 2471 2200 2525 καὶ
2252 2470 2407 2539 ὑμῶν
2464 2467 2682 2534 καὶτῆς
2726 2463 3005 2536 βασιλείας
3057 2463 3156 2532 τῆς
3200 2460 3499 2530 ὑμε-έρας.
3554 2455 3697 2510 Ἀλλ’

2103 2562 2227 2616 οὑδὲ
2260 2560 2549 2630 ἄνθρωπος
2592 2557 2784 2627 ἐτέρου
2829 2556 3152 2626 γενήσομαι,
3191 2552 3223 2624 ἢ
3278 2552 3469 2621 ἐτέρας
3518 2549 3700 2619 ἀρχῆς

2109 2652 2377 2726 μείζονος,
2412 2651 2777 2723 ἢέλάσσονος,
2819 2648 2948 2702 ἄνευ
2989 2645 3079 2700 τοῦ
3112 2646 3346 2716 κράτους
3376 2642 3468 2696 τοὺ
3497 2640 3697 2712 ὑμετέ-

2110 2763 2227 2819 ρου,
2276 2743 2412 2798 ἀλλὰ
2459 2742 2555 2813 μία
2598 2742 2858 2812 κυριότης
2906 2739 3028 2810 ἐμοὶ
3074 2732 3109 2812 ᾖ
3153 2734 3521 2804 ὑπισχνοῦμαι
3579 2733 3703 2785 δου-

2108 2838 2309 2902 λεύειν,
2347 2838 2380 2907 ή
2435 2833 2681 2906 βασιλεία
2725 2832 2820 2886 σοῦ
2858 2849 2917 2885 τε
2955 2832 3049 2885 καὶ
3088 2830 3184 2883 τοῦ
3219 2827 3545 2900 τριποθήτου
3578 2826 3701 2879 υἱοῦ

2112 2948 2228 2985 σου.
2261 2930 2398 2992 Τοὺς
2427 2929 2483 2980 δὲ
2516 2925 2989 2997 προσερχομένους
3011 2941 3101 2995 μοι
3127 2922 3447 2993 ἀνθρώπους
3479 2921 3575 2989 τῆς
3604 2920 3703 2990 βα-

2113 3024 2318 3085 σιλείας
2346 3038 2440 3074 σου
2459 3020 2531 3084 ὼς
2556 3018 3068 3085 κατεξαναστάντας
3100 3015 3194 3069 τοῦ
3220 3017 3461 3085 κράτους
3488 3013 3583 3066 τοῦ
3605 3012 3703 3065 σοῦ

2116 3116 2242 3186 ἐμοὶ⁸
2277 3114 2615 3167 ὲκδουλεὺειν
2645 3114 2722 3178 ⁸⁵,
2759 3112 2850 3163 καὶ
2881 3110 3102 3181 μισήσω
3132 3111 3227 3162 καὶ
3253 3105 3660 3176 ἁπῡπέμψομαι
3685 3123 3699 3135 ·

2123 3204 2324 3275 μᾶλλον
2362 3203 2417 3255 δὲ
2462 3201 2580 3256 κατ’
2616 3201 2794 3255 αὐτῶν
2831 3199 3207 3270 ἑξοπλίσομαι.
3238 3198 3374 3259 Τοὺς
3418 3197 3473 3249 δὲ
3510 3195 3706 3256 ἄλλους

2122 3294 2461 3367 Βαρὸἁρσυς,
2493 3293 2778 3356 ἐθέλοντας
2805 3292 2862 3345 δὲ
2886 3294 3034 3361 ὅμως
3074 3291 3178 3344 ὑπὸ
3206 3291 3267 3344 τδ
3300 3289 3430 3357 ἐμὸν
3456 3289 3585 3358 δορυ
3620 3288 3708 3355 γί-

2120 3387 2328 3450 νεσθαι,
2356 3386 2618 3456 δεξαίμην
2647 3385 2773 3455 μὴν,
2800 3383 2916 3437 ἀλλ’
2940 3384 3037 3437 οὑκ
3064 3383 3178 3452 ἰδίῳ
3201 3380 3502 3452 προσώπῳ,
3530 3380 3707 3450 ὁρκιῶ

2121 3482 2177 3536 δὲ
2212 3484 2434 3544 τούτους
2468 3480 2631 3534 ἕνεκα
2677 3478 2769 3532 σοὺ
2805 3495 2864 3531 τε
2902 3480 2998 3531 καὶ
3031 3477 3126 3530 τοῦ
3167 3474 3536 3547 περιποθήτου
3586 3474 3706 3525 υίοὺ

2125 3589 2216 3626 σου
2255 3571 2350 3626 καὶ
2392 3571 2491 3634 τὰς
2538 3569 2597 3636 ἐξ
2647 3568 2823 3623 αὑτῶν
2865 3567 3048 3639 χώρας
3080 3565 3472 3636 παραλήψομαι
3510 3563 3709 3630 δικαίῳ

2118 3665 2222 3734 τῆς
2259 3663 2538 3733 βασιλείας
2582 3665 2677 3733 τῆς
2718 3661 2991 3731 ὑμετέρας
3013 3699 3028 3726 ,
3063 3658 3157 3712 καὶ
3189 3657 3440 3711 ἐνῖεῦθεν
3473 3656 3533 3707 τὸ
3567 3656 3707 3724 ὑπὲρ

2125 3755 2309 3812 αὑτῶν
2343 3756 2838 3827 προσταττόμενον,
2868 3752 3293 3823 ἀπροφασίστως
3331 3752 3503 3804 ποιεῖν
3535 3752 3706 3815 ἐπαγ·

2125 3848 2409 3917 γέλλομαι.
2452 3844 2642 3900 Ταῦτα
2677 3846 2775 3915 μὲν
2816 3847 2945 3914 περὶ
2983 3845 3092 3896 τῶν
3130 3844 3340 3897 πόλεων
3365 3843 3459 3895 καὶ
3481 3840 3709 3912 χωρῶν,

2123 3940 2249 3993 ὅσαι
2280 3940 2385 3992 ὑπὸ
2417 3937 2476 3991 τδ
2506 3938 2788 4008 σκῆπτρον
2817 3938 2915 4008 τῆς
2961 3936 3252 4007 Ῥωμαίων
3281 3937 3449 4005 τύχης
3481 3933 3715 4003 ἐτύγχα-

2128 4051 2219 4085 νον
2262 4028 2444 4085 οὗσαι.
2491 4032 2628 4103 Περὶ
2660 4032 2715 4086 δὲ
2756 4032 2865 4085 τῶν
2911 4031 3138 4103 μηδέπω
3178 4030 3602 4085 δεδουλευκότων
3644 4030 3713 4099 τῇ

2139 4122 2443 4194 Ῥωμανίᾳ,
2478 4121 2655 4175 ταῦτα
2685 4122 2925 4192 ἐνόρκως
2951 4120 3496 4191 κατεπαγγέλλομαι,
3525 4119 3598 4183 ὡς
3626 4119 3717 4172 ἵνα

2129 4215 2226 4278 τὰς
2250 4232 2308 4268 τε
2333 4215 2706 4285 ἐπερχομένας
2741 4232 2830 4285 μοι
2854 4215 3037 4286 χώρας
3066 4215 3195 4268 ἄνευ
3218 4213 3479 4283 πολέμου,
3511 4211 3544 4283 ἦ
3576 4210 3716 4281 μετὰ

2130 4306 2371 4377 πολέμου
2396 4308 2490 4359 καὶ
2521 4305 2723 4377 μάχης,
2762 4307 2856 4360 καὶ
2893 4305 3098 4367 ταύτας
3134 4306 3351 4369 ἁπάσας
3379 4305 3455 4367 ὼς
3481 4303 3591 4357 ἀπὸ
3614 4304 3718 4373 τῆς

2133 4398 2408 4469 ὑμετέρας
2434 4396 2712 4468 βασιλείας
2738 4395 3049 4468 λογίζομαι,
3085 4397 3194 4451 εἴτε
3219 4396 3521 4468 Τουρκικαί
3548 4397 3717 4459 εἰσιν,

440 4502 828 4576 possidendam
861 4497 1157 4555 attribuere
1196 4495 1347 4560 velit,
1380 4494 1569 4562 utique
1596 4490 1861 4546 recusabo
1888 4507 1903 4543 :
1929 4490 2013 4542 sed

2133 4492 2244 4545 εἴτε
2285 4489 2628 4560 Ἀρμενικαὶ,
2656 4487 2754 4542 καὶ
2783 4488 2856 4552 ὡς
2890 4488 2955 4542 ἄν
2983 4506 3068 4553 τις
3097 4488 3229 4560 εἴπῃ
3256 4488 3368 4541 τῶν
3392 4489 3492 4559 τὴν
3520 4487 3721 4557 ἡμετέ-

441 4599 556 4654 sive
603 4597 689 4651 illa
735 4589 1138 4665 oppugnatione
1180 4600 1300 4640 mea
1347 4582 1643 4638 alteriusve
1681 4592 1862 4650 capta,
1911 4579 2025 4635 sive

442 4690 579 4744 ritra
614 4683 1070 4757 oppugnationem
1105 4677 1233 4733 milii
1268 4675 1432 4730 aliive
1461 4674 1668 4737 dedita,
1694 4684 1869 4728 vestra
1895 4711 1910 4737 ,
1946 4670 2024 4726 uti

442 4784 597 4853 prius
627 4779 865 4840 fuerant,
891 4775 971 4829 sic
996 4771 1250 4838 deinceps
1273 4779 1434 4822 erunt
1456 4820 1461 4824 ,
1484 4776 1540 4821 et
1585 4775 1975 4834 permanebunt
2007 4807 2023 4831 ,

446 4888 532 4928 me
563 4870 696 4926 nihil
715 4870 771 4923 in
800 4864 1133 4922 contrarium
1153 4861 1389 4930 allegare
1415 4857 1739 4927 eausarique
1765 4858 2023 4911 valituro.

447 4963 552 5018 Sed
580 4973 754 5030 neque
779 4958 1146 5027 juramentum
1187 4951 1449 5022 accipiam
1479 4965 1509 5003 a
1547 4964 1825 5020 quoquam
1863 4948 2025 5005 Chrio

450 5054 658 5118 stiano,
690 5061 785 5104 aut
818 5047 961 5104 dabo
992 5046 1244 5115 cuiquam
1273 5041 1453 5107 alteri,
1482 5040 1867 5097 ﬂdelitatemve
1897 5054 2026 5111 pro-

446 5147 657 5202 mittam
687 5151 779 5197 aut
803 5137 1216 5196 conventionem
1240 5133 1385 5190 inibo
1415 5134 1604 5198 ullam,
1628 5148 1748 5203 quae
1774 5132 1827 5187 in
1859 5132 2025 5187 ullum

446 5238 853 5297 detrimentum,
891 5229 1288 5286 incommodum
1319 5237 1411 5282 aut
1443 5227 1701 5282 damnum
1742 5239 1986 5296 personre
2013 5267 2028 5290 ,

450 5325 753 5399 majestatis
778 5365 793 5391 ,
827 5332 920 5377 ant
950 5319 1168 5389 imperii
1200 5318 1367 5374 vestri
1403 5317 1612 5387 possint
1641 5331 1885 5386 vergere.
1922 5317 2028 5372 Sed

449 5433 625 5489 neque
657 5418 821 5473 homo
851 5412 1079 5470 alterius
1114 5411 1241 5465 tlatn
1271 5410 1535 5481 principis
1560 5418 1650 5464 aut
1688 5410 2029 5481 principatus

450 5510 675 5583 majoris
704 5507 1014 5571 minorisve,
1048 5511 1243 5576 praeter
1272 5515 1435 5573 quam
1467 5500 1772 5572 majestatis
1803 5510 2020 5570 vestrae,

2138 4600 2238 4654 ραν
2257 4581 2644 4651 ἐπισταμένων
2675 4581 2883 4654 φωνὴν,
2910 4582 3266 4654 παγανικαὶῆ
3302 4581 3719 4652 Χριστιανικαί.

2133 4676 2274 4737 Τοὺς
2300 4692 2360 4729 τε
2385 4674 2493 4728 ἀπὸ
2520 4674 2628 4727 τῶν
2656 4675 2824 4728 ἐθνῶν
2855 4677 3182 4746 προσιόντας
3208 4691 3299 4746 μοι
3328 4677 3424 4729 καὶ
3444 4673 3719 4727 δουλεύειν

2132 4768 2258 4838 ἐμοὶ
2300 4766 2691 4837 βουλομένους,
2732 4767 2913 4831 οὑτως
2959 4767 3047 4820 ἵνα
3076 4768 3301 4832 τούτους
3339 4767 3721 4837 παρ;.δέχομαι

2132 4858 2208 4922 ὡς
2235 4853 2372 4911 εἶναι
2401 4857 2495 4910 καὶ⁹
2525 4858 2723 4921 αὑτοὺς
2756 4857 3048 4928 μέλλοντας
3083 4857 3406 4931 ἀνθρώπους
3439 4857 3539 4928 τῆς
3571 4857 3724 4927 βασι-

2131 4951 2283 5016 λείας
2325 4951 2480 5021 ὑμῶν
2524 4949 2620 5004 καὶ
2660 4950 2926 5004 διαϐαίνοι
2958 4952 3051 5004 καὶ
3093 4954 3228 5024 πρὸς
3264 4950 3486 5014 τούτους
3529 4952 3563 5021 ἡ
3606 4950 3720 5022 ἐμὴ

2135 5043 2429 5113 συμφωνία
2458 5041 2596 5112 πρὸς
2624 5045 2685 5094 τὸ
2722 5041 2926 5112 κράτος
2950 5042 3051 5112 τῆς
3088 5041 3369 5112 βασιλείας
3403 5060 3518 5107 σου,
3554 5043 3647 5095 καὶ
3670 5043 3723 5096 οι

2132 5134 2655 5204 κατεμπεδωθέντες
2697 5132 2743 5165 ⁸⁸
2788 5135 2963 5205 ὅρκοι.
3009 5136 3118 5188 Καὶ
3153 5135 3360 5189 τούτων
3408 5135 3590 5191 αὑτῶν
3623 5134 3722 5198 οὓς

2136 5224 2234 5295 μὲν
2270 5225 2338 5279 ἄν
2368 5223 2600 5277 ἐθέλοιτε
2628 5222 2786 5293 ὑμεῖς
2817 5226 2866 5277 oi
2899 5224 3246 5279 ἀεισέϐαστοι
3281 5226 3327 5257 ⁸⁸
3351 5225 3591 5297 βασιλεῖς
3625 5225 3723 5280 ὑπ’

2130 5319 2231 5387 ἐμὲ
2268 5316 2580 5380 τάττεσθαι,
2618 5316 2886 5371 τάττοιντ⁹
2917 5319 3002 5374 ἄν’
3031 5318 3125 5383 οὓς
3147 5319 3204 5374 δὲ
3229 5322 3469 5391 πέμπειν
3501 5319 3635 5392 πρὸς
3659 5319 3723 5372 τὸ

2133 5408 2402 5480 ὑμέτερον
2445 5407 2650 5477 κράτος
2705 5408 2962 5478 βούλεσθε
3007 5409 3355 5482 βουλομένων
3408 5411 3719 5476 κάκείνων,

2133 5498 2420 5555 ἀποστελῶ
2439 5539 2455 5566 ,
2489 5500 2563 5572 μὴ
2592 5501 2933 5575 βουλομένων
2962 5504 3019 5559 δὲ
3044 5545 3061 5573 ,
3097 5504 3233 5562 ἀλλὰ
3264 5504 3723 5578 ἀπαναινομένων

1534 5665 1748 5730 Varire
1784 5666 2103 5732 lectiones
2142 5686 2218 5732 ex
2255 5671 2398 5733 cod.
2430 5670 2704 5736 Coislin.

522 5825 567 5857 “
604 5821 698 5876 καὶ
735 5821 859 5889 ἐμοὶ
882 5817 1216 5876 ὲκδουλεύειν
1241 5818 1543 5887 ἐθέλοντας.
1600 5819 1646 5855 ⁸⁸
1671 5820 2180 5891 καταπεμφθὲντες.

2259 5823 2305 5857 ⁶⁶
2342 5821 2750 5897 εὑσεδέστατοι.
