4086 6392
390 392 530 456 1015

1690 393 1789 450 AN
1857 393 1919 452 :E
1960 393 2108 453 COM
2121 394 2270 451 NEN
2284 393 2351 450 ,Ε

3510 387 3657 457 1016

380 512 491 566 ulla
532 509 741 565 ratione
784 507 1024 565 conabor
1051 516 1146 562 aut
1189 522 1368 579 agam,
1402 516 1460 562 ut
1491 522 1586 563 eos
1624 507 1757 561 mihi
1792 511 1973 577 potius

2100 507 2206 559 ἱνευ
2249 505 2505 576 δηλονότι
2537 505 2635 576 τῆς
2688 507 2799 558 τῶν
2838 505 3371 575 Ῥουπενιων⁷⁹(97)
3424 505 3658 578 διακρα·

384 601 715 664 conciliem;
753 599 1000 669 exceptis
1031 608 1209 652 tamen
1242 599 1308 653 iis
1338 600 1429 668 qtti
1480 597 1618 653 forte
1652 614 1682 654 a
1715 614 1800 654 me
1829 598 1970 653 bello

2100 598 2320 666 τήσεως,
2380 596 2621 659 Λέοντός
2643 612 2703 649 τε
2734 595 2830 649 καὶ
2856 595 3137 663 Θεοδώρου
3168 596 3279 649 τῶν
3334 596 3667 669 Ἀρμενίων,

386 694 537 764 gravi
575 703 629 749 et
654 693 929 748 laborioso
980 692 1033 747 in
1075 694 1352 763 angustias
1402 692 1630 757 redacti,
1666 693 1805 747 hanc
1853 692 1970 746 elu-

387 784 550 839 dendi
589 784 692 838 mei
717 783 1065 852 victoriazque
1092 782 1419 836 frustrandae
1450 782 1772 836 industriam
1819 799 1972 837 com—

392 875 830 937 miniscerentur,
857 883 915 929 ut
942 876 1275 939 maiestatem
1312 884 1455 928 tuam
1488 875 1823 943 appellarent
1851 892 1865 938 ;
1893 875 1970 928 ei-

390 981 497 1035 que
515 965 843 1020 deditionem
873 965 953 1018 sui
985 963 1147 1035 412
1176 964 1356 1020 facere
1387 966 1521 1020 velle
1547 967 1791 1021 dicerent
1824 985 1835 1021 :
1869 982 1972 1020 non

392 1056 505 1110 ullo
542 1054 619 1109 lui
643 1056 843 1119 studio,
881 1053 975 1109 Sed
1008 1068 1152 1108 metu
1188 1055 1446 1124 p'rnicici
1472 1066 1636 1108 certae
1659 1065 1712 1108 et
1744 1055 1973 1111 meritas.

394 1144 605 1205 Etenim
638 1162 730 1202 eos
771 1163 873 1216 ego
910 1147 1046 1201 tales
1076 1162 1264 1200 omnes
1292 1147 1381 1216 qui
1438 1162 1553 1200 mea
1608 1146 1976 1201 Francorum-

392 1254 497 1310 que
532 1239 868 1309 reliquorum
902 1254 1052 1292 arma
1087 1240 1316 1307 experti,
1360 1239 1447 1291 uhi
1478 1239 1813 1293 declinanda:
1866 1240 1977 1292 vir-

393 1329 526 1386 tutis
560 1339 762 1385 nostra!
788 1331 1247 1401 expediendteqne
1288 1330 1479 1384 salutis
1528 1344 1640 1385 sua:
1681 1330 1821 1383 viam
1856 1330 1979 1383 nul-

393 1427 500 1483 lam
521 1425 681 1480 aliam
703 1426 845 1480 inire
872 1425 1055 1479 utilem
1081 1426 1379 1491 potuerint,
1412 1426 1682 1493 Augustos
1706 1424 1980 1494 principes

395 1517 727 1573 invocabunt
763 1516 991 1584 scilicet,
1030 1517 1381 1571 nihilominus
1433 1517 1692 1571 coercebo
1740 1514 1982 1571 vindica-

396 1611 600 1680 boque,
640 1609 934 1665 coercendi
961 1624 1023 1662 ac
1052 1608 1364 1662 vindicandi
1382 1606 1472 1677 jus
1501 1607 1718 1678 plenum
1750 1608 1978 1663 habebo.

398 1698 676 1768 Siquidem
724 1698 868 1769 quod
902 1696 1062 1751 modo
1102 1698 1327 1765 promisi
1356 1697 1423 1750 de
1448 1696 1515 1750 iis
1544 1695 1721 1751 solum
1776 1693 1983 1752 intelli—

395 1790 635 1859 gendum
666 1797 752 1844 est
781 1790 871 1859 qui
906 1787 1075 1843 rebus
1108 1788 1333 1857 integris
1372 1787 1521 1842 nullo
1547 1787 1724 1843 coacti
1760 1801 1791 1841 ιι
1824 1787 1983 1843 nobis

397 1882 543 1936 malo
575 1892 668 1936 aut
698 1891 870 1947 metu,
899 1882 1235 1951 majestatcnt
1271 1880 1414 1935 ultro
1447 1891 1684 1935 vestram
1724 1896 1983 1951 respexe-
2019 1865 2059 1919 Β

400 1975 537 2028 rint.
564 1972 769 2029 Praeter
801 1972 902 2027 alia
934 1982 989 2028 et
1034 1973 1137 2027 hoc
1167 1975 1442 2041 promitto,
1478 1985 1795 2029 curaturum
1826 1984 1987 2029 actu-

402 2079 632 2134 rumque
665 2075 723 2118 ut
752 2066 1061 2135 quicunque
1094 2079 1303 2119 mecum
1350 2065 1602 2134 trajicere
1654 2066 1984 2120 Adriaticum

403 2172 555 2211 mare
583 2173 614 2213 e
644 2155 1021 2227 Longobardia
1054 2156 1326 2210 voluerint
1350 2157 1447 2211 viri
1483 2157 1701 2217 milites.
1725 2156 1911 2225 jnrent
1932 2170 1987 2213 et

401 2250 505 2317 ipsi
541 2263 604 2303 ac
635 2248 995 2318 proﬁteantur
1049 2248 1365 2302 servitutem
1415 2249 1690 2317 majestali
1752 2261 1983 2317 vestrae;

400 2342 653 2409 exigente
698 2339 938 2395 vidilicet
969 2340 1037 2395 ab
1074 2339 1141 2394 iis
1170 2340 1440 2395 universis
1490 2350 1545 2396 et
1600 2342 1826 2413 singulis
1882 2343 1989 2397 tale

394 2434 770 2501 juramentum
805 2431 1023 2487 homine
1048 2441 1199 2486 certe
1228 2447 1257 2484 a
1285 2441 1469 2487 vestra
1523 2433 1808 2502 majestate
1838 2436 1905 2488 ad
1937 2435 1992 2489 id

401 2527 599 2593 misso,
634 2525 775 2579 ultra
825 2539 975 2579 mare
1006 2525 1346 2579 Adriaticum
1388 2541 1403 2579 :
1441 2541 1504 2581 ac
1552 2527 1600 2581 si
1648 2526 1740 2595 qui
1796 2542 1989 2581 eorum

398 2617 587 2687 jurare
624 2620 1021 2681 recusaverint,
1056 2631 1151 2670 eos
1183 2619 1449 2687 polliceor
1478 2635 1584 2681 mc,
1633 2630 1819 2687 utpote
1853 2634 1991 2673 eon-

404 2710 614 2766 sentire
672 2711 830 2764 vobis
889 2718 1202 2777 renuentes,
1276 2714 1501 2776 trajectu
1570 2711 1989 2779 prohibiturum.

406 2803 635 2873 Oportet
663 2802 775 2872 jam
812 2804 1062 2873 regiones
1093 2814 1254 2873 atque
1293 2804 1458 2858 urbes
1494 2802 1625 2856 mihi
1659 2818 1754 2873 per
1784 2802 1992 2858 Bullam

403 2896 646 2951 Auream
681 2911 712 2948 a
746 2908 923 2951 vesrra
957 2895 1218 2950 divinitus
1251 2894 1421 2950 electa
1451 2894 1735 2964 majestate
1765 2896 1995 2949 donatas

409 2990 467 3045 in
495 2991 597 3043 hoc
624 2990 827 3054 scripto
868 3003 1176 3044 recensere.
1211 2986 1464 3041 Antiochi
1501 2988 1696 3041 civitas
1734 2987 1785 3041 iu
1815 2985 1995 3041 Cwle-

408 3082 581 3154 syria,
615 3097 739 3135 cum
775 3082 985 3136 ambitu
1017 3091 1073 3135 et
1121 3080 1449 3136 suburbanis
1496 3080 1630 3146 suis,
1664 3094 1729 3134 ac
1758 3079 1994 3135 circum-

2075 690 2377 758 γεγονότων
2403 686 2707 757 ἀνθρώπων
2729 688 2774 719 ⁷9
2796 686 2891 741 τοῦ
2931 686 3166 757 κράτους
3201 688 3355 757 ὑμῶν
3387 688 3528 757 μετὰ
3555 688 3663 740 τῶν

2077 778 2589 849 ἀναγεγραμμένων
2611 779 2671 829 τὸ
2714 778 3094 845 στρατηγάτον
3127 780 3354 844 Παγρᾶς
3373 796 3386 809 ·
3412 778 3473 830 τὸ
3501 796 3666 849 στρα-

2077 874 2317 939 τηγάτον
2365 871 2626 936 Παλατζὰ.
2651 872 2697 902 ⁸ο
2726 888 2740 902 ο
2780 870 2840 923 τὸ
2872 872 3016 941 Οὲμα
3060 871 3154 925 τοῦ
3205 871 3408 941 Ζοῦμε,
3460 872 3557 925 καὶ
3602 873 3673 926 τά

2090 965 2199 1018 ὑπὸ
2248 964 2423 1017 ταῦτα
2490 964 2672 1017 ¹πάντα
2724 966 2939 1035 κάστρα
2999 982 3057 1017 τε
3115 966 3207 1017 καὶ
3253 964 3524 1033 πολίχνια,
3576 964 3674 1016 καὶ

2082 1059 2115 1129 ἡ
2160 1056 2383 1128 ἑκάστῳ
2445 1059 2801 1128 προσήκουσα
2861 1056 3034 1127 χώρα.
3088 1056 3273 1109 Ταῦτα
3326 1054 3437 1125 γάρ
3494 1057 3677 1111 ’πάντα

2081 1153 2245 1204 κάκεῖ
2296 1150 2613 1219 περιέχεται
2671 1151 2728 1201 ἐν
2768 1148 2847 1217 τῷ
2892 1147 3250 1219 χρυσοῦοὕλῳ
3273 1148 3317 1180 ⁸⁸
3364 1148 3527 1218 Λόγῳ
3573 1150 3678 1215 τῆς

2085 1241 2367 1311 βασιλείας
2433 1240 2630 1311 ὑμῶν,
2680 1239 2754 1301 ὡς
2813 1238 3171 1309 δεδωρημένα
3219 1256 3309 1309 μοι
3371 1238 3521 1308 παρά
3579 1240 3678 1292 τοῦ

2084 1333 2232 1387 θείου
2267 1334 2508 1403 κράτους
2541 1335 2703 1403 μέχρι
2736 1332 2976 1401 πέρατος
3004 1331 3105 1401 τῆς
3161 1330 3300 1400 ἒμῆς
3363 1330 3546 1400 βιοτῆς
3601 1331 3684 1394 ὡς

2084 1428 2417 1495 ὀφειλόντων
2448 1426 2589 1496 μετὰ
2609 1426 2711 1494 τὴν
2770 1424 2985 1478 ἐνθένδε
3037 1441 3140 1494 μου
3197 1422 3536 1493 μετάστασιν
3597 1426 3679 1483 είς

2086 1521 2190 1591 τὴν
2257 1519 2543 1589 βασιλείαν
2589 1518 3059 1587 ἐπανακάμπτειν
3104 1517 3206 1585 τῆς
3252 1516 3384 1578 νέας
3458 1516 3683 1585 Ῥώμης

2086 1616 2182 1666 καὶ
2253 1610 2527 1681 βασιλίδος
2612 1609 2723 1662 τῶν
2776 1609 2988 1663 πόλεων
3038 1606 3641 1668 Κωνσταντινοπόλεως
3665 1625 3677 1636 ·

2085 1706 2172 1775 ἐφ’
2193 1698 2238 1773 ᾧ
2266 1704 2563 1774 φυλάττειν
2591 1703 2777 1757 πίστιν
2806 1704 3312 1774 άκραιφνεστάτην,
3342 1699 3558 1754 εὔνοιαν
3585 1717 3687 1752 κα-

2091 1798 2287 1869 θαράν,
2329 1796 2578 1869 δι’ὑμῶν
2623 1796 2734 1851 τῶν
2773 1796 3150 1851 ἀεισεϐάστων
3193 1793 3477 1848 σεϐαστῶν
3522 1793 3685 1864 βασι-

2089 1890 2227 1945 λέων
2253 1891 2332 1953 είς
2358 1889 2458 1961 τὴν
2485 1888 2767 1961 βασιλείαν
2794 1888 2965 1959 αὐτῆς
2997 1888 3092 1940 καὶ
3118 1886 3213 1940 τοῦ
3246 1886 3439 1958 θρόνου
3471 1884 3683 1954 ταύτης

2089 1984 2188 2039 καὶ
2235 1982 2337 2055 τῆς
2380 1981 2667 2053 βασιλικῆς
2712 1981 2912 2052 ῥάϐδου
2952 1978 3142 2033 δοῦλον
3189 1975 3331 2033 εἶναι
3377 1978 3469 2032 καὶ
3512 1977 3685 2043 λίζιον

2090 2077 2421 2149 ὑποχείριον.
2464 2076 2753 2146 Συμιρωνῶ
2797 2074 2853 2128 δὲ
2898 2074 2995 2127 καὶ
3040 2073 3323 2143 ἐπόμνυμι
3370 2071 3461 2126 τὸν
3509 2072 3567 2124 ἐν
3613 2072 3687 2139 τῇ

2103 2169 2403 2240 Ἐκκλησίςι¹
2438 2167 2717 2240 Ἀντιόχου
2753 2166 3197 2238 πρεσϐευόμενον
3226 2164 3359 2219 Θεὸν
3389 2162 3465 2226 ὡς
3493 2163 3593 2217 οὐκ
3624 2164 3689 2216 ἐκ

2090 2259 2186 2314 τοῦ
2221 2260 2495 2330 ἡμετέρου
2529 2260 2722 2326 γένους
2754 2257 3107 2330 πατριάρχης
3142 2257 3254 2323 (98)
3288 2255 3441 2309 ἔσται
3478 2254 3689 2308 Ἀντιο-

2089 2353 2245 2423 χιίας
2266 2394 2280 2415 ,
2316 2352 2432 2405 ἀλλ’
2457 2351 2515 2405 ὃν
2546 2350 2613 2407 ἂν
2646 2351 3005 2421 προδαλείτπι
3040 2351 3073 2420 ἡ
3110 2348 3359 2419 βασιλεῖα
3396 2349 3550 2416 ὑμῶν
3573 2388 3587 2409 ,
3622 2349 3690 2401 ἐκ

2092 2444 2201 2496 τῶν
2230 2441 2569 2513 θρεμμάτων
2595 2443 2933 2513 τυγχάνοντα
2962 2439 3062 2509 τῆς
3093 2441 3236 2493 κατὰ
3267 2438 3365 2509 τὴν
3396 2440 3686 2491 Κωνσταν-

2093 2535 2410 2588 τινούττολιν
2461 2533 2725 2604 Μεγάλης
2780 2531 3104 2603 ἐκκλησίας.
3161 2530 3223 2583 '0
3276 2529 3523 2592 τοιοῦτος
3578 2530 3691 2600 γὰρ

2094 2627 2190 2680 καὶ
2223 2624 2317 2678 τοῦ
2356 2625 2548 2696 θρόνου
2582 2624 2672 2678 τοῦ
2710 2625 2855 2677 κατὰ
2886 2622 2984 2695 τὴν
3020 2623 3295 2691 Ἀντιόχου
3333 2619 3558 2690 ἐπιϐαίη
3594 2621 3687 2673 καὶ

2097 2719 2277 2771 πάντα
2316 2716 2513 2787 πράξει
2540 2716 2967 2787 ἀρχιερατικῶς.
3002 2714 3059 2766 ἐν
3087 2731 3147 2766 τε
3190 2713 3552 2783 χειροτονίαις
3597 2713 3690 2764 καὶ

2095 2814 2217 2874 ταῖς
2260 2810 2479 2873 λοιπαῖς
2528 2809 3017 2875 ἐκκλησιαστικαῖς
3067 2806 3384 2869 ὑποθέσεσι,
3433 2805 3575 2857 κατὰ
3620 2806 3692 2856 τὰ

2095 2902 2190 2957 τοῦ
2220 2902 2412 2972 θρόνου
2440 2900 2594 2953 τοῦδε
2627 2900 2920 2970 προνόμια.
2941 2894 3122 2952 ἾΙσαν
3147 2898 3203 2950 δὲ
3231 2898 3337 2966 ἄρα
3368 2899 3465 2950 καὶ
3495 2897 3550 2949 αἱ
3583 2895 3695 2949 ἀπὸ

2095 2996 2197 3067 τῆς
2229 2994 2492 3063 δουκικῆς
2524 2994 2695 3064 ἀρχῆς
2729 2993 2827 3062 τῆς
2860 2991 3001 3045 κατὰ
3032 2993 3129 3061 τὴν
3164 2990 3320 3043 πόλιν
3350 2988 3694 3059 Ἀντιοχείας

2099 3088 2507 3158 άποτμηθεῖσαι
2537 3084 2778 3157 μερίδες,
2802 3084 2897 3137 καὶ
2926 3084 3076 3154 παρὰ
3100 3083 3200 3153 τῆς
3230 3080 3505 3145 βασιλεέας
3534 3078 3699 3149 ὑμῶν

410 3177 602 3244 positis
637 3176 817 3241 terris,
844 3190 964 3229 cum
996 3173 1112 3244 ipso
1143 3173 1352 3237 Suelio,
1384 3172 1497 3228 sive
1521 3173 1672 3241 Sndi,
1710 3181 1803 3227 aut
1830 3172 1993 3228 Sudei

2100 3182 2176 3248 ὦς
2224 3181 2520 3235 ἐθελόντων
2569 3177 2777 3241 ταύτας
2825 3175 3365 3249 προσοικειὼσασθαι
3421 3172 3543 3228 καθ’
3573 3172 3696 3224 ὀλό-

410 3266 593 3320 navali
624 3276 675 3319 et
704 3281 831 3321 arce
865 3266 930 3321 ad
968 3280 1120 3320 mare
1159 3267 1285 3319 sita.
1346 3265 1524 3319 Locus
1576 3264 1693 3320 Dux
1743 3276 1992 3331 vocatus,

409 3373 535 3412 cum
568 3358 823 3413 universo
854 3358 1060 3411 ambitu
1096 3367 1149 3411 et
1176 3358 1662 3427 comprehensione
1691 3373 1785 3412 sua
1817 3373 1833 3421 ;
1868 3373 1994 3412 cum

414 3464 480 3504 eo
511 3451 599 3519 qui
636 3450 852 3515 Caricae,
887 3460 940 3504 et
970 3466 1033 3505 eo
1060 3450 1153 3520 qui
1187 3448 1306 3503 Luli
1335 3451 1557 3515 dicitur,
1589 3460 1645 3503 et
1675 3450 1765 3520 qui
1795 3450 1997 3505 Montis

415 3545 683 3601 mirabilis
723 3546 1139 3616 appellationem
1169 3545 1354 3602 habet.
1415 3543 1672 3601 Pheresia
1728 3560 1850 3599 cum
1887 3554 1994 3599 tota

417 3638 549 3708 ipsis
580 3639 823 3707 subjecta
846 3639 1085 3709 regione.
1107 3638 1338 3693 Sanctus
1363 3635 1568 3700 llelias,
1596 3637 1854 3707 strategis
1884 3640 1999 3691 sive

419 3729 672 3786 militaris
729 3731 945 3796 civitas,
983 3746 1105 3786 cum
1172 3730 1447 3801 oppidulis
1509 3730 1583 3784 illi
1647 3730 1997 3784 contributis.

418 3822 689 3893 Strategis
719 3824 831 3879 sive
861 3822 1183 3893 praefectura
1227 3824 1277 3877 in
1314 3830 1496 3878 castro
1523 3822 1626 3878 sita
1659 3824 1803 3892 quod
1834 3822 2003 3876 Botze

419 3915 642 3977 dicitur,
681 3926 731 3969 et
759 3930 878 3985 qum
909 3914 984 3968 illi
1021 3914 1316 3983 subjnucta
1354 3913 1613 3981 oppidula
1668 3920 1815 3967 sunt.
1870 3914 2001 3969 Uni-

423 4022 577 4061 versa
610 4007 759 4075 regio
784 4021 905 4076 qua:
936 4007 1081 4060 circa
1107 4006 1454 4075 strategidem
1482 4007 1595 4060 sive
1627 4004 2002 4076 praefecturam

422 4100 585 4155 castri
619 4099 805 4164 Sezer,
834 4099 1006 4168 jacet,
1040 4114 1202 4168 quam
1250 4097 1524 4153 Larissam
1591 4098 1765 4153 Graeci
1827 4100 2005 4152 nomi-

425 4202 575 4248 nant.
618 4191 887 4247 Similiter
914 4192 1250 4261 Strategides
1294 4193 1412 4246 duae
1442 4194 1640 4247 Artaclt
1696 4201 1747 4248 et
1801 4192 2002 4248 Teluelt

421 4301 546 4343 cutn
580 4286 645 4342 iis
677 4301 797 4356 qua:
826 4295 1056 4356 utraque
1085 4288 1363 4354 continet;
1402 4302 1522 4342 cum
1558 4287 1692 4357 ipsis
1724 4286 2010 4343 Germani-

2098 3277 2321 3347 κληρον.
2358 3267 2529 3328 Λῦται
2562 3274 2623 3326 τό
2645 3272 2692 3305 ⁸²
2724 3289 2781 3325 τε
2819 3271 2964 3341 θέμα
2998 3270 3058 3323 τὸ
3092 3269 3359 3323 Ποδανδόν
3397 3266 3561 3337 (99),
3598 3267 3695 3320 καὶ

2100 3346 2241 3441 πρός
2277 3367 2490 3431 τούτοις
2527 3367 2589 3419 τὸ
2640 3346 3018 3435 στρατηγάτον
3055 3362 3157 3430 τῆς
3198 3359 3413 3431 Ταρσοῦ
3463 3360 3695 3418 πόλεως,

2100 3463 2196 3517 καὶ
2225 3460 2488 3532 ὴῖἋδανα
2519 3459 2707 3521 πόλις,
2741 3458 2833 3510 καὶ
2865 3458 2920 3509 αἱ
2949 3455 3041 3509 τοῦ
3071 3453 3260 3523 Μόψου
3292 3451 3500 3511 ἐστίαι,
3536 3451 3632 3503 καὶ
3663 3451 3697 3519 ἠ

2114 3551 2429 3622 ’Λνάὸαρζα
2449 3594 2462 3618 ,
2492 3552 2586 3604 καὶ
2618 3547 2910 3602 συνελόντα
2942 3548 3139 3615 φάναι,
3171 3547 3203 3615 ἡ
3237 3543 3391 3615 χώρα
3421 3544 3571 3596 πᾶσα
3597 3543 3700 3609 τῆς

2104 3643 2365 3704 Κιλικίας
2391 3642 2527 3712 ὅσην
2552 3645 2578 3695 ὁ
2604 3641 2813 3703 Κύδνος
2840 3638 2931 3692 καὶ
2956 3639 2984 3690 ό
3007 3637 3235 3707 Ἕρμων
3263 3632 3703 3704 περιορίξουσιν.

2109 3734 2199 3797 Ὠς
2233 3734 2289 3787 δέ
2324 3735 2419 3787 καὶ
2452 3736 2485 3805 ἡ
2525 3734 2824 3803 στρατηγὶς
2859 3730 3156 3785 Λαοδίκεια
3190 3728 3290 3797 τῆς
3327 3725 3565 3797 Συρίας,
3602 3726 3694 3776 καὶ

2100 3826 2237 3879 αὐτὸ
2267 3824 2538 3896 δήπουθεν
2567 3824 2627 3877 τὸ
2664 3822 3043 3893 στρατηγάτον
3076 3820 3371 3882 Γαϐάλων,
3403 3818 3431 3870 ὃ
3464 3817 3565 3870 καὶ
3599 3818 3696 3869 Ζέ-

2102 3918 2198 3972 6ελ
2250 3918 2786 3991 ὑποϐαρόαρίζοντες
2836 3916 3093 3984 λέγομεν.
3144 3914 3226 3967 Τά
3258 3930 3314 3965 τε
3344 3911 3699 3981 στρατηγάτα

2104 4010 2394 4074 Βαλανέως
2438 4010 2532 4065 καὶ
2581 4010 2925 4080 Μαρακὲως,
2972 4009 3069 4062 καὶ
3117 4009 3151 4076 ὴ
3184 4005 3513 4075 Ἀντάραδος
3560 4001 3702 4072 μετὰ

2112 4105 2215 4174 τῆς
2257 4104 2615 4176 Ἀνταρτοῦς·
2667 4102 3032 4173 Στρατηγὶδες
3082 4100 3190 4171 γὰρ
3245 4099 3342 4152 καὶ
3390 4097 3701 4167 ἀμφότερα.

2116 4199 2303 4254 Ταῦτά
2337 4201 2476 4253 εἰσιν
2509 4198 2653 4269 άπερ
2690 4197 3019 4265 άποκόψασα
3055 4196 3088 4266 ἡ
3127 4191 3377 4263 βασιλεία
3414 4191 3567 4260 ὑμῶν
3600 4189 3701 4257 τῆς

2106 4294 2234 4362 ὅλης
2270 4292 2530 4362 δουκικῆς
2564 4292 2738 4362 ἀρχῆς
2774 4288 3111 4359 Ἀντιοχείας
3143 4288 3240 4340 καὶ
3272 4285 3350 4357 τῷ
3384 4284 3570 4353 κύκλῳ
3604 4280 3706 4334 τοῦ

1496 4428 1696 4490 Varia;
1728 4428 2035 4493 lectiones
2067 4447 2143 4494 ex
2181 4432 2323 4496 cod.
2350 4432 2622 4496 Coislin.

505 4561 551 4595 ⁷⁸
580 4562 915 4619 ’1ουπελίων.
989 4562 1035 4594 τ’
1059 4560 1193 4613 ἄνω.
1230 4557 1374 4627 Lege
1403 4556 1728 4629 ἀνθρώπων.
1803 4561 1852 4594 ⁸ο
1880 4560 1948 4614 τά
1980 4559 2290 4632 Παλαδερά.
2367 4561 2409 4592 ⁸¹
2443 4559 2847 4633 χρυσοϐούλλῳ.
2926 4559 2970 4591 ⁸⁵⁸
3009 4558 3229 4611 Δαυδῖν.

1579 4698 1717 4759 Car.
1762 4696 2094 4761 Dufresnii
2123 4701 2214 4761 Du
2238 4698 2473 4781 Cangii
2510 4707 2700 4761 notas.

503 4823 618 4893 (97)
684 4820 1083 4904 'Poynsrltar.
1124 4822 1359 4904 Leon-em
1391 4830 1445 4904 e_t
1461 4814 1864 4904 g'ljteodornm,
1914 4836 2008 4877 seu
2039 4823 2091 4883 D
2120 4822 2260 4876 hanc
2293 4823 2470 4904 fuerat
2499 4823 3151 4904 ιιι-οιιιοιιι-ει-ρίΙειιιῑιηιιιικιιει.ἶ
3179 4822 3475 4904 caupotitus
3504 4820 3692 4904 legitur

433 4891 735 4948 'l‘b'orttsem
772 4894 1043 4963 Armenia:
1074 4894 1360 4963 teparchas
1399 4891 1562 4963 400
1614 4892 1884 4963 intelligit,
1914 4908 2011 4945 Cn-

428 4973 729 5019 unomento
787 4962 1085 5029 Rnpenios,
1149 4979 1177 5015 a
1251 4962 1448 5027 quibus
1504 4962 1771 5014 Armenia:
1826 4978 2010 5029 regum

438 5033 643 5101 familia
696 5034 914 5099 prodiit,
968 5049 1130 5101 quam
1168 5032 1441 5085 damusin
1498 5046 1661 5100 opere
1712 5042 1907 5101 noster
1947 5032 2014 5086 de

440 5100 640 5173 Famil.
696 5099 1048 5173 Hierosolym.
1097 5102 1228 5173 Cum
1277 5101 1479 5173 Leone,
1529 5099 1619 5169 Qui
1678 5100 1795 5153 aliis
1851 5099 2011 5173 Leno,

436 5172 638 5228 Nicvta:
670 5180 723 5225 et
751 5171 1014 5241 Cinname
1054 5171 1349 5239 Δεόούνης,
1384 5172 1578 5224 bellum
1636 5172 1803 5241 gessit
1848 5171 2015 5227 Joan-

442 5258 537 5297 nes
593 5242 903 5295 Comnenus
962 5240 1135 5297 Alexii
1187 5242 1365 5304 filius,
1420 5240 1663 5296 Ciliciam
1718 5242 2013 5309 ingressus.

441 5316 591 5368 Alter
615 5311 958 5379 Theodorus,
983 5313 1144 5384 Tyrio
1178 5312 1562 5384 Turos,_e_idem
1593 5310 2020 5384 Nicetaaj'l‘opotif

444 5402 566 5456 σης,
600 5385 775 5456 dictus
798 5381 1081 5453 utramque
1104 5383 1348 5456 Ciliciam
1378 5381 1610 5437 Manueli
1638 5382 1879 5437 abstulit.
1913 5382 2019 5436 Sed

444 5454 509 5510 de
542 5458 605 5506 iis
642 5454 887 5523 pluribus
917 5456 969 5509 in
1010 5455 1229 5508 laudato
1256 5469 1440 5522 opere.

516 5522 1057 5595 (98)Πατριάρχης.
1114 5523 1212 5579 Vel
1259 5526 1383 5595 inde
1435 5531 1581 5592 patet
1630 5522 1815 5595 eiusce
1877 5522 2020 5593 pacti

448 5594 706 5664 pleraque
736 5593 1225 5665 capituﬁttusqnam
1281 5593 1450 5665 fuisse
1485 5593 1815 5665 cxsecutinni
1860 5611 2021 5665 man-

446 5666 570 5717 data
604 5683 618 5729 ;
665 5670 965 5733 praesertim
1005 5664 1147 5733 quod
1192 5665 1258 5719 de
1296 5664 1542 5733 eligendo
1578 5673 1635 5721 et
1690 5664 2024 5719 instituendo

449 5734 503 5787 in
537 5735 671 5788 urbe
718 5736 1052 5791 Antiochena
1105 5736 1411 5804 patriarcha
1459 5734 1773 5804 Graecanico
1802 5745 2021 5789 cautum

452 5805 503 5873 in
534 5818 600 5857 eo
628 5804 842 5869 legitur.
888 5804 1022 5860 Nam
1061 5802 1389 5861 Bernartius.
1418 5806 1637 5859 natione
1678 5802 1886 5865 Gallus.
1928 5804 2021 5873 qui

454 5871 687 5929 abeunte
748 5875 872 5929 hinc
928 5874 1136 5931 Joanne
1198 5876 1507 5931 Grzrcounn
1564 5871 2023 5946 patriarcltafad

2121 4907 2296 4960 usque
2346 4894 2411 4945 ad
2474 4910 2672 4947 annum
2739 4892 2893 4949 “54.
2928 4895 3015 4951 qni
3056 4892 3159 4945 fuit
3214 4892 3282 4945 55
3338 4892 3699 4958 promotionis

2120 4963 2386 5028 ejusdem.
2426 4973 2486 5015 ut
2528 4980 2591 5017 ex
2649 4963 2918 5016 tabulario
2958 4963 3297 5017 Manoscensi
3340 4963 3548 5016 discere
3577 4974 3696 5026 esu;

2122 5036 2263 5086 unde
2293 5033 2524 5087 elecutm
2582 5034 2746 5087 fuisse
2803 5034 3079 5101 colligitur
3135 5032 3422 5087 an.1099.
3462 5033 3697 5100 Itlipsum

2122 5102 2336 5156 Mannel
2374 5104 2547 5157 Alexii
2584 5119 2645 5156 ex
2687 5103 2794 5156 lilio
2827 5118 2993 5171 nepos
3021 5119 3049 5158 a
3084 5102 3327 5156 Renaldo
3358 5104 3700 5156 Antiocheuo

2123 5174 2386 5241 principe,
2411 5190 2570 5238 quem
2610 5174 2699 5227 ille
2723 5176 2773 5227 in
2804 5175 3048 5226 ordinem
3076 5173 3384 5236 redegerat,
3414 5172 3648 5227 obtinuit
3682 5189 3695 5225 :

2117 5244 2229 5297 Καὶ
2259 5243 2323 5311 δὴ
2384 5243 2480 5296 καὶ
2509 5243 2769 5312 ἀρχιερέα
2812 5244 2876 5296 ἐκ
2906 5245 3207 5308 Βυζαντίου
3235 5245 3313 5305 είς
3359 5243 3699 5309 Ἀντιόχειαν

2118 5314 2262 5367 κατὰ
2290 5313 2410 5375 ἔθος
2431 5312 2745 5381 πέμπεσθαι
2771 5313 2835 5367 τὸ
2857 5317 3110 5377 παλαιὸν,
3144 5323 3198 5364 ιιι
3232 5322 3423 5367 auctor
3453 5323 3537 5367 est
3567 5312 3701 5364 Citt-

2118 5399 2333 5446 nantus,
2368 5384 2462 5437 lib.
2497 5400 2568 5437 ιν.
2600 5383 2797 5440 Verum
2830 5385 2956 5439 idne
2989 5384 3285 5453 praestitum
3314 5384 3404 5445 sit,
3433 5382 3549 5443 iure
3567 5396 3701 5453 con-

2121 5456 2348 5508 troverti
2391 5465 2587 5522 potest,
2624 5472 2746 5510 cntn
2790 5451 3003 5511 constet
3032 5454 3371 5522 patriarchas
3399 5451 3703 5507 Antioche-

2122 5538 2219 5578 nos
2243 5540 2308 5579 ex
2332 5525 2594 5580 Romanis
2626 5526 2832 5580 Latinis
2863 5541 3077 5592 semper
3101 5526 3304 5577 electos
3330 5525 3519 5585 fuisse,
3546 5523 3701 5577 Gras-

2119 5596 2343 5650 cauicos
2373 5609 2501 5649 vero
2531 5597 2600 5651 ab
2648 5597 2782 5664 ipsis
2823 5591 3081 5661 AnguStis
3137 5595 3439 5658 institutos,
3478 5591 3699 5647 nomine

2120 5674 2283 5719 tenus
2313 5668 2577 5729 dignitate
2606 5667 2827 5733 potitos.
2859 5665 2995 5721 Vide
3025 5664 3195 5719 Notas
3244 5665 3308 5717 ad
3343 5664 3694 5733 Cinnamuut.‘

2194 5734 2306 5806 (99)
2333 5731 2667 5795 Ποδανδόκ.
2701 5736 3015 5806 Podandnut
3048 5736 3283 5789 vicinum
3310 5733 3481 5806 Tarso
3510 5731 3701 5806 statuit

2121 5800 2295 5860 etiam
2317 5806 2709 5862 Constantinus
2749 5808 2804 5861 in
2854 5804 3079 5873 Basilio,
3135 5812 3191 5859 et
3220 5820 3249 5857 a
3278 5804 3497 5859 nomine
3522 5800 3697 5867 lluvii,

2120 5877 2243 5933 loco
2267 5876 2683 5949 appellationem
2711 5878 2935 5933 inditam
2960 5876 3167 5946 scribit,
3204 5891 3327 5947 cap.
3358 5874 3447 5931 36.
