4086 6440
438 417 572 483 1017

1664 425 2089 489 ALEXIADIS
2131 424 2278 491 LIB.
2318 426 2494 490 XIII.

3592 438 3730 503 1018

437 534 672 603 κράτους
697 537 1081 609 προσένειμεν,
1102 540 1315 597 ἐκεῖθεν
1330 542 1664 616 ἀφελομένη.
1688 546 1800 599 Καὶ
1825 544 2017 615 στέργω

2145 559 2263 610 cea,
2304 556 2356 601 et
2384 562 2505 615 qua:
2531 546 2609 603 illi
2642 549 2870 605 subsunt
2892 549 3114 617 oppida.
3151 549 3368 607 Maurus
3397 567 3555 608 mons
3584 564 3640 608 et
3667 557 3716 608 ei

436 628 527 682 καὶ
560 631 676 692 τοῖς
709 647 770 683 τε
802 632 1111 703 διδομένοις
1148 637 1245 691 καὶ
1276 641 1389 699 toi;
1427 641 1813 712 ἀφῃρημένοις
1847 639 2034 693 ὡσαύ-

435 738 563 786 τως,
596 722 692 776 καὶ
724 723 1022 796 ἀνθέξομαι
1056 728 1156 797 μὲν
1184 728 1294 782 τῶν
1324 731 1551 784 δικαίων
1584 732 1682 785 καὶ
1716 732 2032 800 προνομίων

433 804 509 864 ὧν
543 813 855 884 παρέλαϐον
894 816 1188 887 ἀφ’ὑμῶν,
1227 821 1329 873 οὐκ
1369 823 1826 894 ἀντιποιήσαιμεν
1859 822 1917 875 δέ
1958 816 2034 874 ὧν

431 905 490 959 οὺ
534 906 887 976 παρέλαϐον,
937 909 1047 962 οὐδ’
1076 911 1143 964 ἂν
1190 913 1497 980 ὑπερϐαίην
1543 915 1672 978 τοὺς
1712 916 1872 985 ὄρους
1916 913 2032 968 ἀλλ’

432 996 660 1068 ἐμμενῷ
701 1002 817 1063 τοῖς
860 1000 1262 1074 δεδωρημένοις
1307 1007 1525 1075 κρατῶν
1562 1006 1701 1060 αὐτὰ
1747 1009 1843 1060 καὶ
1892 1024 2030 1075 καρ-

431 1087 704 1158 πούμενος
736 1090 930 1161 μέχρις
960 1092 1027 1145 ἂν
1058 1093 1136 1163 τῷ
1170 1093 1267 1165 βίῳ
1299 1096 1474 1166 περιῶ
1504 1097 1648 1151 mea
1682 1096 2027 1166 προδεδήλωο

429 1196 545 1234 ται.
576 1182 732 1237 Μετὰ
761 1182 817 1236 δὲ
846 1184 945 1253 τὴν
976 1186 1119 1255 ἐμὴν
1144 1187 1439 1257 τελευτὴν,
1468 1189 1542 1253 ὡς
1576 1190 1670 1243 καὶ
1699 1189 1861 1243 τοῦτο
1892 1207 2028 1261 προ-

428 1272 782 1342 γέγραπται,
812 1274 1254 1346 ἀναδραμοῦνται
1287 1279 1424 1350 πρὸς
1453 1278 1554 1343 τὰς
1580 1281 1787 1343 οἰκείας
1814 1282 1990 1349 ἀρχὰς
2010 1321 2026 1345 ,

428 1364 527 1418 καὶ
575 1365 701 1419 ὅθεν
749 1369 829 1432 είς
877 1370 1019 1440 ἐμὴν
1067 1369 1319 1436 ἐξουσίαν
1367 1372 1655 1445 ἐδόθησαν.
1696 1374 2024 1445 Ἐπισκήψω

428 1458 541 1529 γὰρ
574 1460 686 1521 τοῖς
734 1460 890 1531 ἐμοῖς
924 1462 1243 1533 ἐπιτρόποις
1277 1464 1372 1518 κοιλ⁸
1406 1465 1717 1536 ἀνθρώποις
1749 1465 1895 1521 κατὰ
1928 1465 2027 1536 τὴν

427 1551 752 1607 τελευταίαν
786 1570 891 1623 μου
922 1553 1181 1626 βούλησιν
1210 1557 1503 1611 ἀποδοῦναι
1536 1557 1635 1621 τὰς
1666 1558 1847 1629 χώρας
1881 1558 2026 1613 ἁπά-

431 1659 533 1708 σας
564 1644 668 1708 τὰς
703 1646 1003 1717 εἰρημένας
1037 1648 1115 1718 τῷ
1150 1650 1417 1721 σκήπτρῳ
1450 1652 1550 1719 τῆς
1582 1652 1692 1706 τῶν
1732 1652 2023 1722 Ῥωμαίων

427 1736 631 1806 ἀρχῆς,
664 1737 829 1807 μηδὲν
860 1737 1013 1809 παρᾶ
1042 1739 1141 1809 τὴν
1172 1740 1434 1793 ἀπόδοσιν
1466 1741 2023 1813 περιεργαζομένοις,

427 1828 463 1901 ἢ
495 1830 576 1892 εἰς
605 1828 1022 1901 ἀμφισϐήτησίν
1037 1829 1084 1861 ⁸³
1110 1847 1233 1884 τινα
1262 1830 1637 1888 διαπίπτουσι.
1672 1832 1784 1886 Καὶ
1814 1831 2020 1905 ὄμνυμι

2138 636 2380 705 subjecta
2413 650 2598 693 castra
2632 641 2813 694 omnia
2841 658 2856 705 ;
2915 641 3275 711 planitiesque
3307 654 3417 697 tota
3447 645 3548 712 ipsi
3591 648 3693 698 sub

2133 726 2327 796 jaccns
2361 744 2374 790 ;
2411 731 2654 795 exceptis
2686 731 2753 784 iis
2778 749 2895 797 qnzc
2924 733 2994 785 ihi
3026 735 3300 797 possident
3337 735 3565 802 Bupenii
3605 737 3721 790 l'ra-

2140 827 2271 879 tres,
2299 815 2409 870 Leo
2440 831 2494 873 et
2523 818 2847 876 Theodorus
2898 824 3142 883 Armeni.
3190 830 3281 893 qui
3320 826 3546 879 hominii
3604 828 3728 895 jure

2137 910 2405 979 maiestati
2448 921 2643 965 vestrm
2675 914 2897 967 ohnoxii
2924 924 3086 970 sunt:
3115 933 3217 970 una
3242 933 3363 972 cum
3402 936 3521 972 mox
3555 925 3726 973 ascri-

2135 1003 2346 1068 hendis,
2371 1019 2565 1074 nempe
2589 1016 2884 1075 strategato
2908 1008 3114 1077 Pagrae.
3140 1017 3440 1077 strategatu
3467 1012 3723 1072 Palatzv,

2137 1096 2376 1149 themate
2408 1095 2599 1164 Zumc,
2632 1107 2684 1151 et
2714 1113 2833 1165 qtae
2876 1099 2960 1152 his
3005 1108 3184 1153 castra
3235 1110 3289 1153 et
3350 1103 3542 1169 Oppida
3592 1105 3724 1156 suh-

2132 1199 2258 1243 sunt
2300 1207 2314 1244 :
2359 1206 2480 1242 cum
2518 1191 2824 1259 pertinente
2856 1194 2921 1245 ad
2954 1209 3142 1247 eorum
3171 1198 3596 1264 unumquodque
3633 1212 3718 1250 re-

2131 1269 2311 1351 gione.
2347 1279 2472 1334 Haec
2513 1281 2781 1349 siquidem
2814 1283 2995 1335 omnia
3025 1284 3186 1337 etiam
3238 1284 3291 1338 in
3338 1282 3487 1337 Bulla
3543 1287 3718 1337 Aurea

2133 1371 2440 1441 maiestatis
2476 1381 2672 1427 vestra.-
2708 1373 3030 1427 nominatim
3064 1385 3491 1428 commemorata
3542 1377 3719 1429 conti-

2130 1475 2346 1531 nentur,
2383 1473 2640 1533 tanquam
2668 1480 2697 1519 a
2732 1466 3016 1537 majestate
3070 1476 3245 1520 vestra
3319 1483 3574 1521 concessa
3624 1468 3719 1521 dn-

2131 1567 2366 1625 nalaqne
2392 1557 2548 1625 mihi,
2575 1574 2745 1628 usque
2777 1560 2842 1612 ad
2890 1559 3185 1613 terminum
3231 1561 3352 1613 vitae
3396 1575 3569 1618 meae:
3602 1570 3721 1628 post

2128 1668 2307 1708 meum
2342 1652 2552 1707 obitum
2586 1652 2829 1707 reditura
2868 1654 2918 1706 in
2943 1652 3033 1722 jus
3066 1652 3278 1720 imperii
3330 1668 3482 1707 novae
3535 1652 3719 1707 Rumm

2126 1747 2327 1815 reginae
2355 1746 2570 1800 urbium
2601 1744 3147 1815 Constantinopoleos
3175 1764 3190 1801 :
3216 1745 3380 1818 413
3414 1761 3475 1799 ea
3506 1748 3622 1817 lege
3657 1756 3714 1801 ut

2127 1840 2433 1896 custodiam
2484 1838 2643 1892 tidem
2696 1840 3149 1903 sincerissimam,
3192 1850 3245 1893 et
3284 1841 3714 1894 benevolentiam

427 1921 526 1974 καὶ
567 1922 728 1974 τοῦτο
770 1922 865 1975 καὶ
908 1921 1009 1994 τὴν
1051 1923 1373 1991 συμφωνίαν
1415 1925 1624 1997 ταύτην
1670 1927 2017 1995 κατεμπεδῶ,

2130 1946 2317 2000 puram
2341 1945 2467 1998 erga
2500 1944 2598 1983 vos
2636 1945 2853 1998 semper
2906 1931 3175 1997 Augustos
3233 1929 3617 1997 imperatores,
3661 1939 3717 1982 et

424 2012 503 2077 ὡς
529 2012 918 2083 ἅνυπερθέτως
946 2030 1008 2067 τε
1041 2017 1135 2069 καὶ
1164 2016 1556 2087 ἀναμφιϐόλως
1582 2019 1648 2072 τὸ
1681 2020 2021 2091 προσταττό-

429 2120 592 2175 μενον
632 2105 925 2177 πράξουσι.
967 2109 1117 2180 Πλὴν
1155 2112 1254 2164 καὶ
1294 2110 1454 2165 τοῦτο
1500 2112 1863 2183 προσκεῖσθαι
1904 2115 2026 2175 ταῖς

428 2200 791 2268 συμφωνίαις.
824 2201 914 2265 Ὠς
942 2202 1129 2273 ἐπειδὴ
1161 2204 1301 2274 ὑπὲρ
1331 2204 1438 2259 τῶν
1466 2205 1843 2276 ἀφῃρημένων
1871 2206 2023 2276 παρὰ

425 2291 518 2345 τοῦ
552 2293 787 2363 κράτους
819 2294 976 2360 ὑμῶν
1005 2296 1071 2349 ἐκ
1095 2297 1196 2363 τῆς
1225 2297 1569 2368 Ἀντιοχικῆς
1598 2298 1777 2368 ἀρχῆς
1805 2300 1900 2352 καὶ
1926 2297 2021 2352 τοῦ

423 2384 753 2440 ὼυκάτουοδ
786 2388 862 2457 (1)
889 2388 989 2459 τῆς
1020 2389 1230 2453 πόλεως
1260 2389 1371 2459 ἐγώ
1395 2408 1454 2443 τε
1485 2390 1903 2463 κατελιπάρησα
1930 2393 2023 2445 τὸν

428 2477 694 2549 ὑμέτερον
721 2478 910 2550 Θρόνον
937 2483 1274 2552 ποιήσασθαι
1306 2483 1677 2555 ἀντισήκωσιν
1712 2487 1806 2537 καὶ
1837 2485 1886 2538 oi
1923 2502 2021 2537 πε-

425 2572 668 2639 ρεγρῖνοι
696 2573 1258 2645 προκατελιπάρησαν
1285 2575 1381 2648 τὴν
1410 2576 1685 2647 ὑμετέραν
1713 2576 2017 2645 βασιλείαν,

422 2663 522 2715 καὶ
551 2663 844 2718 κατένευσε
875 2666 935 2718 τὸ
967 2666 1172 2735 κράτος
1202 2667 1359 2738 ὑμῶν
1387 2668 1766 2739 ἀντισηκῶσαι
1805 2687 1894 2739 μοι
1928 2669 2019 2721 θέ-

426 2771 592 2821 ματα,
624 2754 717 2807 καὶ
733 2755 916 2826 χώρας
942 2758 1118 2824 τινὰς,
1150 2760 1244 2811 καὶ
1272 2758 1456 2823 πόλεις
1486 2761 1631 2814 κατὰ
1664 2762 1758 2830 τὴν
1792 2761 2019 2813 Ἀνατο·

420 2844 521 2918 λὴν
544 2846 923 2919 διακειμένας,
956 2850 1038 2904 δεῖ
1066 2853 1161 2905 καὶ
1184 2852 1393 2907 τούτων
1420 2853 1675 2907 ἐνταυθοῖ
1708 2852 2020 2923 μνημονεῦ-

421 2956 515 2996 σαι
546 2940 669 2995 κατ’
685 2940 879 3011 ὅνομα,
910 2944 997 2997 ἵνα
1028 2947 1167 3015 μήτε
1195 2947 1227 3016 ἡ
1259 2946 1509 3014 βασιλεία
1535 2946 1690 3016 ὑμῶν
1716 2946 2021 3016 ἀμφιϐάλοι

420 3034 565 3087 κατά
591 3051 666 3097 τι,
698 3034 791 3088 καὶ
827 3034 937 3103 ἐγὼ
968 3036 1078 3107 ἐχω
1106 3039 1233 3109 περὶ
1264 3031 1340 3092 ὧν
1373 3038 1438 3092 ἂν
1471 3039 1812 3109 ἐπιζητοίην.
1832 3035 2019 3092 ’Ἦσαν

418 3121 478 3176 δὲ
510 3121 685 3177 ταῦτα
706 3140 722 3155 ·
752 3124 874 3179 τότε
912 3125 1056 3197 θέμα
1084 3128 1183 3195 τῆς
1219 3129 1557 3191 Κασιὼτιδος
1596 3130 1774 3199 πάσης
1810 3130 2019 3199 χώρας,

2128 2036 2257 2089 erga
2294 2019 2578 2087 imperium
2617 2018 2766 2072 urbis
2822 2018 3366 2087 ConstantinOpolis;
3425 2018 3718 2086 throoique

2129 2127 2193 2165 ac
2235 2110 2368 2181 regii
2406 2110 2522 2177 ejus
2554 2111 2759 2179 sceptri
2796 2110 2898 2164 sim
2936 2126 3132 2164 servus
3159 2120 3210 2163 et
3241 2111 3399 2164 lizies
3445 2111 3716 2165 subditus.

2129 2204 2395 2259 Promitto
2432 2205 2599 2257 etiam
2628 2213 2679 2256 et
2715 2204 2909 2272 jurans
2941 2212 3113 2257 testor
3145 2219 3269 2257 eum
3312 2204 3404 2270 qui
3440 2203 3493 2256 in
3528 2202 3719 2256 Eccle-

2126 2299 2207 2354 sia
2267 2298 2568 2351 Antiochiae
2627 2307 2819 2350 oratur
2874 2305 2927 2349 et
2999 2298 3259 2349 aduratur
3328 2294 3534 2359 Deum,
3609 2310 3714 2349 non

2123 2390 2366 2445 futurum
2396 2389 2697 2443 Antiochiae
2729 2386 3099 2456 patriarcham
3150 2402 3213 2439 cx
3251 2396 3439 2440 nostro
3489 2388 3713 2454 genere,

2124 2485 2218 2538 sed
2251 2497 2374 2536 eum
2401 2497 2559 2548 quem
2595 2489 2777 2534 vestra
2812 2480 3069 2546 majestas
3121 2478 3173 2529 in
3229 2492 3348 2531 eam
3385 2477 3707 2547 dignitatem

2124 2572 2473 2641 promoverit,
2507 2571 2772 2624 delectum
2805 2585 2835 2622 e
2871 2584 3097 2622 numero
3127 2568 3467 2622 alumnornm
3499 2583 3707 2634 magum

2122 2665 2754 2733 Constantinopolitauze
2797 2662 3072 2716 Ecclesia‘.
3121 2660 3221 2714 llic
3275 2662 3394 2714 talis
3445 2661 3710 2729 ejusmodi

2123 2764 2502 2817 ohsert'atinne
2556 2761 2728 2815 lectus
2787 2759 3048 2813 ascendat
3086 2757 3337 2809 thronum
3390 2753 3714 2810 Antiocheni

2124 2854 2555 2924 patriarchatus,
2605 2862 2659 2907 et
2714 2866 2834 2920 qua!
2887 2862 3105 2903 summo
3151 2847 3251 2901 loci
3310 2847 3425 2914 ejus
3483 2849 3711 2901 antistiti

2121 2957 2437 3016 competunt
2481 2948 2532 2999 in
2571 2943 3017 3012 impositionihus
3055 2957 3335 3006 manuum,
3396 2942 3447 2993 in
3502 2940 3713 2994 caeteris

2121 3038 2515 3095 ecclesinSticis
2544 3035 2944 3101 funt-tionibus,
2964 3034 3116 3102 juxta
3143 3035 3281 3086 ritus
3309 3032 3428 3099 ejus
3455 3032 3713 3087 Ecclesiae

2124 3135 2398 3203 legitimos
2428 3134 2611 3185 obeat.
2640 3130 2807 3183 Erant
2840 3139 3019 3180 autem
3052 3126 3181 3179 olim
3225 3136 3408 3197 partes
3458 3125 3704 3193 qua‘dam

414 3210 485 3288 ἧς
520 3216 856 3287 μητρόπολίς
886 3220 1036 3273 ἐστιν
1064 3221 1097 3291 ή
1131 3221 1348 3290 Βέροια,
1378 3222 1405 3275 ὂ
1437 3223 1577 3275 κατὰ
1608 3225 1703 3293 τὴν
1734 3224 1840 3275 τῶν
1876 3224 1987 3291 Bap

2123 3227 2354 3280 ducatus
2403 3223 2753 3285 Antiocheui,
2790 3237 2931 3274 nunc
2967 3222 3033 3274 ab
3062 3235 3127 3275 eo
3157 3219 3414 3274 abseissze
3459 3217 3712 3271 divulsa:-

419 3306 605 3378 ϐἀρων
642 3309 849 3377 φωνὴν,
889 3310 1078 3364 Χάλεπ
1115 3311 1334 3389 λέγεται
1358 3326 1374 3343 ·
1412 3313 1471 3365 τὸ
1508 3313 1649 3382 Θέμα
1682 3313 1785 3384 τῆς
1821 3316 2015 3368 Animi-

418 3414 543 3469 ρας,
586 3400 678 3452 καὶ
714 3401 784 3453 τὰ
828 3401 932 3454 ὑπὸ
968 3402 1171 3473 ταύτην
1213 3404 1393 3458 πάντα
1436 3404 1708 3474 πολίχνια,
1756 3409 2011 3461 τουτέστι

414 3492 487 3545 τὰ
530 3492 772 3558 Πλαστὰ,
811 3494 873 3547 τὸ
908 3494 1265 3566 τοῦ-Χωρίου
1308 3499 1565 3569 κάστρον,
1610 3499 1680 3551 τὰ
1715 3499 2011 3570 Ῥωμαῖνα,

415 3584 479 3637 τὸ
512 3587 749 3657 κάστρον
784 3588 1107 3658 Ἀραμισὸς,
1141 3589 1202 3643 τὸ
1232 3588 1326 3643 τοῦ
1364 3590 1586 3661 Ἀμηρᾶ
1619 3592 1916 3662 πολίχνιον,
1950 3593 2014 3645 τὸ

418 3676 657 3747 διάστρον
683 3678 776 3731 τοῦ
807 3680 1112 3748 Σαρϐἀνου,
1142 3681 1200 3735 τὸ
1227 3682 1319 3735 τοῦ
1353 3682 1699 3752 Τελχαμψὼν
1727 3684 2014 3753 φρούριον,

420 3771 519 3823 σὺν
553 3764 634 3833 οἷς
670 3772 765 3825 καὶ
799 3774 865 3825 τὰ
902 3773 1029 3844 τρία
1066 3772 1260 3839 Τίλια,
1295 3775 1419 3828 τότε
1458 3774 1880 3840 Ἀθλαϐοτίλιν,
1917 3777 2014 3830 καὶ

420 3859 471 3911 τ’
500 3861 635 3916 ἄλλα
675 3862 770 3916 δύο
793 3904 806 3929 ,
838 3865 900 3917 τὸ
939 3863 1202 3935 φρούριον
1226 3866 1295 3921 τὸ
1329 3867 1520 3934 Σγένιν
1540 3908 1555 3933 ,
1589 3869 1650 3921 τὸ
1686 3869 1921 3939 κάστρον
1952 3869 2014 3922 τὸ

418 3951 779 4025 Καλτζιέριν,
822 3958 912 4007 καὶ
948 3956 1013 4027 δὴ
1058 3956 1151 4011 καὶ
1198 3956 1408 4010 ταὺτῶν
1447 3958 1517 4012 τὰ
1562 3959 1847 4030 πολίχνια,
1891 3960 2012 4013 τότε

419 4044 842 4117 Κομμερμοέρι,
874 4047 970 4100 καὶ
1000 4049 1061 4102 τὸ
1095 4049 1273 4102 Καθισ
1289 4050 1452 4119 μάτιν
1484 4051 1801 4120 λεγόμενον,
1832 4053 1921 4105 καὶ
1954 4053 2014 4106 τὸ

420 4135 754 4209 Σαρσὰπην,
792 4141 885 4192 teat
915 4140 1014 4211 τὴν
1050 4141 1274 4212 Νέκραν
1311 4143 1371 4195 τὸ
1407 4143 1788 4212 πολισμάτιον.
1827 4145 2013 4198 Ταῦτα

424 4230 524 4300 μὲν
557 4231 629 4284 τὰ
664 4233 756 4286 ἐπὶ
792 4232 920 4287 τάδε
964 4234 1163 4305 Συρίας
1180 4234 1228 4267 ⁸⁸
1264 4235 1530 4306 κείμενα,
1568 4237 1636 4289 τὰ
1679 4238 1735 4291 δέ
1775 4239 1881 4291 ἀπὸ
1915 4240 2013 4309 τῆς

423 4321 596 4389 μέσης
621 4323 731 4376 τῶν
761 4323 1026 4393 ποταμῶν
1053 4323 1309 4394 θέματος.
1338 4325 1418 4378 Τὰ
1448 4326 1619 4396 ἀγχοῦ
1650 4344 1752 4381 που
1782 4327 2014 4399 κείμενα

417 4415 517 4484 τῆς
551 4416 763 4480 πόλεως
796 4416 1051 4487 Ἐδέσσης
1071 4456 1085 4480 ,
1123 4416 1246 4471 τότε
1282 4417 1423 4487 θέμα
1453 4418 1565 4470 τῶν
1597 4419 1842 4489 Λιμνίων
1865 4460 1879 4484 ,
1916 4422 2011 4473 καὶ

418 4506 481 4561 τδ
515 4505 656 4576 θέμα
691 4507 783 4560 τοῦ
821 4508 1005 4561 Ἀετοῦ
1045 4508 1368 4579 μεταπάσης
1401 4509 1497 4579 τῆς
1533 4511 1768 4564 ἑκάστου
1792 4512 2011 4566 ,τούτων

2119 3333 2225 3388 que
2297 3316 2584 3369 voluntate
2666 3313 2967 3378 ttzajcsutlis
3034 3319 3271 3374 vestrae,
3331 3325 3425 3364 cas
3484 3308 3709 3361 omnino

2118 3411 2415 3480 adjungerc
2476 3408 2684 3477 reliquo
2741 3421 2841 3458 suo
2893 3406 3122 3471 imperio
3163 3403 3527 3456 decernentis.
3567 3404 3705 3454 Sunt

2119 3518 2253 3557 velo
2287 3507 2388 3565 tne,
2419 3501 2597 3554 thema
2635 3498 2945 3553 Podundnm
2981 3496 3202 3557 dictum,
3253 3505 3302 3548 et
3354 3502 3705 3560 strategatum

2118 3596 2267 3650 uritis
2321 3593 2499 3656 Tarsi,
2533 3600 2587 3645 et
2631 3593 2814 3643 Adamn
2883 3591 3096 3650 civitas,
3158 3597 3212 3640 et
3271 3585 3616 3654 Mopsuestim
3653 3596 3707 3637 et

2116 3690 2390 3748 Anahaza,
2426 3697 2501 3750 et,
2543 3697 2598 3737 ut
2633 3685 2779 3737 hrevi
2843 3684 3041 3743 dicam,
3090 3681 3347 3733 universa
3392 3680 3537 3745 regio
3574 3678 3708 3729 Cilio

2118 3784 2234 3844 cite,
2258 3790 2515 3850 quantam
2537 3777 2755 3849 Cydnus
2775 3786 2827 3829 et
2861 3778 3058 3829 Erttton
3091 3768 3216 3827 hinc
3243 3773 3365 3825 inde
3390 3774 3705 3825 Iertninant.

2121 3872 2381 3928 Similiter
2410 3880 2463 3925 et
2513 3869 2774 3938 strategis
2845 3866 3111 3921 Laodicea
3167 3863 3361 3934 Syriae.
3416 3871 3471 3915 ct
3530 3863 3704 3926 ipsmn

2117 3975 2477 4032 strategzttum
2510 3961 2864 4025 Gabalorum,
2917 3957 3061 4027 quod
3115 3972 3212 4011 nos
3264 3955 3707 4023 pronuntiatione

2119 4057 2478 4120 suhbarbara,
2521 4053 2681 4107 Zeln-l
2717 4053 3075 4122 appellamus.
3128 4049 3438 4118 Strategata
3494 4061 3707 4115 quoque

2121 4150 2335 4204 Balanei
2380 4158 2434 4203 et
2484 4146 2740 4209 Maracci,
2791 4156 2845 4198 et
2904 4144 3211 4197 Antaradns
3261 4157 3382 4195 cum
3439 4140 3706 4201 Antarto;

2117 4240 2445 4310 strategides
2488 4240 2634 4292 enim
2662 4248 2714 4290 et
2755 4237 2835 4289 Ine
2874 4236 3066 4289 ambae.
3123 4233 3247 4287 lla'c
3302 4240 3429 4285 sunt
3474 4246 3593 4300 qua:
3636 4246 3703 4283 cx

2116 4336 2312 4388 ducatu
2351 4330 2655 4386 Antiochia:
2705 4328 2926 4382 divulsit
2957 4326 3215 4395 majestas
3250 4336 3447 4388 vestra,
3501 4335 3552 4377 et
3607 4338 3706 4374 suo

2120 4425 2339 4494 proprio
2370 4404 2601 4490 imperio
2633 4419 2947 4473 contribuit.
2980 4419 3091 4487 Ego
3122 4434 3248 4470 vero
3283 4418 3571 4486 acquiesco
3607 4431 3705 4480 pa-

2117 4516 2251 4566 riter
2279 4522 2333 4564 et
2364 4512 2504 4564 datis
2534 4520 2589 4564 et
2622 4509 2845 4574 ahlatis,
2889 4517 3054 4576 atque
3086 4519 3145 4560 ut
3180 4508 3246 4561 iis
3275 4506 3701 4575 ohligationibns

419 4605 704 4671 περιοχῆς.
739 4600 888 4671 Μηδὲ
917 4601 1094 4655 ταῦτα
1125 4602 1518 4672 ἀμνημόνευτα
1549 4604 1749 4656 κείσθω
1775 4605 1844 4659 τὰ
1875 4607 2005 4678 περὶ

2122 4617 2165 4661 ει
2196 4604 2385 4660 oﬂiciis
2412 4618 2528 4672 qua:
2557 4602 2791 4670 suscipio
2844 4593 3054 4654 ratione
3100 4608 3445 4669 acccptornn-
3480 4609 3700 4651 strenue

430 4693 713 4764 Ἐδέσσης,
750 4695 885 4765 μηδὲ
914 4695 983 4747 τὰ
1015 4694 1166 4765 παρὰ
1198 4694 1292 4747 τοῦ
1325 4695 1733 4767 Θεοφρουρήτου
1765 4700 2005 4769 κράτους

418 4783 576 4855 ὐμῶν
602 4787 966 4856 τετυπωμένα
1000 4804 1090 4859 μοι
1124 4788 1318 4858 ἐτήσια
1348 4788 1588 4843 τάλαντα
1619 4789 1716 4855 (2).
1746 4793 1909 4861 Λέγω
1940 4795 2004 4867 δὴ

2113 4717 2176 4756 ac
2207 4698 2435 4754 ﬁdeliter
2469 4695 2687 4764 defungi
2716 4710 2840 4764 erga
2881 4693 3220 4763 tnnjestateut
3281 4702 3514 4746 vestram
3571 4707 3693 4744 sum

2114 4805 2380 4868 paratus:
2419 4791 2490 4843 ita
2519 4800 2703 4843 certus
2753 4802 2873 4843 sum
2911 4802 3013 4841 nec
3065 4785 3419 4856 cupiditatem
3469 4784 3536 4839 ad
3591 4784 3697 4837 alia

1462 4905 1666 4967 Varia;
1708 4906 2013 4975 lectiones
2067 4931 2142 4976 ex
2191 4908 2337 4973 cod.
2371 4904 2630 4967 Coislin.

488 5001 533 5036 ⁸³
556 5002 909 5074 ἀμφιϐολίαν.
985 5003 1032 5035 ⁸⁵
1067 5005 1330 5074 κράτους.
1406 5004 1454 5036 ⁸⁵
1489 5007 1555 5075 τῇ
1602 5005 1797 5077 Συρίᾳ.

1483 5121 1627 5184 Car.
1665 5118 1995 5181 Dufresnii
2050 5119 2141 5180 Du
2191 5116 2404 5195 Cangii
2462 5121 2652 5176 notae.

491 5224 567 5295 (l)
617 5224 733 5279 Τοῦ
791 5222 1121 5295 Δοψιάτου.
1181 5224 1417 5280 Dncatus
1475 5225 1793 5280 Antiocheni
1821 5239 1852 5295 ;_
1876 5238 1998 5275 nam

2103 5223 2201 5279 aevi
2242 5221 2400 5274 medii
2435 5219 2734 5286 scriptores
2769 5215 3037 5281 accipitur
3067 5232 3081 5280 ;
3118 5215 3389 5270 interdum
3420 5220 3562 5273 enim
3597 5236 3695 5285 pro

418 5286 720 5351 Antiochia:
752 5294 1038 5362 przefectos
1096 5295 1291 5349 ducum
1355 5295 1510 5349 titulo
1558 5297 1800 5360 insignes
1822 5286 2001 5347 inisse
2102 5290 2439 5362 centenario,
2475 5289 2577 5362 hoc
2615 5298 2720 5350 est,
2760 5286 3168 5362 Celtlljltthlilll‘iS
3202 5290 3319 5362 auri
3369 5291 3693 5362 signati._ut

420 5355 780 5435 ostendimus,
807 5369 871 5417 ad
908 5365 1004 5418 lii).
1044 5382 1080 5417 ι.
1134 5366 1407 5435 Δουκάτον
1439 5378 1631 5419 neutro
1658 5355 1855 5435 genere
1894 5380 1998 5417 non
2100 5362 2241 5430 apud
2297 5359 2714 5435 Theophanem,
2756 5372 2843 5408 an.
2956 5355 3248 5435 Nic-ephori
3305 5355 3553 5435 lngOih._:
3585 5360 3691 5413 Τά-

418 5432 585 5493 seniel
628 5434 859 5487 efferunt
885 5436 1181 5506 scriptores
1209 5434 1404 5498 Graeci,
1460 5432 1998 5506 Piirphy'cogeuneta,

415 5506 494 5560 De
524 5506 681 5559 Adm.
715 5506 922 5574 imper.,
948 5521 1069 5572 cap.
1101 5505 1191 5570 50;
1222 5507 1349 5559 lili.t
1381 5506 1450 5557 De
1480 5503 1747 5569 Tltemat.,
1778 5520 1897 5569 cap.
1936 5503 1957 5555 1
1983 5521 1998 5568 ;

416 5574 572 5631 Nilus
616 5576 996 5643 anapatrius,
1030 5575 1090 5627 τὸ
1116 5576 1389 5628 Δουκάτον
1443 5577 1627 5645 πάσης
1687 5574 2004 5645 ᾼογγιϐαρ-

415 5647 557 5710 δίας.
600 5645 863 5698 Ducatum
899 5657 1088 5698 neutro
1116 5647 1281 5700 etiam
1316 5661 1514 5712 genere
1545 5643 1680 5697 dixit
1712 5643 1818 5697 Leo
1857 5646 1999 5708 031.,

415 5717 512 5840 Et).
544 5732 595 5838 ti,
649 5730 768 5785 cap.
828 5717 901 5782 6;
943 5718 1272 5779 comitatum,
1329 5715 1569 5770 Joannes
1624 5712 1731 5770 Vill
1789 5713 1893 5767 PP.
1944 5713 1999 5766 in

464 5803 508 5840 tu
572 5827 582 5839 .

480 5788 508 5837 ti
544 5793 582 5839 ι.

462 5806 851 5928 ιῖἓῗἘτήσω
902 5854 1191 5910 τάλαντα.
1232 5854 1443 5912 Talenti
1494 5869 1595 5911 vox
1655 5854 1803 5912 varie
1859 5853 1998 5925 apud

2103 5425 2271 5485 λαντα
2303 5430 2358 5482 δὲ
2381 5425 2571 5500 ἧκέ-ιγ’,
2599 5428 2883 5500 γινόμεναι
2916 5426 3098 5496 λίτραι
3143 5429 3311 5500 χίλιαι
3348 5425 3684 5495 τριακόσιαι,

2110 5507 2280 5556 Erant
2332 5498 2502 5552 autem
2544 5498 2745 5550 talenta
2785 5499 3051 5561 tredecim,
3080 5498 3223 5550 mille
3249 5509 3295 5548 et
3340 5508 3592 5549 (retentas
3628 5500 3688 5550 li-

2108 5573 2229 5625 bras
2263 5570 2612 5638 conﬁcientia.
2646 5567 2800 5635 Apud
2841 5568 3047 5619 Annam
3088 5581 3212 5618 vero
3239 5581 3335 5634 pro
3372 5567 3502 5638 libra
3534 5585 3685 5619 "Sur-

2112 5643 2253 5710 pnri,
2304 5636 2367 5694 ex
2402 5642 2466 5693 iis
2508 5654 2626 5706 qua:
2659 5652 2784 5710 tnux
2833 5646 3156 5710 sequuntur,
3192 5638 3344 5710 satis
3373 5636 3630 5710 C(tillglltlt
3672 5655 3685 5701 ;

2110 5706 2232 5766 cum
2268 5711 2410 5765 enim
2450 5710 2674 5762 dixisset
2708 5706 3055 5759 Bncntundus
3086 5706 3155 5758 ab
3199 5708 3386 5758 Alexio
3424 5708 3685 5771 tirlttttls~zt

2115 5782 2219 5836 sihi
2272 5797 2448 5833 annua
2513 5780 2735 5841 talenta,
2774 5778 2839 5828 τὰ
2894 5777 3088 5843 ἐτήσια
3139 5775 3401 5839 τάλαντα,
3455 5777 3687 5834 suhnit:

2116 5852 2272 5922 Λέγω
2302 5850 2366 5923 δὴ
2400 5851 2496 5905 τὰς
2518 5848 2827 5909 διακοσίους
2847 5845 3038 5916 λίτρας
3078 5846 3176 5916 τῆς
3205 5844 3558 5917 Μιχαηλὰτου
3585 5862 3686 5915 χχ-
