4086 6446
367 440 512 509 1023
1588 445 1830 507 ‘ANNfE
1871 443 2254 506 COMNENE
3470 442 3611 503 102$

357 554 480 609 dico
508 553 675 608 libras
696 551 1027 610 Michaelatze
1049 569 1407 624 percussurus.
1445 551 1602 610 Prius
1625 555 1769 609 enim
1800 554 1929 608 mihi

2038 553 2242 615 πάντες
2279 549 2374 604 καὶ
2412 548 2602 604 ὁπόσοι
2640 549 2740 621 τῆς
2769 547 2909 620 ὲμῆς
2946 547 3192 614 ἐξουσίας
3226 546 3337 602 εἰσὶ
3378 548 3476 603 καὶ
3520 552 3614 603 τὸν

358 646 518 700 datus
542 644 881 716 donatusque
919 655 1005 701 est
1051 662 1146 717 per
1192 647 1333 717 piam
1384 646 1619 701 Auream
1663 645 1866 700 Bullam
1901 660 1929 700 a

2034 644 2195 714 χορὸν
2220 641 2330 696 τῶν
2373 640 2524 712 ἐμῶν
2568 640 2925 713 στρατιωτῶν
2966 640 3389 711 ἀπαρτίζουσιν.
3442 641 3608 696 Ἀλλὰ

361 735 644 806 majestate
681 748 860 792 vestra
898 739 1127 794 ducatus
1170 738 1402 808 integer,
1433 753 1555 794 cum
1585 737 1834 792 omnibus
1866 740 1929 792 ad

2034 736 2125 789 καὶ
2155 735 2296 806 ὑπὲρ
2326 734 2435 787 τῶν
2466 735 2574 786 σῶν
2615 733 2828 805 ἐχθρῶν
2852 733 3284 804 Θωρακιούμεθα
3310 735 3405 786 καὶ
3435 733 3609 805 apati.

358 843 483 880 eum
511 829 907 896 pertinentibus
938 830 1154 884 arcibus
1188 838 1243 884 et
1285 830 1485 894 terris;
1539 845 1641 884 non
1675 830 1726 882 in
1755 845 1929 884 meam

2035 844 2135 898 μεν
2165 828 2308 881 ὅπλα.
2361 826 2454 880 καὶ
2501 825 2723 895 δόρατα,
2755 824 2849 878 καὶ
2879 827 2990 887 τοῖς
3042 828 3157 888 σοῖς
3212 826 3388 893 φίλοις
3434 826 3611 894 ἐμϐα-

361 934 648 1003 pcrsonatn
686 928 890 974 tantmn
931 930 1260 975 conventura
1290 921 1391 977 ista
1424 922 1601 976 ducali
1645 922 1929 992 dignitate,

2034 919 2232 990 λοῦμεν
2285 921 2383 983 τὰς
2428 918 2645 983 δεξιάς·
2687 918 2781 971 καὶ
2826 918 3005 973 πάντα
3046 919 3113 971 τὰ
3156 917 3295 988 πρὸς
3338 917 3612 984 ὠφέλειαν

359 1009 454 1060 sed
478 992 609 1063 inde
651 1013 991 1080 propaganda
1019 1011 1071 1066 in
1108 1027 1490 1082 quemcunque
1538 1012 1670 1067 mihi
1721 1029 1929 1068 succes-

2035 1011 2131 1064 καὶ¹
2176 1008 2342 1083 τιμὴν
2377 1011 2480 1080 τῆς
2508 1010 2616 1064 τῶν
2650 1009 2941 1078 Ῥωμαίων
2980 1009 3161 1079 ἀρχῆς
3203 1010 3484 1078 ὲπινοήσω
3516 1008 3627 1064 καῖ

360 1111 537 1150 sorem
593 1101 866 1169 elegerim,
907 1102 1064 1172 cujus
1107 1102 1396 1158 electionis
1431 1110 1484 1158 et
1532 1104 1929 1173 propagatiouis

2036 1103 2478 1173 καταπράξομαι.
2525 1101 2713 1164 Οὕτως
2759 1102 2993 1171 ὀναίμην
3031 1106 3131 1174 τῆς
3164 1100 3261 1154 τοῦ
3308 1100 3443 1154 Θεοῦ
3484 1100 3612 1170 βοη-

360 1184 623 1242 facivmlte
655 1190 783 1244 mibi
813 1200 1054 1259 potestas
1097 1194 1359 1261 permissa
1391 1202 1497 1257 est,
1529 1208 1623 1263 per
1646 1196 1791 1264 piam
1823 1193 1929 1246 Au-

2038 1195 2220 1259 οείας·
2255 1198 2400 1251 οὕτω
2448 1197 2541 1251 τοῦ
2586 1197 2821 1270 σταυροῦ
2864 1196 2958 1252 καὶ
3002 1197 3113 1249 τῶν
3162 1197 3321 1251 θείων
3373 1197 3621 1264 libans-

359 1290 507 1331 ream
538 1278 784 1350 Bullam;
834 1298 955 1338 cum
981 1299 1046 1339 eo
1072 1293 1250 1340 tamen
1291 1294 1349 1339 ut
1402 1285 1491 1339 ille
1528 1286 1836 1355 quicunque
1866 1285 1941 1340 sit
2035 1287 2192 1343 λέων.
2228 1307 2246 1341 ι

357 1387 643 1431 successor
676 1395 827 1433 mens
859 1381 1049 1434 eadem
1085 1396 1297 1436 mecum
1346 1382 1619 1437 titlelitatis
1650 1391 1813 1452 atque
1872 1385 2116 1454 obsequii
2159 1386 2224 1438 ad
2286 1386 2622 1453 maiestatem
2664 1396 2899 1441 vestram
2946 1372 3278 1452 subiectione
3346 1394 3614 1443 teneatur,

357 1475 616 1537 tanquam
652 1486 811 1528 verus
845 1473 1006 1529 homo
1034 1474 1191 1529 lizius
1232 1473 1531 1543 maiestatis
1593 1488 1806 1543 vestrae,
1877 1477 1925 1532 ei
1958 1478 2010 1532 in
2051 1478 2300 1531 omnibus
2322 1493 2441 1541 mute
2470 1493 2570 1546 ego
2595 1478 2816 1547 promisi
2853 1477 3153 1546 obsequens
3176 1486 3229 1529 et
3252 1477 3615 1540 consentiens,

360 1562 645 1632 pactisque
674 1580 703 1618 a
748 1582 832 1621 me
858 1567 1009 1623 initis
1048 1568 1335 1624 inhaerens.
1375 1570 1450 1624 Ex
1483 1571 1607 1625 hinc
1635 1586 1762 1628 vero
1789 1581 2071 1642 postquam
2098 1573 2263 1627 semel
2292 1583 2469 1627 vester
2515 1573 2674 1627 homo
2720 1572 2894 1627 factus
2966 1586 3110 1635 sum,
3175 1579 3230 1624 et
3293 1571 3359 1623 ad
3431 1569 3615 1622 orbem

358 1652 691 1727 PrinCipatus
721 1662 888 1718 vestri
921 1665 1194 1733 pertinere
1219 1665 1382 1735 cmpi,
1438 1667 1609 1723 debeo
1665 1667 1913 1737 accipere
1940 1666 2197 1737 pensione
2231 1682 2409 1720 annua
2477 1680 2509 1721 e
2573 1665 2735 1736 regiis
2792 1662 3063 1718 thesauris
3118 1663 3317 1716 talenta
3386 1661 3617 1715 ducenta

358 1759 589 1804 manelte
618 1748 850 1807 formam
918 1763 972 1811 et
1031 1756 1348 1827 qualitatem
1393 1757 1644 1814 habentis
1708 1758 1912 1813 domini
1966 1755 2244 1813 Michaelis
2294 1758 2384 1829 qui
2439 1758 2589 1828 prius
2633 1758 2941 1828 imperavit,
2990 1771 3086 1826 per
3130 1755 3362 1825 aliquem
3427 1772 3493 1809 ex
3542 1752 3618 1807 rei

357 1841 593 1897 nauticae
638 1845 909 1913 praefectis
953 1850 1147 1905 vestris
1197 1865 1228 1904 e
1272 1848 1430 1921 Syria
1489 1851 1736 1905 mittendi
1777 1863 1808 1904 a
1848 1865 1936 1905 me
1968 1849 2130 1923 διε
2166 1865 2287 1903 cum
2333 1849 2472 1905 meis
2507 1850 2701 1905 litteris
2736 1850 2802 1903 ad
2844 1864 2939 1903 vos
3012 1848 3064 1901 in
3114 1848 3303 1901 urbem
3396 1848 3600 1917 regiam

359 1942 417 1987 ut
447 1948 510 1988 ea
541 1950 724 1992 coram
754 1955 782 1994 a
812 1950 992 1996 vestra
1023 1956 1251 2009 persona
1292 1958 1413 1999 meo
1484 1944 1705 1998 nomine
1775 1944 2026 2012 recipiat.
2065 1945 2141 1998 Ac
2168 1957 2260 1996 vos
2285 1943 2502 2013 quidem
2542 1957 2756 2013 semper
2784 1940 3008 2009 Augusti
3057 1939 3322 2007 principes
3366 1937 3622 1992 Ruinanze

360 2025 669 2098 reipublicze
692 2031 1068 2102 imperatores,
1094 2033 1451 2104 dignabimini
1483 2050 1707 2090 servare
1736 2047 1939 2090 etcum
1983 2036 2088 2090 tlde
2124 2034 2349 2102 implere
2376 2049 2710 2105 qumcuuque
2753 2035 2806 2089 in
2836 2035 2986 2088 Bulla
3033 2035 3208 2087 Aurea
3240 2033 3339 2101 piae
3407 2046 3469 2086 ac
3529 2046 3613 2086 re-

360 2116 564 2187 ligiosae
597 2123 895 2193 tnajestatis
946 2139 1144 2182 vestite
1196 2130 1506 2198 ciinscripta
1563 2129 1939 2197 promissaque
1977 2128 2261 2201 suut.Ego
2294 2144 2422 2183 vero
2454 2144 2550 2199 per
2579 2132 2679 2184 hoc
2745 2130 3114 2199 juramentum
3163 2143 3223 2182 ea
3275 2127 3344 2181 de
3415 2126 3613 2193 quibus

360 2214 624 2271 hactenus
669 2220 897 2274 conveni
933 2221 1235 2284 vobiscum,
1276 2220 1433 2275 ﬁrmo
1499 2219 1820 2290 sancioque.
1881 2219 2015 2277 Juro
2050 2223 2194 2276 enim
2239 2236 2335 2290 per
2381 2223 2660 2291 passiones
2709 2222 3031 2290 doloresque
3079 2237 3220 2276 nunc
3272 2219 3622 2291 impmsihilis

359 2308 659 2368 Salvatoris
690 2310 917 2380 Christi,
969 2325 1025 2370 et
1073 2330 1170 2386 per
1231 2315 1488 2370 invictam
1550 2314 1668 2383 ejus
1718 2331 1942 2371 crucem
1984 2330 2149 2387 quam
2179 2330 2277 2386 pro
2329 2316 2505 2372 salute
2540 2316 2782 2370 omnium
2834 2316 3073 2383 pertulit,
3127 2327 3182 2371 et
3210 2332 3309 2387 per
3375 2332 3438 2372 ea
3503 2326 3622 2382 qua!

355 2418 539 2456 coram
567 2403 724 2460 viilco
765 2409 1270 2465 sacrosanctissima
1304 2407 1622 2480 Evangelia,
1673 2422 1796 2479 quae
1839 2408 2029 2463 orbem
2107 2408 2417 2464 universum
2474 2410 2527 2464 in
2598 2420 2712 2465 rete
2771 2407 2975 2465 Christi
3034 2410 3417 2465 concluserunt
3469 2408 3622 2477 (luce

354 2497 500 2550 cnim
528 2513 686 2552 manu
711 2507 900 2556 tenens
921 2499 1113 2572 juro);
1185 2503 1638 2573 pretiosissimam
1703 2515 1835 2558 vero
1859 2500 2060 2558 Christi
2090 2515 2307 2557 crucem
2339 2511 2517 2556 mente
2561 2501 2721 2556 simul
2769 2502 3188 2570 comprehendo,
3259 2510 3316 2557 ct
3380 2503 3623 2570 spineam

357 2610 637 2665 coronam,
669 2605 725 2653 et
749 2597 932 2656 clavos
962 2609 1017 2654 et
1046 2599 1289 2657 lant-cam
1326 2616 1447 2671 qnze
1471 2598 1769 2671 perforavit
1816 2599 1935 2669 ejus
1970 2597 2311 2653 Dominicum
2335 2612 2399 2653 ac
2425 2597 2696 2652 viviticum
2724 2597 2868 2653 latus
2898 2616 2913 2653 :
2948 2600 3043 2653 tibi
3116 2600 3517 2668 potentissimo.
3557 2610 3610 2651 ct

356 2701 514 2742 sacro
538 2698 728 2744 110³1ΐο
753 2688 1070 2758 imperatori
1090 2690 1317 2746 Domino
1337 2692 1527 2746 Alexio
1552 2689 1850 2755 Comneno,
1884 2698 1939 2743 et
1975 2686 2214 2743 consorti
2244 2701 2307 2740 ac
2338 2687 2558 2757 collegae
2591 2687 2804 2758 imperii
2836 2690 2912 2743 tui
2980 2688 3449 2744 desideratissimo
3516 2689 3624 2741 lilio

358 2791 450 2835 tuo
480 2780 704 2836 domino
731 2780 930 2838 Joanni
951 2782 1439 2856 Porphyrogenito,
1496 2799 1584 2840 me
1642 2783 1823 2839 omnia
1858 2792 2015 2853 pacta
2055 2780 2320 2852 promissa
2354 2796 2450 2835 ore
2481 2797 2599 2837 meo
2625 2782 2828 2851 prolata
2852 2783 3248 2838 custoditurum
3281 2796 3334 2837 ct
3364 2784 3620 2837 inviolati

358 2884 698 2928 servaturum
756 2875 811 2930 in
854 2889 1017 2932 omne
1064 2884 1276 2945 tetnpus
1323 2884 1429 2931 :et
1478 2876 1530 2931 in
1587 2877 1781 2932 eodem
1834 2876 1935 2928 hoc
1973 2889 2136 2945 quem
2169 2888 2315 2927 nunc
2357 2871 2528 2928 habeo
2598 2888 2727 2943 erga
2766 2874 3105 2942 maiestatem
3182 2885 3413 2931 vestram
3454 2891 3621 2930 sensu

357 2980 423 3017 ac
458 2967 639 3022 animo
665 2978 1133 3036 perseveraturum
1159 2985 1420 3040 semper:
1464 2984 1641 3041 neque
1682 2968 1764 3024 vel
1807 2968 2034 3038 primam
2058 2965 2441 3037 cogitationem
2498 2965 2631 3030 odii,
2672 2966 2801 3032 doTi,
2861 2979 2959 3022 aut
3026 2967 3231 3022 fraudis
3275 2968 3459 3024 ullins‘
3493 2983 3619 3035 erga

361 3072 459 3113 νινε
503 3070 880 3129 suscepturum
957 3073 1399 3120 ostensurumve.
1454 3062 1562 3119 Sed
1616 3062 1971 3134 perstiturum
2043 3058 2484 3115 constantissime
2511 3059 2820 3115 omnibusa
2855 3076 2939 3115 me
2986 3061 3288 3129 promissis,
3347 3076 3620 3131 tamquam

358 3155 553 3222 quovis
593 3169 878 3226 praetextu,
907 3176 1231 3231 quacunque
1263 3162 1478 3216 ratione
1515 3162 1799 3216 adversum
1834 3175 1929 3214 vos
1970 3157 2287 3230 pejerantlo,
2332 3163 2423 3210 aut
2458 3156 2523 3210 ad
2549 3154 2714 3209 ullam
2747 3152 3146 3210 revocationem
3217 3170 3312 3224 per
3342 3170 3429 3208 me
3495 3170 3622 3222 pro-

362 3249 674 3316 missorum,
733 3263 827 3308 aut
882 3254 1289 3325 abrogationem
1347 3255 1570 3310 hederis
1629 3253 1792 3324 hujus
1860 3253 1966 3308 nlla
2012 3250 2414 3321 excogitatione
2490 3247 2778 3303 calumniae
2816 3246 3043 3308 callidae.
3096 3247 3401 3312 veniendo;
3450 3263 3623 3314 neque

357 3353 460 3408 ego
500 3339 635 3409 ipse,
671 3356 844 3411 neque
873 3358 1113 3398 meorum
1144 3345 1457 3415 quisquam,
1503 3345 1817 3414 quicunque
1848 3340 2136 3411 potestatis
2163 3354 2294 3394 meae
2319 3345 2449 3393 sunt
2522 3344 2576 3392 et
2651 3334 2881 3390 militum
2931 3350 3173 3390 meorum
3240 3334 3466 3389 chorum
3517 3335 3621 3386 im-

360 3433 528 3500 plent.
562 3435 669 3491 Sed
701 3444 758 3491 et
784 3439 1045 3493 adversus
1078 3448 1201 3494 tuos
1245 3440 1433 3494 hostes
1487 3439 1685 3494 loricas
1733 3437 2040 3502 in-Juemus,
2073 3442 2130 3489 et
2195 3431 2448 3487 tollemus
2522 3444 2673 3484 arma
2735 3443 2798 3484 ac
2840 3426 3077 3493 lanceas,
3132 3437 3188 3482 et
3274 3426 3378 3482 tuis
3435 3425 3624 3478 amicis

360 3526 662 3594 injiciemus
705 3530 909 3586 amicas
936 3531 1212 3599 dexteras,
1246 3534 1537 3602 omniaque
1568 3531 1819 3588 similiter
1851 3528 1917 3584 ad
1960 3527 2248 3582 utilitatem
2280 3525 2656 3593 honoremque
2688 3520 2921 3577 Romani
2961 3519 3176 3590 imperii
3242 3516 3494 3588 cogitabo
3557 3534 3622 3570 ac

357 3617 656 3687 perﬁciam.
688 3619 781 3676 Sic
810 3637 897 3677 me
927 3622 1070 3678 Deus
1095 3624 1315 3694 adjuvet
1344 3642 1359 3680 :
1396 3625 1476 3680 sic
1500 3640 1634 3680 crux
1663 3632 1718 3680 et
1745 3623 1925 3677 divina
1966 3619 2283 3689 Evangelia.
2326 3638 2345 3671 ι

430 3712 561 3769 Hm:
581 3718 879 3787 conscripta
904 3727 1029 3775 sunt
1052 3732 1102 3775 et
1115 3721 1425 3787 juramenta
1446 3723 1681 3793 prwstita
1707 3724 1760 3777 in
1790 3738 1929 3792 pra:-

2110 3715 2309 3770 Ταῦτα
2328 3714 2558 3785 ἐγράφη
2583 3730 2649 3767 τε
2678 3712 2777 3767 καὶ
2807 3715 2864 3766 οἱ
2893 3712 3059 3781 ὅρκοι
3081 3714 3621 3780 συνετελέσθησαν

355 3807 530 3863 sentia
570 3810 986 3881 subscriptorum
1028 3815 1260 3881 testium,
1291 3832 1466 3870 mense
1500 3815 1814 3881 Septembri,
1854 3816 1929 3869 ini

2036 3813 2338 3877 παρουσίᾳ
2370 3806 2488 3860 τῶν
2503 3805 3093 3877 ὑπογεγραμμμένων
3104 3822 3255 3874 papa
3264 3806 3443 3873 ύρων,
3470 3808 3619 3859 κατὰ

357 3899 601 3953 dictionis
641 3903 904 3969 secundm,
927 3920 1069 3958 anno
1089 3906 1210 3976 jam
1233 3908 1505 3961 desinente
1555 3910 1720 3962 sexies
1762 3906 1929 3961 mille-

2034 3900 2200 3970 μῆνα
2250 3899 2656 3968 Σεπτέμϐριον
2711 3898 2812 3969 (6),
2863 3898 3149 3965 δευτέρας
3188 3897 3616 3968 ἐπινεμήσεως,

356 3990 495 4043 sima
528 3991 941 4061 quingentesimo
967 3995 1169 4049 decimo
1197 3997 1434 4064 septimo.

2036 3994 2213 4057 ἔτους
2243 3991 2361 4059 ἤδη
2394 3990 2902 4059 διαρυισκομένου
2924 3991 3116 4059 ,ςχιζ¹.

431 4077 602 4135 Porro
632 4099 855 4152 quorum
898 4085 954 4139 in
993 4089 1302 4156 prasentia,
1340 4088 1450 4144 Ita'c
1482 4089 1740 4159 completa
1773 4101 1935 4158 sunt;

354 4170 545 4241 quique
565 4173 646 4227 Itis
667 4173 1018 4244 subscripsere
1038 4186 1193 4234 testes
1225 4179 1280 4233 Iri
1295 4191 1435 4244 sunt,
1465 4181 1561 4235 Dei
1577 4184 1936 4238 amantissimi

352 4277 581 4329 episcopi
591 4307 602 4318 .

428 4349 727 4423 Amalplu's,
763 4352 1008 4410 Maurus.
1082 4354 1320 4423 Tarenti,
1390 4357 1696 4427 Reuardus,
1747 4368 1798 4416 et
1843 4362 1931 4431 qui

353 4459 469 4497 cum
491 4461 553 4500 eo
584 4456 737 4500 erant
765 4447 968 4503 clerici.
997 4447 1443 4520 Religiosissimus
1462 4456 1778 4522 prmpositus
1806 4471 1935 4510 sane

353 4537 425 4590 cli
455 4541 761 4593 monasterii
797 4541 852 4594 in
890 4540 1261 4612 Langobardia
1309 4547 1423 4608 siti,
1463 4549 1641 4602 sancti
1683 4550 1928 4613 Andreae,

349 4628 406 4683 ia
437 4630 615 4685 insula
654 4630 943 4689 Brundusii
980 4650 1001 4689 :
1027 4645 1078 4691 et
1113 4637 1217 4690 duo
1239 4652 1307 4691 ea:
1331 4641 1599 4701 monachis
1626 4639 1784 4695 dicta:
1841 4642 1931 4696 do-

352 4735 489 4775 mus.
523 4719 800 4791 Principes
823 4724 1244 4796 peregrinorum,
1272 4726 1441 4799 416
1478 4730 1569 4798 qui
1590 4746 1690 4784 sua
1721 4732 1930 4800 quidem

350 4811 503 4878 signa
526 4812 630 4880 ipsi
651 4813 950 4883 ﬁgurarum
999 4832 1161 4870 manu
1211 4823 1426 4888 prapria
1486 4835 1506 4873 :
1553 4825 1763 4876 norititra
1812 4839 1931 4880 vero

350 4901 588 4956 imorum
619 4920 782 4958 manu
824 4906 930 4962 Deo
964 4909 1293 4964 dilectissimi
1346 4914 1581 4984 episc0pi
1631 4916 1929 4983 Amalpltis,

347 4994 445 5046 sub
477 5009 656 5048 eorum
693 4998 858 5067 signis
901 5000 1198 5070 subscripta
1255 5011 1381 5056 sunt
1408 5018 1428 5062 :
1455 5007 1547 5075 qui
1595 5007 1758 5061 etiam
1809 5011 1926 5079 epi-

2068 4122 2075 4123 κ
2111 4087 2176 4140 οι
2214 4085 2426 4155 μέντοι
2478 4083 3009 4153 παρουσιιὶσαντες
3027 4083 3326 4154 μάρτιφες
3352 4085 3615 4139 καὶύπο-

2035 4178 2424 4246 τεγραφότες,
2458 4169 2548 4231 ὧν
2578 4177 2863 4231 ἐναντίον
2885 4177 3073 4230 ταῦτα
3098 4179 3436 4238 τετέλεστο,
3460 4179 3613 4231 εἰσὶν

2035 4267 2218 4335 οὗτοι,
2255 4273 2309 4325 οι
2344 4270 2800 4340 θεοφιλέστατοι
2826 4269 3177 4323 ἐπίσκοποι.

2107 4365 2181 4417 Ὅ
2202 4380 2267 4418 τε
2297 4362 2619 4432 Ἀμάλφης,
2648 4360 2891 4429 Μαῦρος
2912 4402 2926 4427 ,
2970 4360 3070 4414 καὶ
3102 4363 3134 4415 ό
3170 4360 3275 4414 τοῦ
3310 4357 3614 4426 Τερεντοῦ,

2044 4452 2380 4522 Ῥενάρδος,
2407 4452 2507 4507 καὶ
2539 4455 2595 4507 oi
2643 4450 2767 4506 σὺν
2798 4450 2961 4517 αὐτῷ
3002 4450 3300 4519 κληρωτοί.
3339 4451 3399 4503 '0
3432 4452 3597 4504 siua-

2033 4544 2325 4610 ὄέστατος
2399 4543 2854 4610 καθηγούμενος
2911 4539 3025 4608 τῆς
3088 4540 3159 4595 ἐν
3217 4539 3615 4609 Λογγιϐιιίδίςι

2033 4634 2374 4704 σεϐασμίας
2396 4632 2596 4702 μονῆς
2628 4632 2734 4687 τοῦ
2759 4633 2933 4703 ἁγίου
2981 4630 3256 4701 Ἀνδρέου
3299 4632 3409 4701 τῆς
3441 4632 3509 4686 ἐν
3537 4631 3612 4701 τῇ

2031 4727 2208 4799 νήσῳ
2258 4726 2365 4781 τοῦ
2406 4718 2827 4794 Βρεντησίου,
2884 4726 2987 4778 καί
3047 4742 3208 4791 τινες
3259 4723 3459 4779 αὐτῶν
3503 4725 3613 4779 δύο

2027 4822 2310 4892 μοναχοι.
2353 4821 2419 4873 Οἱ
2453 4818 2746 4888 ἄρχοντες
2768 4818 2885 4871 τῶν
2913 4819 3288 4886 περεῖῬίνων
3310 4820 3376 4873 ⁸⁵.
3397 4812 3508 4871 Ὧν
3540 4818 3612 4870 τὰ

2026 4912 2147 4983 μὲν
2192 4911 2378 4980 σΙγνα
2418 4908 2586 4962 αὐτοὶ
2637 4907 3007 4976 διεχὰραξαν
3041 4909 3483 4978 οὶκειοχείρωςο
3541 4909 3612 4963 τὰ

2032 5003 2103 5058 δὲ
2133 5004 2363 5058 τούτων
2391 5001 2658 5070 ὀνόματα
2691 5000 2789 5054 διὰ
2824 5001 3026 5070 χειρὸς
3067 5002 3171 5057 τοῦ
3218 5004 3609 5073 (impulsam-

348 5102 536 5153 scopus
607 5086 810 5159 legatus
879 5106 912 5143 α
970 5087 1125 5161 Papa
1191 5092 1262 5148 ad
1330 5095 1699 5167 imperatorem
1776 5077 1926 5156 verte-

2034 5111 2138 5151 του
2163 5095 2501 5148 ἐπισκόπου
2537 5092 2868 5161 Ἀμάλφης,
2902 5093 3284 5164 τοῖςλσίγνοις
3307 5113 3600 5165 προσπαρ.

350 5190 456 5234 rat.

2030 5188 2406 5258 εγράφησαν,
2443 5186 2513 5251 ὃς
2562 5184 2660 5238 καὶ
2704 5185 2975 5253 πρέσϐυς
3013 5190 3173 5258 παρὰ
3202 5189 3309 5243 τοῦ
3337 5191 3507 5243 :nirz'a
3532 5191 3609 5262 ('1)

2031 5282 2185 5349 πρὸς
2209 5282 2317 5334 τὸν
2344 5277 2755 5347 αὐτοκράτορα
2787 5279 3095 5350 ἐληλύθει.

1393 5389 1588 5451 Varias
1617 5389 1922 5457 lectiones
1958 5412 2035 5458 ex
2069 5398 2211 5458 cod.
2246 5391 2514 5457 Coislin.

419 5479 466 5513 ⁸⁷
495 5481 856 5551 πελεγρὲνων.

1427 5558 1565 5620 Car.
1599 5560 1923 5625 Dulrcsnii
1958 5562 2049 5626 Du
2089 5564 2309 5640 Csngii
2344 5575 2508 5629 notas

423 5649 504 5721 (6)
532 5656 691 5725 Κατὰ
718 5655 881 5721 μῆνα
918 5656 1338 5725 Σεπτέμόριον.
1371 5658 1609 5714 Firmata

347 5720 497 5795 stium
531 5724 668 5795 inter
699 5739 755 5779 et
789 5720 1157 5783 Boemunduin
1182 5720 1248 5781 in
1277 5730 1412 5785 urbe
1460 5720 1701 5795 Diaboli,
1740 5749 1926 5790 mense

351 5790 995 5874 §epteiiibri_i_iidit_~t._2,_
1037 5798 1273 5874 ipeunte
1329 5813 1473 5855 anno
1529 5790 1712 5864 mundi
1769 5803 1922 5874 iusta

350 5860 569 5918 Graecos
600 5862 763 5930 66l7,
795 5864 997 5922 Christi
1032 5867 1190 5922 “08.

1658 5678 1757 5727 pax
1810 5665 1941 5717 Alc-

2096 5665 2176 5736 (7)
2217 5667 2383 5733 Παρὰ
2436 5668 2543 5722 τοῦ
2595 5668 2792 5724 "dna.
2862 5670 3103 5724 Pasrbali
3155 5671 3220 5736 ll,
3269 5690 3499 5738 quocum
3542 5692 3603 5730 ca

2025 5745 2713 5809 tempesta_t_eniagna'erat
2751 5750 2801 5793 et
2859 5739 3094 5794 Henrico
3147 5743 3472 5809 imperatore
3526 5752 3603 5802 si-

2026 5806 2245 5860 multas.
2282 5804 2416 5862 Vide
2440 5804 2654 5863 Petrum
2680 5808 2830 5865 Diae.
2871 5811 2962 5866 ιιι).
2998 5826 3050 5866 tv
3075 5850 3093 5879 ,
3119 5804 3240 5883 cap;
3275 5814 3366 5870 48.

1988 6008 2081 6018 σω-
