4086 6424
372 352 514 423 10ηῶ

1646 357 1870 420 ΑΝΝΕ
1911 326 2295 418 ρΟΜΝΕΝΑι

3499 348 3635 418 1036

370 493 477 545 que
519 475 813 546 plurimos;
845 474 1114 544 supplevit
1156 487 1445 529 numerum
1475 471 1731 538 coloniis;
1764 485 1942 527 accer-

2052 469 2243 535 ζοντες
2290 469 2389 524 καὶ⁸
2441 468 2511 521 τὰ
2567 470 2755 535 σφίσιν
2806 466 2994 526 αὐτοῖς
3055 463 3412 535 ξυμπεσόντα
3477 463 3634 522 δεινά

372 572 650 638 εσιιιιιιιιιιιε
678 568 894 622 aliunde
921 566 1207 635 juventute
1242 575 1297 622 et
1330 565 1702 622 celebritatem
1748 575 1804 621 et
1851 580 1946 620 or-

375 671 564 712 natum
596 658 887 728 pristinum
923 658 1230 728 Atramytio
1280 656 1543 724 reposuit.
1576 655 1824 724 Accepto
1850 669 1948 709 au-

376 763 483 806 tem
541 751 737 806 indicio
786 752 853 806 de
910 750 1107 806 Turcis
1132 765 1255 806 esse
1308 749 1430 804 illos
1477 748 1626 804 circa
1682 747 1944 818 Lampen,

375 845 575 900 lectum
619 858 810 913 agmen
861 858 924 897 ex
982 843 1097 898 suis
1145 852 1486 912 segregatum
1529 842 1702 907 copiis
1756 851 1948 897 contra

2054 562 2427 634 διηγούμενοι,
2459 562 2569 616 κάκ
2623 558 2730 614 τῶν
2759 560 2983 629 ἀμφίων
3024 558 3273 620 ἅπαντας
3319 560 3400 621 είς
3452 553 3638 613 οἶκτον

2055 643 2492 726 παρακινοῦντες
2519 655 2614 708 καὶ
2651 656 2790 723 πρὶς
2824 654 3041 723 ἄμυναν
3077 652 3442 723 ἐρεθίζοντες.
3484 651 3544 705 Ὀ
3579 650 3638 704 δὲ

2055 747 2330 818 Εὑμάθιος
2367 746 2467 818 τὴν
2499 746 2891 817 Φιλαδέλφειαν
2926 744 3276 813 καταλαϐὼν,
3294 744 3519 816 ἔχαιρεν
3542 741 3638 797 ἐπὶ

2055 843 2123 911 τῇ
2156 841 2386 911 εὐτυχίᾳ
2418 840 2513 894 τοῦ
2543 841 2975 911 ἐγχειρήματος.

374 927 523 1009 ipsos
556 939 724 995 misit.
756 936 990 992 Profecti
1030 937 1197 991 nostri
1246 937 1359 991 acri
1432 948 1558 1005 cum
1625 933 1822 990 Turcis
1874 936 2179 990 certamine
2241 934 2740 1004 commisso,plane
2794 934 2962 1005 ipsos,
2992 935 3155 1006 idque
3195 934 3398 1006 impetu
3441 933 3638 1002 primo,

375 1042 640 1105 superant
670 1049 684 1087 :
729 1042 835 1086 tam
872 1031 1168 1085 crudeliter
1195 1031 1274 1084 usi
1310 1028 1537 1083 victoria
1567 1036 1627 1082 ut
1658 1024 1958 1083 Turcorum
1999 1025 2255 1097 parvulos
2286 1027 2340 1082 in
2370 1026 2576 1081 lebetes
2627 1041 2721 1095 per
2752 1028 2927 1082 lusum
2960 1036 3016 1082 et
3078 1029 3358 1083 lasciviam
3416 1026 3642 1081 cachin-

376 1136 567 1183 nantes
598 1127 903 1197 injicerent.
931 1125 1102 1180 Caesis
1135 1123 1404 1194 plurimis,
1441 1122 1688 1192 captivos
1741 1135 1957 1192 quoque
1995 1122 2257 1176 ducentes
2289 1121 2510 1187 multos,
2546 1120 2687 1177 Ιιινιί⁸
2718 1122 2787 1177 ad
2845 1121 3194 1178 Eumatbium
3252 1121 3492 1177 victores
3551 1133 3641 1172 re-

374 1227 561 1280 deunt.
593 1223 665 1278 At
697 1223 857 1277 Turci
894 1222 1239 1291 superstites,
1272 1235 1384 1290 quo
1412 1220 1615 1273 luctum
1654 1233 1721 1273 ac
1784 1216 1994 1272 cladem
2034 1232 2188 1271 suam
2247 1217 2481 1272 vestium
2528 1232 2746 1288 quoque
2806 1218 3029 1273 tristitia
3082 1226 3440 1281 testarentur,
3476 1213 3640 1283 pullis

373 1318 534 1372 atrati
566 1316 742 1385 palliis
785 1315 1149 1370 circumibant
1195 1314 1358 1368 urbes
1396 1313 1757 1382 regionesque
1786 1323 1978 1364 omnes
2015 1308 2232 1364 Turcici
2272 1309 2529 1376 nominis,
2562 1310 2789 1379 querule
2827 1325 2892 1365 ac
2922 1310 3344 1366 lamentabiliter
3409 1322 3641 1365 narran-

372 1420 456 1467 tes
485 1427 605 1482 qua».
630 1411 733 1468 sibi
761 1412 954 1465 acerba
988 1406 1369 1476 contigissent.
1403 1404 1655 1460 Movebat
1686 1418 1806 1458 cum
1844 1417 1948 1458 vox
2012 1402 2339 1458 miserabilis
2365 1413 2476 1456 tum
2508 1405 2717 1471 species
2775 1404 3018 1475 lugubris
3068 1407 3401 1476 supplicum;
3454 1405 3640 1476 itaque

375 1509 578 1577 passim
617 1506 683 1560 ad
719 1502 1155 1559 misericordiam
1210 1514 1460 1565 suorum,
1555 1501 1622 1553 ad
1678 1498 1815 1554 iram
1877 1503 1938 1550 ct
1999 1505 2254 1551 conatum
2318 1497 2644 1567 reponenda;
2696 1497 2947 1559 hostibus
2995 1496 3166 1553 cladis
3222 1502 3642 1558 comitabantur

377 1576 520 1658 haud
546 1601 709 1654 dubie
735 1576 1298 1664 Barbari,Eumatbio
1327 1594 1544 1650 interim
1566 1591 1953 1662 Philadelphia
1989 1589 2078 1657 (eo
2108 1604 2168 1646 se
2201 1591 2576 1663 transtulerat)
2637 1592 2708 1648 ob
2773 1591 3086 1647 felicitatem
3144 1606 3435 1650 successus
3497 1597 3637 1650 tanti

410 1697 638 1751 audente
665 1696 717 1748 in
745 1693 893 1749 sinu.

372 1714 638 1767 gaudente
665 1714 717 1748 In
745 1714 893 1749 sum.

443 1788 714 1844 Caeterum
755 1785 1127 1856 arcbisatrapa
1159 1783 1379 1854 quidam
1403 1822 1420 1851 ,
1453 1783 1599 1837 Asan
1634 1779 1797 1852 42],
1851 1791 1942 1832 no~

2133 1774 2580 1847 ’Δρχισατράπης
2626 1774 2681 1829 δέ
2706 1792 2792 1839 τις
2842 1742 3017 1829 ’Ἄσαν
3066 1775 3167 1844 τὴν
3217 1774 3434 1844 κλῆσιν,
3476 1778 3503 1830 ὁ
3534 1776 3641 1847 τὴν

372 1882 521 1936 mine
581 1878 981 1950 Cappadociam
1032 1877 1287 1933 obtinens
1343 1883 1401 1930 et
1459 1869 1731 1942 indigenis
1798 1870 1949 1924 velut

372 1972 664 2040 mancipiis
711 1970 948 2041 superbe
1000 1982 1272 2038 avareque
1304 1966 1454 2022 abuti
1509 1965 1726 2030 solitus,
1760 1962 1950 2017 audito

371 2067 499 2133 quid
531 2063 853 2132 contigisset
884 2061 1079 2116 Turcis
1110 2062 1175 2116 de
1201 2060 1404 2131 quibus
1444 2058 1705 2123 diximus,
1734 2064 1949 2112 extem-

370 2159 458 2226 plo
492 2172 631 2226 quas
661 2155 712 2209 in
738 2170 900 2210 manu
935 2153 1166 2209 habebat
1198 2153 1371 2224 copiis
1424 2150 1741 2213 contractis,
1794 2147 1947 2203 aliis-

369 2265 475 2315 que
507 2247 726 2302 aliunde
754 2247 956 2302 additis
990 2260 1162 2316 usque
1214 2248 1283 2300 ad
1309 2257 1592 2300 numerum
1628 2249 1864 2312 quatuor
1892 2250 1948 2295 et

365 2342 555 2413 viginti
589 2342 814 2396 millium
849 2340 1081 2395 militum
1105 2377 1121 2403 ,
1153 2354 1274 2395 eum
1307 2338 1373 2393 iis
1420 2336 1651 2395 infestus
1681 2335 1830 2391 vadit
1854 2335 1947 2390 ad-

366 2450 557 2490 versus
615 2434 987 2500 Eumatbium,
1013 2447 1193 2488 acrem
1226 2430 1500 2487 hominem
1561 2444 1626 2486 ac
1684 2427 1949 2500 vigilem,

366 2531 595 2599 ideoque
658 2543 757 2583 nec
812 2526 921 2581 l'alli
965 2532 1057 2579 aut
1089 2522 1419 2593 deprehendi
1454 2520 1692 2576 facilem.
1718 2518 1770 2575 Is
1799 2517 1947 2573 Phil-

366 2621 630 2690 adelphize
691 2621 981 2674 considens
1032 2617 1268 2672 habebat
1321 2614 1520 2683 ubique
1569 2612 1945 2683 exploratores

366 2713 565 2768 multos
594 2712 730 2767 bene
759 2710 963 2765 auritos
995 2709 1242 2777 beneque
1271 2704 1516 2761 oculatus
1562 2703 1619 2757 in
1682 2702 1943 2773 speculis,

363 2818 597 2876 quorum
631 2811 909 2871 utcunque
948 2799 1186 2854 lldelium
1215 2812 1280 2853 ac
1313 2796 1663 2867 probatorum
1695 2795 1948 2851 attentio-

363 2912 487 2951 nem
519 2894 747 2950 subinde
774 2896 992 2960 insuper
1024 2888 1427 2959 inspectoribus
1474 2887 1755 2942 mittendis
1784 2901 1944 2942 acue-

362 2989 455 3043 bat
487 2986 540 3040 in
569 2984 989 3042 sollicitudinem
1015 2996 1179 3050 quam
1222 2979 1541 3042 maximam,
1566 2976 1640 3031 ita
1677 2985 1734 3031 ut
1755 2987 1945 3032 noctes

363 3090 506 3135 totas
535 3078 588 3132 in
616 3077 796 3148 vigilia
825 3075 1196 3138 traducerent,
1228 3084 1392 3141 atque
1426 3071 1481 3125 in
1513 3077 1768 3141 suspecta
1802 3070 1947 3136 pari.-

364 3185 449 3227 ter
489 3182 542 3226 et
566 3179 678 3226 tuta
713 3169 826 3223 loca
860 3181 1044 3237 parem
1075 3162 1432 3219 acrimoniam
1487 3176 1632 3217 cura:
1687 3161 1940 3216 inconni-

363 3263 544 3318 vcntis
576 3262 945 3315 intenderent.
980 3257 1183 3312 Horum
1218 3255 1311 3324 qui
1342 3253 1485 3309 forte
1514 3256 1722 3324 primus
1749 3264 1939 3310 contra

364 3357 671 3410 venientem
706 3351 1049 3421 conspicatus
1082 3348 1269 3419 procul
1296 3358 1378 3403 est
1407 3349 1708 3403 exercitum
1746 3345 1941 3403 Turci-

362 3462 485 3502 cum
544 3445 822 3502 curriculo
867 3442 1135 3500 accedens
1188 3439 1477 3495 Eumatliio
1529 3439 1667 3516 quid
1709 3438 1940 3495 instaret

363 3541 598 3595 nuntiat.
624 3537 718 3593 Ille
743 3537 907 3591 animi
941 3536 1026 3590 vir
1052 3535 1469 3606 praesentissimi
1507 3533 1939 3589 deliberationis-

362 3649 467 3703 que
498 3632 733 3698 velocis,
776 3631 989 3700 quique
1019 3629 1309 3699 longarum
1347 3628 1807 3684 consultationum
1848 3642 1939 3681 ra-

363 3727 579 3783 tiocinia
607 3738 715 3780 uno
743 3723 859 3779 sani
888 3721 1105 3777 consilii
1135 3732 1414 3775 momento
1472 3720 1780 3789 corriperet
1803 3757 1819 3781 ,
1878 3727 1940 3773 ut

360 3821 542 3875 statim
570 3815 741 3873 sensit
784 3817 1098 3883 neutiquam
1127 3813 1317 3868 adesse
1352 3811 1544 3866 idoneo
1594 3818 1780 3880 copias
1836 3825 1940 3863 nu-

360 3924 515 3964 mero
546 3923 682 3978 quas
714 3920 1039 3976 comparare
1076 3903 1324 3959 Turcicis
1379 3902 1588 3972 patenti
1639 3902 1759 3955 acie
1808 3916 1938 3970 pru-

362 4007 552 4065 denter
594 4007 797 4069 posset,
855 3996 1034 4051 claudi
1083 3993 1490 4062 Philadelphia,
1531 3993 1619 4046 ubi
1655 4000 1775 4047 erat
1814 4009 1937 4047 cum

360 4093 474 4147 Suis
530 4092 681 4161 ipse,
744 4096 930 4157 portas
982 4102 1170 4143 omnes
1224 4086 1399 4155 jubet.
1455 4085 1640 4140 Edicit
1697 4087 1936 4163 deinde:

361 4184 531 4239 Nemo
566 4197 780 4237 murum
813 4180 1100 4242 ascendat,
1126 4193 1284 4232 neruo
1326 4179 1544 4242 clamet,
1598 4193 1754 4234 nemo
1808 4180 1937 4234 tibia

360 4280 639 4332 citharave
663 4290 855 4330 sonum
884 4274 1030 4337 edat,
1077 4271 1167 4342 qui
1198 4271 1442 4331 exaudiri
1474 4273 1643 4339 possit
1672 4272 1739 4326 ab
1770 4273 1939 4327 hosti-

361 4374 714 4436 lms;omnes
768 4367 1035 4440 ejusmodi
1090 4366 1359 4438 justitium
1410 4367 1796 4436 silentiumque
1856 4377 1938 4420 te-

2051 1867 2456 1920 Καππαδοκίαν
2481 1866 2750 1936 κατέχων.
2811 1868 2927 1930 τοῖς
2980 1866 3269 1936 αὐτόχθοσι
3321 1867 3636 1940 καθαπερεὶ

2050 1958 2468 2029 ἀργυρωνήτοις
2522 1957 2801 2028 χρώμενος
2850 1958 3185 2030 μεμαθηκὼς
3240 1957 3315 2012 τὰ
3362 1963 3476 2025 τοῖς
3533 1962 3638 2032 ἥδη

2052 2051 2268 2124 ῥηθεῖσι
2292 2053 2963 2124 Τούρκοις.ξυμπεσόντα,
2993 2054 3094 2118 τὰς
3127 2055 3337 2118 οἰκείας
3365 2056 3636 2126 δυνάμεις

2049 2146 2486 2218 ἀναλαϐόμενος,
2542 2147 2639 2200 καὶ
2665 2147 2935 2217 ἑτέρωθεν
2991 2148 3227 2213 πολλοὺς
3262 2150 3640 2222 μεταπεμψά-

2052 2258 2215 2314 μενος
2245 2243 2304 2305 ἐς
2340 2240 2522 2294 είκοσι
2551 2241 2690 2312 πρὸς
2711 2243 2832 2304 ταῖς
2865 2243 3134 2312 τέσσαρσι
3164 2243 3415 2314 χιλιάδας
3455 2262 3641 2317 παρα-

2048 2333 2244 2404 στῆναι
2279 2332 2342 2387 τὸ
2374 2333 2468 2386 ὑπ’
2491 2332 2657 2387 αὐτὸν
2684 2335 2706 2366 ⁸
2740 2334 3063 2407 στράτευμα
3096 2335 3216 2390 κατ’
3248 2337 3416 2391 αὐτοῦ
3446 2337 3636 2402 ἔξεισι.

2048 2426 2234 2492 Δεινὸς
2265 2425 2323 2480 δὲ
2370 2425 2446 2481 ὢν
2501 2425 2642 2496 ἀνὴρ
2692 2429 2720 2481 ὁ
2773 2427 3078 2499 Εὐμάθιος,
3111 2428 3190 2492 ὡς
3236 2430 3478 2500 εἴρηται,
3533 2431 3639 2484 οὐκ

2048 2517 2270 2586 ἀμελῶς
2302 2519 2404 2587 τὴν
2450 2519 2838 2587 Φιλαδέλφειαν
2891 2519 3054 2592 ᾤκει,
3111 2520 3222 2574 οὐδ’
3244 2522 3638 2575 ἀναπεπτώκει

2047 2611 2181 2664 εἴσω
2210 2612 2320 2666 τῶν
2347 2611 2553 2682 ταύτης
2576 2612 2777 2683 τειχῶν
2824 2613 3095 2682 γεγονὼς,
3134 2614 3271 2669 ἀλλά
3302 2615 3542 2679 σκοπούς
3578 2631 3639 2668 τε

2046 2705 2336 2775 ἀπανταχῆ
2390 2705 2631 2774 ἔπεμπε.
2691 2704 2807 2759 Καὶ
2857 2706 2947 2760 ἴνα
3030 2707 3108 2779 μὴ
3165 2707 3422 2777 ἀμελοῖεν
3480 2708 3640 2761 αὐτοὶ

2048 2797 2447 2867 προσέπεμπεν
2469 2798 2684 2861 ἄλλους,
2710 2798 2963 2869 καὶπρὸς
2990 2800 3357 2871 ἐγρηγόρησιν
3381 2799 3639 2872 ἀνηρέθι-

2049 2893 2170 2958 Ceu,
2215 2890 2359 2945 ὥστε
2398 2892 2709 2961 παννύχους
2743 2894 3135 2963 ἐγρηγορέναι,
3178 2893 3274 2947 καὶ
3313 2892 3414 2957 τὰς
3460 2892 3641 2964 ἀμφό-

2047 2983 2174 3047 δους
2238 2985 2338 3037 καὶ
2396 2985 2496 3046 τάς
2555 2984 2815 3047 πεδιάδας
2875 2983 3220 3056 περιαθρεῖν.
3274 2985 3494 3039 Τούτων
3541 2981 3639 3040 οὖν

2046 3091 2133 3138 τις
2163 3075 2450 3147 πόρρωθεν
2501 3076 2566 3129 τὸ
2611 3077 2917 3146 Τουρκικὸν
2970 3077 3311 3145 θεασάμενος
3368 3078 3638 3150 στράτευ-

2054 3183 2152 3237 μα,
2213 3165 2479 3238 δρομαῖος,
2545 3167 2696 3237 αὐτῷ
2746 3167 3066 3238 προσελθὼν
3128 3168 3495 3237 ἀπαγγέλλει.
3574 3171 3638 3223 Ὁ

2049 3257 2107 3311 δὲ
2139 3257 2423 3328 φρενήρης
2466 3256 2541 3309 ὣν
2572 3257 2669 3310 καὶ
2697 3257 2824 3323 ὀξὺς
2870 3258 2930 3311 τὸ
2978 3258 3097 3312 δέον
3156 3259 3389 3314 συνιδεῖν
3437 3263 3531 3315 καὶ
3577 3263 3637 3314 ἐν

2051 3348 2312 3419 ἀσκέπτῳ
2340 3349 2518 3419 χρόνῳ
2553 3349 2731 3419 πέρας
2763 3353 2883 3413 τοῖς.
2912 3350 3198 3421 λογισμοῖς
3240 3354 3466 3418 διδόναι,
3514 3357 3637 3408 ἐπεὶ
3707 3378 3718 3388 ·

2054 3441 2129 3511 μὴ
2165 3441 2496 3513 ἀποχρώσας
2526 3442 2665 3510 πρὸς
2710 3445 2978 3504 τοσαύτας
3034 3443 3184 3514 ἔχειν
3218 3445 3455 3512 ἐγνώκει
3477 3443 3611 3500 δυνά

2052 3553 2177 3605 μεις
2198 3535 2817 3606 παραχρῆμα.ἁπάσας
2884 3536 2984 3597 τὰς
3036 3536 3210 3600 πύλας
3250 3538 3484 3608 ταυτησὶ
3534 3540 3639 3609 τῆς

2050 3628 2260 3691 πόλεως
2317 3628 2723 3695 ἀσφαλισθῆναι
2775 3628 3032 3682 ἐκέλευσε
3051 3630 3093 3695 ⁷,
3159 3630 3256 3684 καὶ
3306 3632 3535 3702 μηδένα,
3574 3632 3637 3685 τδ

2051 3719 2314 3789 παράπαν
2353 3720 2435 3780 εἰς
2482 3718 2544 3770 τὺ
2579 3720 2759 3788 τεῖχος
2790 3704 3197 3789 συγχωρεῖσθαι
3238 3722 3471 3787 ἀνιέναι,
3530 3725 3643 3793 μή-

2047 3829 2111 3864 τε
2163 3812 2269 3881 μὴν
2305 3810 2646 3882 κραυγάζειν
2698 3811 2859 3877 ὅλως,
2917 3814 3056 3883 μήτε
3103 3814 3360 3887 αὐλοὺςῆ
3397 3815 3635 3886 κιθάρας

2049 3905 2226 3974 ἠχεῖν,
2280 3905 2375 3957 καὶ
2445 3904 2633 3966 ἁπλῶς
2673 3906 2731 3960 ὲν
2757 3904 2989 3976 τοιούτῳ
3041 3907 3287 3983 σχήματι
3346 3909 3445 3978 τὴν
3477 3909 3634 3961 πόλι-ι

2050 3997 2434 4066 κατεστήσατο
2465 3995 2608 4050 ὥστε
2642 3998 2823 4067 πάντη
2848 4000 3109 4068 ἀοίκητον
3133 4002 3312 4054 δοκεῖν
3341 4006 3455 4065 τοῖς
3480 4002 3635 4073 διερ-

2049 4090 2321 4159 χομένοις.
2340 4089 2399 4142 Ὀ
2427 4088 2482 4142 δὲ
2530 4089 2695 4143 Ἀσάν
2725 4089 2859 4160 (l9),
2887 4090 3212 4145 καταλαϐὼν
3245 4091 3342 4160 τὴν
3373 4093 3609 4146 Φιλαδέλ

2050 4198 2209 4250 φειαν
2232 4181 2415 4252 καὶτῷ
2433 4183 2621 4254 οἰκείῳ
2638 4182 2952 4253 περιζώσας
2974 4187 3040 4238 τὰ
3052 4185 3203 4256 τείχη
3229 4187 3628 4256 στρατεύματι,

2048 4274 2140 4327 ἐπὶ
2166 4274 2315 4346 τρισὶ
2363 4277 2701 4346 παρέμεινεν
2729 4278 2985 4348 ἡμέραις.
3007 4278 3096 4342 Ὠς
3127 4278 3185 4331 δὲ
3220 4279 3397 4340 οὐδεὶς
3421 4279 3632 4332 ἄνωθεν

2050 4370 2384 4437 προκύπτων
2415 4370 2706 4438 ἐφαίνετο,
2760 4371 2816 4423 αἱ
2839 4369 2896 4421 δὲ
2934 4370 3103 4424 πύλαι
3135 4369 3243 4423 τῶν
3288 4371 3440 4433 ἐντὸς
3484 4369 3632 4441 εἶχον

360 4472 529 4518 ncant
554 4478 663 4531 quo
697 4459 1007 4530 persuaderi
1056 4457 1531 4514 circumeuntilius.
1553 4458 1938 4513 auseultaturis

2049 4460 2376 4527 ἀσφάλειαν,
2434 4461 2711 4526 ἑλεπόλεις
2769 4461 2826 4515 δὲ
2878 4462 2938 4515 οὐ
3000 4462 3256 4531 παρῆσαν
3307 4460 3457 4528 αύτῷ
3510 4461 3629 4513 οὐδὲ

364 4565 529 4623 queat
560 4555 719 4623 plane
754 4555 1025 4608 desertam
1075 4562 1130 4605 et
1178 4565 1207 4604 a
1268 4551 1483 4604 nemine
1517 4550 1716 4604 cultam
1751 4553 1942 4603 viven~

286 4711 292 4717 υ
363 4650 498 4701 tium
526 4649 665 4700 hanc
692 4645 861 4701 videri
891 4643 1189 4698 civitatem.
1221 4641 1476 4697 Admovit
1521 4641 1647 4697 inde
1697 4642 1842 4696 Asan
1886 4658 1944 4697 se

366 4738 770 4807 Philadelphia),
800 4751 865 4790 ac
916 4752 1039 4790 cum
1090 4735 1280 4790 urbem
1336 4748 1537 4787 corona
1571 4750 1792 4788 suorum
1823 4736 1942 4788 cin-

364 4840 509 4881 ctam
542 4828 759 4881 curiose
807 4835 920 4879 tcto
982 4824 1162 4880 triduo
1208 4822 1529 4889 lustrasset;
1572 4822 1937 4887 solitudinem,

369 4919 616 4987 inquam,
644 4917 925 4980 mteuinm,
980 4917 1380 4970 obstructarum
1418 4927 1448 4965 a
1499 4920 1652 4981 parte
1700 4913 1940 4967 interiori

363 5014 641 5071 portarum
689 5005 925 5071 Speciem
961 5014 1326 5071 caeteramque
1373 4999 1707 5055 inﬁrmitatis
1757 5018 1821 5055 ac
1869 5004 1937 5056 ti-

2051 4554 2356 4624 πετροϐόλα
2392 4555 2660 4625 δργαναθ,
2722 4555 2957 4625 νομίσας
3006 4555 3187 4623 ὀλίγον
3230 4550 3368 4607 εἶναι
3420 4554 3479 4606 τὸ
3532 4552 3627 4604 τοῦ

2049 4645 2327 4714 Εὺμαθίου
2349 4647 2668 4716 στράτευμα
2696 4649 2790 4700 καὶ
2823 4647 2910 4700 διὰ
2942 4646 3104 4700 τοῦτο
3126 4647 3260 4717 μηδὲ
3289 4645 3637 4715 ἀποθαρρεῖν

2046 4737 2146 4807 τὴν
2177 4736 2451 4800 ἐξέλευσιν
2489 4739 2583 4790 καὶ
2614 4737 2812 4809 πολλὴν
2844 4739 3129 4792 ἀσθένειαν
3165 4736 3629 4808 καταψηφισάμε-

2048 4846 2138 4891 νος
2173 4830 2279 4882 τῶν
2328 4831 2502 4895 ἐντὸς,
2529 4832 2697 4900 ἀλλην
2730 4831 2982 4900 ἀτραπὸν
3031 4832 3326 4900 ἐτράπετο,
3383 4845 3631 4883 καταπε-

2046 4920 2338 4990 φρονηκὼς
2386 4921 2553 4974 αὐτοῦ
2611 4921 2947 4975 παντάπασι.
2991 4922 3134 4974 Δέκα
3192 4921 3323 4990 γοῦν
3380 4914 3622 4986 χιλιάδας

2039 5010 2135 5065 τοῦ
2170 5013 2300 5065 ἰδίου
2340 5014 2753 5084 στρατεύματος
2802 5011 3013 5076 διελὼν,
3083 5013 3225 5065 κατὰ
3258 5011 3350 5061 τοῦ
3382 5003 3622 5074 Κερϐια-

368 5096 539 5149 iuoris
600 5094 997 5150 confessionem
1057 5103 1375 5164 usurpasset
1415 5094 1613 5159 Oculis,
1665 5094 1824 5149 facile
1888 5099 1940 5151 in

2049 5103 2134 5156 νοῦ
2156 5106 2178 5137 ⁹
2210 5106 2324 5175 (20)
2348 5106 2752 5173 ἐξαπέστειλεν,
2781 5105 2975 5175 ἑτέρας
3010 5104 3067 5157 δὲ
3097 5103 3170 5166 ὡς
3201 5099 3338 5170 πρὸς
3365 5097 3619 5167 Σμύρνην

1433 5208 1633 5270 Varia:
1658 5210 1966 5275 lectiones
1996 5235 2069 5277 ex
2103 5220 2241 5281 cod.
2279 5221 2547 5285 Coislin.

433 5315 455 5345 ⁸
487 5311 675 5368 αὐτοῦ.

361 5382 570 5439 διανοῦ.

778 5312 799 5342 ⁷
833 5309 1075 5363 ἐκέλευε.
1150 5312 1172 5342 ⁸
1196 5311 1404 5366 Desunt
1433 5326 1590 5367 voces
1621 5314 1900 5381 ἑλεπόλεις
1932 5319 1987 5371 δὲ
2018 5320 2079 5371 οὑ
2129 5322 2386 5393 παρῆσαν
2418 5322 2565 5395 αὐτῷ
2603 5322 2725 5376 οὐδὲ
2778 5322 3077 5394 πετροϐόλα
3122 5296 3348 5390 ὄργανα,
3423 5322 3451 5352 θ
3479 5317 3620 5369 Κελ-

1388 5501 1522 5561 Car.
1556 5501 1887 5565 Dufresnii
1922 5508 2015 5569 Du
2066 5510 2288 5590 Cangii
2330 5519 2514 5575 notes.

437 5604 548 5677 (l9)
589 5604 804 5661 Ἄσαν.
825 5601 987 5675 407
1028 5601 1195 5672 Cujus
1227 5602 1474 5657 meminit
1503 5616 1626 5673 pag.
1658 5603 1786 5658 518.
1813 5603 1951 5662 Vide

358 5689 543 5808 ιῖοὲῗὺ
602 5745 943 5811 ἶίερϐιανοῦ.
985 5745 1171 5814 Regio,
1233 5754 1289 5798 ut
1349 5744 1584 5808 videtur,
1631 5741 1942 5799 Tliracensi

357 5816 602 5873 Tlteutuli
630 5818 705 5887 (in
734 5832 842 5887 quo
877 5827 994 5873 crat
1027 5818 1281 5886 Smyrna,
1312 5824 1372 5872 ut
1403 5826 1489 5871 est
1528 5816 1666 5885 apud
1705 5814 1947 5886 Porphy-

2061 5615 2436 5697 tjogenrietam)
2485 5614 2685 5697 vicina,
2707 5614 3035 5697 glelbianum-
3056 5612 3198 5666 dicta
3222 5610 3426 5697 faulo
3467 5607 3617 5697 ἰξῖιισΣ

2055 5681 2149 5760 lib.
2187 5700 2302 5760 xxii
2335 5684 2475 5740 Hist.
2513 5685 2908 5760 dliscleicetae
2935 5686 2991 5760 in
3016 5684 3186 5737 ls=tac.
3220 5681 3313 5760 illi.
3343 5697 3355 5734 ι
3392 5697 3447 5760 ῃ.
3471 5681 3523 5739 4.
3567 5686 3621 5760 ﬁt

2050 5754 2396 5877 Acggpoliua.
2428 5771 2548 5827 pag.
2591 5757 2717 5825 598,
2767 5757 2898 5812 edit.
2952 5754 3156 5810 Gener.
3220 5750 3350 5807 Vide
3397 5744 3616 5806 Lenticl.

2056 5840 2163 5878 ιι.ί›
2210 5862 2225 5878 .
