4086 6414
435 447 567 519 103‘:

1625 453 1716 513 AL
1731 442 2042 514 EXiADIS
2085 449 2157 512 Ll
2172 455 2231 514 Β.
2274 442 2434 513 XIV.

3551 421 3686 512 mea

429 573 524 619 καὶ
558 566 601 598 ¹⁶
651 566 744 618 τὸν
795 561 1087 635 Νύμφαιον
1145 563 1281 636 (il),
1349 563 1447 627 τὰς
1489 565 1548 618 δέ
1602 583 1664 633 γε
1698 568 2014 628 ἐπιλοίπους

2121 581 2238 620 eam
2269 565 2594 621 sententiam
2624 563 2795 630 venit,
2836 571 2896 618 ut
2947 576 3148 634 paucos
3197 577 3316 618 esse
3366 563 3512 619 intus
3571 578 3688 617 eun;

428 659 665 727 πρὸς-τὰ
733 657 948 728 Χλιαρὰ
996 656 1107 726 (Ξῖ)
1142 659 1238 710 καὶ
1265 656 1364 727 τὴν
1390 650 1687 728 Πέργαμον
1712 677 1725 690 ·
1760 660 2010 721 ἅπαντας

427 749 485 801 δὲ
514 751 591 812 είς
649 751 933 820 προνομὰς
986 751 1350 814 ἀποστείλας,
1390 749 1675 802 συνείπετο
1729 752 1822 804 καὶ
1849 750 2012 814 αὐτὸς

427 843 538 904 τοῖς
570 841 708 911 πρὸς
745 881 759 895 .
841 881 855 896 .
937 881 953 896 .
1030 880 1047 895 .
1128 881 1142 894 .
1170 843 1590 912 ἀπερχομένοις.
1633 842 1690 895 Ὀ
1728 842 2017 910 μέντοιΦι-

426 932 949 1002 λοκάλης,διαγνοὺς
977 934 1038 986 τὸ
1070 933 1164 986 τοῦ
1200 935 1371 986 ΙἈσαν
1404 933 1760 1002 ἐπιχείρημα,
1795 931 2016 995 ἁπάσας

427 1023 526 1084 τὰς
553 1023 654 1074 ὑπ’
683 1023 845 1076 αὑτὸν
873 1024 1131 1092 δυνάμεις
1159 1025 1302 1075 κατὰ
1331 1023 1439 1076 τῶν
1459 1018 1726 1092 Τούρκων
1757 1022 2016 1075 ἀπέστει-

427 1114 627 1173 λεν,οί
667 1118 762 1170 καὶ
817 1116 1107 1181 διώκοντες
1162 1117 1290 1178 τοὺς
1354 1117 1489 1186 πρὸς
1518 1117 1578 1180 τὸ
1636 1109 1937 1186 Κερϐιανὺν
1971 1108 2013 1146 η

427 1209 800 1272 ἀπελθόλτας,
841 1208 1273 1280 ἁμερμερίμνως
1332 1206 1848 1276 καταλαμϐάνουσι,
1919 1207 2016 1260 καὶ

426 1299 845 1362 ἐπεισπεσόντες
891 1299 1103 1364 τούτοις
1138 1297 1485 1367 αύγαζούσης
1515 1299 1728 1369 ἡμέρας
1780 1298 2018 1366 ἀφειδῶς

425 1394 804 1460 κατέσφαττον
840 1409 853 1423 ·
908 1394 1036 1456 τοὺς
1090 1392 1150 1446 δὲ
1201 1392 1332 1462 παρ’
1389 1392 1576 1444 αὐτῶν
1615 1393 2015 1462 κατεχομένους

423 1482 796 1552 δορυαλώτους
827 1483 1133 1556 ἐρρύσαντο
1157 1483 1425 1548 ἅπαντας,
1455 1482 1694 1536 κᾶπειτα
1723 1483 1851 1546 τοὺς
1883 1485 2020 1551 πρὸς

423 1577 524 1644 τὴν
587 1577 851 1647 Σμύρνην
911 1577 1007 1630 καὶ
1049 1575 1202 1628 cev“
1240 1577 1534 1646 Νύμφαιον
1594 1575 2013 1647 ἀπερχομένους

425 1666 706 1737 Τούρκους
732 1669 986 1736 ἐδίωξαν.
1017 1669 1456 1740 Διεκδραμὸντες
1487 1669 1542 1721 δὲ
1579 1669 1671 1721 καί
1731 1683 1879 1730 τινες
1910 1668 2019 1721 ἀπό

422 1777 481 1812 τε
521 1761 614 1813 τοῦ
641 1760 958 1830 ἔμπροσθεν
989 1757 1187 1832 μέρους
1223 1764 1318 1814 καὶ
1350 1760 1409 1827 ἐξ
1461 1755 1743 1832 ἑκατέρων
1769 1761 2019 1831 κεράτων

420 1851 513 1906 τὸν
546 1853 668 1906 κατ’
693 1854 876 1906 αὐτῶν
893 1854 1374 1922 συγκροτήσαντες
1393 1853 1634 1922 πόλεμον
1663 1853 2018 1923 κατακράτος

2120 659 2410 713 Eumathio
2446 658 2652 713 milites
2704 658 2972 712 crederet.
3027 655 3214 726 Itaque
3266 657 3308 713 si
3368 657 3594 712 balistas
3631 665 3689 711 at

2119 750 2398 804 machinas
2429 737 2814 820 reliquamque
2845 748 3237 803 obsidionalem
3269 749 3690 816 suppellectilem

2118 835 2365 908 haberet,
2402 852 2708 898 tentaturus
2738 843 2878 897 haud
2922 842 3084 896 dubie
3108 844 3566 912 oppugnationem
3601 857 3668 898 ex

2121 933 2318 1003 templo
2375 933 2677 988 videbatur.
2746 930 2902 988 Nunc
2955 948 3020 988 eo
3065 934 3352 988 destitutus
3409 944 3671 1003 apparatu

2118 1029 2446 1098 contemptis
2497 1027 2766 1092 hostibus,
2794 1029 2938 1096 quod
2972 1030 3052 1081 eis
3079 1041 3366 1081 numerum
3401 1033 3455 1080 et
3483 1027 3698 1080 animos

2121 1120 2187 1172 ad
2249 1120 2589 1188 eruptionem
2645 1121 2838 1175 deesse
2890 1119 3163 1183 credebat,
3221 1113 3408 1173 det-em
3472 1128 3696 1172 suorum

2122 1211 2289 1267 millia
2327 1213 2395 1266 ab
2426 1210 2634 1284 reliquo
2664 1213 2911 1268 exercitu
2974 1212 3240 1282 disjuneta
3301 1212 3450 1266 misit
3507 1222 3697 1265 contra

2119 1304 2492 1372 Cerbianum;
2578 1320 2769 1372 agmen
2827 1304 2971 1357 aliud
3028 1304 3320 1374 Smyrnam
3391 1318 3582 1357 versus
3638 1315 3701 1356 ac

2120 1385 2478 1467 Nymphaeum
2535 1397 2692 1464 jubet
2731 1392 3042 1465 separatum
3076 1395 3329 1460 tendere;
3360 1395 3576 1448 tertium
3609 1397 3702 1449 de-

2123 1489 2285 1556 nique
2312 1503 2376 1543 ex
2409 1489 2654 1557 reliquiis
2689 1488 2959 1541 universis
3009 1496 3266 1545 coastans
3300 1488 3350 1540 in
3381 1488 3699 1557 Pergamum

2121 1596 2185 1634 ac
2212 1579 2390 1634 Cliara
2451 1580 2701 1645 immisit,
2766 1579 3034 1633 mandatis
3079 1567 3147 1633 ad
3182 1594 3372 1634 omnes
3425 1581 3586 1634 editis
3646 1590 3703 1633 ut

2121 1671 2317 1739 praedis
2346 1686 2409 1726 ac
2445 1670 2746 1725 latrOciuiis
2766 1682 2990 1740 agerent
3017 1672 3331 1743 ferreutque
3354 1673 3459 1727 late
3481 1685 3700 1728 cuncta.

2123 1762 2239 1830 ipse
2279 1762 2466 1817 harum
2519 1764 2751 1830 partium
2785 1778 2950 1816 unum
2997 1779 3135 1832 pone
3165 1765 3541 1819 assectabatur
3580 1781 3701 1819 eam

2122 1867 2343 1922 quae...
2371 1895 2385 1909 .
2413 1893 2428 1909 .
2501 1870 2690 1909 versus
2741 1853 3057 1910 intendebat
3119 1856 3241 1911 iter.
3293 1857 3465 1922 Nihil,
3509 1858 3702 1912 horum

421 1945 707 2013 ἐνίκησαν.
739 1947 834 1999 καὶ.
863 1945 1092 2008 πολλοὺς
1123 1947 1222 2016 μὲν
1248 1947 1546 2012 κτείνουσι,
1582 1945 1812 2010 πολλοὺς
1837 1946 1893 1999 δὲ
1927 1949 2016 2000 καὶ

2127 1945 2436 2002 Philocalen
2503 1946 2680 2000 latuit.
2751 1947 2892 2016 Ergo
2927 1947 3070 2000 haud
3115 1946 3293 2002 dubiae
3355 1935 3702 2004 occasionem

423 2035 700 2106 ζωγρείαν
745 2038 992 2106 ἄγουσιν.
1054 2038 1121 2090 Oi.
1150 2037 1206 2089 δέ
1261 2054 1326 2106 γε
1353 2037 1814 2106 καταλειφθέντες
1839 2037 2014 2106 ὀλίγοι

421 2130 564 2183 πάνυ
595 2129 890 2198 φεύγοντες
925 2133 1050 2194 ταῖς
1104 2128 1280 2192 δίναις
1331 2130 1424 2183 τοῦ
1481 2130 1800 2200 Μαιάνδρου
1842 2131 2018 2201 ἐμπε-

426 2224 611 2286 σόντες
639 2223 802 2286 εὐθὺς
842 2223 1256 2294 ἀπεπνίγησαν.
1317 2223 1573 2291 Ποταμδς
1595 2223 1652 2276 δέ
1686 2220 1842 2285 οὗτος
1884 2223 2017 2294 περὶ

419 2313 690 2386 Φρυγίαν,
719 2315 1089 2378 σκολιώτατος
1143 2315 1411 2386 ποταμῶν
1444 2315 1704 2369 ἁπάντων
1745 2316 1842 2368 καὶ
1868 2333 2016 2386 καμο

423 2411 529 2472 τεὰς
557 2413 805 2481 συνεχεῖς
847 2410 1196 2479 ποιούμενος.
1225 2409 1613 2479 Θαρσήσαντες
1640 2412 1683 2442 ³³
1716 2410 1772 2463 δὲ
1795 2411 1890 2463 καὶ
1918 2410 2012 2463 ἐπὶ

421 2507 487 2572 τῇ
531 2502 762 2574 δευτέρᾳ
815 2502 940 2573 νίκῃ
994 2503 1122 2565 τοὺς
1179 2501 1498 2564 ἐπιλοίπους
1567 2502 1817 2558 ἐδίωκον.
1860 2502 2013 2556 Ἀλλ’

419 2593 574 2647 οὐδὲν
609 2593 794 2657 αὐτοῖς
822 2593 1033 2661 ἐγίνετο
1064 2592 1228 2644 πλέον
1253 2591 1362 2646 τῶν
1395 2592 1662 2662 Τούρκων
1689 2591 2014 2660 φθασάντων

418 2685 753 2758 πορρωτέρω
785 2685 1042 2752 γενέσθαι
1081 2685 1310 2739 τούτων.
1349 2681 1462 2738 Εἶθ’
1501 2685 1675 2748 οὕτως
1708 2685 2016 2755 ἐπανῆλθον

421 2775 558 2844 πρὸς
585 2775 1002 2844 Φιλαδέλφειαν.
1043 2774 1104 2828 '0
1129 2774 1186 2828 δέ
1217 2791 1281 2843 γε
1317 2773 1596 2843 Εὐμάθιος
1627 2772 1855 2839 τούτους
1884 2777 2013 2829 θεα-

425 2868 667 2935 σάμενος
693 2870 789 2921 καὶ
841 2867 1184 2939 μεμαθηκὼς
1241 2868 1318 2932 ὡς
1369 2867 1626 2938 ἐκθύμως
1671 2870 2021 2939 ἠγωνίσαντο

422 2959 744 3023 σπεύδοντες
801 2961 1006 3030 μηδένα
1066 2960 1177 3017 τῶν
1235 2960 1439 3031 χειρῶν
1500 2960 1687 3016 αὐτῶν
1723 2964 2013 3032 ἐκφυγεῖν,

418 3051 656 3120 δαψιλῶς
711 3053 910 3116 αὐτοὺς
942 3052 1475 3125 φιλοτιμησάμενος,
1517 3053 1766 3122 μεγάλας
1811 3056 1906 3108 καὶ
1935 3056 2016 3119 είς

419 3145 480 3195 τὸ
528 3144 840 3215 ἔμπροσθεν
874 3147 1190 3216 ὑπισχνεῖτο
1216 3147 1314 3209 τὰς
1347 3146 1604 3216 χάριτας.

2119 2039 2362 2093 victoria:
2400 2038 2638 2093 oblatam
2668 2039 2939 2094 divisione
2968 2037 3276 2094 Turcorum
3317 2041 3703 2110 interpretans,

2116 2145 2244 2186 suas
2270 2146 2463 2185 omnes
2489 2141 2756 2200 quotquot
2785 2130 3022 2185 habebat
3047 2132 3257 2186 irruere
3295 2132 3346 2184 in
3375 2134 3494 2187 illos
3518 2136 3708 2202 Copias

2111 2225 2288 2292 jubet.
2319 2211 2463 2276 Eant
2489 2222 2661 2275 nostri
2689 2239 2703 2280 ;
2759 2222 3008 2290 forteque
3045 2223 3096 2275 in
3132 2237 3228 2276 eos
3255 2223 3532 2290 improvisi
3568 2225 3709 2276 inci-

2118 2313 2255 2368 dunt
2292 2313 2383 2381 qui
2432 2312 2766 2368 Cerbianum
2800 2313 3080 2383 petebant.
3112 2309 3277 2384 422
3309 2313 3453 2366 Mora
3517 2315 3660 2368 nulla
3689 2332 3704 2380 ;

2115 2421 2334 2477 pugnae,
2386 2415 2482 2460 aut
2544 2403 2708 2464 caedis
2775 2406 2977 2475 potius,
3039 2402 3280 2460 diluculo
3331 2407 3544 2460 initium
3606 2409 3704 2473 lit;

2114 2504 2486 2559 interneciOne
2516 2502 2878 2557 conciduntur
2902 2498 3074 2554 Barba
3087 2497 3152 2555 ri.
3187 2500 3391 2566 Nostri,
3422 2519 3705 2572 recupera-

2120 2595 2189 2649 tis
2219 2595 2571 2664 liberatiSque
2605 2593 2836 2662 captivis
2871 2581 3149 2660 omnibus,
3213 2610 3352 2664 quos
3383 2596 3528 2650 isutd
3561 2595 3704 2650 Tun

2119 2695 2308 2740 corum
2347 2701 2538 2755 agmen
2569 2684 2747 2739 obiter
2776 2691 3014 2753 ceperat.
3040 2685 3105 2737 ad
3137 2685 3531 2754 insequendum
3558 2687 3704 2740 aliud

2120 2781 2262 2849 quod
2301 2779 2592 2849 Smyrnam
2626 2791 2689 2830 ac
2719 2775 3077 2846 Nymphaum
3111 2777 3386 2846 cogitasse
3439 2779 3699 2840 diximus,

2115 2870 2222 2924 vim
2259 2879 2422 2937 atque
2447 2869 2712 2939 impetum
2747 2876 2986 2920 vertunt.
3026 2865 3189 2920 Turci
3226 2867 3468 2936 reliquiae
3499 2870 3702 2937 prioris

2115 2963 2288 3017 cladis
2347 2963 2412 3013 ad
2463 2963 2602 3013 hanc
2661 2961 2956 3014 secundam
3003 2961 3174 3014 aciem
3221 2961 3550 3015 calamitatis
3582 2975 3694 3018 suae

2116 3055 2288 3109 nuntii
2320 3053 2734 3120 comnnmisque
2767 3051 2976 3107 indices
3026 3042 3251 3119 periculi
3301 3066 3361 3106 se
3414 3053 3694 3122 applieue-

2115 3157 2256 3202 rant.
2287 3145 2487 3198 llorum
2527 3144 2690 3212 igitur
2745 3159 2850 3212 qua
2887 3143 3086 3197 indicio
3116 3143 3402 3206 admoniti,
3434 3159 3538 3214 qua
3570 3160 3691 3214 sup-

422 3237 692 3306 piemento
713 3239 879 3303 aucti,
905 3248 1126 3292 vertunt
1147 3237 1336 3302 facies,
1373 3246 1766 3308 opponuntque
1807 3239 2012 3294 nostris
2060 3240 2287 3295 adversa
2346 3245 2598 3307 pectora;
2653 3236 3024 3305 quadraloqtle
3087 3242 3248 3302 atque
3288 3235 3339 3287 in
3368 3250 3570 3289 cornua
3603 3238 3698 3291 de-

423 3331 627 3398 scripto
653 3330 873 3398 agmine
900 3330 1111 3400 copiam
1145 3331 1316 3399 aperti
1352 3329 1520 3399 praelii
1552 3331 1760 3384 audent
1787 3329 2012 3398 facere;
2047 3331 2395 3386 concurritur
2456 3327 2686 3390 acriter,
2753 3324 2953 3379 nostris
3016 3315 3233 3394 egregie
3325 3325 3692 3380 vincentibus.

421 3424 633 3479 Cadunt
695 3421 998 3476 Turcorum
1041 3419 1223 3487 multi,
1259 3436 1358 3477 nec
1389 3423 1680 3490 pauciores
1717 3421 1827 3476 vivi
1903 3423 2049 3492 capti
2117 3423 2378 3477 servitum
2433 3421 2812 3484 abducitntur;
2877 3417 3064 3486 reliqui
3139 3417 3394 3487 perpauci
3451 3432 3594 3471 caeca
3645 3434 3700 3487 (τι

421 3517 684 3586 ιπωοὶρίιί
748 3517 800 3568 ἰιι
870 3513 1125 3569 Maeandri
1161 3515 1394 3568 vortices
1431 3513 1563 3568 illati
1597 3515 1743 3584 fuga,
1805 3514 1872 3568 iis
1901 3515 2145 3582 absorpti
2223 3511 2364 3565 male
2435 3508 2666 3578 periere.
2747 3507 2914 3560 Alluit
2976 3507 3064 3560 hic
3127 3509 3307 3562 amnis
3382 3502 3700 3579 Phrygiam,

422 3615 708 3668 ﬂuviorum
769 3609 1181 3679 obliquissimus
1221 3609 1462 3662 omnium
1523 3617 1578 3662 et
1612 3609 1849 3663 assiduis
1888 3619 2011 3665 seSe
2081 3608 2407 3664 tiexiouibus
2481 3612 2872 3674 contorquens.
2910 3603 3075 3658 Porro
3134 3605 3327 3669 nostri,
3374 3621 3440 3660 ex
3485 3609 3584 3662 hac
3619 3623 3710 3663 se—

423 3707 602 3770 cuuda
657 3702 882 3756 victoria
954 3700 1252 3770 majoribus
1314 3702 1597 3768 conceptis
1662 3701 1893 3764 animis,
1937 3700 2003 3754 ad
2045 3701 2499 3768 tertiamquoque
2522 3713 2642 3767 quae
2675 3695 2911 3750 restabat
2941 3695 3052 3750 sola
3115 3684 3421 3752 Turcorum
3483 3715 3705 3755 manum

424 3794 935 3864 deprehendemlam
986 3793 1350 3862 cogitationes
1398 3797 1452 3844 et
1524 3806 1748 3844 cursum
1827 3791 2194 3846 intenderunt.
2275 3790 2501 3845 Frustra
2565 3791 2618 3844 id
2687 3798 2893 3852 tamen,
2949 3791 3094 3858 quod
3152 3781 3314 3845 Turci
3363 3793 3535 3848 nimio
3593 3795 3707 3863 jam

425 3887 712 3942 intervallo
744 3891 1157 3956 praecesserant.
1253 3883 1490 3938 Rediere
1557 3885 1722 3954 igitur
1793 3884 2226 3953 Philadelphiam
2279 3891 2415 3954 quos
2484 3884 2720 3938 victores
2751 3890 2915 3950 atque
2950 3883 3248 3938 incolumes
3298 3885 3452 3941 hctus
3521 3899 3710 3958 gratu‘

425 3983 655 4050 lansque
701 3977 1375 4047 Eumathiusamplectens
1404 3978 1721 4034 fortitudine
1772 3980 2010 4048 ipsorum
2046 3979 2289 4050 egregia,
2323 3980 2430 4047 qua
2471 3983 2628 4032 erant
2659 3974 2786 4028 totis
2814 3974 3023 4030 viribus
3048 3975 3223 4030 annisi
3259 3990 3326 4030 ne
3382 3991 3544 4045 quem
3604 3977 3707 4034 sibi

424 4076 566 4130 elabi
618 4077 854 4132 hostium
921 4079 1210 4144 sinerent,
1290 4091 1623 4147 magnopere
1685 4075 2013 4143 collaudata,
2055 4077 2212 4130 donis
2239 4089 2332 4130 eos
2359 4091 2454 4144 pro
2528 4075 2681 4145 copia
2733 4073 2987 4143 praesenti
3016 4072 3212 4142 amplis
3243 4085 3561 4131 muneratus
3589 4083 3707 4130 est:

429 4169 709 4223 uberiores
745 4172 908 4224 etiam
942 4171 1150 4238 gratiis
1181 4179 1454 4224 tantorum
1487 4171 1829 4236 meritorum,
1859 4187 2013 4225 suam
2040 4181 2094 4225 et
2125 4171 2350 4240 Augusti
2389 4170 2550 4224 {idem
2583 4170 2878 4233 addicens,
2900 4167 3154 4236 promisit
3211 4168 3265 4219 in
3331 4179 3632 4234 posterum.

500 4264 656 4318 Μετὰ
683 4263 740 4316 δὲ
769 4264 868 4335 τὴν
902 4265 998 4317 τοῦ
1057 4265 1394 4336 Βαῖμούντου
1438 4264 1716 4334 τελευτὴν,
1772 4264 2012 4334 ἐπειδὴὸ
2042 4272 2084 4329 C.

430 4357 654 4426 Ταγγρὲ
709 4357 808 4426 τῆς
871 4357 1210 4428 Ἀντιοχείας
1283 4356 1724 4427 περιεδράξατο,
1793 4356 1889 4408 καὶ
1948 4355 2025 4419 ὡς

429 4447 799 4516 διαφέρουσαν
850 4448 1001 4518 αὐτῷ
1049 4449 1325 4516 ἐλογίζετο
1366 4447 1688 4500 παντάπασι
1742 4447 1835 4499 τὸν
1865 4447 2026 4499 αύτο-

434 4541 678 4610 κράτορα
723 4541 930 4611 ταύτης
957 4543 1279 4612 -ἁλλοτριῶν
1318 4581 1333 4604 ,
1377 4544 1404 4593 ὁ
1466 4539 1723 4607 βασιλεὺς
1786 4537 2026 4591 ἐνταῐθα

431 4631 717 4685 κατανοῶν
776 4634 873 4685 καὶ
931 4633 1060 4696 τοὺς
1093 4635 1187 4685 ἐπὶ
1219 4637 1283 4702 τῇ
1327 4631 1483 4684 πόλει
1526 4629 2026 4700 παρασπονδουμέ-

428 4723 616 4786 νουςίι
684 4726 883 4795 ὅρκους
932 4727 1042 4779 τῶν
1104 4725 1408 4797 Βαρϐάρων
1444 4727 1673 4778 τουτωνὶ
1730 4723 2018 4793 ίλ’)ράγγων.

432 4815 540 4866 Καὶ
564 4817 646 4869 ὅτ’
675 4818 837 4880 αὐτὸς
862 4818 1034 4871 πολλὰ
1055 4819 1151 4888 μὲν
1172 4818 1442 4888 ἀνηλώκει
1471 4820 1752 4887 χρήματα,
1774 4815 1945 4867 πολλὰ
1973 4801 2017 4866 δ⁵

431 4904 722 4961 ἐπεπόνθει
763 4909 936 4972 δεινὰ,
963 4910 1033 4963 τά
1067 4918 1125 4961 τε
1172 4909 1516 4979 μυριοπληθῆ
1543 4911 1724 4961 ἐκεῖνα
1762 4903 2031 4976 στρατεύ-

438 5011 584 5061 ματα
617 4999 680 5050 ὲκ
709 5001 809 5068 τῆς
849 5001 1123 5072 Ἐοπέρας
1171 5003 1248 5064 εἰς
1286 5001 1386 5069 τὴν
1430 5001 1616 5056 Ἀσίαν
1665 4997 2019 5060 διαϐιόἁζων-

435 5086 615 5140 καίτοι
667 5089 1191 5163 δυστραχηλοτάτοις
1256 5096 1440 5158 αὐτοῖς
1490 5094 1837 5163 ἐντυγχάνων
1892 5090 1980 5143 ἀεὶ

433 5181 531 5232 καὶ
572 5185 940 5250 καταπίκροις
986 5187 1234 5253 ἀνδράσι.
1283 5188 1463 5240 Πολλὰ
1513 5187 1570 5240 δὲ
1631 5185 2022 5255 στρατεύματα

447 5273 734 5344 Ῥωμαῖκὰ
798 5276 1008 5341 τούτοις
1034 5279 1439 5347 συνεκπέμπων
1462 5281 1602 5332 κατὰ
1623 5279 1729 5337 τῶν
1760 5276 2024 5348 Τούρκων

2192 4261 2492 4318 Baitmtudo
2549 4279 2705 4328 vero,
2745 4264 2820 4316 uti
2884 4261 3155 4330 diximus,
3225 4260 3514 4326 defuncto,
3580 4277 3703 4316 cum

2123 4355 2439 4410 'l‘ancredus
2480 4355 2810 4424 possessioni
2841 4354 3148 4408 Antiochia:
3196 4354 3459 4408 incubare
3515 4369 3711 4423 pergo-

2126 4459 2224 4510 rct,
2252 4458 2572 4519 terreretque
2602 4463 2718 4501 eam
2760 4447 3064 4510 mordicus,
3127 4461 3188 4500 ac
3225 4432 3393 4515 plane.
3417 4446 3711 4515 imputaret

2126 4549 2183 4595 ut
2211 4542 2484 4610 propriam
2516 4541 2639 4610 jure
2665 4556 2825 4610 quam
2852 4540 3079 4608 optimo,
3113 4553 3200 4594 res
3226 4538 3506 4591 enimvero
3529 4540 3709 4606 impe-

2129 4633 2299 4687 ratori
2335 4633 2449 4688 visa
2483 4643 2566 4686 est
2623 4632 2913 4700 ejusmodi,
2967 4647 3130 4700 quam
3160 4645 3260 4685 nec
3314 4629 3567 4697 tolerare,
3609 4647 3713 4685 nec

2125 4729 2471 4783 dissimulare
2503 4737 2688 4798 posset
2724 4725 2976 4795 amplius.
3006 4726 3371 4794 Praeterquam
3395 4723 3536 4791 quod
3563 4724 3707 4776 enim

2122 4820 2470 4889 iurisjurandi
2527 4818 2718 4889 religio
2765 4827 2819 4870 et
2886 4817 2974 4870 illa
3023 4817 3131 4870 Deo
3179 4824 3318 4870 teste
3372 4831 3401 4869 a
3461 4825 3540 4868 tot
3600 4817 3707 4869 illis

2126 4900 2350 4966 Francis
2379 4908 2606 4965 ducibus
2647 4909 2830 4979 jurata
2867 4909 2999 4962 ﬁdes
3035 4908 3359 4961 vindicando
3397 4907 3585 4976 utique
3620 4907 3706 4958 lu-

2136 4996 2302 5057 iibrio
2328 5004 2675 5065 violabatur;
2726 5013 2846 5056 erat
2891 5002 3056 5054 etiam
3113 5000 3510 5068 iniquissimum
3543 4998 3713 5052 inter-

2128 5094 2262 5148 verti
2297 5095 2400 5149 sibi
2437 5095 2668 5149 fructum
2699 5103 2777 5148 tot
2819 5093 3064 5146 laborum
3096 5099 3283 5160 totque
3331 5101 3653 5160 sumptuum
3685 5105 3700 5153 ;

2127 5202 2232 5240 nec
2263 5187 2403 5254 quod
2456 5186 2877 5240 innumerabiles
2915 5195 2994 5240 tot
3030 5185 3152 5239 illos
3185 5184 3458 5238 exercitus
3486 5181 3713 5235 iuliuitis

2129 5278 2490 5333 incommodis
2551 5279 2814 5348 impensis
2873 5277 3128 5332 maximis
3176 5290 3241 5331 ex
3304 5273 3597 5330 Occidente
3657 5271 3713 5322 in

1479 5419 1681 5490 Variae
1712 5418 2021 5480 lectiones
2054 5435 2129 5479 ex
2176 5417 2318 5478 cod.
2354 5416 2624 5479 Coislin.

488 5516 530 5548 ¹⁰
559 5515 643 5569 τό.
722 5516 764 5548 ¹¹
801 5518 1122 5574 Κελὸιανόν.
1210 5522 1251 5551 ¹¹
1279 5519 1360 5574 τό.
1444 5521 1488 5551 ¹³
1522 5521 1927 5592 θαρρήσαντες.

2006 5519 2050 5552 ⁸⁸
2077 5519 2500 5588 σπενδομένονς.

1477 5641 1618 5703 Car.
1649 5640 1971 5708 Dufresnii
2004 5637 2101 5702 Du
2135 5639 2354 5719 Cangii
2404 5646 2588 5701 notua.

508 5761 618 5830 (Ἦ)
659 5766 1031 5838 [Νύμφαιον.
1106 5767 1288 5838 Lydia:
1337 5770 1466 5823 urbs
1529 5767 1830 5837 Nirepitoro
1876 5769 2012 5822 (ire-

439 5846 630 5907 ξριτιξ.Δ
659 5835 754 5887 lib.
789 5849 846 5889 ιιι
903 5847 957 5891 et
1000 5855 1074 5890 vt.
1120 5835 1464 5906 Acropolittc,
1527 5835 1706 5896 l)uc.i-.
1758 5855 1876 5907 cap.
1917 5841 2009 5893 2i.

441 5899 776 5974 Waddingo,
832 5921 920 5960 an.
979 5909 1150 5971 i235,
1218 5899 1278 5961 n.-
1335 5899 1618 5965 15.7V'ide
1676 5899 1898 5966 Lctuicl.
1954 5928 2006 5966 ιι.

3643 5779 3650 5790 \

2119 5769 2305 5907 .0232)
2353 5839 2597 5905 Χλιαρά.
2650 5829 2799 5894 Urbs.
2821 5844 2942 5892 nota
2972 5832 3175 5890 Niceta‘.
3211 5832 3264 5888 in
3294 5828 3435 5886 Man.
3465 5827 3648 5910 Acmp

2122 5911 2250 5974 litae,
2295 5911 2472 5973 Durae,
2499 5921 2605 5964 etc.
