4086 6400
383 481 513 546 1045

1589 484 2014 546 ALEXIADIS
2041 483 2192 545 LIB.
2233 484 2394 545 Χιν.

3497 471 3642 536 1046

389 595 788 666 Ἰεροσολύμων
843 598 1128 668 Σιμούντῳ
1187 600 1282 654 καὶ
1337 599 1950 668 καταλαμϐάνουσι¹τδν

2063 613 2165 667 que
2223 597 2578 652 dimitterent.
2609 595 2790 662 Quare
2849 593 3037 649 Slztlttil
3077 590 3245 646 satius
3307 601 3428 643 esse
3459 596 3638 640 tenta-

380 689 701 742 Ba‘leoaivov
730 691 1124 764 πολιορκοῦντα
1152 692 1250 764 τὴν
1280 693 1469 763 Τύρον.
1515 691 1573 744 '0
1601 692 1656 745 δὲ
1702 694 1940 760 ἄσμενος

373 781 574 842 αὐτοὺς
600 782 994 852 ὑποδεξάμενος
1009 787 1118 854 (28)
1145 787 1237 838 καὶ
1259 787 1524 846 παντοίας
1553 783 1954 854 φιλοφροσύνης

372 870 632 937 ἀξιώσας,
662 876 783 927 ἐπεὶ
814 876 954 929 κατὰ
983 877 1082 945 τὴν
1111 879 1369 946 ἁπόκρεω
1395 875 1584 929 τοῦτον
1629 874 1951 938 κατέλαϐον,

369 965 628 1032 κατεῖχεν
675 967 874 1027 αὐτοὺς
902 967 972 1020 δι’
1023 969 1152 1032 ὅλης
1205 970 1308 1038 τῆς
1360 970 1808 1041 τεσσαρακοστῆς
1865 985 1936 1021 πο

369 1055 602 1126 λιορκῶν
654 1057 753 1127 τὴν
810 1058 984 1130 Τύρον
1015 1061 1149 1132 (29),
1189 1064 1263 1126 ὡς
1310 1066 1544 1132 εἴρηται.

2064 699 2241 745 menta
2275 691 2446 756 prima
2483 687 2858 742 conventionis
2909 701 3032 740 cum
3061 693 3220 754 gente
3253 689 3429 734 astuta
3475 687 3530 731 et
3568 679 3634 730 ad

2063 798 2214 852 spem
2273 782 2407 835 lucri
2470 796 2687 847 aspera,
2753 780 2872 834 fieri
2924 795 2952 832 a
3014 779 3200 830 vuru‘rs
3249 771 3638 829 tractatorilms

2061 890 2294 944 quorum
2323 873 2484 926 verba
2519 873 2689 927 solum
2725 873 2932 936 audire,
2969 887 3071 926 n0u
3105 871 3267 922 etiam
3299 869 3471 937 spolia
3503 881 3639 919 con-

2064 969 2343 1036 Cupisrere
2379 974 2471 1019 aut
2503 965 2798 1038 deprzedari
2851 963 2989 1020 Galli
3038 971 3280 1030 possent.
3313 962 3448 1030 Spes
3522 969 3640 1011 tan-

2066 1070 2178 1112 tum
2235 1059 2446 1113 illorum
2493 1059 2744 1126 suspendi
2801 1073 2862 1112 ac
2905 1055 3156 1125 proritari
3209 1055 3374 1123 jussit
3431 1051 3636 1106 liberali

367 1153 740 1205 ostentatione
786 1157 1130 1222 praemiorum
1194 1159 1512 1224 ingentium,
1551 1159 1594 1212 si
1643 1157 1826 1224 jurare
1867 1170 1932 1210 ac
2007 1164 2268 1227 praestare
2343 1153 2504 1208 fidum
2546 1154 2868 1222 obsequium
2917 1153 3212 1220 utilemque
3265 1163 3486 1217 operam
3523 1149 3637 1200 Λιι-

373 1253 532 1313 gusto
563 1245 793 1310 vellent;
827 1247 918 1302 sed
954 1253 1514 1316 repraesentandorum
1559 1262 1684 1306 tunc
1711 1260 1942 1313 tantum,
1987 1264 2108 1303 cum
2138 1264 2202 1304 ea
2237 1248 2334 1316 ipsi
2363 1247 2560 1304 officiis
2591 1247 2849 1301 exhibitis
2891 1257 2980 1299 aut
3005 1245 3293 1314 pret-uissus
3361 1243 3412 1294 in
3478 1241 3624 1294 futu-

374 1353 490 1390 rum
518 1337 639 1392 fidei
669 1342 982 1411 pignoribus
1009 1345 1218 1398 idoneis
1287 1347 1580 1403 efferendis
1634 1350 1980 1402 meruissent.
2069 1347 2240 1414 Quam
2293 1361 2352 1400 ea
2395 1348 2691 1414 prudenter
2725 1347 2804 1398 sic
2847 1342 3173 1412 disposuerit
3220 1341 3493 1406 Augustus
3550 1353 3636 1390 res

371 1428 488 1494 ipsa
523 1431 837 1488 declaravit.
884 1434 1160 1489 Percussit
1202 1437 1522 1493 Baiduinntn
1586 1441 1769 1509 procul
1804 1439 1942 1492 fama
1988 1439 2290 1509 legatorum
2365 1437 2433 1489 ab
2489 1438 2818 1504 imperatore
2876 1433 3283 1488 adventantium
3334 1445 3457 1485 eum
3531 1430 3635 1482 im-

373 1535 562 1574 mensa
595 1525 643 1576 vi
675 1526 920 1592 pecuniae
958 1543 972 1578 :
1008 1538 1057 1580 et
1094 1528 1344 1586 videlicet
1391 1534 1558 1586 movit
1607 1532 1810 1585 bomini
1845 1531 2069 1586 salivam
2126 1529 2339 1584 afﬂatus
2381 1528 2516 1582 lucri
2557 1530 2712 1581 odor.
2740 1526 2912 1596 Igitur
2981 1524 3258 1593 extemplo
3318 1522 3484 1576 mittit
3543 1522 3623 1572 ris

371 1613 587 1666 ουνῖτυη
644 1632 814 1686 usque
873 1622 1130 1693 Tripolim
1189 1628 1333 1694 (nam
1385 1641 1448 1678 co
1474 1626 1787 1693 pervenisse
1858 1625 1967 1692 jam
2009 1621 2274 1691 audierat)
2319 1622 2593 1675 Simonem
2631 1619 2926 1688 patruelem
2981 1617 3136 1672 suum
3169 1660 3185 1683 ,
3218 1616 3437 1687 quieos
3475 1615 3538 1667 ad
3575 1630 3634 1668 se

373 1705 588 1772 prolixe
616 1709 878 1766 invitatos
905 1718 1066 1769 etiam
1096 1717 1331 1771 officiose
1359 1719 1668 1773 deduceret.
1702 1718 1796 1771 Usi
1831 1725 1950 1771 sunt
1997 1717 2331 1771 humanitate
2366 1714 2568 1769 Gallica
2607 1715 2836 1767 libenter
2877 1713 3071 1775 nostri,
3107 1721 3162 1765 ct.
3227 1709 3498 1779 pecuniis,
3564 1719 3622 1761 ut

377 1801 581 1854 dictum
617 1812 718 1867 est,
761 1806 810 1859 in
846 1823 970 1862 arce
997 1810 1328 1877 Tripolitana
1361 1812 1463 1866 sub
1492 1812 1734 1866 Bertrani
1775 1811 1932 1864 tidem
1977 1813 2028 1864 in
2090 1811 2140 1864 id
2208 1811 2383 1879 ipsum
2431 1824 2494 1863 ac
2549 1824 2733 1862 curam
2771 1801 3085 1876 spondentis
3111 1847 3125 1871 ,
3163 1805 3406 1859 custodia
3458 1803 3627 1871 depo-

365 1894 506 1953 sitis.
561 1912 684 1950 cum
731 1898 950 1957 Simone
987 1905 1369 1978 Hierosolymis
1432 1909 1596 1960 misso
1648 1907 2066 1975 proﬁciscuntur
2115 1904 2556 1958 ad.Baiduinutn
2631 1917 2791 1970 quem
2874 1901 3212 1954 obsidnnte'n
3291 1899 3458 1971 426
3521 1899 3630 1969 Ty-

364 2001 487 2038 rum
518 1987 885 2048 oﬂ‘enderunt.
924 1996 1265 2067 Excepitille
1329 2001 1574 2068 hospitis
1639 1998 2035 2054 humanissime
2074 2013 2137 2053 ac
2187 2013 2307 2050 cum
2369 2000 2514 2051 circa
2569 1997 2985 2066 carnisprivium
3042 1993 3322 2047 venissent
3387 2002 3495 2045 tota
3546 2007 3640 2045 eos

372 2081 515 2148 πιιιιιι
555 2097 612 2136 se
647 2087 1060 2158 quadragesima
1114 2093 1164 2146 in
1197 2095 1393 2148 castris
1437 2097 1578 2163 apud
1609 2094 1810 2165 Tyrum
1847 2091 1960 2145 suis
2003 2092 2198 2153 tenuit,
2233 2089 2375 2144 nulla
2408 2105 2512 2144 non
2558 2089 2779 2145 honoris
2807 2089 2952 2157 ipsos
2989 2102 3050 2140 ac
3120 2084 3508 2139 benevolentiae
3568 2081 3640 2137 si-

365 2173 712 2241 gnificatione
755 2179 1034 2238 deliniens.
1075 2184 1147 2237 De
1177 2185 1317 2256 Tyro
1353 2197 1406 2241 ct
1437 2188 1537 2242 hac
1581 2189 1696 2256 ejus
1761 2186 2160 2256 oppugnatione
2247 2183 2450 2238 Gallica
2497 2181 2678 2237 dicere
2729 2181 2816 2236 hic
2871 2179 3045 2232 obiter
3109 2177 3260 2232 locus

3357 2178 3636 2230 admonet.

450 2265 870 2336 Ἐπεφρούρητο
897 2273 952 2326 δὲ
979 2276 1009 2344 ἡ
1042 2276 1202 2339 πόλις
1225 2278 1319 2330 καὶ
1347 2278 1527 2340 ἄλλοις
1552 2280 1652 2347 μὲν
1686 2277 1950 2349 ἀρραγέσι

2139 2273 2270 2326 Erat
2297 2289 2357 2328 ea
2389 2273 2582 2328 civitas
2628 2290 2749 2326 cum
2789 2272 2910 2325 aliis
2943 2276 3180 2338 protecta
3231 2267 3527 2323 soliditatis
3560 2268 3642 2319 itt-

363 2357 571 2427 τείχεσι
604 2362 698 2412 καὶ
721 2362 783 2431 δὴ
827 2364 916 2416 καὶ
947 2368 1095 2436 τρισὶ
1136 2371 1563 2439 προτειχίσμασι
1603 2370 1790 2440 κύκλῳ
1818 2369 1950 2423 ταύ-

364 2465 464 2517 την
495 2450 1025 2518 περιλαμϐάνουσιν.
1061 2459 1118 2512 Ὁ
1143 2459 1253 2532 γὰρ
1276 2462 1544 2526 ὲξώτατος
1571 2464 1771 2524 κύκλος
1793 2481 1946 2534 περι-

363 2544 476 2608 εῖχε
518 2544 608 2594 τὸν
668 2545 942 2616 δεύτερον,
1001 2545 1157 2615 οὗτος
1201 2553 1256 2605 δὲ
1297 2554 1388 2605 τὸν
1433 2556 1701 2610 ἐνῖοτάτω
1755 2557 1821 2622 ⁸³,
1857 2559 1952 2610 καὶ

362 2634 567 2701 τρίτον,
601 2638 695 2690 καὶ
751 2633 892 2708 ἦσαν
948 2642 1198 2714 καθάπερ
1234 2647 1376 2709 τινὲς
1445 2648 1633 2702 κύκλοι
1686 2650 1952 2720 ἀλλήλους

366 2724 867 2794 περιλαμϐάνοντες
937 2734 1031 2785 κοιλ⁵
1102 2739 1542 2807 mpiger/vivas;
1600 2744 1699 2812 τὴν
1770 2743 1950 2798 πόλιν.

377 2814 519 2868 ’Λλλ’
551 2820 576 2870 ὅ
608 2835 669 2885 γε
718 2820 1034 2884 Βοιλδουῖνος
1082 2825 1224 2894 ἔγνω
1267 2831 1532 2900 πρότερον
1568 2834 1634 2884 τὰ
1669 2835 1953 2904 προτειχί-

365 2920 548 2967 auara
579 2907 751 2961 ταῦτα
775 2912 1124 2978 καταϐαλεῖν,
1145 2911 1246 2968 εἴθ’
1275 2916 1448 2980 οὕτως
1472 2918 1568 2989 τὴ)
1606 2920 1763 2972 πόλιν
1787 2920 1951 2988 ἑλεῖν,

363 2990 453 3046 οἴει
483 2998 590 3065 γάρ
622 3015 743 3052 τινα
781 3002 1026 3072 θωράκια
1057 3008 1153 3075 τῆς
1177 3008 1354 3078 Τύρου
1389 3011 1832 3082 προϐεϐλημένα,
1853 3016 1953 3085 τὴν

366 3086 690 3155 πολιορκίαν
734 3093 1020 3163 ἀπεῖργον.
1060 3097 1118 3150 ’0
1141 3099 1196 3152 δὲ
1225 3100 1313 3153 διά
1337 3119 1502 3154 τινων
1538 3107 1953 3177 μηχανημάτων

367 3183 718 3249 πορθητικῶν
787 3189 886 3257 τήν
918 3205 976 3240 τε
1035 3191 1256 3261 πρώτην
1308 3195 1401 3246 καὶ
1465 3194 1728 3267 δευτέραν
1773 3197 1952 3269 ζώνην

367 3271 611 3324 καθεῖλε·
665 3275 760 3330 καὶ
791 3279 891 3346 τῆς
952 3284 1144 3352 τρίτης
1183 3287 1547 3356 ἀπεπειρᾶτο,
1600 3293 1694 3344 καὶ
1746 3291 1810 3360 δὴ
1853 3293 1953 3354 τὰς

365 3367 619 3453 {nomen
655 3371 824 3440 αὐτῆς
854 3375 1103 3428 καθελεῖν
1126 3379 1206 3440 εἰς
1235 3380 1295 3430 τὸ
1322 3381 1521 3450 ἐφεξῆς
1542 3382 1948 3453 ὲρῤᾳθύμηκεν·

364 3448 474 3508 εἷλε
543 3459 652 3526 γὰρ
700 3460 766 3513 ἂν
823 3463 920 3515 καὶ
957 3464 1162 3537 ταύτην
1213 3469 1374 3538 εἴπερ
1421 3448 1780 3537 ἐπιέσστειλσεν,
1813 3448 1951 3526 αλλὰ

365 3544 452 3598 διά
480 3565 639 3602 τινων
670 3551 957 3622 κλιμάκων
989 3557 1236 3624 οἰόμενος
1287 3564 1424 3636 μετὰ
1455 3564 1629 3616 ταῦτα
1693 3564 1951 3634 ἐπιϐῆναι

2064 2367 2220 2420 virtze
2249 2365 2538 2428 inmitibus,
2571 2374 2679 2418 tum
2707 2365 3080 2420 circumductu
3117 2363 3321 2415 munita
3362 2374 3637 2412 murorum

2063 2459 2226 2512 trium
2265 2475 2384 2514 sese
2418 2459 2826 2521 inchtdentium,
2864 2458 2935 2510 ita
2979 2467 3036 2508 ut
3081 2456 3352 2509 maximus
3401 2452 3641 2506 ambitus

2061 2553 2486 2604 contractiorem
2547 2553 2867 2614 scentulum,
2906 2548 2993 2601 hic
3044 2546 3425 2602 brevissimum
3474 2551 3641 2612 atque

2064 2644 2316 2698 intimum
2352 2644 2776 2713 amplecteretur
2831 2640 3092 2694 tertium:
3127 2651 3319 2690 omnes
3355 2635 3516 2689 simul
3553 2651 3642 2688 ve-

2063 2736 2142 2790 lut
2173 2737 2356 2790 lorica:
2409 2736 2668 2790 adversus
2709 2741 2986 2789 externam
3022 2731 3128 2784 vim
3179 2729 3406 2798 objectae
3443 2728 3643 2781 ﬁrmis-

2063 2829 2214 2883 sima:
2253 2828 2706 2898 oppugnationem
2764 2825 3184 2879 frustrarentur.
3234 2820 3524 2873 Przcvaluit
3554 2828 3640 2872 ta-

2064 2933 2186 2972 men
2238 2919 2471 2986 impetus
2538 2916 2818 2979 Gallicus;
2877 2926 2928 2969 et
2977 2914 3250 2968 machinis
3311 2911 3637 2982 quibusdam

2023 3012 2027 3017 ’
2064 3011 2366 3065 muralibus
2391 3009 2686 3064 Balduinns
2717 3025 2846 3064 usus
2887 3008 3127 3077 primttm
3155 3006 3498 3074 alterumque
3529 3003 3640 3056 cir-

2062 3104 2266 3159 cuitum
2306 3101 2464 3171 plane
2510 3102 2694 3156 diruit.
2743 3100 2822 3156 Ad
2865 3097 3082 3154 fcrtium
3117 3107 3361 3166 promota
3391 3096 3472 3150 vis
3511 3097 3637 3166 pin.

2061 3210 2161 3249 nas
2196 3194 2307 3264 jam
2349 3192 2466 3261 ejus
2495 3203 2549 3248 et
2591 3195 2870 3263 superiora
2928 3197 3273 3258 corruperat,
3342 3204 3466 3244 cum
3506 3203 3634 3243 ecce

2065 3286 2359 3340 intervenit
2424 3285 2607 3341 fatalis
2637 3285 2808 3354 reptis
2840 3285 3150 3354 ingentibus
3177 3298 3241 3336 ex
3281 3294 3640 3336 successum»

2064 3379 2321 3434 felicitate
2389 3395 2580 3434 secura
2632 3379 3000 3449 negligentia,
3083 3390 3189 3446 qua
3254 3375 3306 3427 in
3363 3382 3638 3426 transver-

2061 3486 2182 3526 sum
2251 3479 2406 3526 actus
2471 3485 2609 3540 pene
2688 3471 2900 3536 victor,
2965 3483 3088 3524 cum
3151 3467 3356 3522 instare
3421 3463 3637 3533 percul-

2063 3562 2158 3625 sis,
2196 3571 2250 3615 et
2287 3563 2564 3616 concussis
2611 3577 2674 3616 ac
2731 3561 3046 3614 nutantibus
3107 3567 3216 3613 toto
3269 3555 3509 3625 pondere
3552 3553 3647 3606 εει--

366 3637 466 3705 τῆς
518 3640 746 3708 πόλεως,
801 3648 892 3699 καὶ
955 3648 1032 3711 ὡς
1087 3651 1185 3720 ἤδη
1240 3652 1449 3723 ταύτην
1487 3653 1628 3723 ἔχων
1660 3653 1736 3717 είς
1764 3657 1950 3726 χεῖρας

2058 3654 2315 3708 cumbere
2342 3667 2439 3724 par
2467 3653 2628 3719 foret,
2672 3653 2805 3706 satis
2846 3652 3036 3706 habuit
3074 3664 3266 3720 parare
3307 3647 3485 3702 scalas
3514 3647 3637 3713 qui-

368 3733 507 3799 πρὸς
534 3735 633 3806 τὴν
662 3738 983 3807 πολιορκίαν
1004 3742 1262 3797 ἐνέπεσεν
1287 3746 1425 3816 ὅπερ
1453 3751 1564 3809 τοῖς
1610 3748 1950 3819 Σαρακηνοῖς

368 3824 647 3894 σωτηρίαν
705 3830 1045 3902 προύξένησε
1095 3835 1161 3888 ’⁸.
1246 3837 1356 3890 Καὶ
1399 3839 1428 3890 ὁ
1487 3840 1585 3908 μὲν
1641 3840 1741 3909 τῆς
1794 3840 1952 3909 νίκης

2060 3747 2162 3801 bus
2220 3746 2286 3799 ad
2335 3747 2678 3801 imminutam
2723 3747 2862 3801 muri
2921 3743 3259 3798 altitudinem
3317 3739 3471 3794 miles
3516 3753 3640 3807 per-

2061 3841 2296 3912 tingeret
2340 3859 2354 3896 :
2391 3855 2513 3895 cum
2551 3841 2813 3896 subruere
2873 3838 3110 3894 funditus
3171 3835 3486 3893 convulsam
3520 3846 3637 3886 ino-

1405 4016 1605 4079 Varire
1645 4019 1953 4083 lectiones
1998 4038 2076 4084 ex
2116 4023 2256 4086 cod.
2293 4022 2562 4085 Coislin.

440 4105 487 4136 ”
515 4106 820 4165 ὲνδότατον.
897 4113 943 4146 ³⁷⁵
975 4115 1369 4186 προσεξὲνησε.

1389 4231 1530 4293 Car.
1573 4231 1896 4294 Dufresnii
1929 4235 2020 4295 Du
2057 4237 2281 4315 Cangii
2315 4244 2505 4298 nota.

364 4363 514 4422 nam,
536 4363 778 4422 uxorem
809 4349 1057 4422 duxerat.
1082 4351 1308 4408 Constat
1335 4352 1476 4406 enim
1528 4370 1590 4406 ex
1633 4354 1937 4422 Sigebcrto.

363 4433 453 4473 an.
495 4417 1078 4492 l_l07,pluresliberos
1129 4427 1445 4492 procreass’e
1502 4417 1815 4488 llenricinn,
1865 4434 1942 4477 ta-

369 4489 527 4542 metsi
581 4491 798 4544 unicum
857 4489 1201 4546 Waleranutn
1271 4494 1554 4549 noninent
1628 4499 1940 4564 scriptores.

2051 4356 2240 4411 Totam
2303 4358 2445 4413 hanc
2519 4357 2900 4428 cognationem
2943 4357 3255 4431 ,exhibebit
3321 4355 3646 4428 subjectum.

2051 4439 2298 4483 stemma.

1549 4607 1838 4658 Eustachius
1869 4622 2034 4659 comes
2066 4606 2314 4657 Bononiae.

1152 4740 1316 4747 .-

733 4735 1036 4802 Ἐιιὲῖειέίιῖιιιξ
1071 4741 1142 4802 tt.’

741 4825 929 4936 comes'
949 4817 1193 4867 Bononiae.

731 4944 1196 5014 "(fittefredu—s-ﬁdui

753 5021 1100 5086 Lotharingiae.

1323 4826 1421 4868 tus.

1177 4951 1326 4958 ———_——-

1327 4953 1657 5027 Ba’iduinuﬁs‘l,

1327 5042 1413 5077 rex
1441 5029 1640 5079 Hieros.

1693 5163 1774 5223 ’λιν
1781 5164 1804 5224 a
1813 5163 2409 5227 ΙιῆξῆἷεἚ-υἶῖῖὦιῖιῖιῖ

1711 5241 1893 5302 gensis.

367 5367 579 5423 Floruit
629 5367 793 5423 etiam
836 5383 900 5423 eo
951 5369 1177 5438 ipsemet
1224 5384 1339 5424 :evo
1379 5370 1563 5423 Simon
1593 5372 1751 5432 alter,
1795 5372 1938 5424 titius
1966 5370 2018 5429 D

368 5439 688 5493 Theoderici
735 5439 888 5493 ducis
934 5439 1298 5507 Lotharingize
1350 5441 1663 5506 superioris,
1699 5442 1790 5496 filii
1839 5443 1942 5496 Ge-

373 5508 743 5580 r_aldiAlsatii,
779 5525 843 5564 ex
875 5509 1141 5565 Gertrude
1171 5511 1275 5563 lilia
1304 5508 1522 5563 Boberti
1553 5509 1903 5567 Flandrensis
1929 5531 1946 5580 ;

369 5577 538 5650 M8
566 5579 655 5647 qui
695 5581 910 5644 quidem
973 5581 1158 5633 Simon
1203 5581 1342 5650 patri
1383 5593 1472 5632 an.
1520 5580 1678 5643 H15,
1733 5577 1945 5638 mortuo

371 5648 660 5712 successit,
702 5650 774 5702 ita
803 5659 862 5703 ut
883 5650 1033 5704 ducis
1054 5651 1198 5718 ﬁlius
1225 5648 1328 5702 dici
1379 5654 1616 5720 potuerit
1657 5666 1747 5704 an.
1784 5652 1944 5720 “ll,

373 5734 484 5787 quo
514 5721 752 5772 nondum
783 5720 1036 5789 ducatum
1072 5723 1300 5789 adeptus
1329 5729 1472 5789 erat.
1531 5718 1662 5774 Vide
1719 5718 1948 5776 Galber-

375 5789 584 5862 tumin
633 5788 847 5862 Vitas.
881 5788 1270 5862 Carolicomit,
1305 5788 1648 5862 ,Flaudrens.
1703 5807 1826 5862 cap.
1856 5793 1944 5855 15,

373 5874 431 5910 ιι.
474 5857 593 5922 109,
636 5869 692 5914 et
722 5860 1037 5930 Vigucrium
1074 5860 1128 5916 in
1166 5859 1469 5929 Originibus
1497 5861 1666 5916 Aluit.
1701 5857 1946 5935 μέλη

372 5936 428 5983 et
459 5942 576 5996 seq.

1575 4743 1842 4806 *G‘Otof:
1857 4743 1982 4805 e‘dtts
2009 4742 2212 4818 B'pts'éo-L

1682 4834 1771 4882 pus
1803 4819 2116 4868 Parisicnsis.

1783 4954 2207 5015 camarae:

1784 5042 1890 5078 mes
1917 5027 2171 5078 Bononiae.

2338 4741 3027 4818 aeméauxor—Frederici
3065 4741 3274 4806 comm:

2337 4816 2693 4880 Luxemhurg.,
2730 4816 2869 4868 ducis
2905 4819 3258 4881 Lotharingiae.

2332 4953 3089 5017 j'iﬁi't‘tﬁ‘Ti'dfnenr'iéi‘tﬁﬁs
3131 4967 3262 5017 Lim-

2332 5029 2597 5092 burgensis
2620 5037 2673 5078 et
2701 5029 3046 5092 Lotharingiae.

3067 4951 3271 4962 -———————.

2303 5164 2572 5172 ὼ.

2533 5179 2699 5227 Simon
2739 5178 2878 5227 ducis
2919 5180 3051 5228 ﬁlius

2534 5247 2861 5303 nuncupatus.

2118 5369 2260 5453 (εξ)
2335 5368 2822 5438 Ὑποδεξάμενος.
2882 5371 3140 5428 Albertus
3209 5373 3310 5442 Aq.
3367 5373 3458 5426 lib.
3529 5387 3623 5434 χιι.

2041 5454 2160 5507 cap.
2210 5457 2254 5495 ι.

2119 5509 2231 5580 (‘39)
2279 5513 2590 5586 Τύρονηῐὶο
2623 5515 2845 5586 obsessa
2876 5513 3042 5586 Tyro,
3080 5530 3168 5571 an.
3224 5513 3380 5577 Illi,
3427 5511 3638 5586 maelii-.

2047 5582 2130 5633 nis
2163 5597 2474 5637 nostrorum
2503 5583 2767 5645 incensis,
2805 5595 2857 5637 et
2895 5582 3133 5638 hostium
3167 5597 3285 5638 arte
3328 5583 3627 5650 conﬂagra—

2044 5651 2140 5713 tis,
2204 5653 2269 5707 de
2325 5655 2501 5707 soluta
2563 5655 2797 5720 denique
2853 5655 3163 5717 obsidione,
3233 5656 3416 5708 multis
3465 5659 3630 5720 agunt

2045 5721 2302 5777 Albertus
2321 5725 2422 5792 Aq.
2461 5722 2552 5777 lib.
2582 5738 2678 5787 xtt,
2709 5737 2829 5788 cap.
2863 5724 3042 5789 ietc.,
3071 5722 3409 5785 Fulcherius,
3441 5724 3536 5777 lib.
3567 5737 3624 5782 ll,

2045 5805 2164 5861 gap.
2217 5793 2319 5859 H;
2381 5804 2434 5847 et
2464 5793 2684 5861 Tyrius,
2723 5792 2819 5846 lib.
2855 5809 2912 5857 tt,
2961 5808 3077 5861 cap.
3130 5795 3211 5848 l7.
3280 5793 3405 5849 Vide
3462 5794 3626 5848 etiam

2046 5859 2244 5919 Chron.
2279 5859 2567 5920 Orientale.
