  <div class='ocr_page' id='page_1' title='image "/cluster/home/n/w/nwhite01/storage/ocr_20150623/131:no.4/coo.31924054870369/534.png"; bbox 0 0 4086 6400; ppageno 0'>
   <div class='ocr_carea' id='block_1_1' title="bbox 442 366 2400 443">
    <p class='ocr_par' dir='ltr' id='par_1_1' title="bbox 442 366 2400 443">
     <span class='ocr_line' id='line_1_1' title="bbox 442 366 2400 443; baseline 0.003 -9"><span class='ocrx_word' id='word_1_1' title='bbox 442 366 582 436; x_wconf 75' lang='grc'><strong>1053</strong></span> <span class='ocrx_word' id='word_1_2' title='bbox 1590 377 2009 439; x_wconf 74' lang='lat' dir='ltr'><strong>ALEXlADlS</strong></span> <span class='ocrx_word' id='word_1_3' title='bbox 2050 379 2198 441; x_wconf 79' lang='lat' dir='ltr'><strong>LIB.</strong></span> <span class='ocrx_word' id='word_1_4' title='bbox 2239 381 2400 443; x_wconf 79' lang='lat' dir='ltr'><strong>XIV.</strong></span> 
     </span>
    </p>
   </div>
   <div class='ocr_carea' id='block_1_2' title="bbox 438 483 2020 566">
    <p class='ocr_par' dir='ltr' id='par_1_2' title="bbox 438 483 2020 566">
     <span class='ocr_line' id='line_1_2' title="bbox 438 483 2020 566; baseline 0.006 -28"><span class='ocrx_word' id='word_1_5' title='bbox 438 483 720 556; x_wconf 76' lang='grc' dir='ltr'>θαλάσσης</span> <span class='ocrx_word' id='word_1_6' title='bbox 753 486 1121 560; x_wconf 69' lang='grc' dir='ltr'>ἡγησάμενοι,</span> <span class='ocrx_word' id='word_1_7' title='bbox 1154 490 1294 561; x_wconf 82' lang='grc' dir='ltr'>πρὸς</span> <span class='ocrx_word' id='word_1_8' title='bbox 1346 491 1447 562; x_wconf 80' lang='grc' dir='ltr'>τὴν</span> <span class='ocrx_word' id='word_1_9' title='bbox 1497 493 1846 566; x_wconf 69' lang='grc' dir='ltr'>Χερρόνησον</span> <span class='ocrx_word' id='word_1_10' title='bbox 1893 494 2020 562; x_wconf 71' lang='grc' dir='ltr'><strong>ἀφο-</strong></span> 
     </span>
    </p>
   </div>
   <div class='ocr_carea' id='block_1_3' title="bbox 2125 483 3722 566">
    <p class='ocr_par' dir='ltr' id='par_1_3' title="bbox 2137 490 3722 564">
     <span class='ocr_line' id='line_1_3' title="bbox 2137 490 3722 564; baseline -0.003 -16"><span class='ocrx_word' id='word_1_11' title='bbox 2137 508 2263 564; x_wconf 87' lang='lat' dir='ltr'><strong>pere</strong></span> <span class='ocrx_word' id='word_1_12' title='bbox 2304 494 2581 550; x_wconf 90' lang='lat' dir='ltr'><strong>volebant.</strong></span> <span class='ocrx_word' id='word_1_13' title='bbox 2626 490 2732 550; x_wconf 88' lang='lat' dir='ltr'><strong>Sed</strong></span> <span class='ocrx_word' id='word_1_14' title='bbox 2779 493 3027 550; x_wconf 84' lang='lat' dir='ltr'><strong>Bertrani</strong></span> <span class='ocrx_word' id='word_1_15' title='bbox 3080 493 3224 548; x_wconf 82' lang='lat' dir='ltr'><strong>filius</strong></span> <span class='ocrx_word' id='word_1_16' title='bbox 3261 503 3314 549; x_wconf 89' lang='lat' dir='ltr'><strong>et</strong></span> <span class='ocrx_word' id='word_1_17' title='bbox 3345 491 3722 563; x_wconf 73' lang='lat' dir='ltr'><strong>Tripolitanus</strong></span> 
     </span>
    </p>
   </div>
   <div class='ocr_carea' id='block_1_4' title="bbox 438 576 2020 658">
    <p class='ocr_par' dir='ltr' id='par_1_4' title="bbox 438 576 2020 654">
     <span class='ocr_line' id='line_1_4' title="bbox 438 576 2020 654; baseline 0.006 -27"><span class='ocrx_word' id='word_1_18' title='bbox 438 576 575 644; x_wconf 79' lang='grc' dir='ltr'>ρῶσι</span> <span class='ocrx_word' id='word_1_19' title='bbox 610 577 699 629; x_wconf 81' lang='grc' dir='ltr'><strong>τὸν</strong></span> <span class='ocrx_word' id='word_1_20' title='bbox 722 579 1104 652; x_wconf 84' lang='grc' dir='ltr'>αὐτοκράτορα</span> <span class='ocrx_word' id='word_1_21' title='bbox 1133 582 1368 653; x_wconf 82' lang='grc' dir='ltr'>ἔχουσαν</span> <span class='ocrx_word' id='word_1_22' title='bbox 1388 623 1404 648; x_wconf 93' lang='grc'><strong><em>,</em></strong></span> <span class='ocrx_word' id='word_1_23' title='bbox 1441 585 1536 638; x_wconf 72' lang='grc' dir='ltr'>καὶ</span> <span class='ocrx_word' id='word_1_24' title='bbox 1569 585 1655 641; x_wconf 80' lang='grc' dir='ltr'><strong>τὸν</strong></span> <span class='ocrx_word' id='word_1_25' title='bbox 1701 585 2020 654; x_wconf 78' lang='grc' dir='ltr'>Ἑλλήσπον-</span> 
     </span>
    </p>
   </div>
   <div class='ocr_carea' id='block_1_5' title="bbox 2125 576 3718 658">
    <p class='ocr_par' dir='ltr' id='par_1_5' title="bbox 2136 584 3718 658">
     <span class='ocr_line' id='line_1_5' title="bbox 2136 584 3718 658; baseline -0.005 -18"><span class='ocrx_word' id='word_1_26' title='bbox 2136 587 2428 656; x_wconf 89' lang='lat' dir='ltr'><strong>episcopus</strong></span> <span class='ocrx_word' id='word_1_27' title='bbox 2477 589 2784 657; x_wconf 88' lang='lat' dir='ltr'><strong>depositum</strong></span> <span class='ocrx_word' id='word_1_28' title='bbox 2839 596 3231 658; x_wconf 70' lang='lat' dir='ltr'><strong>reprazsentare</strong></span> <span class='ocrx_word' id='word_1_29' title='bbox 3290 584 3718 637; x_wconf 70' lang='lat' dir='ltr'><strong>cunctabantur:</strong></span> 
     </span>
    </p>
   </div>
   <div class='ocr_carea' id='block_1_6' title="bbox 431 668 2020 748">
    <p class='ocr_par' dir='ltr' id='par_1_6' title="bbox 431 668 1914 748">
     <span class='ocr_line' id='line_1_6' title="bbox 431 668 1914 748; baseline 0.009 -29"><span class='ocrx_word' id='word_1_30' title='bbox 431 683 526 725; x_wconf 84' lang='grc' dir='ltr'><strong>τον</strong></span> <span class='ocrx_word' id='word_1_31' title='bbox 559 668 947 740; x_wconf 82' lang='grc' dir='ltr'>διαϐεϐηκότες</span> <span class='ocrx_word' id='word_1_32' title='bbox 981 675 1073 727; x_wconf 83' lang='grc' dir='ltr'><strong>τὸν</strong></span> <span class='ocrx_word' id='word_1_33' title='bbox 1113 675 1339 744; x_wconf 76' lang='grc' dir='ltr'><strong>βασιλέα</strong></span> <span class='ocrx_word' id='word_1_34' title='bbox 1374 679 1914 748; x_wconf 86' lang='grc' dir='ltr'>καταλαμϐάνουσιν.</span> 
     </span>
    </p>
   </div>
   <div class='ocr_carea' id='block_1_7' title="bbox 2125 668 3723 748">
    <p class='ocr_par' dir='ltr' id='par_1_7' title="bbox 2137 672 3723 740">
     <span class='ocr_line' id='line_1_7' title="bbox 2137 672 3723 740; baseline -0.003 -11"><span class='ocrx_word' id='word_1_35' title='bbox 2137 677 2467 732; x_wconf 84' lang='lat' dir='ltr'><strong>instantibus</strong></span> <span class='ocrx_word' id='word_1_36' title='bbox 2493 691 2682 734; x_wconf 76' lang='lat' dir='ltr'><strong>contra</strong></span> <span class='ocrx_word' id='word_1_37' title='bbox 2717 679 2920 733; x_wconf 79' lang='lat' dir='ltr'><strong>nostris</strong></span> <span class='ocrx_word' id='word_1_38' title='bbox 2945 719 2959 740; x_wconf 92' lang='lat'><strong>,</strong></span> <span class='ocrx_word' id='word_1_39' title='bbox 3004 686 3058 730; x_wconf 91' lang='lat' dir='ltr'><strong>et</strong></span> <span class='ocrx_word' id='word_1_40' title='bbox 3096 675 3576 733; x_wconf 80' lang='lat' dir='ltr'><strong>denuntiantibus,</strong></span> <span class='ocrx_word' id='word_1_41' title='bbox 3619 672 3723 726; x_wconf 88' lang='lat' dir='ltr'><strong>nisi</strong></span> 
     </span>
    </p>
   </div>
   <div class='ocr_carea' id='block_1_8' title="bbox 436 757 3726 842">
    <p class='ocr_par' dir='ltr' id='par_1_8' title="bbox 436 757 3726 842">
     <span class='ocr_line' id='line_1_8' title="bbox 436 757 3726 842; baseline 0.002 -32"><span class='ocrx_word' id='word_1_42' title='bbox 436 763 698 828; x_wconf 81' lang='lat' dir='ltr'><strong>pecunias</strong></span> <span class='ocrx_word' id='word_1_43' title='bbox 739 757 1128 831; x_wconf 78' lang='lat' dir='ltr'><strong>restituerent,</strong></span> <span class='ocrx_word' id='word_1_44' title='bbox 1198 766 1375 822; x_wconf 82' lang='lat' dir='ltr'><strong>olIicio</strong></span> <span class='ocrx_word' id='word_1_45' title='bbox 1455 769 1736 824; x_wconf 75' lang='lat' dir='ltr'><strong>defuturos</strong></span> <span class='ocrx_word' id='word_1_46' title='bbox 1778 769 1951 840; x_wconf 78' lang='lat' dir='ltr'><strong>jurati</strong></span> <span class='ocrx_word' id='word_1_47' title='bbox 2025 771 2269 839; x_wconf 83' lang='lat' dir='ltr'><strong>Augusto</strong></span> <span class='ocrx_word' id='word_1_48' title='bbox 2321 771 2606 839; x_wconf 87' lang='lat' dir='ltr'><strong>obsequii;</strong></span> <span class='ocrx_word' id='word_1_49' title='bbox 2666 783 2719 826; x_wconf 88' lang='lat' dir='ltr'><strong>et</strong></span> <span class='ocrx_word' id='word_1_50' title='bbox 2803 771 3105 842; x_wconf 87' lang='lat' dir='ltr'><strong>pudendam</strong></span> <span class='ocrx_word' id='word_1_51' title='bbox 3166 767 3502 822; x_wconf 89' lang='lat' dir='ltr'><strong>inlidelitatis</strong></span> <span class='ocrx_word' id='word_1_52' title='bbox 3565 764 3616 816; x_wconf 90' lang='lat' dir='ltr'><strong>in</strong></span> <span class='ocrx_word' id='word_1_53' title='bbox 3665 779 3726 818; x_wconf 89' lang='lat' dir='ltr'><strong>se</strong></span> 
     </span>
    </p>
   </div>
   <div class='ocr_carea' id='block_1_9' title="bbox 434 853 3727 943">
    <p class='ocr_par' dir='ltr' id='par_1_9' title="bbox 434 853 3727 943">
     <span class='ocr_line' id='line_1_9' title="bbox 434 853 3727 943; baseline 0.002 -38"><span class='ocrx_word' id='word_1_54' title='bbox 434 853 704 908; x_wconf 86' lang='lat' dir='ltr'><strong>maculam</strong></span> <span class='ocrx_word' id='word_1_55' title='bbox 760 869 1144 925; x_wconf 86' lang='lat' dir='ltr'><strong>suscepturos,</strong></span> <span class='ocrx_word' id='word_1_56' title='bbox 1185 860 1228 915; x_wconf 90' lang='lat' dir='ltr'><strong>si</strong></span> <span class='ocrx_word' id='word_1_57' title='bbox 1269 861 1336 914; x_wconf 87' lang='lat' dir='ltr'><strong>ab</strong></span> <span class='ocrx_word' id='word_1_58' title='bbox 1371 865 1455 916; x_wconf 83' lang='lat' dir='ltr'><strong>avi</strong></span> <span class='ocrx_word' id='word_1_59' title='bbox 1489 863 1740 933; x_wconf 78' lang='lat' dir='ltr'><strong>Snngelis</strong></span> <span class='ocrx_word' id='word_1_60' title='bbox 1774 876 1828 919; x_wconf 92' lang='lat' dir='ltr'><strong>et</strong></span> <span class='ocrx_word' id='word_1_61' title='bbox 1868 865 2114 920; x_wconf 83' lang='lat' dir='ltr'><strong>Bertrani</strong></span> <span class='ocrx_word' id='word_1_62' title='bbox 2148 867 2316 936; x_wconf 84' lang='lat' dir='ltr'><strong>patris</strong></span> <span class='ocrx_word' id='word_1_63' title='bbox 2367 867 2633 943; x_wconf 72' lang='lat' dir='ltr'><strong>exemplis</strong></span> <span class='ocrx_word' id='word_1_64' title='bbox 2680 877 2789 919; x_wconf 87' lang='lat' dir='ltr'><strong>tam</strong></span> <span class='ocrx_word' id='word_1_65' title='bbox 2835 866 3038 920; x_wconf 81' lang='lat' dir='ltr'><strong>recenti</strong></span> <span class='ocrx_word' id='word_1_66' title='bbox 3112 863 3375 918; x_wconf 85' lang='lat' dir='ltr'><strong>memoria</strong></span> <span class='ocrx_word' id='word_1_67' title='bbox 3444 862 3496 914; x_wconf 89' lang='lat' dir='ltr'><strong>in</strong></span> <span class='ocrx_word' id='word_1_68' title='bbox 3570 859 3727 913; x_wconf 74' lang='lat' dir='ltr'><strong>laude</strong></span> 
     </span>
    </p>
   </div>
   <div class='ocr_carea' id='block_1_10' title="bbox 337 943 3726 1027">
    <p class='ocr_par' dir='ltr' id='par_1_10' title="bbox 337 943 3726 1027">
     <span class='ocr_line' id='line_1_10' title="bbox 337 943 3726 1027; baseline 0.003 -32"><span class='ocrx_word' id='word_1_69' title='bbox 337 953 344 968; x_wconf 95' lang='lat'><em>&#39;</em></span> <span class='ocrx_word' id='word_1_70' title='bbox 431 945 673 999; x_wconf 90' lang='lat' dir='ltr'><strong>omnium</strong></span> <span class='ocrx_word' id='word_1_71' title='bbox 709 949 1051 1015; x_wconf 76' lang='lat' dir='ltr'><strong>vigentibus,</strong></span> <span class='ocrx_word' id='word_1_72' title='bbox 1097 959 1202 1004; x_wconf 90' lang='lat' dir='ltr'><strong>tam</strong></span> <span class='ocrx_word' id='word_1_73' title='bbox 1243 950 1386 1006; x_wconf 73' lang='lat' dir='ltr'><strong>fmde</strong></span> <span class='ocrx_word' id='word_1_74' title='bbox 1420 969 1478 1009; x_wconf 90' lang='lat' dir='ltr'><strong>se</strong></span> <span class='ocrx_word' id='word_1_75' title='bbox 1542 955 1864 1026; x_wconf 83' lang='lat' dir='ltr'><strong>degenerem</strong></span> <span class='ocrx_word' id='word_1_76' title='bbox 1941 956 2084 1011; x_wconf 88' lang='lat' dir='ltr'><strong>illius</strong></span> <span class='ocrx_word' id='word_1_77' title='bbox 2129 971 2316 1023; x_wconf 85' lang='lat' dir='ltr'><strong>nepos,</strong></span> <span class='ocrx_word' id='word_1_78' title='bbox 2364 943 2526 1026; x_wconf 76' lang='lat' dir='ltr'><strong>huius</strong></span> <span class='ocrx_word' id='word_1_79' title='bbox 2568 958 2709 1012; x_wconf 87' lang='lat' dir='ltr'><strong>filius</strong></span> <span class='ocrx_word' id='word_1_80' title='bbox 2755 959 3045 1027; x_wconf 78' lang='lat' dir='ltr'><strong>probaret,</strong></span> <span class='ocrx_word' id='word_1_81' title='bbox 3098 954 3498 1025; x_wconf 83' lang='lat' dir='ltr'><strong>vituperatione</strong></span> <span class='ocrx_word' id='word_1_82' title='bbox 3553 967 3726 1021; x_wconf 82' lang='lat' dir='ltr'><strong>usque</strong></span> 
     </span>
    </p>
   </div>
   <div class='ocr_carea' id='block_1_11' title="bbox 439 1037 3714 1117">
    <p class='ocr_par' dir='ltr' id='par_1_11' title="bbox 439 1037 3714 1117">
     <span class='ocr_line' id='line_1_11' title="bbox 439 1037 3714 1117; baseline 0.002 -29"><span class='ocrx_word' id='word_1_83' title='bbox 439 1037 508 1088; x_wconf 91' lang='lat' dir='ltr'><strong>ad</strong></span> <span class='ocrx_word' id='word_1_84' title='bbox 568 1037 945 1093; x_wconf 81' lang='lat' dir='ltr'><strong>consultorum</strong></span> <span class='ocrx_word' id='word_1_85' title='bbox 1006 1052 1392 1098; x_wconf 68' lang='lat' dir='ltr'><strong>curatorumve</strong></span> <span class='ocrx_word' id='word_1_86' title='bbox 1445 1045 1614 1114; x_wconf 89' lang='lat' dir='ltr'><strong>ipsius</strong></span> <span class='ocrx_word' id='word_1_87' title='bbox 1659 1048 1894 1100; x_wconf 83' lang='lat' dir='ltr'><strong>dedecus</strong></span> <span class='ocrx_word' id='word_1_88' title='bbox 1941 1062 2285 1116; x_wconf 81' lang='lat' dir='ltr'><strong>processura.</strong></span> <span class='ocrx_word' id='word_1_89' title='bbox 2357 1046 2471 1102; x_wconf 90' lang='lat' dir='ltr'><strong>lmo</strong></span> <span class='ocrx_word' id='word_1_90' title='bbox 2525 1058 2887 1117; x_wconf 71' lang='lat' dir='ltr'><strong>prmterquam</strong></span> <span class='ocrx_word' id='word_1_91' title='bbox 2926 1048 3300 1108; x_wconf 90' lang='lat' dir='ltr'><strong>inhonestam,</strong></span> <span class='ocrx_word' id='word_1_92' title='bbox 3363 1045 3528 1097; x_wconf 88' lang='lat' dir='ltr'><strong>etiam</strong></span> <span class='ocrx_word' id='word_1_93' title='bbox 3600 1059 3714 1096; x_wconf 89' lang='lat' dir='ltr'><strong>rem</strong></span> 
     </span>
    </p>
   </div>
   <div class='ocr_carea' id='block_1_12' title="bbox 432 1129 3728 1208">
    <p class='ocr_par' dir='ltr' id='par_1_12' title="bbox 432 1129 3728 1208">
     <span class='ocr_line' id='line_1_12' title="bbox 432 1129 3728 1208; baseline 0.001 -27"><span class='ocrx_word' id='word_1_94' title='bbox 432 1129 535 1183; x_wconf 90' lang='lat' dir='ltr'><strong>sibi</strong></span> <span class='ocrx_word' id='word_1_95' title='bbox 575 1133 794 1187; x_wconf 80' lang='lat' dir='ltr'><strong>noxiam</strong></span> <span class='ocrx_word' id='word_1_96' title='bbox 829 1133 1070 1191; x_wconf 86' lang='lat' dir='ltr'><strong>facturos</strong></span> <span class='ocrx_word' id='word_1_97' title='bbox 1103 1139 1267 1207; x_wconf 87' lang='lat' dir='ltr'><strong>ipsos.</strong></span> <span class='ocrx_word' id='word_1_98' title='bbox 1308 1136 1444 1192; x_wconf 89' lang='lat' dir='ltr'><strong>Cum</strong></span> <span class='ocrx_word' id='word_1_99' title='bbox 1475 1139 1654 1204; x_wconf 89' lang='lat' dir='ltr'><strong>enim,</strong></span> <span class='ocrx_word' id='word_1_100' title='bbox 1740 1155 1846 1208; x_wconf 88' lang='lat' dir='ltr'><strong>qua</strong></span> <span class='ocrx_word' id='word_1_101' title='bbox 1884 1141 1936 1194; x_wconf 92' lang='lat' dir='ltr'><strong>in</strong></span> <span class='ocrx_word' id='word_1_102' title='bbox 1982 1139 2180 1193; x_wconf 81' lang='lat' dir='ltr'><strong>vicinia</strong></span> <span class='ocrx_word' id='word_1_103' title='bbox 2221 1140 2386 1208; x_wconf 82' lang='lat' dir='ltr'><strong>Cypri</strong></span> <span class='ocrx_word' id='word_1_104' title='bbox 2457 1152 2633 1203; x_wconf 90' lang='lat' dir='ltr'><strong>erant,</strong></span> <span class='ocrx_word' id='word_1_105' title='bbox 2709 1155 2898 1194; x_wconf 80' lang='lat' dir='ltr'><strong>carere</strong></span> <span class='ocrx_word' id='word_1_106' title='bbox 2931 1138 3090 1191; x_wconf 85' lang='lat' dir='ltr'><strong>istius</strong></span> <span class='ocrx_word' id='word_1_107' title='bbox 3163 1136 3352 1188; x_wconf 77' lang='lat' dir='ltr'><strong>insulae</strong></span> <span class='ocrx_word' id='word_1_108' title='bbox 3395 1133 3728 1187; x_wconf 88' lang='lat' dir='ltr'><strong>commercio</strong></span> 
     </span>
    </p>
   </div>
   <div class='ocr_carea' id='block_1_13' title="bbox 430 1223 3726 1301">
    <p class='ocr_par' dir='ltr' id='par_1_13' title="bbox 430 1223 3726 1301">
     <span class='ocr_line' id='line_1_13' title="bbox 430 1223 3726 1301; baseline 0 -24"><span class='ocrx_word' id='word_1_109' title='bbox 430 1223 797 1295; x_wconf 85' lang='lat' dir='ltr'><strong>subsidiisque</strong></span> <span class='ocrx_word' id='word_1_110' title='bbox 825 1228 943 1282; x_wconf 85' lang='lat' dir='ltr'><strong>sine</strong></span> <span class='ocrx_word' id='word_1_111' title='bbox 980 1245 1076 1284; x_wconf 89' lang='lat' dir='ltr'><strong>sua</strong></span> <span class='ocrx_word' id='word_1_112' title='bbox 1111 1231 1351 1297; x_wconf 60' lang='lat' dir='ltr'><strong>pernicie</strong></span> <span class='ocrx_word' id='word_1_113' title='bbox 1409 1248 1514 1286; x_wconf 88' lang='lat' dir='ltr'><strong>non</strong></span> <span class='ocrx_word' id='word_1_114' title='bbox 1585 1245 1828 1301; x_wconf 88' lang='lat' dir='ltr'><strong>possent,</strong></span> <span class='ocrx_word' id='word_1_115' title='bbox 1895 1231 2102 1287; x_wconf 82' lang='lat' dir='ltr'><strong>eertum</strong></span> <span class='ocrx_word' id='word_1_116' title='bbox 2143 1233 2408 1288; x_wconf 88' lang='lat' dir='ltr'><strong>baberent</strong></span> <span class='ocrx_word' id='word_1_117' title='bbox 2448 1233 2584 1298; x_wconf 91' lang='lat' dir='ltr'><strong>fore,</strong></span> <span class='ocrx_word' id='word_1_118' title='bbox 2629 1233 2733 1286; x_wconf 91' lang='lat' dir='ltr'><strong>nisi</strong></span> <span class='ocrx_word' id='word_1_119' title='bbox 2783 1242 3023 1286; x_wconf 88' lang='lat' dir='ltr'><strong>actutum</strong></span> <span class='ocrx_word' id='word_1_120' title='bbox 3085 1229 3349 1295; x_wconf 82' lang='lat' dir='ltr'><strong>pecunias</strong></span> <span class='ocrx_word' id='word_1_121' title='bbox 3407 1228 3726 1291; x_wconf 78' lang='lat' dir='ltr'><strong>redderent,</strong></span> 
     </span>
    </p>
   </div>
   <div class='ocr_carea' id='block_1_14' title="bbox 433 1315 3724 1395">
    <p class='ocr_par' dir='ltr' id='par_1_14' title="bbox 433 1315 3724 1395">
     <span class='ocr_line' id='line_1_14' title="bbox 433 1315 3724 1395; baseline 0.003 -33"><span class='ocrx_word' id='word_1_122' title='bbox 433 1323 491 1364; x_wconf 91' lang='lat' dir='ltr'><strong>ut</strong></span> <span class='ocrx_word' id='word_1_123' title='bbox 529 1315 670 1367; x_wconf 88' lang='lat' dir='ltr'><strong>nulla</strong></span> <span class='ocrx_word' id='word_1_124' title='bbox 712 1319 966 1384; x_wconf 75' lang='lat' dir='ltr'><strong>deinceps</strong></span> <span class='ocrx_word' id='word_1_125' title='bbox 998 1322 1065 1372; x_wconf 90' lang='lat' dir='ltr'><strong>ab</strong></span> <span class='ocrx_word' id='word_1_126' title='bbox 1095 1321 1273 1391; x_wconf 85' lang='lat' dir='ltr'><strong>Cypro</strong></span> <span class='ocrx_word' id='word_1_127' title='bbox 1314 1323 1489 1377; x_wconf 83' lang='lat' dir='ltr'><strong>insula</strong></span> <span class='ocrx_word' id='word_1_128' title='bbox 1543 1328 1696 1394; x_wconf 90' lang='lat' dir='ltr'><strong>c0pia</strong></span> <span class='ocrx_word' id='word_1_129' title='bbox 1750 1341 1983 1379; x_wconf 71' lang='lat' dir='ltr'><strong>annona:</strong></span> <span class='ocrx_word' id='word_1_130' title='bbox 2009 1365 2024 1386; x_wconf 89' lang='lat'><strong>,</strong></span> <span class='ocrx_word' id='word_1_131' title='bbox 2069 1325 2232 1380; x_wconf 92' lang='lat' dir='ltr'><strong>nullis</strong></span> <span class='ocrx_word' id='word_1_132' title='bbox 2273 1327 2425 1381; x_wconf 91' lang='lat' dir='ltr'><strong>ducis</strong></span> <span class='ocrx_word' id='word_1_133' title='bbox 2464 1327 2582 1395; x_wconf 86' lang='lat' dir='ltr'><strong>ejus</strong></span> <span class='ocrx_word' id='word_1_134' title='bbox 2659 1326 2878 1379; x_wconf 83' lang='lat' dir='ltr'><strong>auxiliis</strong></span> <span class='ocrx_word' id='word_1_135' title='bbox 2923 1325 3286 1392; x_wconf 83' lang='lat' dir='ltr'><strong>juvarentur;</strong></span> <span class='ocrx_word' id='word_1_136' title='bbox 3371 1323 3513 1376; x_wconf 88' lang='lat' dir='ltr'><strong>unde</strong></span> <span class='ocrx_word' id='word_1_137' title='bbox 3573 1320 3724 1387; x_wconf 89' lang='lat' dir='ltr'><strong>ipsos</strong></span> 
     </span>
    </p>
   </div>
   <div class='ocr_carea' id='block_1_15' title="bbox 433 1405 3721 1488">
    <p class='ocr_par' dir='ltr' id='par_1_15' title="bbox 433 1405 3721 1488">
     <span class='ocr_line' id='line_1_15' title="bbox 433 1405 3721 1488; baseline 0.003 -28"><span class='ocrx_word' id='word_1_138' title='bbox 433 1422 662 1464; x_wconf 58' lang='lat' dir='ltr'><strong>neresse</strong></span> <span class='ocrx_word' id='word_1_139' title='bbox 717 1405 864 1466; x_wconf 78' lang='lat' dir='ltr'><strong>esset</strong></span> <span class='ocrx_word' id='word_1_140' title='bbox 911 1413 1052 1468; x_wconf 66' lang='lat' dir='ltr'><strong>fatim</strong></span> <span class='ocrx_word' id='word_1_141' title='bbox 1107 1419 1307 1484; x_wconf 75' lang='lat' dir='ltr'><strong>perite.</strong></span> <span class='ocrx_word' id='word_1_142' title='bbox 1363 1415 1522 1471; x_wconf 75' lang='lat' dir='ltr'><strong>Durae</strong></span> <span class='ocrx_word' id='word_1_143' title='bbox 1561 1421 1629 1473; x_wconf 90' lang='lat' dir='ltr'><strong>ad</strong></span> <span class='ocrx_word' id='word_1_144' title='bbox 1678 1420 1791 1475; x_wconf 59' lang='lat' dir='ltr'><strong>hate</strong></span> <span class='ocrx_word' id='word_1_145' title='bbox 1874 1424 2053 1474; x_wconf 83' lang='lat' dir='ltr'><strong>omnia</strong></span> <span class='ocrx_word' id='word_1_146' title='bbox 2133 1422 2411 1475; x_wconf 80' lang='lat' dir='ltr'><strong>Gallorum</strong></span> <span class='ocrx_word' id='word_1_147' title='bbox 2467 1430 2626 1475; x_wconf 90' lang='lat' dir='ltr'><strong>erant</strong></span> <span class='ocrx_word' id='word_1_148' title='bbox 2678 1437 2861 1476; x_wconf 88' lang='lat' dir='ltr'><strong>aures.</strong></span> <span class='ocrx_word' id='word_1_149' title='bbox 2910 1419 3078 1488; x_wconf 80' lang='lat' dir='ltr'><strong>Igitur</strong></span> <span class='ocrx_word' id='word_1_150' title='bbox 3131 1420 3328 1482; x_wconf 85' lang='lat' dir='ltr'><strong>nostri,</strong></span> <span class='ocrx_word' id='word_1_151' title='bbox 3394 1418 3483 1471; x_wconf 88' lang='lat' dir='ltr'><strong>ubi</strong></span> <span class='ocrx_word' id='word_1_152' title='bbox 3552 1426 3721 1474; x_wconf 84' lang='lat' dir='ltr'><strong>moto.</strong></span> 
     </span>
    </p>
   </div>
   <div class='ocr_carea' id='block_1_16' title="bbox 430 1504 3723 1584">
    <p class='ocr_par' dir='ltr' id='par_1_16' title="bbox 430 1504 3723 1584">
     <span class='ocr_line' id='line_1_16' title="bbox 430 1504 3723 1584; baseline 0.004 -32"><span class='ocrx_word' id='word_1_153' title='bbox 430 1504 574 1568; x_wconf 89' lang='lat' dir='ltr'><strong>quod</strong></span> <span class='ocrx_word' id='word_1_154' title='bbox 623 1505 796 1568; x_wconf 89' lang='lat' dir='ltr'><strong>aiunt,</strong></span> <span class='ocrx_word' id='word_1_155' title='bbox 859 1506 983 1560; x_wconf 74' lang='lat' dir='ltr'><strong>forte</strong></span> <span class='ocrx_word' id='word_1_156' title='bbox 1027 1509 1212 1575; x_wconf 87' lang='lat' dir='ltr'><strong>omni,</strong></span> <span class='ocrx_word' id='word_1_157' title='bbox 1269 1509 1668 1580; x_wconf 78' lang='lat' dir='ltr'><strong>blanditiasque</strong></span> <span class='ocrx_word' id='word_1_158' title='bbox 1695 1528 1800 1566; x_wconf 90' lang='lat' dir='ltr'><strong>non</strong></span> <span class='ocrx_word' id='word_1_159' title='bbox 1831 1514 2009 1567; x_wconf 67' lang='lat' dir='ltr'><strong>minus</strong></span> <span class='ocrx_word' id='word_1_160' title='bbox 2051 1512 2259 1568; x_wconf 85' lang='lat' dir='ltr'><strong>frustra</strong></span> <span class='ocrx_word' id='word_1_161' title='bbox 2297 1530 2457 1584; x_wconf 88' lang='lat' dir='ltr'><strong>quam</strong></span> <span class='ocrx_word' id='word_1_162' title='bbox 2491 1514 2666 1569; x_wconf 85' lang='lat' dir='ltr'><strong>minas</strong></span> <span class='ocrx_word' id='word_1_163' title='bbox 2695 1513 2946 1581; x_wconf 82' lang='lat' dir='ltr'><strong>experti,</strong></span> <span class='ocrx_word' id='word_1_164' title='bbox 3020 1514 3351 1580; x_wconf 81' lang='lat' dir='ltr'><strong>persuadere</strong></span> <span class='ocrx_word' id='word_1_165' title='bbox 3431 1512 3723 1578; x_wconf 85' lang='lat' dir='ltr'><strong>nequivere</strong></span> 
     </span>
    </p>
   </div>
   <div class='ocr_carea' id='block_1_17' title="bbox 430 1590 3725 1673">
    <p class='ocr_par' dir='ltr' id='par_1_17' title="bbox 430 1590 3725 1673">
     <span class='ocr_line' id='line_1_17' title="bbox 430 1590 3725 1673; baseline 0.004 -28"><span class='ocrx_word' id='word_1_166' title='bbox 430 1590 679 1645; x_wconf 84' lang='lat' dir='ltr'><strong>Bertrani</strong></span> <span class='ocrx_word' id='word_1_167' title='bbox 727 1595 836 1646; x_wconf 88' lang='lat' dir='ltr'><strong>lilio</strong></span> <span class='ocrx_word' id='word_1_168' title='bbox 880 1599 1288 1652; x_wconf 74' lang='lat' dir='ltr'><strong>curatoribUsve</strong></span> <span class='ocrx_word' id='word_1_169' title='bbox 1351 1609 1443 1656; x_wconf 85' lang='lat' dir='ltr'><strong>aut</strong></span> <span class='ocrx_word' id='word_1_170' title='bbox 1505 1601 1831 1657; x_wconf 83' lang='lat' dir='ltr'><strong>consiliariis</strong></span> <span class='ocrx_word' id='word_1_171' title='bbox 1869 1604 2058 1672; x_wconf 86' lang='lat' dir='ltr'><strong>ipsius,</strong></span> <span class='ocrx_word' id='word_1_172' title='bbox 2108 1615 2165 1658; x_wconf 91' lang='lat' dir='ltr'><strong>ut</strong></span> <span class='ocrx_word' id='word_1_173' title='bbox 2217 1617 2607 1673; x_wconf 67' lang='lat' dir='ltr'><strong>reprtesentare</strong></span> <span class='ocrx_word' id='word_1_174' title='bbox 2655 1621 2766 1659; x_wconf 90' lang='lat' dir='ltr'><strong>rem</strong></span> <span class='ocrx_word' id='word_1_175' title='bbox 2829 1607 3092 1660; x_wconf 86' lang='lat' dir='ltr'><strong>creditam</strong></span> <span class='ocrx_word' id='word_1_176' title='bbox 3143 1606 3364 1669; x_wconf 84' lang='lat' dir='ltr'><strong>vellent,</strong></span> <span class='ocrx_word' id='word_1_177' title='bbox 3399 1606 3612 1658; x_wconf 79' lang='lat' dir='ltr'><strong>tandem</strong></span> <span class='ocrx_word' id='word_1_178' title='bbox 3659 1621 3725 1659; x_wconf 91' lang='lat' dir='ltr'><strong>eo</strong></span> 
     </span>
    </p>
   </div>
   <div class='ocr_carea' id='block_1_18' title="bbox 427 1685 3728 1770">
    <p class='ocr_par' dir='ltr' id='par_1_18' title="bbox 427 1685 3728 1770">
     <span class='ocr_line' id='line_1_18' title="bbox 427 1685 3728 1770; baseline 0.006 -34"><span class='ocrx_word' id='word_1_179' title='bbox 427 1685 850 1753; x_wconf 82' lang='lat' dir='ltr'><strong>doscemlernnt,</strong></span> <span class='ocrx_word' id='word_1_180' title='bbox 878 1699 934 1742; x_wconf 90' lang='lat' dir='ltr'><strong>ut</strong></span> <span class='ocrx_word' id='word_1_181' title='bbox 966 1701 1173 1758; x_wconf 76' lang='lat' dir='ltr'><strong>partem</strong></span> <span class='ocrx_word' id='word_1_182' title='bbox 1207 1693 1464 1762; x_wconf 70' lang='lat' dir='ltr'><strong>depositae</strong></span> <span class='ocrx_word' id='word_1_183' title='bbox 1495 1697 1736 1765; x_wconf 72' lang='lat' dir='ltr'><strong>pecuniae</strong></span> <span class='ocrx_word' id='word_1_184' title='bbox 1765 1714 2012 1768; x_wconf 78' lang='lat' dir='ltr'><strong>magnam</strong></span> <span class='ocrx_word' id='word_1_185' title='bbox 2057 1697 2320 1754; x_wconf 84' lang='lat' dir='ltr'><strong>Bertrano</strong></span> <span class='ocrx_word' id='word_1_186' title='bbox 2353 1700 2420 1754; x_wconf 87' lang='lat' dir='ltr'><strong>ab</strong></span> <span class='ocrx_word' id='word_1_187' title='bbox 2451 1700 2780 1766; x_wconf 86' lang='lat' dir='ltr'><strong>imperatore</strong></span> <span class='ocrx_word' id='word_1_188' title='bbox 2813 1705 3139 1759; x_wconf 79' lang='lat' dir='ltr'><strong>destinatam</strong></span> <span class='ocrx_word' id='word_1_189' title='bbox 3176 1705 3278 1759; x_wconf 86' lang='lat' dir='ltr'><strong>sibi</strong></span> <span class='ocrx_word' id='word_1_190' title='bbox 3355 1703 3542 1770; x_wconf 86' lang='lat' dir='ltr'><strong>utique</strong></span> <span class='ocrx_word' id='word_1_191' title='bbox 3609 1716 3728 1755; x_wconf 85' lang='lat' dir='ltr'><strong>ser-</strong></span> 
     </span>
    </p>
   </div>
   <div class='ocr_carea' id='block_1_19' title="bbox 426 1777 3724 1866">
    <p class='ocr_par' dir='ltr' id='par_1_19' title="bbox 426 1777 3724 1866">
     <span class='ocr_line' id='line_1_19' title="bbox 426 1777 3724 1866; baseline 0.005 -38"><span class='ocrx_word' id='word_1_192' title='bbox 426 1787 579 1830; x_wconf 77' lang='lat' dir='ltr'><strong>varet</strong></span> <span class='ocrx_word' id='word_1_193' title='bbox 635 1777 881 1833; x_wconf 72' lang='lat' dir='ltr'><strong>Bertrani</strong></span> <span class='ocrx_word' id='word_1_194' title='bbox 937 1783 1113 1850; x_wconf 87' lang='lat' dir='ltr'><strong>Illius,</strong></span> <span class='ocrx_word' id='word_1_195' title='bbox 1170 1801 1257 1840; x_wconf 91' lang='lat' dir='ltr'><strong>mo</strong></span> <span class='ocrx_word' id='word_1_196' title='bbox 1281 1789 1330 1839; x_wconf 92' lang='lat' dir='ltr'><strong>lo</strong></span> <span class='ocrx_word' id='word_1_197' title='bbox 1385 1803 1528 1853; x_wconf 89' lang='lat' dir='ltr'><strong>eam,</strong></span> <span class='ocrx_word' id='word_1_198' title='bbox 1581 1789 1888 1856; x_wconf 61' lang='lat' dir='ltr'><strong>praestando</strong></span> <span class='ocrx_word' id='word_1_199' title='bbox 1933 1789 2160 1844; x_wconf 89' lang='lat' dir='ltr'><strong>solemni</strong></span> <span class='ocrx_word' id='word_1_200' title='bbox 2234 1791 2512 1847; x_wconf 90' lang='lat' dir='ltr'><strong>lidelitatis</strong></span> <span class='ocrx_word' id='word_1_201' title='bbox 2546 1792 2897 1862; x_wconf 85' lang='lat' dir='ltr'><strong>juramento,</strong></span> <span class='ocrx_word' id='word_1_202' title='bbox 2949 1795 3275 1866; x_wconf 78' lang='lat' dir='ltr'><strong>promereri</strong></span> <span class='ocrx_word' id='word_1_203' title='bbox 3346 1795 3412 1846; x_wconf 87' lang='lat' dir='ltr'><strong>ab</strong></span> <span class='ocrx_word' id='word_1_204' title='bbox 3486 1793 3724 1860; x_wconf 88' lang='lat' dir='ltr'><strong>impera-</strong></span> 
     </span>
    </p>
   </div>
   <div class='ocr_carea' id='block_1_20' title="bbox 427 1875 3722 1978">
    <p class='ocr_par' dir='ltr' id='par_1_20' title="bbox 427 1875 3722 1978">
     <span class='ocr_line' id='line_1_20' title="bbox 427 1875 3722 1978; baseline 0.006 -53"><span class='ocrx_word' id='word_1_205' title='bbox 427 1882 546 1978; x_wconf 75' lang='lat' dir='ltr'><strong>tore</strong></span> <span class='ocrx_word' id='word_1_206' title='bbox 582 1875 826 1944; x_wconf 66' lang='lat' dir='ltr'><strong>fgratiam</strong></span> <span class='ocrx_word' id='word_1_207' title='bbox 876 1893 1191 1952; x_wconf 84' lang='lat' dir='ltr'><strong>occuparet.</strong></span> <span class='ocrx_word' id='word_1_208' title='bbox 1242 1889 1332 1945; x_wconf 90' lang='lat' dir='ltr'><strong>Sic</strong></span> <span class='ocrx_word' id='word_1_209' title='bbox 1379 1895 1646 1961; x_wconf 86' lang='lat' dir='ltr'><strong>prolatum</strong></span> <span class='ocrx_word' id='word_1_210' title='bbox 1708 1895 2011 1963; x_wconf 75' lang='lat' dir='ltr'><strong>iinperialis</strong></span> <span class='ocrx_word' id='word_1_211' title='bbox 2051 1912 2198 1965; x_wconf 69' lang='lat' dir='ltr'><strong>gaza:</strong></span> <span class='ocrx_word' id='word_1_212' title='bbox 2232 1899 2537 1968; x_wconf 90' lang='lat' dir='ltr'><strong>depositum</strong></span> <span class='ocrx_word' id='word_1_213' title='bbox 2574 1910 2702 1964; x_wconf 86' lang='lat' dir='ltr'><strong>est;</strong></span> <span class='ocrx_word' id='word_1_214' title='bbox 2747 1916 2815 1954; x_wconf 84' lang='lat' dir='ltr'><strong>ex</strong></span> <span class='ocrx_word' id='word_1_215' title='bbox 2847 1916 2912 1955; x_wconf 89' lang='lat' dir='ltr'><strong>eo</strong></span> <span class='ocrx_word' id='word_1_216' title='bbox 2954 1909 3239 1970; x_wconf 76' lang='lat' dir='ltr'><strong>segregata</strong></span> <span class='ocrx_word' id='word_1_217' title='bbox 3312 1908 3424 1950; x_wconf 91' lang='lat' dir='ltr'><strong>tum</strong></span> <span class='ocrx_word' id='word_1_218' title='bbox 3503 1903 3722 1948; x_wconf 89' lang='lat' dir='ltr'><strong>moneta</strong></span> 
     </span>
    </p>
   </div>
   <div class='ocr_carea' id='block_1_21' title="bbox 427 1977 3724 2063">
    <p class='ocr_par' dir='ltr' id='par_1_21' title="bbox 427 1977 3724 2063">
     <span class='ocr_line' id='line_1_21' title="bbox 427 1977 3724 2063; baseline 0.008 -46"><span class='ocrx_word' id='word_1_219' title='bbox 427 1977 637 2063; x_wconf 78' lang='lat' dir='ltr'><strong>signata</strong></span> <span class='ocrx_word' id='word_1_220' title='bbox 671 1985 734 2026; x_wconf 70' lang='lat' dir='ltr'><strong>et</strong></span> <span class='ocrx_word' id='word_1_221' title='bbox 767 1988 900 2029; x_wconf 89' lang='lat' dir='ltr'><strong>auro</strong></span> <span class='ocrx_word' id='word_1_222' title='bbox 932 1985 1094 2045; x_wconf 89' lang='lat' dir='ltr'><strong>atque</strong></span> <span class='ocrx_word' id='word_1_223' title='bbox 1126 1993 1370 2050; x_wconf 80' lang='lat' dir='ltr'><strong>argento,</strong></span> <span class='ocrx_word' id='word_1_224' title='bbox 1400 1996 1510 2039; x_wconf 88' lang='lat' dir='ltr'><strong>tmn</strong></span> <span class='ocrx_word' id='word_1_225' title='bbox 1588 1987 1704 2040; x_wconf 76' lang='lat' dir='ltr'><strong>vela</strong></span> <span class='ocrx_word' id='word_1_226' title='bbox 1753 1997 2050 2057; x_wconf 84' lang='lat' dir='ltr'><strong>vestesque</strong></span> <span class='ocrx_word' id='word_1_227' title='bbox 2129 1994 2382 2061; x_wconf 86' lang='lat' dir='ltr'><strong>pretiosae</strong></span> <span class='ocrx_word' id='word_1_228' title='bbox 2432 1995 2614 2048; x_wconf 92' lang='lat' dir='ltr'><strong>omnis</strong></span> <span class='ocrx_word' id='word_1_229' title='bbox 2663 1995 2882 2062; x_wconf 81' lang='lat' dir='ltr'><strong>generis</strong></span> <span class='ocrx_word' id='word_1_230' title='bbox 2911 2035 2926 2059; x_wconf 94' lang='lat'><strong>,</strong></span> <span class='ocrx_word' id='word_1_231' title='bbox 2988 2009 3124 2063; x_wconf 91' lang='lat' dir='ltr'><strong>quas</strong></span> <span class='ocrx_word' id='word_1_232' title='bbox 3181 1995 3443 2047; x_wconf 84' lang='lat' dir='ltr'><strong>Bertrano</strong></span> <span class='ocrx_word' id='word_1_233' title='bbox 3504 1987 3724 2055; x_wconf 74' lang='lat' dir='ltr'><strong>proprie</strong></span> 
     </span>
    </p>
   </div>
   <div class='ocr_carea' id='block_1_22' title="bbox 423 2060 3723 2164">
    <p class='ocr_par' dir='ltr' id='par_1_22' title="bbox 423 2060 3723 2164">
     <span class='ocr_line' id='line_1_22' title="bbox 423 2060 3723 2164; baseline 0.008 -52"><span class='ocrx_word' id='word_1_234' title='bbox 423 2060 658 2164; x_wconf 39' lang='lat' dir='ltr'><strong>augusti</strong></span> <span class='ocrx_word' id='word_1_235' title='bbox 686 2064 1058 2164; x_wconf 72' lang='lat' dir='ltr'><strong>designatione</strong></span> <span class='ocrx_word' id='word_1_236' title='bbox 1087 2076 1371 2130; x_wconf 88' lang='lat' dir='ltr'><strong>constabat</strong></span> <span class='ocrx_word' id='word_1_237' title='bbox 1405 2079 1716 2135; x_wconf 87' lang='lat' dir='ltr'><strong>attributas.</strong></span> <span class='ocrx_word' id='word_1_238' title='bbox 1761 2081 1850 2136; x_wconf 65' lang='lat' dir='ltr'><strong>Eae</strong></span> <span class='ocrx_word' id='word_1_239' title='bbox 1921 2081 2090 2154; x_wconf 67' lang='grc'><strong>429</strong></span> <span class='ocrx_word' id='word_1_240' title='bbox 2131 2060 2277 2140; x_wconf 87' lang='lat' dir='ltr'><strong>illius</strong></span> <span class='ocrx_word' id='word_1_241' title='bbox 2313 2086 2424 2140; x_wconf 79' lang='lat' dir='ltr'><strong>lilio</strong></span> <span class='ocrx_word' id='word_1_242' title='bbox 2455 2060 2690 2152; x_wconf 40' lang='lat' dir='ltr'><strong>relictas;</strong></span> <span class='ocrx_word' id='word_1_243' title='bbox 2729 2103 2916 2140; x_wconf 88' lang='lat' dir='ltr'><strong>verum</strong></span> <span class='ocrx_word' id='word_1_244' title='bbox 2963 2060 3050 2142; x_wconf 79' lang='lat' dir='ltr'><strong>hic</strong></span> <span class='ocrx_word' id='word_1_245' title='bbox 3076 2088 3269 2141; x_wconf 89' lang='lat' dir='ltr'><strong>eodem</strong></span> <span class='ocrx_word' id='word_1_246' title='bbox 3315 2095 3560 2152; x_wconf 88' lang='lat' dir='ltr'><strong>tempore</strong></span> <span class='ocrx_word' id='word_1_247' title='bbox 3589 2085 3723 2154; x_wconf 79' lang='lat' dir='ltr'><strong>legi-</strong></span> 
     </span>
    </p>
   </div>
   <div class='ocr_carea' id='block_1_23' title="bbox 428 2157 3722 2248">
    <p class='ocr_par' dir='ltr' id='par_1_23' title="bbox 428 2157 3722 2248">
     <span class='ocr_line' id='line_1_23' title="bbox 428 2157 3722 2248; baseline 0.008 -44"><span class='ocrx_word' id='word_1_248' title='bbox 428 2157 555 2248; x_wconf 69' lang='lat' dir='ltr'><strong>tima</strong></span> <span class='ocrx_word' id='word_1_249' title='bbox 590 2157 692 2209; x_wconf 92' lang='lat' dir='ltr'><strong>rite</strong></span> <span class='ocrx_word' id='word_1_250' title='bbox 721 2157 949 2215; x_wconf 78' lang='lat' dir='ltr'><strong>formula</strong></span> <span class='ocrx_word' id='word_1_251' title='bbox 983 2164 1224 2222; x_wconf 87' lang='lat' dir='ltr'><strong>solemne</strong></span> <span class='ocrx_word' id='word_1_252' title='bbox 1249 2168 1913 2237; x_wconf 84' lang='lat' dir='ltr'><strong>ﬁdelitatisjuramentum</strong></span> <span class='ocrx_word' id='word_1_253' title='bbox 1947 2176 1998 2228; x_wconf 92' lang='lat' dir='ltr'><strong>in</strong></span> <span class='ocrx_word' id='word_1_254' title='bbox 2043 2178 2267 2246; x_wconf 85' lang='lat' dir='ltr'><strong>Augusti</strong></span> <span class='ocrx_word' id='word_1_255' title='bbox 2315 2194 2511 2232; x_wconf 89' lang='lat' dir='ltr'><strong>nomen</strong></span> <span class='ocrx_word' id='word_1_256' title='bbox 2547 2179 2716 2233; x_wconf 91' lang='lat' dir='ltr'><strong>dedit.</strong></span> <span class='ocrx_word' id='word_1_257' title='bbox 2750 2179 2990 2234; x_wconf 65' lang='lat' dir='ltr'><strong>Caeteros</strong></span> <span class='ocrx_word' id='word_1_258' title='bbox 3030 2194 3163 2248; x_wconf 76' lang='lat' dir='ltr'><strong>opes</strong></span> <span class='ocrx_word' id='word_1_259' title='bbox 3247 2177 3389 2247; x_wconf 86' lang='lat' dir='ltr'><strong>apud</strong></span> <span class='ocrx_word' id='word_1_260' title='bbox 3457 2175 3722 2244; x_wconf 87' lang='lat' dir='ltr'><strong>Tripolim</strong></span> 
     </span>
    </p>
   </div>
   <div class='ocr_carea' id='block_1_24' title="bbox 427 2244 3723 2345">
    <p class='ocr_par' dir='ltr' id='par_1_24' title="bbox 427 2244 3723 2345">
     <span class='ocr_line' id='line_1_24' title="bbox 427 2244 3723 2345; baseline 0.008 -45"><span class='ocrx_word' id='word_1_261' title='bbox 427 2244 704 2345; x_wconf 65' lang='lat' dir='ltr'><strong>dep—ositas</strong></span> <span class='ocrx_word' id='word_1_262' title='bbox 742 2255 1000 2327; x_wconf 70' lang='lat' dir='ltr'><strong>tollentes!</strong></span> <span class='ocrx_word' id='word_1_263' title='bbox 1030 2259 1189 2330; x_wconf 79' lang='lat' dir='ltr'><strong>legati</strong></span> <span class='ocrx_word' id='word_1_264' title='bbox 1237 2272 1292 2318; x_wconf 92' lang='lat' dir='ltr'><strong>et</strong></span> <span class='ocrx_word' id='word_1_265' title='bbox 1323 2266 1389 2320; x_wconf 89' lang='lat' dir='ltr'><strong>ad</strong></span> <span class='ocrx_word' id='word_1_266' title='bbox 1437 2265 1782 2323; x_wconf 86' lang='lat' dir='ltr'><strong>Eumatbium</strong></span> <span class='ocrx_word' id='word_1_267' title='bbox 1846 2271 1897 2324; x_wconf 91' lang='lat' dir='ltr'><strong>in</strong></span> <span class='ocrx_word' id='word_1_268' title='bbox 1935 2273 2168 2342; x_wconf 84' lang='lat' dir='ltr'><strong>Cyprum</strong></span> <span class='ocrx_word' id='word_1_269' title='bbox 2198 2274 2526 2340; x_wconf 88' lang='lat' dir='ltr'><strong>deferentes,</strong></span> <span class='ocrx_word' id='word_1_270' title='bbox 2566 2291 2737 2344; x_wconf 86' lang='lat' dir='ltr'><strong>equos</strong></span> <span class='ocrx_word' id='word_1_271' title='bbox 2805 2277 2872 2330; x_wconf 90' lang='lat' dir='ltr'><strong>iis</strong></span> <span class='ocrx_word' id='word_1_272' title='bbox 2939 2291 3238 2345; x_wconf 69' lang='lat' dir='ltr'><strong>generosos</strong></span> <span class='ocrx_word' id='word_1_273' title='bbox 3319 2275 3386 2328; x_wconf 88' lang='lat' dir='ltr'><strong>ab</strong></span> <span class='ocrx_word' id='word_1_274' title='bbox 3452 2272 3723 2333; x_wconf 86' lang='lat' dir='ltr'><strong>Damasco</strong></span> 
     </span>
    </p>
   </div>
   <div class='ocr_carea' id='block_1_25' title="bbox 424 2341 3720 2443">
    <p class='ocr_par' dir='ltr' id='par_1_25' title="bbox 424 2341 3720 2443">
     <span class='ocr_line' id='line_1_25' title="bbox 424 2341 3720 2443; baseline 0.009 -52"><span class='ocrx_word' id='word_1_275' title='bbox 424 2350 479 2443; x_wconf 66' lang='lat' dir='ltr'><strong>et</strong></span> <span class='ocrx_word' id='word_1_276' title='bbox 511 2341 706 2443; x_wconf 80' lang='lat' dir='ltr'><strong>Edessa</strong></span> <span class='ocrx_word' id='word_1_277' title='bbox 737 2345 960 2443; x_wconf 80' lang='lat' dir='ltr'><strong>ipsaque</strong></span> <span class='ocrx_word' id='word_1_278' title='bbox 990 2352 1189 2408; x_wconf 87' lang='lat' dir='ltr'><strong>Arabia</strong></span> <span class='ocrx_word' id='word_1_279' title='bbox 1214 2359 1438 2411; x_wconf 82' lang='lat' dir='ltr'><strong>mercati</strong></span> <span class='ocrx_word' id='word_1_280' title='bbox 1475 2369 1622 2416; x_wconf 83' lang='lat' dir='ltr'><strong>sunt.</strong></span> <span class='ocrx_word' id='word_1_281' title='bbox 1649 2359 1784 2415; x_wconf 84' lang='lat' dir='ltr'><strong>Hinc</strong></span> <span class='ocrx_word' id='word_1_282' title='bbox 1822 2363 2103 2436; x_wconf 84' lang='lat' dir='ltr'><strong>Syriacum</strong></span> <span class='ocrx_word' id='word_1_283' title='bbox 2135 2369 2356 2437; x_wconf 82' lang='lat' dir='ltr'><strong>pelagus</strong></span> <span class='ocrx_word' id='word_1_284' title='bbox 2411 2378 2465 2423; x_wconf 90' lang='lat' dir='ltr'><strong>et</strong></span> <span class='ocrx_word' id='word_1_285' title='bbox 2497 2369 2873 2440; x_wconf 88' lang='lat' dir='ltr'><strong>Pamphylimn</strong></span> <span class='ocrx_word' id='word_1_286' title='bbox 2945 2370 3126 2423; x_wconf 91' lang='lat' dir='ltr'><strong>sinum</strong></span> <span class='ocrx_word' id='word_1_287' title='bbox 3193 2366 3425 2430; x_wconf 88' lang='lat' dir='ltr'><strong>emensi,</strong></span> <span class='ocrx_word' id='word_1_288' title='bbox 3495 2368 3720 2435; x_wconf 80' lang='lat' dir='ltr'><strong>naviga-</strong></span> 
     </span>
    </p>
   </div>
   <div class='ocr_carea' id='block_1_26' title="bbox 427 2435 3724 2524">
    <p class='ocr_par' dir='ltr' id='par_1_26' title="bbox 427 2435 3724 2524">
     <span class='ocr_line' id='line_1_26' title="bbox 427 2435 3724 2524; baseline 0.008 -41"><span class='ocrx_word' id='word_1_289' title='bbox 427 2435 574 2486; x_wconf 88' lang='lat' dir='ltr'><strong>tione</strong></span> <span class='ocrx_word' id='word_1_290' title='bbox 610 2435 852 2492; x_wconf 89' lang='lat' dir='ltr'><strong>ulteriori</strong></span> <span class='ocrx_word' id='word_1_291' title='bbox 887 2451 944 2493; x_wconf 91' lang='lat' dir='ltr'><strong>ut</strong></span> <span class='ocrx_word' id='word_1_292' title='bbox 975 2454 1224 2512; x_wconf 87' lang='lat' dir='ltr'><strong>suspecta</strong></span> <span class='ocrx_word' id='word_1_293' title='bbox 1263 2447 1567 2517; x_wconf 88' lang='lat' dir='ltr'><strong>declinata,</strong></span> <span class='ocrx_word' id='word_1_294' title='bbox 1613 2452 1800 2506; x_wconf 86' lang='lat' dir='ltr'><strong>tutiori</strong></span> <span class='ocrx_word' id='word_1_295' title='bbox 1838 2456 2084 2509; x_wconf 87' lang='lat' dir='ltr'><strong>terrestri</strong></span> <span class='ocrx_word' id='word_1_296' title='bbox 2121 2435 2316 2514; x_wconf 77' lang='lat' dir='ltr'><strong>itinere</strong></span> <span class='ocrx_word' id='word_1_297' title='bbox 2378 2461 2430 2515; x_wconf 90' lang='lat' dir='ltr'><strong>in</strong></span> <span class='ocrx_word' id='word_1_298' title='bbox 2499 2435 2900 2516; x_wconf 77' lang='lat' dir='ltr'><strong>Chersonesum</strong></span> <span class='ocrx_word' id='word_1_299' title='bbox 2946 2459 3195 2524; x_wconf 87' lang='lat' dir='ltr'><strong>tendunt,</strong></span> <span class='ocrx_word' id='word_1_300' title='bbox 3255 2459 3342 2512; x_wconf 92' lang='lat' dir='ltr'><strong>ubi</strong></span> <span class='ocrx_word' id='word_1_301' title='bbox 3416 2456 3724 2511; x_wconf 72' lang='lat' dir='ltr'><strong>didicerant</strong></span> 
     </span>
    </p>
   </div>
   <div class='ocr_carea' id='block_1_27' title="bbox 426 2529 2391 2616">
    <p class='ocr_par' dir='ltr' id='par_1_27' title="bbox 426 2529 2391 2616">
     <span class='ocr_line' id='line_1_27' title="bbox 426 2529 2391 2616; baseline 0.013 -33"><span class='ocrx_word' id='word_1_302' title='bbox 426 2529 814 2598; x_wconf 81' lang='lat' dir='ltr'><strong>imperatorem</strong></span> <span class='ocrx_word' id='word_1_303' title='bbox 865 2549 1007 2599; x_wconf 90' lang='lat' dir='ltr'><strong>esse,</strong></span> <span class='ocrx_word' id='word_1_304' title='bbox 1058 2553 1122 2592; x_wconf 90' lang='lat' dir='ltr'><strong>ac</strong></span> <span class='ocrx_word' id='word_1_305' title='bbox 1167 2539 1514 2611; x_wconf 87' lang='lat' dir='ltr'><strong>Hellesponto</strong></span> <span class='ocrx_word' id='word_1_306' title='bbox 1567 2547 1800 2600; x_wconf 90' lang='lat' dir='ltr'><strong>transito</strong></span> <span class='ocrx_word' id='word_1_307' title='bbox 1843 2549 2016 2616; x_wconf 89' lang='lat' dir='ltr'><strong>ipsum</strong></span> <span class='ocrx_word' id='word_1_308' title='bbox 2060 2550 2279 2608; x_wconf 87' lang='lat' dir='ltr'><strong>adeunt.</strong></span> <span class='ocrx_word' id='word_1_309' title='bbox 2384 2532 2391 2558; x_wconf 69' lang='grc'><em>’</em></span> 
     </span>
    </p>
   </div>
   <div class='ocr_carea' id='block_1_28' title="bbox 509 2625 2020 2718">
    <p class='ocr_par' dir='ltr' id='par_1_28' title="bbox 509 2625 2018 2718">
     <span class='ocr_line' id='line_1_28' title="bbox 509 2625 2018 2718; baseline 0.013 -42"><span class='ocrx_word' id='word_1_310' title='bbox 509 2625 663 2718; x_wconf 72' lang='grc' dir='ltr'>Ἐπεὶ</span> <span class='ocrx_word' id='word_1_311' title='bbox 694 2627 802 2696; x_wconf 81' lang='grc' dir='ltr'>γὰρ</span> <span class='ocrx_word' id='word_1_312' title='bbox 836 2628 1232 2703; x_wconf 83' lang='grc' dir='ltr'>ἀλλεπάλληλοι</span> <span class='ocrx_word' id='word_1_313' title='bbox 1263 2637 1438 2706; x_wconf 81' lang='grc' dir='ltr'>τούτῳ</span> <span class='ocrx_word' id='word_1_314' title='bbox 1473 2640 1528 2691; x_wconf 79' lang='grc' dir='ltr'>αἱ</span> <span class='ocrx_word' id='word_1_315' title='bbox 1558 2642 1838 2710; x_wconf 80' lang='grc' dir='ltr'><strong>φροντίδες</strong></span> <span class='ocrx_word' id='word_1_316' title='bbox 1870 2661 2018 2712; x_wconf 81' lang='grc' dir='ltr'>νιφε-</span> 
     </span>
    </p>
   </div>
   <div class='ocr_carea' id='block_1_29' title="bbox 2125 2625 3722 2718">
    <p class='ocr_par' dir='ltr' id='par_1_29' title="bbox 2197 2646 3722 2718">
     <span class='ocr_line' id='line_1_29' title="bbox 2197 2646 3722 2718; baseline -0.001 -17"><span class='ocrx_word' id='word_1_317' title='bbox 2197 2647 2371 2703; x_wconf 87' lang='lat' dir='ltr'><strong>Causa</strong></span> <span class='ocrx_word' id='word_1_318' title='bbox 2421 2649 2720 2717; x_wconf 77' lang='lat' dir='ltr'><strong>prodeundi</strong></span> <span class='ocrx_word' id='word_1_319' title='bbox 2769 2648 3014 2718; x_wconf 79' lang='lat' dir='ltr'><strong>Angusto</strong></span> <span class='ocrx_word' id='word_1_320' title='bbox 3063 2663 3124 2702; x_wconf 74' lang='lat' dir='ltr'><strong>ex</strong></span> <span class='ocrx_word' id='word_1_321' title='bbox 3177 2648 3310 2702; x_wconf 89' lang='lat' dir='ltr'><strong>urbe</strong></span> <span class='ocrx_word' id='word_1_322' title='bbox 3364 2648 3508 2718; x_wconf 78' lang='lat' dir='ltr'><strong>regia</strong></span> <span class='ocrx_word' id='word_1_323' title='bbox 3544 2646 3722 2700; x_wconf 79' lang='lat' dir='ltr'><strong>fuerat</strong></span> 
     </span>
    </p>
   </div>
   <div class='ocr_carea' id='block_1_30' title="bbox 3589 376 3826 443">
    <p class='ocr_par' dir='ltr' id='par_1_30' title="bbox 3589 376 3826 443">
     <span class='ocr_line' id='line_1_30' title="bbox 3589 376 3826 443; baseline -0.017 0"><span class='ocrx_word' id='word_1_324' title='bbox 3589 376 3727 443; x_wconf 65' lang='grc'><strong>1054</strong></span> <span class='ocrx_word' id='word_1_325' title='bbox 3821 409 3826 419; x_wconf 69' lang='grc' dir='ltr'><strong>ι</strong></span> 
     </span>
    </p>
   </div>
   <div class='ocr_carea' id='block_1_31' title="bbox 426 2717 2020 2803">
    <p class='ocr_par' dir='ltr' id='par_1_31' title="bbox 426 2717 2020 2803">
     <span class='ocr_line' id='line_1_31' title="bbox 426 2717 2020 2803; baseline 0.013 -34"><span class='ocrx_word' id='word_1_326' title='bbox 426 2717 523 2770; x_wconf 81' lang='grc' dir='ltr'><strong>τοῦ</strong></span> <span class='ocrx_word' id='word_1_327' title='bbox 544 2717 703 2789; x_wconf 83' lang='grc' dir='ltr'>δίκην</span> <span class='ocrx_word' id='word_1_328' title='bbox 721 2721 1046 2791; x_wconf 64' lang='grc' dir='ltr'>ἐπήρχοντο,</span> <span class='ocrx_word' id='word_1_329' title='bbox 1067 2726 1172 2779; x_wconf 83' lang='grc' dir='ltr'>ἀπὸ</span> <span class='ocrx_word' id='word_1_330' title='bbox 1194 2727 1293 2796; x_wconf 82' lang='grc' dir='ltr'>μὲν</span> <span class='ocrx_word' id='word_1_331' title='bbox 1311 2729 1406 2798; x_wconf 83' lang='grc' dir='ltr'><strong>τῆς</strong></span> <span class='ocrx_word' id='word_1_332' title='bbox 1430 2731 1702 2803; x_wconf 74' lang='grc' dir='ltr'><strong>θαλάσσης</strong></span> <span class='ocrx_word' id='word_1_333' title='bbox 1725 2735 1812 2788; x_wconf 83' lang='grc' dir='ltr'><strong>διὰ</strong></span> <span class='ocrx_word' id='word_1_334' title='bbox 1833 2737 2020 2789; x_wconf 83' lang='grc' dir='ltr'>στόλου</span> 
     </span>
    </p>
   </div>
   <div class='ocr_carea' id='block_1_32' title="bbox 425 2812 2022 2896">
    <p class='ocr_par' dir='ltr' id='par_1_32' title="bbox 425 2812 2022 2896">
     <span class='ocr_line' id='line_1_32' title="bbox 425 2812 2022 2896; baseline 0.013 -34"><span class='ocrx_word' id='word_1_335' title='bbox 425 2812 904 2883; x_wconf 79' lang='grc' dir='ltr'>εὐτρεπιζομένων</span> <span class='ocrx_word' id='word_1_336' title='bbox 926 2834 1036 2870; x_wconf 90' lang='grc' dir='ltr'><strong>των</strong></span> <span class='ocrx_word' id='word_1_337' title='bbox 1060 2821 1346 2891; x_wconf 79' lang='grc' dir='ltr'>ἡγεμόνων</span> <span class='ocrx_word' id='word_1_338' title='bbox 1371 2826 1577 2896; x_wconf 73' lang='grc' dir='ltr'>Πίσσης</span> <span class='ocrx_word' id='word_1_339' title='bbox 1601 2845 1658 2879; x_wconf 86' lang='grc' dir='ltr'><strong>τε</strong></span> <span class='ocrx_word' id='word_1_340' title='bbox 1683 2830 1776 2882; x_wconf 74' lang='grc' dir='ltr'><strong>καὶ</strong></span> <span class='ocrx_word' id='word_1_341' title='bbox 1793 2829 2022 2892; x_wconf 81' lang='grc' dir='ltr'>Γενούας</span> 
     </span>
    </p>
   </div>
   <div class='ocr_carea' id='block_1_33' title="bbox 429 2904 2025 3002">
    <p class='ocr_par' dir='ltr' id='par_1_33' title="bbox 429 2904 2025 3002">
     <span class='ocr_line' id='line_1_33' title="bbox 429 2904 2025 3002; baseline 0.012 -46"><span class='ocrx_word' id='word_1_342' title='bbox 429 2904 957 3002; x_wconf 35' lang='grc' dir='ltr'>καὶᾹΛογγιϐαρδίας</span> <span class='ocrx_word' id='word_1_343' title='bbox 983 2915 1053 2966; x_wconf 74' lang='grc' dir='ltr'>τὰ</span> <span class='ocrx_word' id='word_1_344' title='bbox 1085 2915 1238 2984; x_wconf 80' lang='grc' dir='ltr'>παρὰ</span> <span class='ocrx_word' id='word_1_345' title='bbox 1268 2916 1538 2972; x_wconf 84' lang='grc' dir='ltr'>θάλατταν</span> <span class='ocrx_word' id='word_1_346' title='bbox 1567 2919 1788 3002; x_wconf 63' lang='grc' dir='ltr'>ἂπαγτα</span> <span class='ocrx_word' id='word_1_347' title='bbox 1810 2921 1854 2953; x_wconf 64' lang='grc'>³⁵</span> <span class='ocrx_word' id='word_1_348' title='bbox 1886 2921 2025 2993; x_wconf 85' lang='grc' dir='ltr'><strong>δῃώ-</strong></span> 
     </span>
    </p>
   </div>
   <div class='ocr_carea' id='block_1_34' title="bbox 427 2997 2024 3084">
    <p class='ocr_par' dir='ltr' id='par_1_34' title="bbox 427 2997 2024 3084">
     <span class='ocr_line' id='line_1_34' title="bbox 427 2997 2024 3084; baseline 0.013 -37"><span class='ocrx_word' id='word_1_349' title='bbox 427 2997 646 3063; x_wconf 83' lang='grc' dir='ltr'>σασθαι,</span> <span class='ocrx_word' id='word_1_350' title='bbox 680 2999 791 3053; x_wconf 79' lang='grc' dir='ltr'>κάκ</span> <span class='ocrx_word' id='word_1_351' title='bbox 817 3000 919 3071; x_wconf 79' lang='grc' dir='ltr'>τῆς</span> <span class='ocrx_word' id='word_1_352' title='bbox 948 3005 1181 3074; x_wconf 82' lang='grc' dir='ltr'><strong>ἠπείρου</strong></span> <span class='ocrx_word' id='word_1_353' title='bbox 1204 3003 1361 3072; x_wconf 81' lang='grc' dir='ltr'>αὖθις</span> <span class='ocrx_word' id='word_1_354' title='bbox 1379 3010 1439 3074; x_wconf 81' lang='grc' dir='ltr'>ἐξ</span> <span class='ocrx_word' id='word_1_355' title='bbox 1481 3012 1659 3082; x_wconf 82' lang='grc' dir='ltr'>Ἐᾠας</span> <span class='ocrx_word' id='word_1_356' title='bbox 1684 2997 1781 3066; x_wconf 76' lang='grc' dir='ltr'>τοῦ</span> <span class='ocrx_word' id='word_1_357' title='bbox 1812 3015 2024 3084; x_wconf 65' lang='grc' dir='ltr'>Ἀμηρα</span> 
     </span>
    </p>
   </div>
   <div class='ocr_carea' id='block_1_35' title="bbox 429 3093 2025 3174">
    <p class='ocr_par' dir='ltr' id='par_1_35' title="bbox 429 3093 2025 3174">
     <span class='ocr_line' id='line_1_35' title="bbox 429 3093 2025 3174; baseline 0.012 -34"><span class='ocrx_word' id='word_1_358' title='bbox 429 3093 628 3144; x_wconf 84' lang='grc' dir='ltr'><strong>σαῖσᾶν</strong></span> <span class='ocrx_word' id='word_1_359' title='bbox 655 3093 1177 3163; x_wconf 85' lang='grc' dir='ltr'>καταλαμϐάνοντος</span> <span class='ocrx_word' id='word_1_360' title='bbox 1212 3101 1312 3170; x_wconf 73' lang='grc' dir='ltr'>ἤδη</span> <span class='ocrx_word' id='word_1_361' title='bbox 1336 3103 1480 3155; x_wconf 80' lang='grc' dir='ltr'>κατὰ</span> <span class='ocrx_word' id='word_1_362' title='bbox 1508 3103 1608 3172; x_wconf 82' lang='grc' dir='ltr'><strong>τῆς</strong></span> <span class='ocrx_word' id='word_1_363' title='bbox 1633 3105 2025 3174; x_wconf 68' lang='grc' dir='ltr'><strong>Φιλαδελφείας</strong></span> 
     </span>
    </p>
   </div>
   <div class='ocr_carea' id='block_1_36' title="bbox 429 3184 2025 3269">
    <p class='ocr_par' dir='ltr' id='par_1_36' title="bbox 429 3184 2025 3269">
     <span class='ocr_line' id='line_1_36' title="bbox 429 3184 2025 3269; baseline 0.011 -34"><span class='ocrx_word' id='word_1_364' title='bbox 429 3185 525 3236; x_wconf 71' lang='grc' dir='ltr'><strong>καὶ</strong></span> <span class='ocrx_word' id='word_1_365' title='bbox 559 3184 667 3238; x_wconf 81' lang='grc' dir='ltr'>τῶν</span> <span class='ocrx_word' id='word_1_366' title='bbox 698 3186 982 3252; x_wconf 72' lang='grc' dir='ltr'>παραλίων</span> <span class='ocrx_word' id='word_1_367' title='bbox 1018 3191 1223 3260; x_wconf 83' lang='grc' dir='ltr'>μερῶν,</span> <span class='ocrx_word' id='word_1_368' title='bbox 1248 3192 1361 3245; x_wconf 78' lang='grc' dir='ltr'>δεῖν</span> <span class='ocrx_word' id='word_1_369' title='bbox 1389 3195 1485 3246; x_wconf 77' lang='grc' dir='ltr'>καὶ</span> <span class='ocrx_word' id='word_1_370' title='bbox 1516 3196 1680 3259; x_wconf 80' lang='grc' dir='ltr'>αὐτὸς</span> <span class='ocrx_word' id='word_1_371' title='bbox 1707 3198 2025 3269; x_wconf 67' lang='grc' dir='ltr'>ἐξεληλυθέ-</span> 
     </span>
    </p>
   </div>
   <div class='ocr_carea' id='block_1_37' title="bbox 429 3277 2022 3361">
    <p class='ocr_par' dir='ltr' id='par_1_37' title="bbox 429 3277 2022 3361">
     <span class='ocr_line' id='line_1_37' title="bbox 429 3277 2022 3361; baseline 0.012 -35"><span class='ocrx_word' id='word_1_372' title='bbox 429 3293 518 3330; x_wconf 87' lang='grc' dir='ltr'>ναι</span> <span class='ocrx_word' id='word_1_373' title='bbox 551 3277 652 3347; x_wconf 86' lang='grc' dir='ltr'>τῆς</span> <span class='ocrx_word' id='word_1_374' title='bbox 687 3278 1084 3351; x_wconf 81' lang='grc' dir='ltr'>βασιλευούσης</span> <span class='ocrx_word' id='word_1_375' title='bbox 1109 3284 1251 3353; x_wconf 75' lang='grc' dir='ltr'>ἔγνω</span> <span class='ocrx_word' id='word_1_376' title='bbox 1273 3302 1286 3316; x_wconf 71' lang='grc'>⁸</span> <span class='ocrx_word' id='word_1_377' title='bbox 1317 3289 1574 3342; x_wconf 86' lang='grc' dir='ltr'>κακείθεν</span> <span class='ocrx_word' id='word_1_378' title='bbox 1608 3291 2022 3361; x_wconf 76' lang='grc' dir='ltr'>παραγενέσθαι</span> 
     </span>
    </p>
   </div>
   <div class='ocr_carea' id='block_1_38' title="bbox 428 3363 2022 3454">
    <p class='ocr_par' dir='ltr' id='par_1_38' title="bbox 428 3363 2022 3454">
     <span class='ocr_line' id='line_1_38' title="bbox 428 3363 2022 3454; baseline 0.012 -32"><span class='ocrx_word' id='word_1_379' title='bbox 428 3363 490 3423; x_wconf 74' lang='grc' dir='ltr'>οὗ</span> <span class='ocrx_word' id='word_1_380' title='bbox 521 3373 748 3427; x_wconf 79' lang='grc' dir='ltr'>δυνατὸν</span> <span class='ocrx_word' id='word_1_381' title='bbox 790 3376 883 3428; x_wconf 76' lang='grc' dir='ltr'><strong>καὶ</strong></span> <span class='ocrx_word' id='word_1_382' title='bbox 920 3377 1040 3430; x_wconf 78' lang='grc' dir='ltr'>κατ’</span> <span class='ocrx_word' id='word_1_383' title='bbox 1075 3378 1242 3449; x_wconf 79' lang='grc' dir='ltr'>ἄμφω</span> <span class='ocrx_word' id='word_1_384' title='bbox 1272 3382 1341 3434; x_wconf 82' lang='grc' dir='ltr'><strong>τά</strong></span> <span class='ocrx_word' id='word_1_385' title='bbox 1383 3382 1523 3454; x_wconf 87' lang='grc' dir='ltr'>μέρη</span> <span class='ocrx_word' id='word_1_386' title='bbox 1571 3379 1863 3454; x_wconf 71' lang='grc' dir='ltr'>μ’άχεσθαι.</span> <span class='ocrx_word' id='word_1_387' title='bbox 1905 3388 2022 3440; x_wconf 86' lang='grc' dir='ltr'><strong>Κα-</strong></span> 
     </span>
    </p>
   </div>
   <div class='ocr_carea' id='block_1_39' title="bbox 426 3465 2024 3546">
    <p class='ocr_par' dir='ltr' id='par_1_39' title="bbox 426 3465 2024 3546">
     <span class='ocr_line' id='line_1_39' title="bbox 426 3465 2024 3546; baseline 0.01 -30"><span class='ocrx_word' id='word_1_388' title='bbox 426 3465 770 3534; x_wconf 83' lang='grc' dir='ltr'>ταλαμϐάνει</span> <span class='ocrx_word' id='word_1_389' title='bbox 806 3469 987 3539; x_wconf 78' lang='grc' dir='ltr'>τοένην</span> <span class='ocrx_word' id='word_1_390' title='bbox 1012 3471 1056 3503; x_wconf 78' lang='grc'><strong>³⁵</strong></span> <span class='ocrx_word' id='word_1_391' title='bbox 1085 3472 1182 3541; x_wconf 76' lang='grc' dir='ltr'><strong>τὴν</strong></span> <span class='ocrx_word' id='word_1_392' title='bbox 1207 3474 1576 3546; x_wconf 66' lang='grc' dir='ltr'>Χερρόνησον.</span> <span class='ocrx_word' id='word_1_393' title='bbox 1609 3471 1744 3531; x_wconf 76' lang='grc' dir='ltr'>Εἶτα</span> <span class='ocrx_word' id='word_1_394' title='bbox 1775 3479 2024 3532; x_wconf 82' lang='grc' dir='ltr'>ἁπαντα-</span> 
     </span>
    </p>
   </div>
   <div class='ocr_carea' id='block_1_40' title="bbox 429 3556 2024 3642">
    <p class='ocr_par' dir='ltr' id='par_1_40' title="bbox 429 3556 2024 3642">
     <span class='ocr_line' id='line_1_40' title="bbox 429 3556 2024 3642; baseline 0.012 -35"><span class='ocrx_word' id='word_1_395' title='bbox 429 3556 586 3630; x_wconf 62' lang='grc' dir='ltr'>χῦθεν</span> <span class='ocrx_word' id='word_1_396' title='bbox 623 3562 1142 3632; x_wconf 82' lang='grc' dir='ltr'>μετακαλεσάμενος</span> <span class='ocrx_word' id='word_1_397' title='bbox 1168 3566 1590 3637; x_wconf 64' lang='grc' dir='ltr'>τὰςιδυνάμεις,</span> <span class='ocrx_word' id='word_1_398' title='bbox 1624 3571 1733 3624; x_wconf 84' lang='grc' dir='ltr'><strong>ἀπό</strong></span> <span class='ocrx_word' id='word_1_399' title='bbox 1761 3589 1818 3623; x_wconf 89' lang='grc' dir='ltr'><strong>τε</strong></span> <span class='ocrx_word' id='word_1_400' title='bbox 1849 3571 2024 3642; x_wconf 75' lang='grc' dir='ltr'>ξηρᾶς</span> 
     </span>
    </p>
   </div>
   <div class='ocr_carea' id='block_1_41' title="bbox 432 3648 2021 3733">
    <p class='ocr_par' dir='ltr' id='par_1_41' title="bbox 432 3648 2021 3733">
     <span class='ocr_line' id='line_1_41' title="bbox 432 3648 2021 3733; baseline 0.013 -35"><span class='ocrx_word' id='word_1_401' title='bbox 432 3648 532 3700; x_wconf 73' lang='grc' dir='ltr'><strong>καὶ</strong></span> <span class='ocrx_word' id='word_1_402' title='bbox 571 3651 864 3723; x_wconf 79' lang='grc' dir='ltr'>θαλάττης,</span> <span class='ocrx_word' id='word_1_403' title='bbox 899 3656 995 3708; x_wconf 80' lang='grc' dir='ltr'><strong>καὶ</strong></span> <span class='ocrx_word' id='word_1_404' title='bbox 1030 3658 1333 3711; x_wconf 82' lang='grc' dir='ltr'>ἀποδιελὼν</span> <span class='ocrx_word' id='word_1_405' title='bbox 1363 3659 1550 3713; x_wconf 73' lang='grc' dir='ltr'>ίκανδν</span> <span class='ocrx_word' id='word_1_406' title='bbox 1581 3662 1904 3733; x_wconf 82' lang='grc' dir='ltr'>στράτευμα</span> <span class='ocrx_word' id='word_1_407' title='bbox 1936 3665 2021 3718; x_wconf 79' lang='grc' dir='ltr'>διὰ</span> 
     </span>
    </p>
   </div>
   <div class='ocr_carea' id='block_1_42' title="bbox 428 3740 2021 3828">
    <p class='ocr_par' dir='ltr' id='par_1_42' title="bbox 428 3740 2021 3828">
     <span class='ocr_line' id='line_1_42' title="bbox 428 3740 2021 3828; baseline 0.012 -36"><span class='ocrx_word' id='word_1_408' title='bbox 428 3740 525 3793; x_wconf 81' lang='grc' dir='ltr'>τοῦ</span> <span class='ocrx_word' id='word_1_409' title='bbox 551 3742 906 3814; x_wconf 79' lang='grc' dir='ltr'>Σκαμάνδρου</span> <span class='ocrx_word' id='word_1_410' title='bbox 935 3748 1130 3818; x_wconf 78' lang='grc' dir='ltr'><strong>μέχρις</strong></span> <span class='ocrx_word' id='word_1_411' title='bbox 1165 3751 1512 3823; x_wconf 82' lang='grc' dir='ltr'>Ἀτραμήτου</span> <span class='ocrx_word' id='word_1_412' title='bbox 1538 3756 1630 3808; x_wconf 81' lang='grc' dir='ltr'><strong>καὶ</strong></span> <span class='ocrx_word' id='word_1_413' title='bbox 1652 3755 1814 3809; x_wconf 81' lang='grc' dir='ltr'>αὑτοῦ</span> <span class='ocrx_word' id='word_1_414' title='bbox 1840 3757 1902 3828; x_wconf 82' lang='grc' dir='ltr'>δὴ</span> <span class='ocrx_word' id='word_1_415' title='bbox 1927 3757 2021 3812; x_wconf 81' lang='grc' dir='ltr'>τοῦ</span> 
     </span>
    </p>
   </div>
   <div class='ocr_carea' id='block_1_43' title="bbox 427 3832 2020 3920">
    <p class='ocr_par' dir='ltr' id='par_1_43' title="bbox 427 3832 2020 3920">
     <span class='ocr_line' id='line_1_43' title="bbox 427 3832 2020 3920; baseline 0.013 -36"><span class='ocrx_word' id='word_1_416' title='bbox 427 3832 740 3905; x_wconf 82' lang='grc' dir='ltr'>Θρᾳκησίου</span> <span class='ocrx_word' id='word_1_417' title='bbox 766 3838 878 3908; x_wconf 77' lang='grc'>(58)</span> <span class='ocrx_word' id='word_1_418' title='bbox 903 3843 1283 3911; x_wconf 79' lang='grc' dir='ltr'>κατατίθησιν.</span> <span class='ocrx_word' id='word_1_419' title='bbox 1313 3842 1442 3917; x_wconf 67' lang='grc' dir='ltr'><strong>Εἶχε</strong></span> <span class='ocrx_word' id='word_1_420' title='bbox 1475 3848 1574 3917; x_wconf 83' lang='grc' dir='ltr'><strong>μὲν</strong></span> <span class='ocrx_word' id='word_1_421' title='bbox 1593 3846 1687 3902; x_wconf 73' lang='grc' dir='ltr'><strong>οὖν</strong></span> <span class='ocrx_word' id='word_1_422' title='bbox 1710 3850 2020 3920; x_wconf 79' lang='grc' dir='ltr'>τηνικαῦτα</span> 
     </span>
    </p>
   </div>
   <div class='ocr_carea' id='block_1_44' title="bbox 434 3929 2019 4012">
    <p class='ocr_par' dir='ltr' id='par_1_44' title="bbox 434 3929 2019 4012">
     <span class='ocr_line' id='line_1_44' title="bbox 434 3929 2019 4012; baseline 0.012 -34"><span class='ocrx_word' id='word_1_423' title='bbox 434 3929 742 3999; x_wconf 82' lang='grc' dir='ltr'>στρατηγὸν</span> <span class='ocrx_word' id='word_1_424' title='bbox 779 3934 809 4001; x_wconf 82' lang='grc' dir='ltr'>ἡ</span> <span class='ocrx_word' id='word_1_425' title='bbox 845 3933 1205 4004; x_wconf 79' lang='grc' dir='ltr'>Φιλαδέλφεια</span> <span class='ocrx_word' id='word_1_426' title='bbox 1239 3940 1652 3995; x_wconf 79' lang='grc' dir='ltr'>Κωνσταντῖνον</span> <span class='ocrx_word' id='word_1_427' title='bbox 1682 3947 1772 3996; x_wconf 66' lang='grc' dir='ltr'><strong>τὸν</strong></span> <span class='ocrx_word' id='word_1_428' title='bbox 1800 3945 2019 4012; x_wconf 82' lang='grc' dir='ltr'>Γαϐρᾶν</span> 
     </span>
    </p>
   </div>
   <div class='ocr_carea' id='block_1_45' title="bbox 427 4019 2020 4106">
    <p class='ocr_par' dir='ltr' id='par_1_45' title="bbox 427 4019 2020 4106">
     <span class='ocr_line' id='line_1_45' title="bbox 427 4019 2020 4106; baseline 0.013 -36"><span class='ocrx_word' id='word_1_429' title='bbox 427 4023 524 4072; x_wconf 80' lang='grc' dir='ltr'><strong>καὶ</strong></span> <span class='ocrx_word' id='word_1_430' title='bbox 554 4019 682 4074; x_wconf 78' lang='grc' dir='ltr'>λαὸν</span> <span class='ocrx_word' id='word_1_431' title='bbox 708 4023 1037 4093; x_wconf 74' lang='grc' dir='ltr'>ἀποχρῶντα</span> <span class='ocrx_word' id='word_1_432' title='bbox 1079 4030 1219 4099; x_wconf 74' lang='grc' dir='ltr'>πρὸς</span> <span class='ocrx_word' id='word_1_433' title='bbox 1244 4031 1342 4102; x_wconf 83' lang='grc' dir='ltr'>τὴν</span> <span class='ocrx_word' id='word_1_434' title='bbox 1375 4033 1582 4106; x_wconf 78' lang='grc' dir='ltr'>ταύτης</span> <span class='ocrx_word' id='word_1_435' title='bbox 1608 4036 1856 4106; x_wconf 81' lang='grc' dir='ltr'>φρουράν</span> <span class='ocrx_word' id='word_1_436' title='bbox 1878 4055 1891 4070; x_wconf 77' lang='grc'><em>’</em></span> <span class='ocrx_word' id='word_1_437' title='bbox 1927 4039 2020 4091; x_wconf 73' lang='grc' dir='ltr'><strong>τὸν</strong></span> 
     </span>
    </p>
   </div>
   <div class='ocr_carea' id='block_1_46' title="bbox 423 4111 2021 4196">
    <p class='ocr_par' dir='ltr' id='par_1_46' title="bbox 423 4111 2021 4196">
     <span class='ocr_line' id='line_1_46' title="bbox 423 4111 2021 4196; baseline 0.011 -30"><span class='ocrx_word' id='word_1_438' title='bbox 423 4111 482 4166; x_wconf 77' lang='grc' dir='ltr'>δὲ</span> <span class='ocrx_word' id='word_1_439' title='bbox 518 4114 928 4187; x_wconf 50' lang='grc' dir='ltr'>μιξοϐάρϐαροι)</span> <span class='ocrx_word' id='word_1_440' title='bbox 949 4121 1301 4191; x_wconf 82' lang='grc' dir='ltr'>Μοναστρᾶν,</span> <span class='ocrx_word' id='word_1_441' title='bbox 1331 4119 1505 4196; x_wconf 78' lang='grc' dir='ltr'>οὗπερ</span> <span class='ocrx_word' id='word_1_442' title='bbox 1539 4127 1597 4179; x_wconf 85' lang='grc' dir='ltr'><strong>ἐν</strong></span> <span class='ocrx_word' id='word_1_443' title='bbox 1635 4128 1850 4192; x_wconf 82' lang='grc' dir='ltr'>πολλοῖς</span> <span class='ocrx_word' id='word_1_444' title='bbox 1876 4130 1904 4181; x_wconf 85' lang='grc' dir='ltr'>ὁ</span> <span class='ocrx_word' id='word_1_445' title='bbox 1931 4130 2021 4184; x_wconf 83' lang='grc' dir='ltr'><strong>λό-</strong></span> 
     </span>
    </p>
   </div>
   <div class='ocr_carea' id='block_1_47' title="bbox 426 4208 2020 4290">
    <p class='ocr_par' dir='ltr' id='par_1_47' title="bbox 426 4208 2020 4290">
     <span class='ocr_line' id='line_1_47' title="bbox 426 4208 2020 4290; baseline 0.012 -33"><span class='ocrx_word' id='word_1_446' title='bbox 426 4223 523 4273; x_wconf 80' lang='grc' dir='ltr'><strong>γος</strong></span> <span class='ocrx_word' id='word_1_447' title='bbox 552 4208 852 4280; x_wconf 80' lang='grc' dir='ltr'>ἐμέμνητο,</span> <span class='ocrx_word' id='word_1_448' title='bbox 883 4213 915 4280; x_wconf 78' lang='grc' dir='ltr'>ἡ</span> <span class='ocrx_word' id='word_1_449' title='bbox 949 4213 1243 4282; x_wconf 77' lang='grc' dir='ltr'>Πέργαμος</span> <span class='ocrx_word' id='word_1_450' title='bbox 1275 4217 1369 4270; x_wconf 72' lang='grc' dir='ltr'><strong>καὶ</strong></span> <span class='ocrx_word' id='word_1_451' title='bbox 1397 4219 1467 4271; x_wconf 86' lang='grc' dir='ltr'>τὰ</span> <span class='ocrx_word' id='word_1_452' title='bbox 1493 4219 1706 4290; x_wconf 73' lang='grc' dir='ltr'>Χλιαρὰ</span> <span class='ocrx_word' id='word_1_453' title='bbox 1737 4221 1805 4284; x_wconf 73' lang='grc'><strong>³³,</strong></span> <span class='ocrx_word' id='word_1_454' title='bbox 1833 4225 1925 4275; x_wconf 78' lang='grc' dir='ltr'>καὶ</span> <span class='ocrx_word' id='word_1_455' title='bbox 1954 4224 2020 4276; x_wconf 80' lang='grc' dir='ltr'>τὰ</span> 
     </span>
    </p>
   </div>
   <div class='ocr_carea' id='block_1_48' title="bbox 426 4300 2020 4383">
    <p class='ocr_par' dir='ltr' id='par_1_48' title="bbox 426 4300 2020 4383">
     <span class='ocr_line' id='line_1_48' title="bbox 426 4300 2020 4383; baseline 0.009 -30"><span class='ocrx_word' id='word_1_456' title='bbox 426 4300 638 4362; x_wconf 78' lang='grc' dir='ltr'>τούτοις</span> <span class='ocrx_word' id='word_1_457' title='bbox 656 4304 1041 4372; x_wconf 80' lang='grc' dir='ltr'>παρακείμενα</span> <span class='ocrx_word' id='word_1_458' title='bbox 1069 4306 1340 4377; x_wconf 81' lang='grc' dir='ltr'>πολίχνια,</span> <span class='ocrx_word' id='word_1_459' title='bbox 1370 4311 1465 4363; x_wconf 75' lang='grc' dir='ltr'><strong>καὶ</strong></span> <span class='ocrx_word' id='word_1_460' title='bbox 1490 4312 1548 4363; x_wconf 75' lang='lat' dir='ltr'><strong>at!</strong></span> <span class='ocrx_word' id='word_1_461' title='bbox 1569 4316 1721 4383; x_wconf 81' lang='grc' dir='ltr'>παρὰ</span> <span class='ocrx_word' id='word_1_462' title='bbox 1748 4313 2020 4367; x_wconf 88' lang='grc' dir='ltr'>θάλατταν</span> 
     </span>
    </p>
   </div>
   <div class='ocr_carea' id='block_1_49' title="bbox 427 4390 2018 4476">
    <p class='ocr_par' dir='ltr' id='par_1_49' title="bbox 427 4390 2018 4476">
     <span class='ocr_line' id='line_1_49' title="bbox 427 4390 2018 4476; baseline 0.009 -35"><span class='ocrx_word' id='word_1_463' title='bbox 427 4390 615 4461; x_wconf 74' lang='grc' dir='ltr'>ἕτεραι</span> <span class='ocrx_word' id='word_1_464' title='bbox 653 4395 859 4459; x_wconf 82' lang='grc' dir='ltr'>πόλεις,</span> <span class='ocrx_word' id='word_1_465' title='bbox 897 4395 1092 4459; x_wconf 81' lang='grc' dir='ltr'>ἄλλους</span> <span class='ocrx_word' id='word_1_466' title='bbox 1133 4398 1299 4470; x_wconf 76' lang='grc' dir='ltr'>πείρᾳ.</span> <span class='ocrx_word' id='word_1_467' title='bbox 1334 4405 1680 4472; x_wconf 83' lang='grc' dir='ltr'>στρατηγικῇ</span> <span class='ocrx_word' id='word_1_468' title='bbox 1714 4405 1809 4456; x_wconf 73' lang='grc' dir='ltr'><strong>καὶ</strong></span> <span class='ocrx_word' id='word_1_469' title='bbox 1843 4403 2018 4476; x_wconf 82' lang='grc' dir='ltr'>τόλμῃ</span> 
     </span>
    </p>
   </div>
   <div class='ocr_carea' id='block_1_50' title="bbox 428 4483 2021 4565">
    <p class='ocr_par' dir='ltr' id='par_1_50' title="bbox 428 4483 2021 4565">
     <span class='ocr_line' id='line_1_50' title="bbox 428 4483 2021 4565; baseline 0.011 -31"><span class='ocrx_word' id='word_1_470' title='bbox 428 4483 806 4554; x_wconf 70' lang='grc' dir='ltr'>διαφέροντας.</span> <span class='ocrx_word' id='word_1_471' title='bbox 836 4487 1043 4559; x_wconf 81' lang='grc' dir='ltr'>Πολλὴν</span> <span class='ocrx_word' id='word_1_472' title='bbox 1063 4490 1233 4561; x_wconf 82' lang='grc' dir='ltr'>δὲτὴν</span> <span class='ocrx_word' id='word_1_473' title='bbox 1255 4491 1392 4558; x_wconf 72' lang='grc' dir='ltr'>πρὸς</span> <span class='ocrx_word' id='word_1_474' title='bbox 1416 4493 1617 4557; x_wconf 79' lang='grc' dir='ltr'>αὐτοὺς</span> <span class='ocrx_word' id='word_1_475' title='bbox 1640 4495 2021 4565; x_wconf 81' lang='grc' dir='ltr'>παραγγελίαν</span> 
     </span>
    </p>
   </div>
   <div class='ocr_carea' id='block_1_51' title="bbox 428 4578 2021 4656">
    <p class='ocr_par' dir='ltr' id='par_1_51' title="bbox 428 4578 2021 4656">
     <span class='ocr_line' id='line_1_51' title="bbox 428 4578 2021 4656; baseline 0.009 -27"><span class='ocrx_word' id='word_1_476' title='bbox 428 4578 458 4629; x_wconf 80' lang='grc' dir='ltr'><strong>ὁ</strong></span> <span class='ocrx_word' id='word_1_477' title='bbox 483 4579 846 4653; x_wconf 75' lang='grc' dir='ltr'>αὐτοκράτωρ</span> <span class='ocrx_word' id='word_1_478' title='bbox 873 4583 1174 4654; x_wconf 83' lang='grc' dir='ltr'>ἐποιήσατο</span> <span class='ocrx_word' id='word_1_479' title='bbox 1197 4585 1565 4656; x_wconf 81' lang='grc' dir='ltr'>ἐγρηγορέναι</span> <span class='ocrx_word' id='word_1_480' title='bbox 1584 4588 1902 4653; x_wconf 84' lang='grc' dir='ltr'>διαπαντὸς,</span> <span class='ocrx_word' id='word_1_481' title='bbox 1925 4592 2021 4645; x_wconf 81' lang='grc' dir='ltr'>καὶ</span> 
     </span>
    </p>
   </div>
   <div class='ocr_carea' id='block_1_52' title="bbox 427 4675 2017 4755">
    <p class='ocr_par' dir='ltr' id='par_1_52' title="bbox 427 4675 2017 4755">
     <span class='ocr_line' id='line_1_52' title="bbox 427 4675 2017 4755; baseline 0.009 -34"><span class='ocrx_word' id='word_1_482' title='bbox 427 4675 667 4736; x_wconf 87' lang='grc' dir='ltr'>σκοποὺς</span> <span class='ocrx_word' id='word_1_483' title='bbox 701 4675 1039 4746; x_wconf 81' lang='grc' dir='ltr'>πανταχὸθεν</span> <span class='ocrx_word' id='word_1_484' title='bbox 1079 4677 1391 4747; x_wconf 77' lang='grc' dir='ltr'>ἐκπέμπειν</span> <span class='ocrx_word' id='word_1_485' title='bbox 1431 4681 1560 4744; x_wconf 79' lang='grc' dir='ltr'>τοὺς</span> <span class='ocrx_word' id='word_1_486' title='bbox 1591 4680 1693 4744; x_wconf 86' lang='grc' dir='ltr'>τὰς</span> <span class='ocrx_word' id='word_1_487' title='bbox 1727 4682 1838 4735; x_wconf 84' lang='grc' dir='ltr'>τῶν</span> <span class='ocrx_word' id='word_1_488' title='bbox 1874 4681 2017 4755; x_wconf 87' lang='grc' dir='ltr'>Βαρ-</span> 
     </span>
    </p>
   </div>
   <div class='ocr_carea' id='block_1_53' title="bbox 425 4764 2021 4842">
    <p class='ocr_par' dir='ltr' id='par_1_53' title="bbox 425 4764 2021 4842">
     <span class='ocr_line' id='line_1_53' title="bbox 425 4764 2021 4842; baseline 0.011 -27"><span class='ocrx_word' id='word_1_489' title='bbox 425 4764 614 4835; x_wconf 80' lang='grc' dir='ltr'>ϐάρων</span> <span class='ocrx_word' id='word_1_490' title='bbox 651 4767 1055 4837; x_wconf 77' lang='grc' dir='ltr'>ἐπιτηροῦντας</span> <span class='ocrx_word' id='word_1_491' title='bbox 1089 4770 1416 4840; x_wconf 75' lang='grc' dir='ltr'>διεκδρομάς</span> <span class='ocrx_word' id='word_1_492' title='bbox 1451 4773 1544 4825; x_wconf 79' lang='grc' dir='ltr'><strong>καὶ</strong></span> <span class='ocrx_word' id='word_1_493' title='bbox 1571 4774 2021 4842; x_wconf 79' lang='grc' dir='ltr'>ἀπαγγέλλοντας</span> 
     </span>
    </p>
   </div>
   <div class='ocr_carea' id='block_1_54' title="bbox 425 4856 2021 4938">
    <p class='ocr_par' dir='ltr' id='par_1_54' title="bbox 425 4856 2021 4938">
     <span class='ocr_line' id='line_1_54' title="bbox 425 4856 2021 4938; baseline 0.011 -30"><span class='ocrx_word' id='word_1_494' title='bbox 425 4856 610 4920; x_wconf 76' lang='grc' dir='ltr'>αὐτοῖς</span> <span class='ocrx_word' id='word_1_495' title='bbox 644 4857 766 4910; x_wconf 87' lang='grc' dir='ltr'>καθ’</span> <span class='ocrx_word' id='word_1_496' title='bbox 790 4858 959 4930; x_wconf 83' lang='grc' dir='ltr'>ὥραν.</span> <span class='ocrx_word' id='word_1_497' title='bbox 993 4861 1152 4915; x_wconf 79' lang='grc' dir='ltr'>Οὕτω</span> <span class='ocrx_word' id='word_1_498' title='bbox 1178 4862 1276 4932; x_wconf 81' lang='grc' dir='ltr'><strong>μὲν</strong></span> <span class='ocrx_word' id='word_1_499' title='bbox 1303 4861 1394 4916; x_wconf 80' lang='grc' dir='ltr'><strong>οὖν</strong></span> <span class='ocrx_word' id='word_1_500' title='bbox 1423 4865 1495 4917; x_wconf 84' lang='grc' dir='ltr'>τὰ</span> <span class='ocrx_word' id='word_1_501' title='bbox 1524 4869 1668 4920; x_wconf 80' lang='grc' dir='ltr'>κατὰ</span> <span class='ocrx_word' id='word_1_502' title='bbox 1697 4867 1795 4938; x_wconf 79' lang='grc' dir='ltr'>τὴν</span> <span class='ocrx_word' id='word_1_503' title='bbox 1833 4869 2021 4926; x_wconf 82' lang='grc' dir='ltr'>Ἀσίαν</span> 
     </span>
    </p>
   </div>
   <div class='ocr_carea' id='block_1_55' title="bbox 427 4951 2020 5035">
    <p class='ocr_par' dir='ltr' id='par_1_55' title="bbox 427 4951 2020 5035">
     <span class='ocr_line' id='line_1_55' title="bbox 427 4951 2020 5035; baseline 0.011 -33"><span class='ocrx_word' id='word_1_504' title='bbox 427 4951 872 5021; x_wconf 77' lang='grc' dir='ltr'>ἀσφαλισάμενος</span> <span class='ocrx_word' id='word_1_505' title='bbox 897 4953 1032 5024; x_wconf 76' lang='grc' dir='ltr'>πρὸς</span> <span class='ocrx_word' id='word_1_506' title='bbox 1054 4957 1179 5018; x_wconf 75' lang='grc' dir='ltr'>τοὺς</span> <span class='ocrx_word' id='word_1_507' title='bbox 1206 4958 1526 5022; x_wconf 81' lang='grc' dir='ltr'>θαλαττίους</span> <span class='ocrx_word' id='word_1_508' title='bbox 1544 4962 1726 5015; x_wconf 84' lang='grc' dir='ltr'>ἐπεῖδε</span> <span class='ocrx_word' id='word_1_509' title='bbox 1747 4964 2020 5035; x_wconf 78' lang='grc' dir='ltr'>πολέμους</span> 
     </span>
    </p>
   </div>
   <div class='ocr_carea' id='block_1_56' title="bbox 426 5046 2019 5128">
    <p class='ocr_par' dir='ltr' id='par_1_56' title="bbox 426 5046 2019 5128">
     <span class='ocr_line' id='line_1_56' title="bbox 426 5046 2019 5128; baseline 0.012 -35"><span class='ocrx_word' id='word_1_510' title='bbox 426 5046 538 5106; x_wconf 72' lang='grc' dir='ltr'>τοῖς</span> <span class='ocrx_word' id='word_1_511' title='bbox 589 5049 866 5111; x_wconf 83' lang='grc' dir='ltr'>ναυτικοῖς</span> <span class='ocrx_word' id='word_1_512' title='bbox 899 5048 1303 5117; x_wconf 80' lang='grc' dir='ltr'>ἐντειλάμενος,</span> <span class='ocrx_word' id='word_1_513' title='bbox 1352 5053 1483 5116; x_wconf 84' lang='grc' dir='ltr'>τοὺς</span> <span class='ocrx_word' id='word_1_514' title='bbox 1537 5053 1638 5123; x_wconf 83' lang='grc' dir='ltr'>μὲν</span> <span class='ocrx_word' id='word_1_515' title='bbox 1671 5059 1785 5120; x_wconf 85' lang='grc' dir='ltr'>τοῖς</span> <span class='ocrx_word' id='word_1_516' title='bbox 1835 5058 2019 5128; x_wconf 83' lang='grc' dir='ltr'>λιμέσι</span> 
     </span>
    </p>
   </div>
   <div class='ocr_carea' id='block_1_57' title="bbox 427 5133 2018 5214">
    <p class='ocr_par' dir='ltr' id='par_1_57' title="bbox 427 5133 2018 5214">
     <span class='ocr_line' id='line_1_57' title="bbox 427 5133 2018 5214; baseline 0.011 -28"><span class='ocrx_word' id='word_1_517' title='bbox 427 5133 682 5189; x_wconf 63' lang='grc' dir='ltr'>Μαδύτου</span> <span class='ocrx_word' id='word_1_518' title='bbox 730 5138 842 5207; x_wconf 78' lang='lat'><strong>(59)</strong></span> <span class='ocrx_word' id='word_1_519' title='bbox 899 5141 993 5192; x_wconf 71' lang='grc' dir='ltr'>καὶ</span> <span class='ocrx_word' id='word_1_520' title='bbox 1051 5141 1264 5196; x_wconf 84' lang='grc' dir='ltr'>Κοίλων</span> <span class='ocrx_word' id='word_1_521' title='bbox 1316 5144 1716 5214; x_wconf 85' lang='grc' dir='ltr'>προσορμίσαι,</span> <span class='ocrx_word' id='word_1_522' title='bbox 1772 5149 1869 5201; x_wconf 72' lang='grc' dir='ltr'>καὶ</span> <span class='ocrx_word' id='word_1_523' title='bbox 1925 5151 2018 5203; x_wconf 75' lang='grc' dir='ltr'><strong>τὸν</strong></span> 
     </span>
    </p>
   </div>
   <div class='ocr_carea' id='block_1_58' title="bbox 2130 2741 3718 2811">
    <p class='ocr_par' dir='ltr' id='par_1_58' title="bbox 2130 2741 3718 2811">
     <span class='ocr_line' id='line_1_58' title="bbox 2130 2741 3718 2811; baseline -0.003 -17"><span class='ocrx_word' id='word_1_524' title='bbox 2130 2741 2430 2810; x_wconf 85' lang='lat' dir='ltr'><strong>periculum</strong></span> <span class='ocrx_word' id='word_1_525' title='bbox 2475 2742 2717 2810; x_wconf 89' lang='lat' dir='ltr'><strong>undique</strong></span> <span class='ocrx_word' id='word_1_526' title='bbox 2753 2743 2944 2811; x_wconf 83' lang='lat' dir='ltr'><strong>ingens</strong></span> <span class='ocrx_word' id='word_1_527' title='bbox 2988 2741 3250 2795; x_wconf 75' lang='lat' dir='ltr'><strong>Romana:</strong></span> <span class='ocrx_word' id='word_1_528' title='bbox 3283 2742 3383 2795; x_wconf 88' lang='lat' dir='ltr'><strong>rei.</strong></span> <span class='ocrx_word' id='word_1_529' title='bbox 3438 2741 3718 2809; x_wconf 79' lang='lat' dir='ltr'><strong>Siquidem</strong></span> 
     </span>
    </p>
   </div>
   <div class='ocr_carea' id='block_1_59' title="bbox 2127 2834 3722 2891">
    <p class='ocr_par' dir='ltr' id='par_1_59' title="bbox 2127 2834 3722 2891">
     <span class='ocr_line' id='line_1_59' title="bbox 2127 2834 3722 2891; baseline -0.001 -3"><span class='ocrx_word' id='word_1_530' title='bbox 2127 2835 2294 2890; x_wconf 87' lang='lat' dir='ltr'><strong>certis</strong></span> <span class='ocrx_word' id='word_1_531' title='bbox 2342 2835 2408 2890; x_wconf 89' lang='lat' dir='ltr'><strong>ab</strong></span> <span class='ocrx_word' id='word_1_532' title='bbox 2455 2834 2755 2891; x_wconf 84' lang='lat' dir='ltr'><strong>Occidente</strong></span> <span class='ocrx_word' id='word_1_533' title='bbox 2811 2837 3016 2890; x_wconf 88' lang='lat' dir='ltr'><strong>nuntiis</strong></span> <span class='ocrx_word' id='word_1_534' title='bbox 3050 2835 3325 2889; x_wconf 84' lang='lat' dir='ltr'><strong>ferebatur</strong></span> <span class='ocrx_word' id='word_1_535' title='bbox 3377 2836 3610 2890; x_wconf 88' lang='lat' dir='ltr'><strong>Pisanos</strong></span> <span class='ocrx_word' id='word_1_536' title='bbox 3659 2849 3722 2887; x_wconf 91' lang='lat' dir='ltr'><strong>ac</strong></span> 
     </span>
    </p>
   </div>
   <div class='ocr_carea' id='block_1_60' title="bbox 2128 2930 3724 3001">
    <p class='ocr_par' dir='ltr' id='par_1_60' title="bbox 2128 2930 3724 3001">
     <span class='ocr_line' id='line_1_60' title="bbox 2128 2930 3724 3001; baseline -0.002 -16"><span class='ocrx_word' id='word_1_537' title='bbox 2128 2930 2447 2986; x_wconf 86' lang='lat' dir='ltr'><strong>Genuenses</strong></span> <span class='ocrx_word' id='word_1_538' title='bbox 2484 2941 2821 3000; x_wconf 65' lang='lat' dir='ltr'><strong>caeterosque</strong></span> <span class='ocrx_word' id='word_1_539' title='bbox 2850 2931 3126 3001; x_wconf 74' lang='lat' dir='ltr'><strong>principes</strong></span> <span class='ocrx_word' id='word_1_540' title='bbox 3154 2931 3326 2984; x_wconf 71' lang='lat' dir='ltr'><strong>italia:</strong></span> <span class='ocrx_word' id='word_1_541' title='bbox 3365 2946 3575 2984; x_wconf 91' lang='lat' dir='ltr'><strong>summa</strong></span> <span class='ocrx_word' id='word_1_542' title='bbox 3621 2944 3724 2997; x_wconf 88' lang='lat' dir='ltr'><strong>ope</strong></span> 
     </span>
    </p>
   </div>
   <div class='ocr_carea' id='block_1_61' title="bbox 2128 3021 3724 3095">
    <p class='ocr_par' dir='ltr' id='par_1_61' title="bbox 2128 3021 3724 3095">
     <span class='ocr_line' id='line_1_61' title="bbox 2128 3021 3724 3095; baseline -0.004 -17"><span class='ocrx_word' id='word_1_543' title='bbox 2128 3025 2332 3081; x_wconf 85' lang='lat' dir='ltr'><strong>classes</strong></span> <span class='ocrx_word' id='word_1_544' title='bbox 2371 3040 2570 3094; x_wconf 90' lang='lat' dir='ltr'><strong>parare</strong></span> <span class='ocrx_word' id='word_1_545' title='bbox 2602 3026 2810 3080; x_wconf 86' lang='lat' dir='ltr'><strong>validas</strong></span> <span class='ocrx_word' id='word_1_546' title='bbox 2833 3025 3034 3095; x_wconf 84' lang='lat' dir='ltr'><strong>quibus</strong></span> <span class='ocrx_word' id='word_1_547' title='bbox 3075 3025 3325 3092; x_wconf 81' lang='lat' dir='ltr'><strong>regiones</strong></span> <span class='ocrx_word' id='word_1_548' title='bbox 3361 3037 3551 3076; x_wconf 90' lang='lat' dir='ltr'><strong>omnes</strong></span> <span class='ocrx_word' id='word_1_549' title='bbox 3580 3021 3724 3075; x_wconf 64' lang='lat' dir='ltr'><strong>limi-</strong></span> 
     </span>
    </p>
   </div>
   <div class='ocr_carea' id='block_1_62' title="bbox 2129 3115 3722 3185">
    <p class='ocr_par' dir='ltr' id='par_1_62' title="bbox 2129 3115 3722 3185">
     <span class='ocr_line' id='line_1_62' title="bbox 2129 3115 3722 3185; baseline -0.003 -15"><span class='ocrx_word' id='word_1_550' title='bbox 2129 3118 2200 3171; x_wconf 89' lang='lat' dir='ltr'><strong>tis</strong></span> <span class='ocrx_word' id='word_1_551' title='bbox 2231 3119 2440 3173; x_wconf 85' lang='lat' dir='ltr'><strong>occidui</strong></span> <span class='ocrx_word' id='word_1_552' title='bbox 2471 3119 2770 3172; x_wconf 89' lang='lat' dir='ltr'><strong>maritimas</strong></span> <span class='ocrx_word' id='word_1_553' title='bbox 2800 3117 3045 3185; x_wconf 79' lang='lat' dir='ltr'><strong>piraticis</strong></span> <span class='ocrx_word' id='word_1_554' title='bbox 3074 3115 3483 3171; x_wconf 89' lang='lat' dir='ltr'><strong>incursionibus</strong></span> <span class='ocrx_word' id='word_1_555' title='bbox 3525 3124 3580 3168; x_wconf 92' lang='lat' dir='ltr'><strong>et</strong></span> <span class='ocrx_word' id='word_1_556' title='bbox 3621 3129 3722 3168; x_wconf 57' lang='lat' dir='ltr'><strong>ex-</strong></span> 
     </span>
    </p>
   </div>
   <div class='ocr_carea' id='block_1_63' title="bbox 2127 3209 3720 3265">
    <p class='ocr_par' dir='ltr' id='par_1_63' title="bbox 2127 3209 3720 3265">
     <span class='ocr_line' id='line_1_63' title="bbox 2127 3209 3720 3265; baseline -0.003 -2"><span class='ocrx_word' id='word_1_557' title='bbox 2127 3210 2506 3265; x_wconf 89' lang='lat' dir='ltr'><strong>scensionibus</strong></span> <span class='ocrx_word' id='word_1_558' title='bbox 2541 3211 2593 3263; x_wconf 90' lang='lat' dir='ltr'><strong>in</strong></span> <span class='ocrx_word' id='word_1_559' title='bbox 2635 3219 2807 3264; x_wconf 92' lang='lat' dir='ltr'><strong>tutum</strong></span> <span class='ocrx_word' id='word_1_560' title='bbox 2848 3209 3042 3263; x_wconf 89' lang='lat' dir='ltr'><strong>subitis</strong></span> <span class='ocrx_word' id='word_1_561' title='bbox 3070 3209 3332 3262; x_wconf 81' lang='lat' dir='ltr'><strong>va-staturi</strong></span> <span class='ocrx_word' id='word_1_562' title='bbox 3369 3223 3491 3260; x_wconf 79' lang='lat' dir='ltr'><strong>mox</strong></span> <span class='ocrx_word' id='word_1_563' title='bbox 3517 3217 3720 3265; x_wconf 91' lang='lat' dir='ltr'><strong>essent.</strong></span> 
     </span>
    </p>
   </div>
   <div class='ocr_carea' id='block_1_64' title="bbox 2126 3299 3720 3357">
    <p class='ocr_par' dir='ltr' id='par_1_64' title="bbox 2126 3299 3720 3357">
     <span class='ocr_line' id='line_1_64' title="bbox 2126 3299 3720 3357; baseline -0.003 -3"><span class='ocrx_word' id='word_1_564' title='bbox 2126 3303 2427 3357; x_wconf 80' lang='lat' dir='ltr'><strong>Constabat</strong></span> <span class='ocrx_word' id='word_1_565' title='bbox 2462 3303 2678 3357; x_wconf 84' lang='lat' dir='ltr'><strong>aliunde</strong></span> <span class='ocrx_word' id='word_1_566' title='bbox 2701 3303 2900 3357; x_wconf 92' lang='lat' dir='ltr'><strong>bellum</strong></span> <span class='ocrx_word' id='word_1_567' title='bbox 2928 3301 2995 3355; x_wconf 87' lang='lat' dir='ltr'><strong>ab</strong></span> <span class='ocrx_word' id='word_1_568' title='bbox 3023 3299 3251 3355; x_wconf 84' lang='lat' dir='ltr'><strong>Oriente</strong></span> <span class='ocrx_word' id='word_1_569' title='bbox 3281 3302 3492 3355; x_wconf 89' lang='lat' dir='ltr'><strong>instare</strong></span> <span class='ocrx_word' id='word_1_570' title='bbox 3521 3299 3720 3352; x_wconf 87' lang='lat' dir='ltr'><strong>barba-</strong></span> 
     </span>
    </p>
   </div>
   <div class='ocr_carea' id='block_1_65' title="bbox 2128 3392 3722 3461">
    <p class='ocr_par' dir='ltr' id='par_1_65' title="bbox 2128 3392 3722 3461">
     <span class='ocr_line' id='line_1_65' title="bbox 2128 3392 3722 3461; baseline -0.003 -13"><span class='ocrx_word' id='word_1_571' title='bbox 2128 3395 2298 3448; x_wconf 90' lang='lat' dir='ltr'><strong>ricum</strong></span> <span class='ocrx_word' id='word_1_572' title='bbox 2358 3392 2778 3448; x_wconf 81' lang='lat' dir='ltr'><strong>formidolosum</strong></span> <span class='ocrx_word' id='word_1_573' title='bbox 2840 3405 3006 3461; x_wconf 87' lang='lat' dir='ltr'><strong>atque</strong></span> <span class='ocrx_word' id='word_1_574' title='bbox 3065 3401 3272 3457; x_wconf 81' lang='lat' dir='ltr'><strong>atrox;</strong></span> <span class='ocrx_word' id='word_1_575' title='bbox 3329 3393 3464 3446; x_wconf 90' lang='lat' dir='ltr'><strong>duce</strong></span> <span class='ocrx_word' id='word_1_576' title='bbox 3535 3405 3722 3444; x_wconf 87' lang='lat' dir='ltr'><strong>amere</strong></span> 
     </span>
    </p>
   </div>
   <div class='ocr_carea' id='block_1_66' title="bbox 2125 3483 3718 3554">
    <p class='ocr_par' dir='ltr' id='par_1_66' title="bbox 2125 3483 3718 3554">
     <span class='ocr_line' id='line_1_66' title="bbox 2125 3483 3718 3554; baseline -0.005 -12"><span class='ocrx_word' id='word_1_577' title='bbox 2125 3486 2292 3542; x_wconf 88' lang='lat' dir='ltr'><strong>Saine</strong></span> <span class='ocrx_word' id='word_1_578' title='bbox 2325 3486 2378 3537; x_wconf 92' lang='lat' dir='ltr'><strong>in</strong></span> <span class='ocrx_word' id='word_1_579' title='bbox 2412 3485 2813 3553; x_wconf 83' lang='lat' dir='ltr'><strong>expeditionem</strong></span> <span class='ocrx_word' id='word_1_580' title='bbox 2846 3483 2957 3550; x_wconf 85' lang='lat' dir='ltr'><strong>jam</strong></span> <span class='ocrx_word' id='word_1_581' title='bbox 2981 3497 3296 3554; x_wconf 80' lang='lat' dir='ltr'><strong>progresso,</strong></span> <span class='ocrx_word' id='word_1_582' title='bbox 3328 3497 3391 3535; x_wconf 88' lang='lat' dir='ltr'><strong>ac</strong></span> <span class='ocrx_word' id='word_1_583' title='bbox 3415 3492 3561 3535; x_wconf 90' lang='lat' dir='ltr'><strong>recta</strong></span> <span class='ocrx_word' id='word_1_584' title='bbox 3595 3495 3718 3534; x_wconf 76' lang='grc' dir='ltr'>ιιιοφ</span> 
     </span>
    </p>
   </div>
   <div class='ocr_carea' id='block_1_67' title="bbox 2125 3572 3721 3644">
    <p class='ocr_par' dir='ltr' id='par_1_67' title="bbox 2125 3572 3721 3644">
     <span class='ocr_line' id='line_1_67' title="bbox 2125 3572 3721 3644; baseline -0.004 -16"><span class='ocrx_word' id='word_1_585' title='bbox 2125 3586 2283 3631; x_wconf 74' lang='lat' dir='ltr'><strong>vente</strong></span> <span class='ocrx_word' id='word_1_586' title='bbox 2337 3575 2766 3644; x_wconf 89' lang='lat' dir='ltr'><strong>Philadelphiam</strong></span> <span class='ocrx_word' id='word_1_587' title='bbox 2797 3590 2991 3630; x_wconf 74' lang='lat' dir='ltr'><strong>versus</strong></span> <span class='ocrx_word' id='word_1_588' title='bbox 3013 3585 3064 3628; x_wconf 89' lang='lat' dir='ltr'><strong>et</strong></span> <span class='ocrx_word' id='word_1_589' title='bbox 3101 3583 3268 3628; x_wconf 89' lang='lat' dir='ltr'><strong>totam</strong></span> <span class='ocrx_word' id='word_1_590' title='bbox 3300 3573 3442 3627; x_wconf 91' lang='lat' dir='ltr'><strong>illam</strong></span> <span class='ocrx_word' id='word_1_591' title='bbox 3474 3572 3609 3625; x_wconf 85' lang='lat' dir='ltr'><strong>mari</strong></span> <span class='ocrx_word' id='word_1_592' title='bbox 3639 3572 3721 3623; x_wconf 87' lang='lat' dir='ltr'><strong>vi-</strong></span> 
     </span>
    </p>
   </div>
   <div class='ocr_carea' id='block_1_68' title="bbox 2123 3665 3718 3736">
    <p class='ocr_par' dir='ltr' id='par_1_68' title="bbox 2123 3665 3718 3736">
     <span class='ocr_line' id='line_1_68' title="bbox 2123 3665 3718 3736; baseline -0.004 -14"><span class='ocrx_word' id='word_1_593' title='bbox 2123 3668 2302 3722; x_wconf 88' lang='lat' dir='ltr'><strong>cinam</strong></span> <span class='ocrx_word' id='word_1_594' title='bbox 2353 3666 2651 3735; x_wconf 71' lang='lat' dir='ltr'><strong>regionem.</strong></span> <span class='ocrx_word' id='word_1_595' title='bbox 2682 3665 2794 3721; x_wconf 88' lang='lat' dir='ltr'><strong>Hac</strong></span> <span class='ocrx_word' id='word_1_596' title='bbox 2823 3667 3057 3736; x_wconf 89' lang='lat' dir='ltr'><strong>quadam</strong></span> <span class='ocrx_word' id='word_1_597' title='bbox 3091 3665 3245 3734; x_wconf 89' lang='lat' dir='ltr'><strong>quasi</strong></span> <span class='ocrx_word' id='word_1_598' title='bbox 3275 3665 3396 3719; x_wconf 83' lang='lat' dir='ltr'><strong>nive</strong></span> <span class='ocrx_word' id='word_1_599' title='bbox 3420 3673 3510 3716; x_wconf 79' lang='lat' dir='ltr'><strong>aut</strong></span> <span class='ocrx_word' id='word_1_600' title='bbox 3551 3679 3718 3732; x_wconf 76' lang='lat' dir='ltr'><strong>gran-</strong></span> 
     </span>
    </p>
   </div>
   <div class='ocr_carea' id='block_1_69' title="bbox 2124 3760 3720 3828">
    <p class='ocr_par' dir='ltr' id='par_1_69' title="bbox 2124 3760 3720 3828">
     <span class='ocr_line' id='line_1_69' title="bbox 2124 3760 3720 3828; baseline -0.001 -14"><span class='ocrx_word' id='word_1_601' title='bbox 2124 3760 2250 3814; x_wconf 89' lang='lat' dir='ltr'><strong>dine</strong></span> <span class='ocrx_word' id='word_1_602' title='bbox 2275 3760 2591 3813; x_wconf 88' lang='lat' dir='ltr'><strong>crebrarum</strong></span> <span class='ocrx_word' id='word_1_603' title='bbox 2620 3761 2825 3828; x_wconf 89' lang='lat' dir='ltr'><strong>pariter</strong></span> <span class='ocrx_word' id='word_1_604' title='bbox 2842 3770 2896 3813; x_wconf 92' lang='lat' dir='ltr'><strong>et</strong></span> <span class='ocrx_word' id='word_1_605' title='bbox 2912 3760 3314 3814; x_wconf 80' lang='lat' dir='ltr'><strong>vehementium</strong></span> <span class='ocrx_word' id='word_1_606' title='bbox 3335 3771 3720 3821; x_wconf 58' lang='lat' dir='ltr'><strong>curarum,“-</strong></span> 
     </span>
    </p>
   </div>
   <div class='ocr_carea' id='block_1_70' title="bbox 2126 3851 3720 3922">
    <p class='ocr_par' dir='ltr' id='par_1_70' title="bbox 2126 3851 3720 3922">
     <span class='ocr_line' id='line_1_70' title="bbox 2126 3851 3720 3922; baseline -0.003 -16"><span class='ocrx_word' id='word_1_607' title='bbox 2126 3867 2321 3908; x_wconf 91' lang='lat' dir='ltr'><strong>cussus</strong></span> <span class='ocrx_word' id='word_1_608' title='bbox 2339 3851 2523 3921; x_wconf 89' lang='lat' dir='ltr'><strong>utique</strong></span> <span class='ocrx_word' id='word_1_609' title='bbox 2541 3852 2834 3922; x_wconf 85' lang='lat' dir='ltr'><strong>imperator</strong></span> <span class='ocrx_word' id='word_1_610' title='bbox 2849 3853 3030 3922; x_wconf 88' lang='lat' dir='ltr'><strong>quiete</strong></span> <span class='ocrx_word' id='word_1_611' title='bbox 3049 3853 3243 3906; x_wconf 87' lang='lat' dir='ltr'><strong>domus</strong></span> <span class='ocrx_word' id='word_1_612' title='bbox 3257 3853 3531 3919; x_wconf 51' lang='lat' dir='ltr'><strong>Angusta,</strong></span> <span class='ocrx_word' id='word_1_613' title='bbox 3551 3864 3616 3903; x_wconf 91' lang='lat' dir='ltr'><strong>eo</strong></span> <span class='ocrx_word' id='word_1_614' title='bbox 3630 3863 3720 3902; x_wconf 52' lang='lat' dir='ltr'><strong>aes</strong></span> 
     </span>
    </p>
   </div>
   <div class='ocr_carea' id='block_1_71' title="bbox 2068 3943 3720 4022">
    <p class='ocr_par' dir='ltr' id='par_1_71' title="bbox 2068 3943 3720 4022">
     <span class='ocr_line' id='line_1_71' title="bbox 2068 3943 3720 4022; baseline -0.004 -20"><span class='ocrx_word' id='word_1_615' title='bbox 2068 4001 2088 4022; x_wconf 49' lang='grc' dir='ltr'><strong><em>η</em></strong></span> <span class='ocrx_word' id='word_1_616' title='bbox 2125 3948 2454 4002; x_wconf 85' lang='lat' dir='ltr'><strong>currendum</strong></span> <span class='ocrx_word' id='word_1_617' title='bbox 2469 3947 2699 4017; x_wconf 72' lang='lat' dir='ltr'><strong>putavit,</strong></span> <span class='ocrx_word' id='word_1_618' title='bbox 2717 3945 2859 4001; x_wconf 87' lang='lat' dir='ltr'><strong>unde</strong></span> <span class='ocrx_word' id='word_1_619' title='bbox 2877 3947 3139 4000; x_wconf 86' lang='lat' dir='ltr'><strong>adversus</strong></span> <span class='ocrx_word' id='word_1_620' title='bbox 3155 3962 3185 3998; x_wconf 89' lang='grc' dir='ltr'>ιι</span> <span class='ocrx_word' id='word_1_621' title='bbox 3197 3955 3442 4009; x_wconf 89' lang='lat' dir='ltr'><strong>lramque</strong></span> <span class='ocrx_word' id='word_1_622' title='bbox 3457 3943 3562 3996; x_wconf 80' lang='lat' dir='ltr'><strong>vim</strong></span> <span class='ocrx_word' id='word_1_623' title='bbox 3577 3956 3720 3995; x_wconf 87' lang='lat' dir='ltr'><strong>unus</strong></span> 
     </span>
    </p>
   </div>
   <div class='ocr_carea' id='block_1_72' title="bbox 2127 4032 3718 4108">
    <p class='ocr_par' dir='ltr' id='par_1_72' title="bbox 2127 4032 3718 4108">
     <span class='ocr_line' id='line_1_72' title="bbox 2127 4032 3718 4108; baseline -0.008 -12"><span class='ocrx_word' id='word_1_624' title='bbox 2127 4048 2444 4096; x_wconf 91' lang='lat' dir='ltr'><strong>occurreret</strong></span> <span class='ocrx_word' id='word_1_625' title='bbox 2473 4054 2636 4107; x_wconf 92' lang='lat' dir='ltr'><strong>quam</strong></span> <span class='ocrx_word' id='word_1_626' title='bbox 2675 4038 2788 4096; x_wconf 76' lang='lat' dir='ltr'><strong>fieri</strong></span> <span class='ocrx_word' id='word_1_627' title='bbox 2822 4047 3009 4108; x_wconf 90' lang='lat' dir='ltr'><strong>posset</strong></span> <span class='ocrx_word' id='word_1_628' title='bbox 3039 4039 3264 4107; x_wconf 89' lang='lat' dir='ltr'><strong>optime.</strong></span> <span class='ocrx_word' id='word_1_629' title='bbox 3291 4034 3352 4088; x_wconf 88' lang='lat' dir='ltr'><strong>Ei</strong></span> <span class='ocrx_word' id='word_1_630' title='bbox 3391 4034 3467 4088; x_wconf 90' lang='lat' dir='ltr'><strong>rei</strong></span> <span class='ocrx_word' id='word_1_631' title='bbox 3510 4032 3718 4087; x_wconf 89' lang='lat' dir='ltr'><strong>delecta</strong></span> 
     </span>
    </p>
   </div>
   <div class='ocr_carea' id='block_1_73' title="bbox 2129 4123 3720 4202">
    <p class='ocr_par' dir='ltr' id='par_1_73' title="bbox 2129 4123 3720 4202">
     <span class='ocr_line' id='line_1_73' title="bbox 2129 4123 3720 4202; baseline -0.009 -12"><span class='ocrx_word' id='word_1_632' title='bbox 2129 4134 2510 4190; x_wconf 83' lang='lat' dir='ltr'><strong>Chersonesus</strong></span> <span class='ocrx_word' id='word_1_633' title='bbox 2563 4135 2613 4186; x_wconf 92' lang='lat' dir='ltr'><strong>in</strong></span> <span class='ocrx_word' id='word_1_634' title='bbox 2685 4147 2851 4202; x_wconf 86' lang='lat' dir='ltr'><strong>quam</strong></span> <span class='ocrx_word' id='word_1_635' title='bbox 2913 4130 3077 4186; x_wconf 88' lang='lat' dir='ltr'><strong>simul</strong></span> <span class='ocrx_word' id='word_1_636' title='bbox 3140 4145 3200 4183; x_wconf 91' lang='lat' dir='ltr'><strong>se</strong></span> <span class='ocrx_word' id='word_1_637' title='bbox 3258 4128 3512 4186; x_wconf 86' lang='lat' dir='ltr'><strong>contulit.</strong></span> <span class='ocrx_word' id='word_1_638' title='bbox 3561 4123 3720 4181; x_wconf 87' lang='lat' dir='ltr'><strong>simul</strong></span> 
     </span>
    </p>
   </div>
   <div class='ocr_carea' id='block_1_74' title="bbox 2129 4215 3719 4290">
    <p class='ocr_par' dir='ltr' id='par_1_74' title="bbox 2129 4215 3719 4290">
     <span class='ocr_line' id='line_1_74' title="bbox 2129 4215 3719 4290; baseline -0.009 -11"><span class='ocrx_word' id='word_1_639' title='bbox 2129 4227 2319 4280; x_wconf 90' lang='lat' dir='ltr'><strong>eodem</strong></span> <span class='ocrx_word' id='word_1_640' title='bbox 2351 4240 2414 4279; x_wconf 82' lang='lat' dir='ltr'><strong>cx</strong></span> <span class='ocrx_word' id='word_1_641' title='bbox 2449 4225 2582 4277; x_wconf 90' lang='lat' dir='ltr'><strong>locis</strong></span> <span class='ocrx_word' id='word_1_642' title='bbox 2620 4225 2878 4278; x_wconf 85' lang='lat' dir='ltr'><strong>omnibus</strong></span> <span class='ocrx_word' id='word_1_643' title='bbox 2933 4231 3224 4277; x_wconf 85' lang='lat' dir='ltr'><strong>terrestres</strong></span> <span class='ocrx_word' id='word_1_644' title='bbox 3275 4221 3427 4290; x_wconf 80' lang='lat' dir='ltr'><strong>juxta</strong></span> <span class='ocrx_word' id='word_1_645' title='bbox 3470 4215 3719 4270; x_wconf 82' lang='lat' dir='ltr'><strong>navales-</strong></span> 
     </span>
    </p>
   </div>
   <div class='ocr_carea' id='block_1_75' title="bbox 2130 4307 3716 4385">
    <p class='ocr_par' dir='ltr' id='par_1_75' title="bbox 2130 4307 3716 4385">
     <span class='ocr_line' id='line_1_75' title="bbox 2130 4307 3716 4385; baseline -0.007 -17"><span class='ocrx_word' id='word_1_646' title='bbox 2130 4332 2237 4385; x_wconf 89' lang='lat' dir='ltr'><strong>que</strong></span> <span class='ocrx_word' id='word_1_647' title='bbox 2271 4315 2461 4384; x_wconf 90' lang='lat' dir='ltr'><strong>c0pias</strong></span> <span class='ocrx_word' id='word_1_648' title='bbox 2486 4314 2686 4384; x_wconf 72' lang='lat' dir='ltr'><strong>coegit.</strong></span> <span class='ocrx_word' id='word_1_649' title='bbox 2722 4314 2801 4367; x_wconf 82' lang='lat' dir='ltr'><strong>Ex</strong></span> <span class='ocrx_word' id='word_1_650' title='bbox 2843 4314 2909 4368; x_wconf 92' lang='lat' dir='ltr'><strong>iis</strong></span> <span class='ocrx_word' id='word_1_651' title='bbox 2940 4313 3153 4368; x_wconf 87' lang='lat' dir='ltr'><strong>delectu</strong></span> <span class='ocrx_word' id='word_1_652' title='bbox 3193 4319 3537 4380; x_wconf 79' lang='lat' dir='ltr'><strong>segregatum</strong></span> <span class='ocrx_word' id='word_1_653' title='bbox 3597 4307 3716 4358; x_wconf 88' lang='lat' dir='ltr'><strong>ido-</strong></span> 
     </span>
    </p>
   </div>
   <div class='ocr_carea' id='block_1_76' title="bbox 2131 4399 3716 4476">
    <p class='ocr_par' dir='ltr' id='par_1_76' title="bbox 2131 4399 3716 4476">
     <span class='ocr_line' id='line_1_76' title="bbox 2131 4399 3716 4476; baseline -0.009 -12"><span class='ocrx_word' id='word_1_654' title='bbox 2131 4423 2292 4464; x_wconf 88' lang='lat' dir='ltr'><strong>neum</strong></span> <span class='ocrx_word' id='word_1_655' title='bbox 2326 4408 2628 4462; x_wconf 77' lang='lat' dir='ltr'><strong>exercitum</strong></span> <span class='ocrx_word' id='word_1_656' title='bbox 2663 4421 2760 4476; x_wconf 92' lang='lat' dir='ltr'><strong>per</strong></span> <span class='ocrx_word' id='word_1_657' title='bbox 2811 4404 3211 4460; x_wconf 86' lang='lat' dir='ltr'><strong>Scamandrum</strong></span> <span class='ocrx_word' id='word_1_658' title='bbox 3254 4415 3426 4470; x_wconf 90' lang='lat' dir='ltr'><strong>usque</strong></span> <span class='ocrx_word' id='word_1_659' title='bbox 3465 4399 3716 4452; x_wconf 84' lang='lat' dir='ltr'><strong>Atrame-</strong></span> 
     </span>
    </p>
   </div>
   <div class='ocr_carea' id='block_1_77' title="bbox 2133 4489 3720 4568">
    <p class='ocr_par' dir='ltr' id='par_1_77' title="bbox 2133 4489 3720 4568">
     <span class='ocr_line' id='line_1_77' title="bbox 2133 4489 3720 4568; baseline -0.009 -14"><span class='ocrx_word' id='word_1_660' title='bbox 2133 4510 2245 4554; x_wconf 92' lang='lat' dir='ltr'><strong>tum</strong></span> <span class='ocrx_word' id='word_1_661' title='bbox 2276 4498 2569 4568; x_wconf 89' lang='lat' dir='ltr'><strong>ipsumque</strong></span> <span class='ocrx_word' id='word_1_662' title='bbox 2600 4495 2958 4550; x_wconf 89' lang='lat' dir='ltr'><strong>Thracesium</strong></span> <span class='ocrx_word' id='word_1_663' title='bbox 2991 4493 3246 4563; x_wconf 85' lang='lat' dir='ltr'><strong>progredi</strong></span> <span class='ocrx_word' id='word_1_664' title='bbox 3281 4492 3468 4560; x_wconf 85' lang='lat' dir='ltr'><strong>jussit,</strong></span> <span class='ocrx_word' id='word_1_665' title='bbox 3503 4489 3720 4556; x_wconf 89' lang='lat' dir='ltr'><strong>illicqne</strong></span> 
     </span>
    </p>
   </div>
   <div class='ocr_carea' id='block_1_78' title="bbox 2129 4581 3719 4655">
    <p class='ocr_par' dir='ltr' id='par_1_78' title="bbox 2129 4581 3719 4655">
     <span class='ocr_line' id='line_1_78' title="bbox 2129 4581 3719 4655; baseline -0.01 -7"><span class='ocrx_word' id='word_1_666' title='bbox 2129 4593 2451 4648; x_wconf 86' lang='lat' dir='ltr'><strong>subsistere.</strong></span> <span class='ocrx_word' id='word_1_667' title='bbox 2503 4589 2703 4644; x_wconf 88' lang='lat' dir='ltr'><strong>Habuit</strong></span> <span class='ocrx_word' id='word_1_668' title='bbox 2780 4599 2892 4642; x_wconf 89' lang='lat' dir='ltr'><strong>tum</strong></span> <span class='ocrx_word' id='word_1_669' title='bbox 2952 4587 3324 4655; x_wconf 82' lang='lat' dir='ltr'><strong>Philadelphia</strong></span> <span class='ocrx_word' id='word_1_670' title='bbox 3402 4581 3719 4653; x_wconf 69' lang='lat' dir='ltr'><strong>pra-fectum</strong></span> 
     </span>
    </p>
   </div>
   <div class='ocr_carea' id='block_1_79' title="bbox 2129 4675 3718 4747">
    <p class='ocr_par' dir='ltr' id='par_1_79' title="bbox 2129 4675 3718 4747">
     <span class='ocr_line' id='line_1_79' title="bbox 2129 4675 3718 4747; baseline -0.011 -5"><span class='ocrx_word' id='word_1_671' title='bbox 2129 4683 2553 4742; x_wconf 88' lang='lat' dir='ltr'><strong>Constantinum</strong></span> <span class='ocrx_word' id='word_1_672' title='bbox 2601 4683 2862 4744; x_wconf 86' lang='lat' dir='ltr'><strong>Gabram,</strong></span> <span class='ocrx_word' id='word_1_673' title='bbox 2900 4693 3300 4747; x_wconf 85' lang='lat' dir='ltr'><strong>numerumque</strong></span> <span class='ocrx_word' id='word_1_674' title='bbox 3350 4675 3718 4728; x_wconf 80' lang='lat' dir='ltr'><strong>abundantem</strong></span> 
     </span>
    </p>
   </div>
   <div class='ocr_carea' id='block_1_80' title="bbox 2131 4765 3723 4844">
    <p class='ocr_par' dir='ltr' id='par_1_80' title="bbox 2131 4765 3723 4844">
     <span class='ocr_line' id='line_1_80' title="bbox 2131 4765 3723 4844; baseline -0.009 -11"><span class='ocrx_word' id='word_1_675' title='bbox 2131 4776 2498 4833; x_wconf 89' lang='lat' dir='ltr'><strong>multitudinis</strong></span> <span class='ocrx_word' id='word_1_676' title='bbox 2525 4777 2590 4829; x_wconf 88' lang='lat' dir='ltr'><strong>ad</strong></span> <span class='ocrx_word' id='word_1_677' title='bbox 2622 4773 2843 4829; x_wconf 85' lang='lat' dir='ltr'><strong>tutelam</strong></span> <span class='ocrx_word' id='word_1_678' title='bbox 2873 4773 2978 4827; x_wconf 89' lang='lat' dir='ltr'><strong>sui.</strong></span> <span class='ocrx_word' id='word_1_679' title='bbox 3017 4771 3256 4844; x_wconf 84' lang='lat' dir='ltr'><strong>Hybrida</strong></span> <span class='ocrx_word' id='word_1_680' title='bbox 3295 4768 3623 4827; x_wconf 81' lang='lat' dir='ltr'><strong>Monastras,</strong></span> <span class='ocrx_word' id='word_1_681' title='bbox 3657 4765 3723 4818; x_wconf 90' lang='lat' dir='ltr'><strong>de</strong></span> 
     </span>
    </p>
   </div>
   <div class='ocr_carea' id='block_1_81' title="bbox 2130 4859 3722 4940">
    <p class='ocr_par' dir='ltr' id='par_1_81' title="bbox 2130 4859 3722 4940">
     <span class='ocr_line' id='line_1_81' title="bbox 2130 4859 3722 4940; baseline -0.01 -16"><span class='ocrx_word' id='word_1_682' title='bbox 2130 4887 2238 4940; x_wconf 91' lang='lat' dir='ltr'><strong>quo</strong></span> <span class='ocrx_word' id='word_1_683' title='bbox 2266 4885 2364 4924; x_wconf 92' lang='lat' dir='ltr'><strong>nos</strong></span> <span class='ocrx_word' id='word_1_684' title='bbox 2402 4868 2568 4923; x_wconf 88' lang='lat' dir='ltr'><strong>multa</strong></span> <span class='ocrx_word' id='word_1_685' title='bbox 2605 4867 2878 4937; x_wconf 83' lang='lat' dir='ltr'><strong>superius,</strong></span> <span class='ocrx_word' id='word_1_686' title='bbox 2929 4865 3253 4934; x_wconf 80' lang='lat' dir='ltr'><strong>Pergamum</strong></span> <span class='ocrx_word' id='word_1_687' title='bbox 3315 4859 3603 4916; x_wconf 86' lang='lat' dir='ltr'><strong>obtinebat</strong></span> <span class='ocrx_word' id='word_1_688' title='bbox 3668 4864 3722 4909; x_wconf 93' lang='lat' dir='ltr'><strong>et</strong></span> 
     </span>
    </p>
   </div>
   <div class='ocr_carea' id='block_1_82' title="bbox 2127 4947 3721 5027">
    <p class='ocr_par' dir='ltr' id='par_1_82' title="bbox 2127 4947 3721 5027">
     <span class='ocr_line' id='line_1_82' title="bbox 2127 4947 3721 5027; baseline -0.013 -7"><span class='ocrx_word' id='word_1_689' title='bbox 2127 4964 2374 5020; x_wconf 89' lang='lat' dir='ltr'><strong>Chliera.</strong></span> <span class='ocrx_word' id='word_1_690' title='bbox 2410 4962 2547 5016; x_wconf 72' lang='lat' dir='ltr'><strong>Aliae</strong></span> <span class='ocrx_word' id='word_1_691' title='bbox 2594 4962 2680 5017; x_wconf 92' lang='lat' dir='ltr'><strong>his</strong></span> <span class='ocrx_word' id='word_1_692' title='bbox 2728 4960 3039 5027; x_wconf 86' lang='lat' dir='ltr'><strong>adjacentes</strong></span> <span class='ocrx_word' id='word_1_693' title='bbox 3091 4971 3266 5016; x_wconf 90' lang='lat' dir='ltr'><strong>arces,</strong></span> <span class='ocrx_word' id='word_1_694' title='bbox 3325 4955 3602 5019; x_wconf 84' lang='lat' dir='ltr'><strong>urbesque</strong></span> <span class='ocrx_word' id='word_1_695' title='bbox 3655 4947 3721 5000; x_wconf 86' lang='lat' dir='ltr'><strong>ad</strong></span> 
     </span>
    </p>
   </div>
   <div class='ocr_carea' id='block_1_83' title="bbox 2130 5042 3720 5121">
    <p class='ocr_par' dir='ltr' id='par_1_83' title="bbox 2130 5042 3720 5121">
     <span class='ocr_line' id='line_1_83' title="bbox 2130 5042 3720 5121; baseline -0.013 -9"><span class='ocrx_word' id='word_1_696' title='bbox 2130 5073 2280 5112; x_wconf 89' lang='lat' dir='ltr'><strong>mare</strong></span> <span class='ocrx_word' id='word_1_697' title='bbox 2308 5058 2428 5110; x_wconf 78' lang='lat' dir='ltr'><strong>sita:</strong></span> <span class='ocrx_word' id='word_1_698' title='bbox 2459 5066 2666 5110; x_wconf 90' lang='lat' dir='ltr'><strong>tractus</strong></span> <span class='ocrx_word' id='word_1_699' title='bbox 2696 5054 2840 5109; x_wconf 86' lang='lat' dir='ltr'><strong>illius</strong></span> <span class='ocrx_word' id='word_1_700' title='bbox 2867 5051 3112 5121; x_wconf 68' lang='lat' dir='ltr'><strong>reliquiae</strong></span> <span class='ocrx_word' id='word_1_701' title='bbox 3160 5049 3284 5104; x_wconf 89' lang='lat' dir='ltr'><strong>aliis</strong></span> <span class='ocrx_word' id='word_1_702' title='bbox 3335 5042 3720 5117; x_wconf 72' lang='lat' dir='ltr'><strong>prmstantibus</strong></span> 
     </span>
    </p>
   </div>
   <div class='ocr_carea' id='block_1_84' title="bbox 2131 5139 3716 5219">
    <p class='ocr_par' dir='ltr' id='par_1_84' title="bbox 2131 5139 3716 5219">
     <span class='ocr_line' id='line_1_84' title="bbox 2131 5139 3716 5219; baseline -0.012 -15"><span class='ocrx_word' id='word_1_703' title='bbox 2131 5153 2206 5206; x_wconf 89' lang='lat' dir='ltr'><strong>rei</strong></span> <span class='ocrx_word' id='word_1_704' title='bbox 2244 5149 2456 5204; x_wconf 80' lang='lat' dir='ltr'><strong>bellicae</strong></span> <span class='ocrx_word' id='word_1_705' title='bbox 2507 5148 2705 5219; x_wconf 86' lang='lat' dir='ltr'><strong>peritia</strong></span> <span class='ocrx_word' id='word_1_706' title='bbox 2737 5154 2792 5202; x_wconf 91' lang='lat' dir='ltr'><strong>ct</strong></span> <span class='ocrx_word' id='word_1_707' title='bbox 2825 5145 3148 5201; x_wconf 81' lang='lat' dir='ltr'><strong>fortitudine</strong></span> <span class='ocrx_word' id='word_1_708' title='bbox 3173 5143 3407 5198; x_wconf 88' lang='lat' dir='ltr'><strong>ducibus</strong></span> <span class='ocrx_word' id='word_1_709' title='bbox 3436 5139 3716 5195; x_wconf 86' lang='lat' dir='ltr'><strong>suberant.</strong></span> 
     </span>
    </p>
   </div>
   <div class='ocr_carea' id='block_1_85' title="bbox 1483 5284 2607 5356">
    <p class='ocr_par' dir='ltr' id='par_1_85' title="bbox 1483 5284 2607 5356">
     <span class='ocr_line' id='line_1_85' title="bbox 1483 5284 2607 5356; baseline 0.003 -13"><span class='ocrx_word' id='word_1_710' title='bbox 1483 5284 1683 5353; x_wconf 65' lang='lat' dir='ltr'><strong>Variae</strong></span> <span class='ocrx_word' id='word_1_711' title='bbox 1722 5285 2026 5350; x_wconf 87' lang='lat' dir='ltr'><strong>lectiones</strong></span> <span class='ocrx_word' id='word_1_712' title='bbox 2055 5305 2132 5351; x_wconf 65' lang='lat' dir='ltr'><strong>ea</strong></span> <span class='ocrx_word' id='word_1_713' title='bbox 2165 5288 2308 5356; x_wconf 85' lang='lat' dir='ltr'><strong>cod.</strong></span> <span class='ocrx_word' id='word_1_714' title='bbox 2337 5285 2607 5349; x_wconf 89' lang='lat' dir='ltr'><strong>Coislin.</strong></span> 
     </span>
    </p>
   </div>
   <div class='ocr_carea' id='block_1_86' title="bbox 489 5377 1580 5451">
    <p class='ocr_par' dir='ltr' id='par_1_86' title="bbox 489 5377 1580 5451">
     <span class='ocr_line' id='line_1_86' title="bbox 489 5377 1580 5451; baseline 0.007 -19"><span class='ocrx_word' id='word_1_715' title='bbox 489 5377 535 5411; x_wconf 69' lang='lat'><strong>”</strong></span> <span class='ocrx_word' id='word_1_716' title='bbox 555 5380 980 5447; x_wconf 74' lang='grc' dir='ltr'>παραθαλάσσια</span> <span class='ocrx_word' id='word_1_717' title='bbox 1014 5383 1213 5451; x_wconf 80' lang='grc' dir='ltr'>πάντα.</span> <span class='ocrx_word' id='word_1_718' title='bbox 1305 5385 1350 5419; x_wconf 79' lang='grc'><strong>³⁸</strong></span> <span class='ocrx_word' id='word_1_719' title='bbox 1379 5385 1580 5450; x_wconf 81' lang='grc' dir='ltr'>τοίνυν.</span> 
     </span>
    </p>
   </div>
   <div class='ocr_carea' id='block_1_87' title="bbox 1665 5388 1970 5460">
    <p class='ocr_par' dir='ltr' id='par_1_87' title="bbox 1665 5388 1970 5460">
     <span class='ocr_line' id='line_1_87' title="bbox 1665 5388 1970 5460; baseline 0.013 -19"><span class='ocrx_word' id='word_1_720' title='bbox 1665 5388 1711 5420; x_wconf 79' lang='grc'><strong>³⁸</strong></span> <span class='ocrx_word' id='word_1_721' title='bbox 1740 5388 1970 5460; x_wconf 85' lang='grc' dir='ltr'>Χλιερά.</span> 
     </span>
    </p>
   </div>
   <div class='ocr_carea' id='block_1_88' title="bbox 1482 5506 2584 5586">
    <p class='ocr_par' dir='ltr' id='par_1_88' title="bbox 1482 5506 2584 5586">
     <span class='ocr_line' id='line_1_88' title="bbox 1482 5506 2584 5586; baseline 0 -18"><span class='ocrx_word' id='word_1_722' title='bbox 1482 5506 1631 5578; x_wconf 79' lang='lat' dir='ltr'><strong>Car,</strong></span> <span class='ocrx_word' id='word_1_723' title='bbox 1656 5507 1983 5570; x_wconf 83' lang='lat' dir='ltr'><strong>Dufresnii</strong></span> <span class='ocrx_word' id='word_1_724' title='bbox 2013 5509 2103 5568; x_wconf 90' lang='lat' dir='ltr'><strong>Dn</strong></span> <span class='ocrx_word' id='word_1_725' title='bbox 2135 5506 2356 5586; x_wconf 81' lang='lat' dir='ltr'><strong>Cangii</strong></span> <span class='ocrx_word' id='word_1_726' title='bbox 2393 5513 2584 5568; x_wconf 68' lang='lat' dir='ltr'><strong>nota).</strong></span> 
     </span>
    </p>
   </div>
   <div class='ocr_carea' id='block_1_89' title="bbox 502 5625 1995 5701">
    <p class='ocr_par' dir='ltr' id='par_1_89' title="bbox 502 5625 1995 5701">
     <span class='ocr_line' id='line_1_89' title="bbox 502 5625 1995 5701; baseline 0.003 -21"><span class='ocrx_word' id='word_1_727' title='bbox 502 5625 614 5701; x_wconf 70' lang='lat'><strong>(1_5_8)</strong></span> <span class='ocrx_word' id='word_1_728' title='bbox 649 5627 1199 5701; x_wconf 58' lang='lat' dir='ltr'><strong>8p_gmalov.510</strong></span> <span class='ocrx_word' id='word_1_729' title='bbox 1215 5629 1490 5684; x_wconf 76' lang='lat' dir='ltr'><strong>Thracesii</strong></span> <span class='ocrx_word' id='word_1_730' title='bbox 1520 5629 1822 5695; x_wconf 85' lang='lat' dir='ltr'><strong>Thematis,</strong></span> <span class='ocrx_word' id='word_1_731' title='bbox 1847 5631 1995 5701; x_wconf 89' lang='lat' dir='ltr'><strong>quod</strong></span> 
     </span>
    </p>
   </div>
   <div class='ocr_carea' id='block_1_90' title="bbox 429 5694 2004 5770">
    <p class='ocr_par' dir='ltr' id='par_1_90' title="bbox 429 5694 2004 5770">
     <span class='ocr_line' id='line_1_90' title="bbox 429 5694 2004 5770; baseline 0.004 -22"><span class='ocrx_word' id='word_1_732' title='bbox 429 5694 679 5770; x_wconf 70' lang='lat' dir='ltr'><strong>Lydiam,</strong></span> <span class='ocrx_word' id='word_1_733' title='bbox 712 5698 949 5770; x_wconf 79' lang='lat' dir='ltr'><strong>Cariam,</strong></span> <span class='ocrx_word' id='word_1_734' title='bbox 989 5694 1216 5764; x_wconf 57' lang='lat' dir='ltr'><strong>Ioniam,</strong></span> <span class='ocrx_word' id='word_1_735' title='bbox 1256 5710 1311 5760; x_wconf 83' lang='lat' dir='ltr'><strong>et</strong></span> <span class='ocrx_word' id='word_1_736' title='bbox 1344 5701 1550 5770; x_wconf 88' lang='lat' dir='ltr'><strong>aliquot</strong></span> <span class='ocrx_word' id='word_1_737' title='bbox 1587 5703 1729 5770; x_wconf 81' lang='lat' dir='ltr'><strong>alias</strong></span> <span class='ocrx_word' id='word_1_738' title='bbox 1778 5694 2004 5769; x_wconf 69' lang='lat' dir='ltr'><strong>provin-</strong></span> 
     </span>
    </p>
   </div>
   <div class='ocr_carea' id='block_1_91' title="bbox 427 5767 2008 5838">
    <p class='ocr_par' dir='ltr' id='par_1_91' title="bbox 427 5767 2008 5838">
     <span class='ocr_line' id='line_1_91' title="bbox 427 5767 2008 5838; baseline 0.005 -18"><span class='ocrx_word' id='word_1_739' title='bbox 427 5767 542 5820; x_wconf 83' lang='lat' dir='ltr'><strong>cias</strong></span> <span class='ocrx_word' id='word_1_740' title='bbox 568 5769 1056 5838; x_wconf 71' lang='lat' dir='ltr'><strong>(&#39;OlllpleClel):llUl‘.</strong></span> <span class='ocrx_word' id='word_1_741' title='bbox 1085 5767 1530 5828; x_wconf 41' lang='lat' dir='ltr'><strong>Constantinide</strong></span> <span class='ocrx_word' id='word_1_742' title='bbox 1554 5767 1804 5832; x_wconf 77' lang='lat' dir='ltr'><strong>Themat.</strong></span> <span class='ocrx_word' id='word_1_743' title='bbox 1841 5773 1934 5828; x_wconf 88' lang='lat' dir='ltr'><strong>lib.</strong></span> <span class='ocrx_word' id='word_1_744' title='bbox 1969 5789 2008 5838; x_wconf 83' lang='grc' dir='ltr'><strong>ι,</strong></span> 
     </span>
    </p>
   </div>
   <div class='ocr_carea' id='block_1_92' title="bbox 428 5837 1592 5924">
    <p class='ocr_par' dir='ltr' id='par_1_92' title="bbox 428 5837 1592 5924">
     <span class='ocr_line' id='line_1_92' title="bbox 428 5837 1592 5924; baseline 0.01 -34"><span class='ocrx_word' id='word_1_745' title='bbox 428 5848 481 5902; x_wconf 79' lang='lat' dir='ltr'><strong>ct</strong></span> <span class='ocrx_word' id='word_1_746' title='bbox 513 5838 564 5900; x_wconf 85' lang='lat' dir='ltr'><strong>in</strong></span> <span class='ocrx_word' id='word_1_747' title='bbox 595 5837 817 5906; x_wconf 76' lang='lat' dir='ltr'><strong>Basilio,</strong></span> <span class='ocrx_word' id='word_1_748' title='bbox 855 5856 978 5911; x_wconf 85' lang='lat' dir='ltr'><strong>cap.</strong></span> <span class='ocrx_word' id='word_1_749' title='bbox 1021 5839 1089 5902; x_wconf 68' lang='lat' dir='ltr'><strong>l5.</strong></span> <span class='ocrx_word' id='word_1_750' title='bbox 1122 5849 1176 5897; x_wconf 86' lang='lat' dir='ltr'><strong>et</strong></span> <span class='ocrx_word' id='word_1_751' title='bbox 1587 5843 1592 5848; x_wconf 79' lang='grc'><em>’</em></span> 
     </span>
    </p>
   </div>
   <div class='ocr_carea' id='block_1_93' title="bbox 2185 5613 3703 5702">
    <p class='ocr_par' dir='ltr' id='par_1_93' title="bbox 2185 5613 3703 5702">
     <span class='ocr_line' id='line_1_93' title="bbox 2185 5613 3703 5702; baseline -0.014 -17"><span class='ocrx_word' id='word_1_752' title='bbox 2185 5629 2296 5702; x_wconf 78' lang='grc' dir='ltr'><strong>(Ξ9)</strong></span> <span class='ocrx_word' id='word_1_753' title='bbox 2358 5630 2660 5702; x_wconf 13' lang='grc' dir='ltr'>Μαδρξτου.</span> <span class='ocrx_word' id='word_1_754' title='bbox 2714 5627 2984 5702; x_wconf 79' lang='lat' dir='ltr'><strong>Oppidum</strong></span> <span class='ocrx_word' id='word_1_755' title='bbox 3039 5625 3093 5678; x_wconf 90' lang='lat' dir='ltr'><strong>in</strong></span> <span class='ocrx_word' id='word_1_756' title='bbox 3130 5613 3703 5702; x_wconf 46' lang='lat' dir='ltr'><strong>_Clie|&#39;50ttesolTlrraj</strong></span> 
     </span>
    </p>
   </div>
   <div class='ocr_carea' id='block_1_94' title="bbox 2119 5685 3704 5764">
    <p class='ocr_par' dir='ltr' id='par_1_94' title="bbox 2119 5685 3704 5764">
     <span class='ocr_line' id='line_1_94' title="bbox 2119 5685 3704 5764; baseline -0.009 -9"><span class='ocrx_word' id='word_1_757' title='bbox 2119 5685 2438 5764; x_wconf 15' lang='lat' dir='ltr'><strong>ci:i~.,iliodie</strong></span> <span class='ocrx_word' id='word_1_758' title='bbox 2486 5700 2704 5762; x_wconf 78' lang='lat' dir='ltr'><strong>Illaitos,</strong></span> <span class='ocrx_word' id='word_1_759' title='bbox 2753 5685 2894 5752; x_wconf 56' lang='lat' dir='ltr'><strong>I&#39;e&#39;ste</strong></span> <span class='ocrx_word' id='word_1_760' title='bbox 2945 5695 3304 5751; x_wconf 84' lang='lat' dir='ltr'><strong>Leunelavio,</strong></span> <span class='ocrx_word' id='word_1_761' title='bbox 3368 5686 3544 5742; x_wconf 52' lang='lat' dir='ltr'><strong>null.</strong></span> <span class='ocrx_word' id='word_1_762' title='bbox 3596 5685 3704 5764; x_wconf 51' lang='lat' dir='ltr'><strong>Nnec</strong></span> 
     </span>
    </p>
   </div>
   <div class='ocr_carea' id='block_1_95' title="bbox 2124 5753 3703 5839">
    <p class='ocr_par' dir='ltr' id='par_1_95' title="bbox 2124 5753 3703 5839">
     <span class='ocr_line' id='line_1_95' title="bbox 2124 5753 3703 5839; baseline -0.01 -15"><span class='ocrx_word' id='word_1_763' title='bbox 2124 5753 2310 5839; x_wconf 71' lang='lat' dir='ltr'><strong>procul</strong></span> <span class='ocrx_word' id='word_1_764' title='bbox 2343 5753 2575 5824; x_wconf 78' lang='lat' dir='ltr'><strong>aberant</strong></span> <span class='ocrx_word' id='word_1_765' title='bbox 2614 5753 2703 5824; x_wconf 64' lang='grc' dir='ltr'><strong>τά’</strong></span> <span class='ocrx_word' id='word_1_766' title='bbox 2740 5770 2934 5830; x_wconf 83' lang='grc' dir='ltr'>Κοῖλα,</span> <span class='ocrx_word' id='word_1_767' title='bbox 2993 5775 3183 5836; x_wconf 85' lang='lat' dir='ltr'><strong>portus</strong></span> <span class='ocrx_word' id='word_1_768' title='bbox 3227 5765 3561 5818; x_wconf 87' lang='lat' dir='ltr'><strong>memoratus</strong></span> <span class='ocrx_word' id='word_1_769' title='bbox 3611 5753 3703 5808; x_wconf 55' lang='lat' dir='ltr'><strong>Ni.</strong></span> 
     </span>
    </p>
   </div>
   <div class='ocr_carea' id='block_1_96' title="bbox 2126 5840 2962 5914">
    <p class='ocr_par' dir='ltr' id='par_1_96' title="bbox 2126 5840 2962 5914">
     <span class='ocr_line' id='line_1_96' title="bbox 2126 5840 2962 5914; baseline -0.004 -18"><span class='ocrx_word' id='word_1_770' title='bbox 2126 5853 2259 5907; x_wconf 69' lang='lat' dir='ltr'><strong>cette</strong></span> <span class='ocrx_word' id='word_1_771' title='bbox 2284 5843 2336 5896; x_wconf 90' lang='lat' dir='ltr'><strong>in</strong></span> <span class='ocrx_word' id='word_1_772' title='bbox 2370 5841 2514 5898; x_wconf 81' lang='lat' dir='ltr'><strong>Man.</strong></span> <span class='ocrx_word' id='word_1_773' title='bbox 2550 5841 2641 5894; x_wconf 91' lang='lat' dir='ltr'><strong>lib.</strong></span> <span class='ocrx_word' id='word_1_774' title='bbox 2669 5854 2720 5914; x_wconf 64' lang='grc' dir='ltr'><strong>ιν,</strong></span> <span class='ocrx_word' id='word_1_775' title='bbox 2753 5855 2877 5908; x_wconf 87' lang='lat' dir='ltr'><strong>cap.</strong></span> <span class='ocrx_word' id='word_1_776' title='bbox 2908 5840 2962 5893; x_wconf 70' lang='lat'><strong>4.</strong></span> 
     </span>
    </p>
   </div>
  </div>
