4086 6404
424 357 562 421 1055

1732 366 1951 428 ΔΝΝίΕ
1990 368 2375 433 COMNENE

3556 368 3694 433 1056

414 481 568 541 Quos
599 475 836 533 assiduis
868 478 1074 535 nuntiis
1105 480 1160 535 in
1183 482 1432 536 omnium
1466 482 1727 538 horarum
1762 485 1994 556 vigiliam

2106 485 2425 557 ὰναμεταξὺ
2466 482 2717 557 πορθμὸν
2752 482 3108 547 ἀωστᾶκτως
3141 481 3468 553 φυλάττειν,
3500 484 3695 557 ἐκδρο.

417 578 773 635 expet-rectos
806 570 1042 626 habebat
1078 571 1415 643 imperator;
1467 574 1704 631 subinde
1750 578 2001 647 repetitis

417 659 687 713 mandatis
714 662 985 723 excitans.
1025 663 1091 717 ad
1139 664 1512 733 speculatores
1555 666 1691 721 ﬁdos
1735 676 1791 721 et
1842 680 2001 723 acres

413 767 856 821 utroqueversum
907 757 1166 811 continue
1233 759 1567 826 mittendos,
1623 775 1759 829 quos
1815 760 1998 814 nullus

416 841 655 896 hostium
708 856 891 901 motus
941 862 1332 918 progressusve
1386 862 1569 920 posset
1620 851 1842 919 fallere,
1902 851 1996 921 qui

414 937 599 991 statim
634 953 907 1008 comperta
955 930 1294 998 nuntiarent.
1346 943 1440 999 Sic
1485 946 1794 1013 procuratis
1838 946 2000 1000 rebus

406 1028 574 1096 Asiae,
610 1032 675 1082 ad
718 1033 987 1086 maritima
1023 1034 1158 1088 bella
1189 1037 1597 1105 pcovidentiam
1628 1038 1823 1101 vertit,
1848 1038 1999 1091 edito

410 1122 477 1173 ad
512 1137 706 1178 omnes
765 1127 1016 1181 nauticos
1070 1130 1350 1195 mandato,
1398 1140 1456 1185 ut
1487 1130 1690 1203 Madyti
1720 1142 1774 1186 et
1804 1133 2001 1188 Coela-

410 1227 531 1266 rum
581 1225 770 1281 portus
816 1231 1188 1287 occuparent,
1243 1220 1555 1293 fretumque
1618 1224 1995 1295 interpositum

408 1306 777 1362 iuconniventi
834 1311 1081 1365 custodia
1141 1324 1450 1379 servarent,
1505 1327 2000 1385 percursantesqne

408 1398 685 1453 celocibus
710 1400 816 1455 ista
840 1403 1035 1472 maria,
1067 1406 1289 1460 micanti
1311 1407 1532 1462 assidue
1551 1409 1882 1463 strenuitate
1902 1412 1996 1464 im-

409 1488 681 1544 minerent
704 1493 759 1546 in
782 1508 1001 1548 omnem
1045 1496 1251 1551 motum
1292 1508 1458 1569 atque
1488 1514 1766 1555 accessum
1804 1501 1996 1557 classis

405 1578 681 1637 Francicaa
737 1601 749 1638 :
804 1593 860 1639 et
915 1600 1039 1640 cum
1095 1587 1404 1644 effecissent
1461 1591 1776 1659 speculandi
1862 1593 1996 1661 vigi-

402 1672 570 1726 lantia
601 1690 666 1728 ne
703 1677 978 1745 improvisi
1022 1679 1343 1737 fortitudine
1374 1694 1865 1755 consequerentur,
1929 1701 1998 1741 ne

400 1762 570 1835 430
626 1769 767 1823 noxii
824 1771 1009 1827 hostes
1075 1775 1441 1842 accedet-ent;
1504 1788 1612 1832 tam
1680 1780 1997 1834 continente

2106 576 2213 645 μάς
2246 590 2400 639 τινας
2437 577 2794 646 ποιουμένους
2830 576 2917 629 διὰ
2951 575 3236 646 δρομάδων
3260 572 3481 642 κούφων
3507 575 3656 646 νηῶν
3677 616 3695 642 ,

2104 670 2200 722 καὶ
2231 670 2330 734 τὰς
2361 672 2459 740 τῆς
2489 669 2761 738 θαλάττης
2791 669 3079 734 κελεύθους
3109 668 3466 731 ἀνυστάκτως
3493 669 3695 738 ἐπιτη-

2104 764 2243 832 ρεῖν,
2276 763 2374 816 τὸν
2394 764 2710 832 Φραγγικδν
2735 761 3214 832 ἀπεκδεχομένους
3249 759 3468 814 στόλον·
3497 761 3625 822 τοὺς
3651 760 3699 793 ⁸⁷

2100 854 2160 907 δὲ
2190 855 2291 917 τὰς
2316 854 2514 926 νήσους
2538 856 2958 926 παραπλέοντας
2992 857 3272 925 φρουρεῖν,
3299 853 3434 923 μηδὲ
3459 852 3527 905 τὰ
3555 852 3702 906 κατὰ

2100 945 2197 1014 τὴν
2231 948 2639 1018 Πελοπόννησον
2670 948 3025 1016 παριδόντας,
3049 947 3184 999 ἀλλὰ
3207 945 3301 998 καὶ
3329 944 3536 1015 ταύτης
3556 946 3697 999 suo.

2101 1038 2325 1106 χρῶσαν
2363 1040 2639 1094 ποιεῖσθαι
2689 1040 2964 1109 φυλακήν.
3010 1037 3165 1091 Ἐπεὶ
3212 1038 3269 1091 δὲ
3310 1037 3603 1109 βραδύνειν
3641 1042 3703 1093 ἐν

2100 1131 2329 1193 ἐκείνοις
2379 1135 2491 1195 τοῖς
2542 1133 2771 1203 μέρεσιν
2811 1132 3066 1185 ἐϐούλετο
3114 1132 3172 1183 ἐν
3218 1130 3493 1201 ἐπικαίρῳ
3542 1130 3702 1201 τόπῳ

2101 1222 2390 1291 σχεδιςίσας
2414 1223 2693 1293 οἰκήματά
2722 1240 2846 1277 τινα
2891 1221 3059 1276 αὐτοῦ
3092 1238 3196 1274 που
3225 1221 3327 1291 τὴν
3348 1236 3701 1295 παραχειμασ-

2104 1314 2227 1365 σίαν
2258 1316 2522 1369 ἐποιεῖτο.
2580 1316 2665 1379 Ὠς
2703 1316 2761 1368 δὲ
2810 1316 2839 1368 ὁ
2885 1314 2995 1369 ἀπὸ
3049 1313 3455 1382 Λογγιὸαρδίας
3506 1314 3694 1382 εὑτρε-

2100 1405 2316 1469 πισθεὶς
2367 1407 2556 1470 στόλος
2600 1409 2698 1461 καὶ
2739 1408 2849 1461 τῶν
2888 1407 3096 1461 λοιπῶν
3146 1404 3353 1477 μερῶν,
3407 1405 3579 1468 λύσας
3629 1406 3704 1458 τὰ

2099 1499 2423 1567 πρυμνήσια
2449 1499 2541 1551 τὸν
2572 1498 2855 1551 ἀπόπλουν
2886 1498 3241 1567 ἐπεποίηντο,
3273 1495 3703 1566 ἀποδιελόμενος

2097 1590 2126 1640 ὁ
2176 1587 2384 1641 τούτων
2446 1590 2691 1661 ἀρχηγὸς
2745 1590 2910 1644 πέντε
2963 1586 3172 1658 διήρεις
3238 1587 3560 1643 ἀπέστειλεν
3611 1591 3682 1657 ἐφ

2096 1675 2142 1748 ᾧ
2169 1683 2468 1752 κατασχεῖν
2500 1698 2657 1747 τινας
2686 1683 2868 1735 καὶτὰ
2908 1681 3061 1752 παρὰ
3089 1680 3187 1734 τοῦ
3226 1681 3495 1751 βασιλέως
3529 1697 3701 1733 κατα-

2102 1772 2297 1843 μαθεῖν
2329 1775 2395 1829 ³⁸.
2441 1777 2529 1838 Ὠς
2558 1776 2612 1827 δὲ
2658 1774 2759 1847 τὴν
2795 1775 3031 1845 ’Ἄϐυδον
3063 1774 3365 1829 κατέλαϐον
3405 1773 3529 1845 ἥδη,
3565 1773 3701 1844 μίαν

401 1872 563 1924 quam
612 1858 805 1916 insulis
849 1863 917 1918 ab
963 1878 1150 1920 eorum
1192 1868 1394 1936 impetu
1439 1880 1604 1939 atque
1656 1869 1856 1941 injuria
1913 1880 1994 1923 tu-

2100 1861 2309 1916 τούτων
2354 1864 2493 1933 πρὸς
2524 1865 2616 1917 τὸν
2664 1864 2963 1934 πέμψαντα
3013 1864 3211 1932 συνέϐη
3252 1865 3542 1917 ἐπανιέναι
3587 1862 3701 1914 τῶν

404 1952 603 2007 tandis.
631 1954 859 2011 Obirent
881 1958 1048 2028 igitur
1072 1970 1279 2017 tractus
1308 1961 1431 2018 illos
1459 1963 1690 2019 marium
1716 1964 1993 2019 littorum-

401 2058 511 2109 que
549 2051 883 2103 ostentando
927 2050 1482 2123 circumferendoque
1530 2056 1767 2126 passim,
1812 2058 1999 2112 admo-

399 2136 581 2191 vendo
611 2139 799 2208 etiam,
816 2156 1159 2213 quocumque
1185 2160 1323 2215 opus
1349 2158 1515 2215 esset,
1548 2148 1803 2216 praesidio
1830 2159 1996 2221 atque

400 2230 627 2296 auxilio,
664 2236 742 2287 ‘ne
775 2233 1153 2306 Peloponneso
1198 2240 1418 2309 quidem
1467 2242 1747 2313 neglecta;
1786 2258 1908 2299 nam
1942 2250 1996 2298 et

400 2323 541 2377 hanc
577 2325 833 2395 imputari
862 2344 893 2381 a
934 2331 1226 2386 navarchis
1252 2331 1591 2388 Romanisin
1625 2345 1836 2402 partem
1870 2352 1997 2404 pro-

397 2416 593 2473 vincia:
623 2420 916 2486 mandalm,
954 2422 1320 2495 idoneamque
1349 2425 1399 2480 ei
1432 2427 1645 2480 tuendae
1682 2427 1992 2505 custodiam

397 2507 636 2577 impendi
684 2513 1007 2569 nominatim
1073 2514 1377 2585 imperator
1425 2529 1667 2573 caverat.
1724 2518 1990 2585 Quoniam

393 2610 573 2655 autem
620 2602 674 2657 in
723 2605 790 2658 iis
833 2608 1082 2674 partibus
1120 2609 1327 2665 diutius
1353 2612 1557 2666 morari
1609 2613 1992 2680 constituerat,

393 2692 621 2746 exc'tari
677 2695 955 2764 Augustus
993 2698 1160 2769 jussit
1205 2708 1332 2770 apto
1395 2703 1463 2757 ad
1516 2702 1569 2756 id
1601 2703 1813 2759 delecto
1874 2704 1993 2760 loco

393 2784 694 2842 subitarios
717 2789 1105 2857 domunculas,
1149 2795 1311 2850 tectis
1357 2797 1801 2864 extemporaneis
1834 2813 1991 2867 oper-

394 2882 501 2940 tas,
530 2878 629 2929 suh
661 2880 860 2947 quibus
892 2882 1125 2937 hiemem
1161 2889 1447 2955 transegit.
1476 2884 1544 2941 Ut
1574 2897 1757 2941 autem
1790 2902 1821 2942 e
1850 2885 1993 2942 Lon~

390 2969 652 3034 gohardia
693 2973 1019 3043 ca’terisque
1047 2974 1185 3031 locis
1214 2992 1278 3031 ac
1299 2978 1545 3045 partibus
1566 2991 1754 3048 parata
1790 2980 1987 3036 Latina

392 3058 584 3115 classis
620 3062 783 3117 solvit
817 3063 870 3119 in
908 3081 1008 3121 nos
1043 3068 1241 3124 infesta
1265 3109 1280 3136 ,
1310 3071 1542 3140 primum
1577 3072 1711 3127 illud
1741 3076 1989 3130 omnium

390 3152 509 3254 eius
544 3155 743 3219 ductor
781 3160 992 3226 putavit
1052 3161 1363 3218 faciendum
1403 3173 1462 3219 ut
1502 3164 1690 3221 missis
1741 3167 1987 3236 quinque
2016 3197 2057 3254 ο

391 3242 691 3300 biremibus
719 3257 773 3302 et
798 3266 962 3319 quam
983 3253 1231 3321 proxime
1255 3254 1550 3311 admovere
1588 3273 1648 3313 se
1685 3258 1856 3329 jussis
1881 3261 1986 3315 Ro-

392 3338 573 3393 manis
596 3344 758 3397 terris
787 3358 852 3397 ac
875 3346 1165 3414 portubus,
1200 3349 1446 3418 captivos
1478 3350 1546 3405 ad
1586 3365 1645 3405 se
1683 3351 1809 3407 duci
1837 3353 1992 3419 jube-

390 3439 477 3483 ret
513 3446 544 3484 e
579 3430 786 3489 Grmcis
815 3436 1049 3506 aliquos,
1100 3453 1332 3508 quorum
1375 3442 1602 3509 iudicio,
1648 3445 1777 3525 quid
1817 3446 1988 3515 impe—

390 3529 542 3575 rator
573 3539 757 3578 rerum
803 3542 1042 3598 gereret,
1079 3532 1171 3587 uhi
1205 3532 1469 3601 locorum,
1498 3551 1606 3603 quo
1639 3546 1785 3591 statu
1818 3549 1989 3599 esset,

389 3614 1008 3693 cdoceretur.Abydum
1036 3623 1149 3692 jam
1171 3640 1309 3695 pene
1340 3638 1707 3697 pervenerant
1739 3630 1993 3698 explora-

391 3708 545 3763 toria:
573 3726 740 3767 naves
779 3716 997 3783 quando
1026 3718 1434 3776 incurrentibus
1465 3722 1664 3776 nostris
1699 3722 1928 3791 contigit
1958 3739 1989 3778 e

389 3801 631 3871 quinque
666 3806 882 3860 urticam
918 3811 1183 3864 duntaxat
1226 3815 1293 3867 ad
1339 3828 1462 3866 enm
1490 3816 1585 3883 qui
1622 3815 1851 3871 miserat
1899 3831 1987 3869 re-

385 3906 611 3949 currere
672 3899 898 3967 reliquis
950 3904 1126 3971 captis
1178 3914 1233 3959 et
1289 3907 1526 3961 detentis
1571 3922 1696 3962 cum
1757 3909 1987 3977 remigio

387 3996 453 4036 ac
512 3988 820 4044 vectoribus
891 3995 1172 4053 omnibus.
1262 3996 1584 4052 Didit'erunt
1667 3997 1831 4065 huius
1901 4014 1987 4052 re-

385 4069 502 4125 ditu
567 4074 793 4132 biremis
881 4080 1049 4137 duces
1097 4081 1421 4138 Latinarum
1493 4086 1753 4140 classium
1804 4088 1983 4139 muni.

388 4169 472 4216 los
494 4162 562 4218 ab
586 4164 918 4236 imperatore
941 4173 1110 4241 copiis
1134 4176 1369 4245 egregiis
1396 4185 1583 4247 portus
1614 4192 1805 4232 omnes
1830 4193 1845 4242 ;
1871 4189 1983 4232 ter-

2099 1955 2305 2009 λοιπῶν
2339 1959 2787 2027 κατασχεθεισῶν
2820 1956 2919 2010 ὠν
2952 1957 3136 2020 αὐτοῖς
3175 1956 3415 2027 ἐρέταις,
3447 1954 3514 2007 δι’
3550 1949 3617 2027 ἦς
3645 1956 3700 2007 οἱ

2099 2049 2339 2119 ἀρχηγοὶ
2365 2050 2475 2102 τῶν
2497 2050 2598 2119 ἢδη
2630 2048 2912 2120 ῥηθέντων
2936 2047 3141 2101 στόλων
3161 2047 3232 2100 τὰ
3253 2049 3395 2101 κατὰ
3422 2047 3511 2099 τὸν
3532 2048 3703 2099 αὺτο-

2099 2140 2347 2211 κράτορα
2385 2124 2792 2211 μεμαθηκότες,
2822 2141 2916 2194 καὶ
2934 2140 3020 2193 ὃτι
3063 2138 3134 2192 τά
3172 2156 3232 2191 τε
3264 2139 3412 2193 κατὰ
3442 2137 3541 2209 τὴν
3593 2138 3698 2191 θά-

2097 2232 2303 2286 λατταν
2336 2235 2431 2287 καὶ
2461 2235 2564 2302 τὴν
2603 2234 2838 2305 ἦπειρον
2864 2231 3116 2305 ἀκριϐῶς
3157 2232 3699 2302 ἐξασφαλισάμενος,

2097 2327 2241 2380 κατὰ
2270 2326 2370 2396 τὴν
2400 2327 2753 2397 Χερρόνησον
2785 2324 2885 2396 τὴν
2926 2326 3382 2396 παραχειμασίαν
3419 2325 3660 2377 ποιεῖται
3685 2340 3699 2355 ·

2096 2419 2182 2487 ἐφ’
2238 2415 2282 2485 ᾧ
2326 2422 2537 2482 πὲντας
2589 2417 3080 2490 παραθαρρύνειν,
3126 2417 3251 2470 ἐπεὶ
3295 2418 3432 2489 πρὸς
3478 2417 3548 2468 τὰ
3596 2412 3698 2468 τοῦ

2095 2512 2504 2583 αὐτοκράτορος
2540 2514 2915 2581 μηχανήματα
2945 2512 3044 2581 οὐχ
3070 2505 3173 2563 οἷοί
3203 2527 3262 2563 τε
3297 2505 3440 2580 ἦσαν
3471 2508 3698 2575 ἀπομά-

2094 2609 2309 2678 χεσθαι,
2345 2609 2471 2672 τοὺς
2503 2608 2699 2671 οἴακας
2736 2605 3262 2677 μεταχειρισάμενοι
3283 2642 3302 2668 ,
3332 2604 3500 2674 ἀλλην
3534 2601 3702 2671 ἐτρά-

2096 2716 2281 2753 ποντο.
2325 2693 2420 2762 Εἷς
2457 2698 2514 2751 δέ
2548 2716 2633 2761 τις
2676 2697 2883 2760 Κελτὸς
2918 2698 3030 2751 τῶν
3064 2698 3207 2766 ἀμφὶ
3249 2695 3379 2756 τοὺς
3410 2692 3699 2762 ἀρχηγοὺς

2097 2793 2201 2859 τὴν
2225 2793 2363 2845 ἰδίαν
2383 2792 2723 2861 ἀφελόμενος
2746 2796 2882 2863 νῆαν
2907 2791 2954 2824 ³⁹
2974 2791 3188 2861 μονήρη
3216 2789 3505 2856 ὠκυτάτην
3526 2784 3701 2841 οὖσαν

2095 2886 2234 2956 προς
2267 2886 2359 2940 τὸν
2398 2884 2720 2941 Βαλδουῖνον
2757 2885 2962 2955 ἀπῄει,
2997 2883 3095 2936 καὶ
3125 2883 3224 2953 τὴν
3257 2882 3435 2952 Τύρον
3468 2879 3695 2949 πολιορ-

2094 2977 2294 3029 κοῦντα
2335 2975 2527 3030 τοῦτον
2558 2976 2736 3046 εὑρὼν
2762 2978 2980 3031 ἅπαντα
3017 2974 3201 3037 καθὼς
3235 2974 3264 3025 ὁ
3291 2974 3448 3041 λόγος
3478 2971 3698 3040 φθάσας

2097 3069 2338 3139 ἐδήλωσε
2370 3071 2437 3122 τὰ
2470 3070 2610 3122 κατὰ
2640 3070 2731 3122 τὸν
2761 3069 3145 3139 αὐτοκράτορα
3174 3067 3514 3137 διηγήσατο,
3551 3062 3695 3135 μετὰ

2095 3158 2344 3228 γνώμης,
2374 3152 2550 3227 οἶμαι,
2579 3158 2684 3211 τῶν
2712 3158 2975 3230 ἀρχηγῶν
2998 3158 3224 3211 ἐκείνων
3250 3154 3505 3209 ἀπελθὼν
3525 3156 3571 3186 ⁸ο
3598 3152 3697 3208 καὶ

2090 3252 2237 3314 ὅπως
2273 3251 2370 3314 τὰς
2400 3251 2786 3315 κατασκόπους
2819 3251 3097 3323 δρομάδας
3130 3250 3264 3315 ναῦς
3294 3250 3323 3302 ὁ
3366 3248 3683 3320 Ῥωμαϊκὸς

2090 3344 2305 3412 φθάσας
2329 3344 2564 3414 κατέσχε
2586 3345 2793 3409 στόλος,
2816 3344 2960 3399 καθά
2985 3361 3047 3413 γε
3073 3345 3113 3376 ⁸³
3140 3344 3236 3396 καὶ
3258 3343 3498 3413 εἴρηται.
3522 3338 3694 3395 Ἀλλὰ

2089 3436 2153 3508 δὴ
2190 3439 2284 3490 καὶ
2319 3435 2480 3491 τοῦτο
2512 3435 2962 3507 ἀνερυθριάστως
2999 3432 3340 3504 ἀνωμολὸγει
3377 3433 3423 3465 ⁸⁸
3446 3473 3461 3496 ,
3495 3433 3693 3500 ὅτιπερ

2092 3530 2142 3582 οἱ
2178 3531 2451 3601 ἡγεμόνες
2495 3529 2590 3583 τοῦ
2623 3528 2892 3583 Κελτικοῦ
2932 3529 3122 3600 στόλου
3155 3526 3300 3581 οὕτω
3330 3541 3685 3596 παρασκευα-

2098 3623 2337 3693 σάμενον
2387 3624 2479 3676 τὶν
2528 3624 2916 3695 αὐτοκράτορα
2972 3622 3095 3676 κατ’
3147 3623 3329 3695 αὐτῶν
3383 3621 3689 3689 ἐγνωκότες

2099 3717 2492 3787 ὑπέστρεψαν,
2556 3717 2767 3787 βέλτιον
2813 3711 2954 3770 εἶναι
2997 3716 3325 3785 νομίσαντες
3371 3714 3691 3785 ἀπράκτους

2098 3809 2461 3880 ὑποστρέψαι,
2492 3809 2523 3877 ἢ
2560 3811 2701 3879 μετὰ
2722 3809 2814 3862 τοῦ
2863 3808 3179 3878 Ῥωμαϊκοῦ
3215 3808 3410 3860 στόλου
3445 3804 3689 3875 μαχομέ-

2094 3918 2220 3964 νους
2257 3900 2583 3971 ἡττηθῆναι.
2632 3900 2694 3954 ’0
2746 3902 2846 3971 μὲν
2888 3900 2981 3955 οὖν
3030 3899 3235 3962 Κελτὸς
3272 3901 3482 3962 ἐκεῖνος
3512 3896 3689 3950 ταῦτα

2093 3994 2233 4064 προς
2263 3996 2355 4046 τὸν
2388 3993 2713 4048 Βαλδουῗνον
2748 3996 2985 4062 ἐξεῖπεν,
3021 3995 3331 4067 ὑπότρομος
3362 3993 3438 4046 ὢν
3468 3994 3561 4046 καὶ
3597 3991 3690 4044 τὸν

2099 4085 2409 4156 Ῥωμαϊκὸν
2436 4087 2516 4141 ἔτι
2542 4087 2734 4150 δεδιὼς
2764 4087 2970 4140 στόλον.
2998 4087 3315 4167 Ταῦταίμὲν
3338 4082 3430 4140 οὖν
3454 4085 3524 4138 τὰ
3545 4082 3690 4138 κατὰ

2088 4180 2187 4249 τὴν
2221 4178 2491 4234 θάλατταν
2526 4181 2882 4250 συμπεσόντα
2911 4185 3023 4246 τοῖς
3057 4180 3306 4242 Κελτοῖς.

387 4272 475 4314 ras
507 4262 668 4316 etiam
708 4280 771 4319 ac
838 4268 1204 4324 continentem
1263 4272 1434 4325 firmis
1480 4270 1751 4341 praesidiis
1794 4272 1846 4324 in
1921 4280 2037 4326 tuto
2114 4274 2339 4343 positas.
2409 4276 2590 4344 Ipsum
2653 4290 2762 4343 quo
2815 4276 3025 4329 cunctis
3080 4291 3146 4330 ex
3202 4282 3512 4343 opportuno
3564 4272 3688 4328 loco

384 4354 749 4421 prospiceret,
809 4361 1028 4414 cunctis
1086 4361 1303 4417 animos
1372 4364 1595 4418 adderet
1667 4364 1734 4417 ad
1811 4364 2255 4420 Cherrhonesum
2311 4367 2556 4422 hibernis
2607 4368 2888 4429 :edilicatis
2928 4369 3171 4422 hiemare
3233 4382 3357 4421 eum
3420 4366 3684 4445 exercitu.
3748 4418 3757 4437 ,

388 4445 481 4498 llis
512 4443 651 4500 Galli
684 4450 908 4515 auditis,
952 4452 1090 4506 satis
1135 4455 1238 4509 sibi
1286 4456 1492 4510 conscii
1555 4455 1977 4523 haudquaquam
2021 4453 2155 4521 ipsis
2185 4456 2375 4512 adesse
2404 4458 2550 4511 vires
2620 4466 2799 4510 tantas
2863 4467 3080 4526 quanta:
3126 4456 3191 4510 ad
3246 4443 3687 4525 perrumpendas

386 4550 467 4594 tot
502 4542 638 4595 istas
674 4543 745 4597 ab
815 4548 1156 4614 imperatore
1206 4550 1451 4618 ohjcetas
1522 4551 1899 4619 pra'sidiornm
1951 4549 2172 4604 fortium
2241 4532 2297 4605 et
2361 4551 2800 4607 cautissimorum
2838 4552 3186 4605 consiliorum
3229 4550 3671 4620 prremunitioncs

383 4650 447 4688 ac
481 4638 628 4693 velut
659 4640 894 4697 invictas
941 4644 1136 4709 moles,
1184 4646 1357 4703 versis
1381 4657 1605 4715 repente
1645 4648 1814 4702 clavis
1857 4649 1966 4701 alio
2008 4661 2231 4704 cursum
2277 4648 2654 4701 intenderunt.
2711 4645 2865 4702 Tunc
2895 4646 3178 4704 Gallorum
3254 4662 3393 4701 unus
3460 4645 3682 4713 quidam

380 4745 448 4785 ex
484 4730 550 4785 iis
583 4734 673 4801 qui
710 4743 824 4789 tum
855 4737 997 4792 forte
1030 4738 1174 4795 circa
1209 4741 1377 4795 duces
1407 4739 1560 4796 fuere
1593 4741 1812 4811 quando
1841 4744 1957 4798 lucc
1995 4745 2061 4795 ad
2095 4743 2247 4811 ipsos
2268 4742 2335 4796 de
2360 4742 2693 4811 imperatore
2721 4743 2902 4797 delata
2949 4751 3110 4806 sunt,
3147 4757 3338 4795 navem
3402 4739 3678 4810 propriam

386 4837 671 4882 monerem
758 4833 1169 4890 velocissimam
1240 4829 1517 4892 momento
1546 4845 1903 4893 cunsc‘Ensam
1943 4840 2252 4911 raptimque
2305 4858 2334 4894 a
2390 4841 2566 4895 classe
2627 4841 2862 4895 divisum
2953 4838 3266 4893 irrcursum
3329 4839 3571 4906 expedit,
3625 4830 3681 4880 ei

381 4934 546 4988 quam
576 4923 865 4982 celerrime
898 4927 1225 4985 Balduinum
1261 4931 1375 4985 adit
1415 4941 1543 4984 tunc
1608 4943 2014 5001 oppugnantem
2094 4933 2318 5004 Tyrum.
2375 4933 2548 5003 Eique
2603 4934 2849 5001 exponit,
2905 4931 3062 4997 jussu
3113 4934 3308 5002 opinor
3356 4929 3674 4983 Latinorum

382 5013 606 5080 ducum,
637 5031 745 5086 quo
778 5020 897 5075 loco
928 5022 1069 5089 apud
1101 5024 1264 5092 ipsos,
1303 5038 1410 5094 quo
1431 5024 1569 5093 apud
1602 5025 1982 5094 imperatorem
2024 5041 2114 5080 res
2149 5012 2329 5081 essent
2361 5042 2376 5079 :
2408 5034 2467 5079 ut
2497 5025 2785 5080 dromades
2815 5025 3056 5094 ipsorum
3097 5023 3483 5092 erploratoria:
3508 5038 3533 5071 a
3568 5017 3681 5071 Ro“

386 5110 563 5163 manis
600 5122 772 5180 capta:
807 5131 824 5180 ;
853 5124 909 5167 nt
941 5119 1160 5174 acribus
1175 5106 1426 5174 excubiis
1461 5120 1677 5176 invictis
1709 5120 1981 5189 praesidiis
2011 5123 2491 5191 jlrmtitttttitissittta
2522 5120 2663 5189 apud
2701 5121 2887 5175 hostes
2919 5120 3024 5174 sint
3054 5121 3258 5173 omnia.
3284 5119 3526 5186 Denique
3546 5114 3676 5167 illud

383 5205 552 5260 libere
580 5223 642 5260 ac
674 5210 879 5276 pudore
934 5223 1189 5280 superato
1230 5212 1545 5268 fatebatur:
1577 5231 1920 5285 nequaquam
1963 5232 2124 5270 ausos
2162 5233 2282 5270 esse
2312 5218 2479 5271 duces
2522 5215 2766 5271 Francos
2813 5216 3202 5284 imperatorem
3273 5217 3354 5269 sic
3420 5221 3672 5283 paratum

385 5297 649 5364 aggredi;
679 5300 1097 5369 consultiusque
1172 5304 1453 5374 judicasse
1499 5284 1677 5361 redire
1765 5284 1944 5361 salvos
1989 5321 2046 5360 rc
2085 5308 2282 5362 infecta
2314 5324 2477 5379 quam
2518 5319 2721 5363 temere
2746 5318 3011 5363 attentato
3058 5309 3322 5363 adversus
3366 5306 3677 5361 instructis-

384 5392 576 5446 simam
611 5392 909 5449 Romanam
949 5395 1183 5450 classem
1229 5398 1412 5467 pra-lio
1437 5399 1579 5454 vinci
1608 5399 1751 5454 haud
1784 5400 1967 5456 dubie.
2011 5400 2150 5455 lluic
2227 5399 2513 5456 formidini
2582 5402 2848 5458 orationis
2900 5418 3173 5473 congruus
3229 5411 3346 5457 erat
3408 5413 3666 5473 aspretus

385 5497 549 5554 atque
574 5485 792 5543 habitus
825 5488 952 5541 talia
982 5486 1278 5544 referentis
1314 5488 1583 5546 Baldnino
1632 5489 1797 5558 Galli,
1862 5494 2148 5550 trementis
2177 5494 2401 5549 interim
2437 5495 2567 5550 totis
2630 5494 2884 5561 artubus,
2930 5504 2985 5550 et
3052 5493 3354 5549 Romanam
3436 5495 3502 5550 de
3561 5507 3671 5564 qua

387 5578 599 5636 dicebat
625 5579 854 5637 classem
896 5594 1098 5650 pavere
1133 5581 1311 5637 adhuc
1346 5580 1712 5651 prteferentis.

1394 5724 1595 5788 Variae
1640 5726 1954 5789 lectiones
1981 5741 2061 5785 ex
2094 5723 2239 5786 cod.
2271 5721 2539 5786 Coislin.

472 5828 518 5863 ³⁷
552 5828 709 5902 πρός.
774 5829 819 5861 ³⁸
843 5830 1054 5900 μαθεῖν.
1116 5833 1160 5866 ³³
1207 5831 1330 5903 νῆα.
1393 5831 1437 5865 ⁵ο
1472 5831 1735 5886 ἐπελθών.
1834 5832 1875 5864 δ¹
1915 5828 2238 5901 καθώσπερ.
2302 5829 2346 5863 ⁸³
2371 5824 2665 5897 ὡμολόγει.
