4086 6424
312 480 316 484 Α
391 442 529 516 1059

1687 440 1914 507 ΑΝΝΛΞ
1957 432 2343 505 (ΣΟΜΝΕΝΕ

3466 272 3517 307 /

3515 434 3653 507 1060

389 564 642 619 Felicitas
687 561 930 614 audaciae
987 544 1292 631 reSpondit.
1347 560 1484 615 Victi
1540 568 1668 614 sunt
1723 555 1973 619 Barbari,

2086 551 2182 619 τῆς
2203 552 2428 621 εἰρήνης
2452 548 2939 619 διαπρεσϐεύεται,
2973 551 3257 622 ὁμολογῶν
3283 554 3400 623 ἅμα
3435 554 3501 606 ἐκ
3526 556 3661 607 πολ-

391 664 449 714 ρει
504 652 675 707 cladis
722 653 1177 722 inopinatissimaa
1235 652 1396 724 432
1440 653 1654 715 nuntio,
1706 667 1811 720 qua
1864 659 1970 701 tam

395 745 545 798 multi
578 757 802 797 suorum
833 757 863 795 a
896 750 1006 796 tam
1058 744 1241 812 paucis
1276 752 1607 810 plostrorum
1659 739 1765 794 fusi
1814 738 1971 807 fuga-

393 839 543 905 tique
570 838 806 905 inerant,
858 830 1137 908 perculsus
1189 835 1456 899 sultanus,
1518 834 1701 888 missis
1752 832 1819 886 ad
1877 832 1978 885 im-

396 938 697 993 peratorem
767 930 955 997 legatis
1013 930 1079 982 de
1116 942 1248 997 pace
1293 942 1416 980 cum
1470 943 1535 980 eo
1584 925 1731 993 cepit
1791 939 1971 993 agere.

395 1018 730 1075 Fatebantur
759 1020 922 1088 legati
956 1020 1044 1073 ditt
1075 1033 1199 1073 esse
1246 1032 1369 1073 cum
1418 1018 1676 1072 dominus
1734 1016 1976 1085 ipsorum

392 1120 609 1181 cuperet
638 1125 821 1180 pacem
846 1110 1212 1164 Musulmanos
1243 1109 1383 1163 inter
1404 1119 1457 1163 et
1489 1107 1766 1163 Romanos
1794 1107 1981 1160 videre

396 1203 763 1255 constitutam.
802 1200 942 1255 Vere
986 1201 1059 1254 ita
1087 1210 1226 1254 erat.
1260 1200 1397 1254 Nam
1444 1201 1490 1255 is
1521 1200 1773 1268 princeps
1822 1197 1980 1266 longo

388 1293 501 1361 jam
553 1309 621 1347 ex
681 1303 922 1361 tempore
973 1293 1319 1348 continenter
1385 1291 1585 1345 auditis
1633 1290 1981 1345 successibus

398 1386 571 1440 Alexii
602 1385 853 1455 Augusti,
910 1395 969 1440 ut
1020 1386 1314 1456 prudenter
1345 1400 1426 1447 se,
1458 1392 1516 1437 ut
1547 1384 1759 1438 fortiter
1788 1391 1978 1438 contra

398 1478 583 1531 hostes
637 1477 815 1530 omnis
863 1477 1080 1544 generis
1136 1476 1404 1545 gesserit:
1462 1485 1521 1530 ut
1569 1477 1856 1545 angustiis,
1923 1483 1982 1528 ut

396 1567 655 1637 periculis
690 1582 755 1620 ex
789 1567 1046 1621 maximis
1091 1567 1296 1621 virtute
1344 1580 1402 1622 se
1448 1581 1514 1621 ac
1546 1566 1776 1621 consilio
1804 1565 1982 1634 expli-

395 1668 610 1720 cuerat,
663 1658 947 1725 praestanti
1004 1659 1207 1711 sensim
1268 1667 1677 1726 praeoccupatus
1724 1658 1982 1726 opinione

393 1750 496 1802 viri
533 1764 597 1804 ac
642 1751 997 1804 veneratione
1042 1751 1272 1819 quadam
1329 1758 1470 1805 erat.
1503 1749 1601 1804 Cui
1633 1765 1757 1807 cum
1788 1751 1854 1803 ad
1884 1765 1980 1805 cu-

400 1842 604 1895 mulum
635 1842 869 1896 accessit
916 1857 1108 1897 recens
1142 1842 1479 1910 erperientia
1528 1842 1845 1897 olfensionis
1898 1843 1981 1913 ip-

398 1946 519 1983 sum
557 1929 622 1984 ad
658 1930 815 1984 limen
844 1929 1019 1995 factm,
1047 1947 1112 1984 ex
1143 1946 1268 2000 qua,
1305 1931 1381 1985 uti
1418 1947 1483 1985 ex
1520 1930 1735 1985 ﬁmbria
1772 1942 1976 1985 vestem

395 2025 570 2088 aiunt,
603 2032 656 2076 et
695 2039 761 2077 ex
792 2039 971 2093 ungue
1025 2025 1259 2091 leonem,
1294 2025 1365 2077 ita
1417 2024 1615 2079 bellum
1674 2025 1776 2078 hoc
1807 2032 1979 2078 totum

396 2114 559 2182 quale
607 2117 820 2169 demum
901 2115 1137 2169 futurum
1169 2128 1342 2186 quave
1383 2115 1597 2169 fortuna
1649 2117 1719 2171 sit
1773 2132 1983 2185 geren-

394 2207 545 2270 dum,
598 2209 893 2277 intelligere
924 2209 1134 2276 liceret,
1170 2224 1318 2264 mora
1345 2210 1457 2279 jam
1516 2208 1658 2264 nulla
1706 2225 1831 2266 esse
1885 2225 1982 2281 po-

397 2298 501 2353 tuit
531 2299 659 2367 quin
690 2301 757 2354 ad
782 2301 1003 2356 consilia
1034 2303 1182 2371 pacis
1211 2317 1331 2357 cum
1387 2303 1713 2371 imperatore
1764 2318 1985 2377 compo-

394 2392 583 2448 nendae
613 2404 845 2448 mentem
876 2395 1124 2450 sultanus
1154 2404 1209 2452 et
1239 2398 1621 2466 cogitationem
1659 2397 1982 2467 appelleret.

396 2484 529 2537 Cum
588 2487 753 2552 igitur
802 2487 1150 2541 advenissent
1202 2502 1233 2541 e
1274 2487 1495 2541 Perside
1545 2488 1726 2558 legati,
1783 2489 1985 2543 resedit

395 2573 689 2642 imperator
751 2577 963 2632 sublimi
1019 2579 1174 2635 solio.
1236 2578 1551 2634 Praetoriaui
1598 2594 1786 2635 omnes
1864 2596 1984 2635 om—

393 2665 480 2718 nis
509 2665 703 2728 linguze
745 2682 809 2721 ac
842 2668 1056 2738 generis
1099 2669 1291 2723 ordine
1334 2669 1565 2739 quisque
1619 2684 1717 2723 suo
1779 2670 1980 2725 circum

394 2755 640 2823 dispositi
666 2758 961 2811 terribilem
984 2759 1035 2811 in
1064 2759 1297 2827 speciem
1322 2777 1336 2825 ;
1371 2775 1472 2813 nec
1497 2760 1720 2814 deerant
1752 2776 1980 2829 quorum

395 2845 802 2903 formidolosior
846 2860 1098 2918 aspectus
1129 2859 1248 2904 erat
1301 2851 1587 2906 securibus
1637 2853 1691 2905 in
1753 2853 1984 2907 humero

396 2939 590 3008 positis
623 2941 822 2994 armati
879 2939 1109 2995 Barbari
1157 2953 1471 3011 perpetuam
1527 2944 1579 2997 in
1615 2946 1811 2998 seriem
1864 2944 1985 3001 loco

396 3044 502 3085 suo
549 3031 769 3102 digesti.
826 3030 929 3086 Per
978 3033 1169 3088 limum
1223 3048 1318 3086 ora
1377 3040 1640 3103 arm‘aque
1698 3036 1985 3092 minaciter

396 3124 698 3178 renidentia
749 3124 904 3194 longa
958 3125 1042 3179 via
1100 3127 1443 3182 deducuntur
1503 3128 1664 3199 legati
1706 3131 1887 3186 Persae
1916 3132 1981 3186 ad

395 3213 681 3283 imperiale
709 3216 932 3271 solium.
984 3218 1113 3274 Inde
1158 3221 1434 3290 Angustus
1481 3235 1576 3275 eos
1619 3236 1740 3291 qua:
1790 3237 1876 3277 res
1922 3238 1982 3277 ac
2013 3240 2056 3305 ο

397 3317 610 3377 tempus
634 3310 894 3375 poscebat
918 3310 985 3366 de
1019 3312 1237 3367 sultano
1270 3323 1641 3382 percontatus,
1672 3315 1983 3386 auditisque

396 3398 634 3454 vicissim
668 3416 791 3470 qua:
815 3401 917 3470 ipsi
952 3402 1236 3469 alferrent,
1268 3404 1603 3475 signiﬁcavit
1635 3408 1851 3475 placere
1876 3409 1979 3464 sibi

394 3504 607 3559 quoque
639 3506 825 3560 pacem
862 3492 1061 3549 Persas
1105 3495 1246 3548 inter
1277 3506 1329 3550 et
1365 3495 1647 3552 Romanos
1682 3513 1894 3566 aequam
1928 3508 1981 3555 et

399 3581 611 3635 lirmam
644 3584 786 3638 ﬁeri.
830 3583 1081 3639 Perrexit
1109 3588 1399 3657 evquirere
1431 3589 1628 3645 deinde
1654 3591 1782 3659 quid
1816 3591 2005 3663 sulta-.

396 3687 497 3725 nus
529 3686 800 3742 posceret.
845 3676 1166 3733 Recitautur
1215 3696 1243 3733 a
1297 3681 1484 3751 legatis
1525 3686 1791 3751 postulata
1841 3684 1981 3754 ejus.

395 3762 453 3815 ln
492 3763 560 3820 iis
591 3780 710 3821 esse
745 3768 923 3838 aliqua
974 3771 1161 3824 statim
1218 3772 1499 3841 Augustus
1544 3774 1676 3827 vidit
1725 3774 1984 3829 Romana:

395 3855 473 3908 rei
513 3871 708 3925 parum
764 3862 1072 3915 commoda.
1111 3860 1189 3915 Eo
1222 3863 1387 3931 igitur
1434 3862 1826 3932 eloquentiam,
1875 3879 1983 3933 qua

394 3947 610 4000 valebat
644 3950 971 4017 plurimum,
999 3953 1269 4007 convertit
1297 3967 1477 4018 suam,
1534 3964 1594 4006 ut
1624 3954 1981 4021 pertinaciam

394 4040 447 4088 in
480 4036 543 4091 iis
569 4038 882 4094 obtinendis
906 4042 1181 4111 capitibus
1207 4043 1464 4097 invictam
1491 4045 1779 4099 adimeret.
1814 4045 1984 4102 Multa

397 4120 448 4180 in
483 4141 603 4182 eam
636 4145 749 4183 rem
783 4134 1091 4198 excusavit,
1150 4133 1316 4188 multa
1345 4137 1576 4200 monuit,
1617 4138 1802 4193 multis
1833 4154 1985 4194 com-

396 4223 712 4277 memoratis
744 4225 911 4288 varie,
945 4235 1107 4296 atque
1141 4226 1205 4279 ad
1246 4242 1359 4280 rem
1413 4241 1566 4281 suam
1617 4239 1741 4299 apte
1772 4244 1987 4285 accom-

400 4311 634 4366 modatis
663 4324 780 4370 arte
811 4316 1141 4387 ingenioque
1165 4318 1415 4387 plurimis
1442 4319 1631 4385 evicti,
1671 4323 1887 4376 tandem
1927 4333 1987 4377 ut

395 4418 492 4470 pro
522 4419 583 4459 ea
618 4423 777 4476 quam
804 4409 1101 4476 habebant,
1135 4427 1221 4466 res
1252 4426 1317 4465 ex
1356 4413 1613 4482 prazsenti
1648 4413 1837 4468 notitia
1868 4430 1986 4470 mo-

391 4495 638 4565 derandi,
688 4513 976 4572 potestate,
1010 4506 1426 4560 conditionibus
1482 4507 1604 4562 istis
1630 4507 1858 4576 imperio
1888 4524 1986 4564 no-

2079 641 2176 694 λοῦ
2231 641 2353 711 τὴν.
2388 641 2705 709 ἀναμεταξὺ
2750 643 3368 717 τῶνῧΜουσουλμάνων
3410 647 3522 716 (40)
3564 648 3664 700 καί

2081 735 2190 787 τῶν
2235 733 2530 804 Ῥωμαίων
2584 735 2810 804 εἰρήνην
2854 737 3143 790 ὲπιποθεῖν
3174 737 3499 793 θεάσασθαι.
3559 738 3663 793 Ἐκ

2088 831 2301 903 μακροῦ
2338 830 2448 898 γὰρ
2483 830 2581 891 τὰς
2629 827 2727 880 τοῦ
2775 820 3182 899 αὐτοκράτορος
3230 831 3372 889 κατὰ
3431 827 3658 883 πάντων

2082 922 2370 992 ἀριστείας
2431 918 2745 989 μανθάνων,
2799 920 2893 971 καὶ
2956 919 3283 995 ἀπόπειραν,
3330 921 3498 973 αὐτοῦ
3549 917 3668 973 οἷον

2082 1016 2478 1086 ποιησάμενος,
2513 1015 2623 1065 κάκ
2663 1011 2759 1065 τοῦ
2811 1010 3126 1082 κρασπέδου
3166 1012 3227 1063 τὸ
3281 1010 3536 1080 ὕφασμα.
3569 1011 3669 1065 καὶ

2081 1109 2141 1175 ἐξ
2175 1108 2385 1178 ὀνύχων
2422 1107 2513 1160 τὸν
2553 1105 2750 1159 λέοντα
2781 1105 3064 1172 ἐγνωκὼς,
3098 1104 3195 1157 καὶ
3234 1104 3311 1175 μὴ
3336 1105 3667 1175 βουλόμενος

2090 1200 2231 1270 πρὸς
2266 1197 2553 1268 εἰρηνικὰς
2581 1196 2943 1250 ἀπενενεύκει
2985 1198 3241 1259 σπονδάς.
3271 1197 3396 1249 Τῶν
3426 1200 3489 1249 ἐκ
3525 1200 3665 1267 Περ-

2084 1292 2228 1353 σίδος
2280 1291 2464 1345 τοίνυν
2517 1290 2941 1342 καταλαϐόντων
2989 1290 3306 1360 πρέσϐεων,
3347 1293 3374 1343 ὁ
3410 1289 3665 1360 βασιλεὺς

2083 1384 2315 1455 φοῦερδς
2353 1382 2744 1453 προύκάθητο·
2791 1382 2887 1436 καὶ
2927 1382 2977 1435 oi
3018 1382 3111 1434 ἐπὶ
3144 1382 3244 1451 τῆς
3292 1382 3504 1447 τάξεως
3539 1384 3669 1446 τοὺς

2085 1473 2433 1546 στρατιώτας
2457 1476 2522 1527 ἐκ
2549 1475 2734 1544 πάσης
2769 1473 3019 1544 γλώττης
3056 1474 3536 1542 συνειλεγμένους,
3566 1477 3666 1529 καὶ

2082 1570 2210 1630 τοὺς
2259 1566 2675 1638 πελεκοφόρους
2717 1564 3043 1637 Βαρσάρους
3083 1568 3143 1618 ἐν
3177 1565 3336 1630 τάξει
3387 1583 3672 1635 καταστη-

2084 1661 2337 1729 σάμενοι,
2367 1660 2494 1722 τοὺς
2524 1658 2787 1730 πρέσϐεις
2821 1659 2916 1710 ἐπὶ
2945 1657 3039 1710 τοῦ
3069 1656 3357 1728 βασιλικοῦ
3385 1658 3671 1729 ἰτιιιρεστή⁴

2085 1762 2247 1804 σαντο
2280 1749 2552 1822 βήματος.
2593 1751 2653 1803 '0
2701 1750 2780 1815 δὲ,
2824 1750 2953 1818 περὶ
2982 1748 3077 1803 τοῦ
3108 1749 3402 1804 σουλτάνου
3438 1749 3669 1814 τούτους

2083 1841 2151 1894 τὰ
2177 1841 2366 1895 εἰκότα
2395 1841 2755 1913 ἐπερωτήσας
2799 1839 2844 1873 ⁴⁹
2877 1841 2974 1894 καὶ
3016 1839 3261 1902 ἀκούσας
3291 1839 3358 1892 τὰ
3385 1836 3454 1892 δι’
3483 1839 3672 1891 αὐτῶν

2089 1937 2428 2005 μηνυόμενα,
2456 1934 2731 2006 ὡμολόγει
2761 1933 2861 2004 μὲν
2890 1932 2990 2004 τὴν
3017 1933 3158 2003 μετὰ
3190 1924 3410 1985 πάντων
3441 1932 3672 2001 εἰρήνην

2085 2025 2439 2091 ἀσπάζεσθαί
2467 2040 2528 2079 τε
2571 2028 2664 2080 καὶ
2687 2024 2907 2095 λθέλεινν
2945 2025 3256 2096 πυθόμενος
3300 2025 3356 2078 δὲ
3397 2028 3527 2095 περὶ
3562 2024 3674 2077 τῶν

2086 2119 2165 2191 τῷ
2211 2118 2493 2189 σουλτάνῳ
2525 2117 2854 2183 δοκούντων,
2908 2119 3032 2171 ἐπεὶ
3077 2118 3153 2188 μὴ
3202 2116 3385 2170 πάντα
3413 2118 3482 2169 τὰ
3536 2114 3675 2187 παρε

2087 2201 2270 2266 αὐτῶν
2298 2211 2598 2282 αἰτούμενα
2624 2213 2690 2281 τῇ
2714 2211 2824 2265 τῶν
2863 2209 3152 2282 Ῥωμαίων
3181 2211 3325 2281 ἀρχῇ
3351 2211 3674 2265 συνοίσοντα

2084 2305 2302 2371 διέγνω,
2334 2304 2539 2375 πολλὴν
2569 2307 2683 2366 τοῖς
2707 2303 2874 2358 αὑτοῦ
2902 2304 3085 2373 λόγοις
3109 2303 3286 2357 πειθὼ
3315 2304 3675 2374 περιστείλας

2086 2399 2478 2469 εὐστοχώτατά
2526 2415 2588 2451 τε
2623 2397 2763 2468 πρὸς
2805 2397 3005 2460 αὐτοὺς
3038 2396 3552 2468 ἀπολογησάμενος,
3583 2395 3674 2449 διά
3726 2411 3733 2416 ’

2087 2487 2306 2541 πολλῶν
2337 2488 2603 2559 ῥημάτων
2639 2486 2819 2541 πείθει
2858 2488 2972 2550 τοῖς
3014 2487 3183 2540 αὐτοῦ
3225 2484 3674 2555 συγκατανεῦσαι

2089 2578 2216 2649 θελή
2228 2595 2410 2648 μασιν.
2447 2573 2584 2632 Εἶτα
2614 2577 2752 2649 πρὸς
2777 2579 2879 2649 τήν
2907 2577 3465 2648 παρασκευασθεῖσαν
3487 2577 3675 2641 αὐτοῖς

2091 2671 2301 2741 σκηνὴν
2353 2670 2653 2734 ἀπέλυσεν,
2693 2670 3079 2741 ἐντειλάμενος
3131 2670 3411 2739 σκοπῆσαι
3452 2668 3522 2723 τά
3574 2670 3674 2740 ρη-

2090 2763 2279 2830 θέντα,
2331 2765 2426 2816 καὶ
2467 2765 2515 2816 εί
2566 2763 2665 2832 μὲν
2698 2762 2796 2835 ὅλῃ
2830 2763 2979 2834 ψυχῇ
3021 2764 3156 2833 πρὸς
3189 2762 3364 2816 ταῦτα
3402 2761 3675 2815 κατανεύ⁴

2092 2871 2268 2920 σαιεν,
2338 2856 2396 2919 ὲς
2445 2855 2620 2909 νέωτα
2686 2854 2787 2925 τήν
2848 2855 3057 2924 μεταξὺ
3110 2854 3436 2924 συμφωνίαν
3493 2853 3673 2925 πέρας

2089 2945 2303 3000 )α6εῖν.
2361 2948 2514 2999 Ἐπεὶ
2566 2947 2625 3000 δὲ
2674 2946 2978 3017 προθύμως
3034 2946 3105 2999 τὰ
3154 2946 3307 3015 παρὰ
3361 2945 3458 2999 τοῦ
3512 2945 3676 2997 αὐτο-

2089 3039 2357 3111 κράτορος
2390 3034 2674 3109 ἐφαίνοντο
2724 3038 3033 3109 δεχόμενοι,
3081 3040 3147 3109 τῇ
3208 3039 3330 3107 μετ’
3376 3035 3422 3069 ⁵⁸
3474 3036 3671 3106 αὐτὴν.

2089 3130 2262 3199 πέρας
2316 3134 2349 3200 ἠ
2403 3130 2693 3202 συμφωνία
2766 3128 3073 3199 λαμϐάνει.
3154 3128 3228 3182 Οὐ
3283 3128 3420 3199 πρὸς
3475 3129 3673 3180 ἑαυτὸν

2088 3220 2145 3272 δὲ
2197 3221 2431 3274 ἁπένευε
2494 3223 2680 3291 μόνον,
2704 3219 2872 3275 ’ἀλλὰ
2933 3223 3072 3291 πρὸς
3123 3220 3296 3287 αὐτὴν
3348 3220 3448 3291 τὴν
3512 3219 3673 3288 βασι⁸

2089 3312 2238 3365 λείαν
2302 3313 2614 3384 Ῥωμαίων.
2670 3313 2991 3384 Κηδόμενος
3041 3311 3153 3382 γάρ
3216 3313 3328 3365 τῶν
3386 3311 3675 3381 κοσμικῶν

2089 3405 2292 3475 μᾶλλον
2355 3405 2389 3477 ἢ
2446 3406 2554 3458 τῶν
2609 3402 2830 3472 ἑαυτοῦ,
2894 3407 3003 3459 πᾶν
3074 3406 3136 3457 τὸ
3200 3405 3665 3474 οἰκονομούμενοι)

2088 3497 2225 3565 πρὸς
2269 3496 2340 3550 τὰ
2384 3484 2643 3566 σκῆπτρα
2697 3496 2988 3567 Ῥωμαίων
3045 3495 3341 3549 ἀπονεύειν
3392 3497 3487 3548 tta).
3539 3497 3675 3548 ἀνα-ι

2085 3588 2349 3659 φέρεσθαι
2384 3587 2654 3653 παντοίως
2708 3587 3056 3658 διῳκονόμει,
3094 3586 3185 3641 ἵνα
3213 3589 3307 3639 καὶ
3360 3586 3479 3658 μετ’
3501 3587 3671 3641 αὑτὸν

2085 3679 2182 3733 καὶ
2213 3680 2293 3742 είς
2347 3677 2438 3731 τὸν
2488 3679 2687 3747 ἐφεξῆς
2736 3679 2931 3749 χρόνον
2999 3679 3069 3731 τὰ
3104 3680 3595 3748 συμπεφωνημένα
3623 3680 3670 3712 ⁸⁸

2084 3773 2268 3844 διήκῃ,
2300 3771 2403 3824 κᾶν
2429 3771 2775 3841 ἀπετύγχανε
2830 3769 2926 3823 τοῦ
2972 3769 3179 3823 σκοποῦ
3198 3770 3265 3801 ⁸³·
3295 3768 3365 3820 τὰ
3394 3770 3503 3839 γὰρ
3544 3768 3676 3838 μετ’

2086 3864 2250 3916 αὐτον
2302 3861 2476 3925 ἄλλως
2530 3861 2684 3933 ἔσχε,
2732 3862 2826 3916 καὶ
2871 3863 2953 3926 εἰς
3016 3862 3279 3932 σύγχυσιν
3335 3861 3564 3933 ἀφεώρα
3601 3862 3672 3913 τά

2086 3956 2412 4025 πράγματα.
2467 3954 2917 4026 Κατεστορεύετο
2974 3955 3074 4026 μὲν
3129 3954 3239 4026 γὰρ
3297 3954 3375 4025 τῷ
3433 3954 3573 4016 τέως
3602 3954 3677 4007 τὰ

2086 4043 2412 4114 ἐνοχλοῦντα
2464 4044 2559 4097 καὶ
2626 4045 2706 4107 εἰς
2748 4046 2974 4116 εἰρήνην
3027 4045 3214 4099 άπεϊδε
3276 4043 3499 4113 βαθεῖαν
3522 4062 3538 4077 ·
3576 4045 3674 4097 καὶ

2087 4137 2195 4191 ἀπὸ
2241 4137 2405 4207 μέχρι
2439 4137 2678 4207 πέρατος
2733 4134 2931 4199 αἰῶνος
2971 4137 3199 4207 εἰρήνην
3225 4136 3459 4205 ήγομεν.
3505 4135 3671 4188 Ἀλλά

2086 4232 2198 4301 γὰρ
2227 4229 2539 4298 συγκατέδυ
2587 4228 2667 4297 τῷ
2714 4227 2928 4298 βασιλεί
2976 4227 3159 4281 πάντα
3217 4229 3286 4281 τὰ
3342 4227 3543 4296 λῴονα,
3582 4226 3678 4279 καὶ

2089 4320 2449 4383 κενόσπουδος
2476 4318 2627 4390 αὐτῷ
2656 4320 2690 4390 ή
2719 4320 2925 4387 σπουδὴ
2955 4319 3095 4388 μετὰ
3141 4319 3240 4389 τήν
3303 4317 3469 4371 αὑτοῦ
3507 4317 3678 4384 παρὲ-

2087 4415 2272 4467 λευσιν
2300 4410 2496 4480 γέγονε
2522 4408 2822 4481 αῦελαιτηρίςξ¹
2843 4410 2951 4462 τῶν
2977 4408 3377 4477 διαδεξαμένων
3417 4407 3485 4460 τά
3539 4405 3679 4476 σκῆ-

2091 4523 2238 4576 πτρα
2255 4503 2324 4557 υ.

394 4586 498 4642 aiis
526 4606 630 4646 non
667 4593 935 4652 haererent
967 4597 1279 4663 mordicus;
1338 4599 1432 4652 sed
1502 4599 1570 4652 iis
1638 4599 1951 4657 relaxandis
2018 4604 2070 4658 in
2111 4597 2438 4657 sententiam
2493 4594 2841 4666 imperatoris
2888 4607 2949 4648 se
2988 4592 3115 4648 duci
3165 4601 3503 4661 paterentur.
3566 4591 3681 4646 Hoc

391 4691 649 4746 expresso
697 4698 964 4739 consensu
996 4686 1203 4741 dimissi
1234 4686 1415 4740 Persae
1449 4686 1499 4739 in
1533 4687 1711 4756 ample
1743 4688 1879 4758 ipsis
1947 4700 2005 4746 et
2076 4688 2361 4745 commode
2415 4695 2668 4754 paratum
2747 4684 3158 4738 tabernaculum
3227 4684 3442 4739 deducti
3506 4693 3677 4752 sunt;

396 4770 688 4825 mandante
743 4773 874 4843 ipsis
922 4776 976 4829 in
1026 4777 1273 4846 digressu
1326 4776 1595 4855 Augusto,
1646 4788 1705 4832 ut
1763 4780 1834 4834 ibi
1907 4796 2006 4850 per
2043 4782 2213 4835 otium
2247 4780 2313 4834 de
2348 4777 2510 4832 dictis
2543 4775 2687 4831 ultro
2733 4775 2985 4844 citroque
3055 4790 3307 4833 sermone
3352 4777 3529 4847 primo
3561 4777 3666 4831 isto

394 4860 557 4914 etiam
610 4874 775 4932 atque
822 4869 986 4923 etiam
1066 4870 1412 4939 cogitarent:

1495 4869 1756 4939 pollicens
1806 4874 1943 4940 fore,
1993 4875 2040 4931 si
2099 4872 2317 4943 quidem
2394 4870 2448 4924 in
2511 4869 2779 4923 sententia
2831 4878 3159 4937 perstarent,
3228 4880 3283 4922 et
3347 4869 3401 4923 in
3446 4870 3513 4923 iis
3559 4885 3681 4937 quae

396 4954 501 5008 sibi
530 4956 639 5022 jam
668 4974 822 5029 aequa
856 4962 1025 5017 videri
1100 4963 1493 5030 declarassent,
1552 4972 1664 5020 toto
1734 4966 1838 5022 sibi
1874 4970 2057 5023 animo
2095 4976 2322 5035 totaque
2367 4963 2640 5020 sententia
2694 4961 3150 5031 perseverandum
3197 4962 3502 5019 ducerent:
3554 4977 3678 5016 cra-

396 5045 536 5098 slina
568 5047 682 5116 ipsa
743 5053 929 5106 statim
966 5054 1054 5107 die.
1087 5071 1272 5124 pacem
1301 5056 1460 5125 cujus
1495 5062 1792 5115 tractandae
1864 5077 2028 5118 causa
2104 5068 2367 5119 venerant
2432 5064 2711 5114 momento
2766 5055 3151 5111 absolvendam
3230 5055 3678 5125 lirmandamque.

399 5135 625 5193 Miriﬂce
656 5138 788 5208 ipsis
826 5156 946 5211 quae
972 5144 1187 5203 dicebat
1217 5148 1515 5219 imperator
1558 5152 1772 5219 placere
1798 5154 2143 5223 gvidebantnr
2213 5152 2419 5207 omnia.
2495 5147 2605 5203 Nec
2670 5162 2776 5202 nox
2809 5146 3096 5202 consilium
3156 5148 3406 5203 mutavit.
3473 5146 3673 5212 Postri_

400 5227 507 5295 die,
545 5230 597 5283 in
629 5231 822 5300 primis
845 5231 1148 5291 volentibus
1177 5250 1344 5307 atque
1364 5242 1737 5297 annitentibus
1763 5243 1976 5314 legatis,
2019 5253 2354 5299 conventum
2412 5245 2465 5297 in
2498 5252 2679 5297 certas
2704 5241 2854 5311 leges
2930 5241 3292 5311 tractatioque
3366 5240 3695 5295 concordia:-

404 5324 544 5378 ielici
597 5325 744 5379 exitu
798 5326 1079 5383 conclusa.
1132 5331 1409 5399 Ejusmodi
1460 5336 1607 5402 pacis
1657 5333 1777 5403 ejus
1838 5335 1983 5404 leges
2022 5345 2201 5403 erant,
2273 5345 2332 5388 ut
2375 5335 2510 5389 satis
2570 5344 2860 5404 appareret
2913 5347 3258 5404 nequaquam
3313 5316 3403 5388 ea‘
3441 5344 3682 5401 tempore

1468 5470 1672 5533 Variae
1696 5473 2003 5540 lectiones
2048 5492 2124 5537 ex
2150 5473 2296 5537 cod.
2315 5468 2583 5534 Coislin.

471 5586 516 5619 ”
543 5587 923 5671 ἐπερωτήσας.
979 5581 1070 5667 ,⁸ο
1092 5584 1200 5671 διά.
1316 5582 1358 5620 ⁸¹
1388 5591 1851 5671 συμφωνούμενα.

1962 5594 2012 5632 ⁸³
2044 5592 2139 5647 καὶ
2178 5592 2290 5646 τῶν
2341 5590 2507 5645 αὑτοῦ

2560 5590 2948 5677 βουλευμάτων
2983 5591 3225 5663 ἠστόνει.
3329 5592 3376 5624 ⁸³
3427 5593 3517 5648 καὶ
3545 5591 3679 5655 ὅλως

403 5654 699 5727 ἀσυντελὴς
741 5654 883 5726 μετὰ
909 5654 1079 5710 ταῦτα
1105 5658 1320 5727 γέγονε,
1345 5654 1476 5712 θεῶν’
1500 5654 1845 5731 πραγμάτων
1874 5662 2049 5727 ἄλλως
2088 5681 2203 5726 πως
2243 5654 2728 5720 διακυὸευθέντων,

1476 5775 1615 5839 Car.
1642 5777 1973 5840 Dufresnii
2031 5779 2127 5839 Du
2165 5777 2383 5855 Cangii
2418 5783 2606 5838 notae.

479 5869 593 5945 (40)
624 5873 1147 5943 Μουσοιιιιμάνων.
1193 5873 1313 5934 Vim
1349 5874 1497 5933 vocis
1549 5875 1730 5944 prodit
1788 5877 1983 5934 Lcuncl

2086 5891 2147 5932 us
2176 5875 2235 5930 in
2271 5873 2443 5931 Parui.
2484 5891 2538 5930 ιι.
2568 5873 2638 5928 22
2662 5885 2715 5932 ct
2744 5874 2835 5929 59,
