4086 6464
399 407 530 474 1061
635 449 649 464 κ
1611 413 2024 474 ALEXlADlS
2054 410 2199 471 LIB.
2229 409 2392 470 XIV.
3353 439 3356 441 -
3532 399 3671 464 10ῧέ

399 524 488 577 tali
515 525 834 588 sancienda,
869 538 927 579 se
957 539 1122 579 suave
1170 526 1421 594 privatim
1493 527 1794 598 Augustum
1859 524 2179 586 attendisse,
2235 537 2444 586 verum,
2497 531 2554 575 ιιι
2607 519 2817 574 solebat
2884 533 3129 587 semper,
3205 520 3282 572 rei
3351 511 3664 571 communiS

402 618 691 674 utilitatem
719 627 775 675 et
803 623 1000 690 sceptri
1067 620 1297 676 Romani
1347 623 1680 691 majestatem
1723 629 2002 692 spectasse
2040 633 2240 683 unam;
2280 631 2472 686 magna
2526 615 2769 684 profecto
2803 624 2988 668 nostra
3058 626 3112 667 et
3161 614 3212 667 in
3263 625 3472 683 tempus
3507 629 3671 670 omne

397 718 742 788 propaganda
774 729 1056 788 posterum
1111 719 1390 783 felicitate,
1645 719 1690 774 si
1752 719 2002 772 durasset
2041 725 2147 768 tam
2230 713 2487 768 salutaris
2521 713 2618 767 ista
2653 711 2966 766 concordia.
3013 710 3146 763 Nam
3201 713 3493 764 intervenit
3534 711 3670 765 fata-

398 811 461 863 bs
495 811 594 874 vis,
623 822 676 864 et
711 811 812 864 hoc
846 820 1095 878 exempto
1118 812 1280 866 rebus
1303 814 1573 878 humanis,
1609 813 1762 880 longe
1793 810 1973 871 aliam,
2015 807 2169 877 culpa
2200 807 2625 872 succedentium,
2658 805 2804 859 orbis
2835 805 3090 858 Romana:
3158 805 3465 874 reipublicae
3532 821 3672 861 con-

401 902 703 960 versionem
737 902 901 970 cepit.
952 903 1086 958 Aliis
1117 905 1380 972 consiliis,
1432 907 1519 960 alii
1559 920 1884 968 successus;
1922 912 1976 956 et
2021 901 2490 970 perturbatissima
2518 909 2698 953 secuta
2743 909 2986 968 tempora
3023 902 3074 955 in
3159 900 3335 954 locum
3406 912 3670 957 venerunt

401 995 551 1058 pacis
604 994 761 1063 hujus
806 995 1220 1065 l‘undatissimae,
1254 1017 1371 1068 qua:
1439 1013 1491 1054 ut
1549 1002 1760 1070 priores
1844 1007 2059 1051 nostras
2097 997 2381 1050 universas
2413 995 2658 1048 miserias
2688 995 3015 1059 absolverat,
3069 997 3139 1048 ita
3173 1012 3281 1049 non
3314 996 3532 1050 dubiam
3571 1011 3668 1064 ρο,

399 1089 658 1155 steritati,
717 1095 876 1148 modo
913 1095 1134 1149 retineri
1178 1096 1469 1164 potuisset,
1524 1095 1974 1164 tranquillitatem
2015 1092 2066 1145 in
2119 1100 2328 1159 tempus
2371 1105 2529 1144 omne
2587 1090 2938 1156 promittebat
3003 1104 3367 1158 consequens.
3444 1087 3676 1159 Superis

399 1177 556 1232 aliter
594 1182 806 1248 visum;
874 1185 1122 1252 adempta
1173 1199 1295 1237 cum
1351 1185 1538 1238 Alexio
1589 1186 1791 1254 pariter
1873 1195 1998 1250 spes
2073 1179 2330 1248 salusque
2402 1179 2656 1251 publica;
2710 1190 3070 1248 conatumque
3100 1180 3241 1233 hunc
3282 1182 3403 1249 ejus
3446 1180 3672 1236 beandaa

399 1273 754 1337 posteritatis,
803 1275 1068 1340 confusis,
1122 1278 1225 1332 hoc
1273 1277 1502 1341 sublato,
1539 1277 1719 1339 rebus,
1750 1275 1871 1328 fecit
1904 1273 2115 1326 irritum
2151 1287 2338 1327 eorum
2410 1271 2792 1340 imprudentia,
2837 1273 2926 1338 qni
2997 1274 3235 1328 habenas
3301 1274 3512 1344 imperii
3585 1291 3672 1331 re-

398 1367 552 1420 lictas
587 1367 654 1420 ab
687 1384 773 1432 eo,
811 1371 997 1437 peritia
1029 1371 1224 1425 deinde
1268 1387 1372 1425 non
1409 1373 1522 1440 pari
1561 1380 1876 1426 tractarunt.

470 1461 532 1514 Οί
584 1461 641 1512 δὲ
681 1480 776 1514 του
823 1465 1140 1531 Φραγγικοῦ
1208 1466 1401 1518 στόλου
1436 1466 1706 1536 ἡγεμόνες
1750 1467 1838 1520 διὰ
1865 1466 1975 1520 τῶν

2151 1463 2230 1513 Ad
2264 1459 2492 1514 classem
2532 1459 2816 1514 redeamus
2845 1459 3184 1525 Francicam,
3228 1461 3384 1531 cujus
3423 1465 3670 1518 modera-

399 1546 812 1612 περισωθέντων
866 1550 974 1602 ἀπὸ
1033 1551 1142 1604 τῶν
1213 1554 1372 1606 πέντε
1420 1554 1703 1624 δρομάδων
1737 1556 1882 1625 νηῶν
1908 1555 1975 1608 τὰ

398 1639 524 1708 περὶ
559 1639 653 1691 τοῦ
694 1640 1006 1709 Ῥωμαῖκοῦ
1039 1644 1253 1712 στόλου,
1276 1646 1350 1708 ὼς
1381 1648 1618 1717 εἴρηται,
1649 1647 1975 1716 βεϐαιωθέν-

395 1747 508 1795 τεσ,
553 1733 646 1785 καὶ
673 1733 756 1786 ὅτι
806 1735 834 1786 ὁ
867 1733 1123 1808 βασιλεὺς
1167 1737 1260 1788 τὸν
1297 1738 1480 1791 στόλον
1509 1739 1844 1808 εὐτρεπίσας
1874 1739 1975 1809 τὴν

396 1823 578 1874 αὐτῶν
607 1822 796 1891 ἔφοδον
845 1827 975 1890 περὶ
1007 1826 1107 1897 τὴν
1155 1830 1504 1899 Χερρόνησον
1544 1834 1858 1902 περιμένων
1894 1833 1978 1887 ὲν-

394 1913 684 1983 διατρίϐει,
707 1915 801 1969 τοῦ
828 1920 1094 1989 προτέρου
1120 1921 1324 1974 σκοποῦ
1357 1921 1696 1992 ἀπέστησαν,
1731 1924 1977 1994 μηδόλως

396 2005 508 2064 τοῖς
583 2005 775 2074 μέρεσι
845 2006 1160 2077 Ῥωμανίας
1229 2012 1534 2076 πλησιάσαι
1621 2015 1973 2084 θελήσαντες.
2016 2013 2028 2021 ’

400 2095 828 2166 Παραχειμάσας
858 2101 952 2154 οὖν
981 2106 1010 2155 ό
1039 2103 1288 2173 βασιλεὺς
1315 2108 1394 2169 εἰς
1422 2107 1818 2160 Καλλιούπολιν
1839 2108 1978 2176 μετὰ

395 2186 494 2254 τῆς
529 2188 799 2255 βασιλίδος
827 2208 842 2222 ο
903 2193 1191 2248 συνείπετο
1249 2197 1359 2267 γὰρ
1419 2197 1569 2268 αὐτῷ
1612 2197 1700 2252 διὰ
1729 2198 1828 2266 τὴν
1867 2199 1976 2251 τῶν

399 2276 577 2331 ποδῶν.
635 2280 848 2352 ὀδύνην,
882 2283 958 2346 ὡς
1000 2286 1262 2350 πολλάκις
1306 2288 1588 2358 ἱστόρηται
1614 2289 1662 2321 ⁸⁸
1687 2330 1702 2354 ,
1737 2290 1832 2343 καὶ
1882 2292 1976 2343 τὸν

396 2369 588 2438 ’σωρὸν
640 2373 763 2425 καθ’
813 2373 870 2426 ὂν
902 2377 928 2428 ὀ
998 2377 1109 2429 τῶν
1155 2379 1400 2433 Λατίνων
1428 2379 1618 2433 εἴωθεν
1668 2382 1977 2451 παραπλεῖν

399 2461 584 2524 στόλος
671 2465 1204 2538 παραφυλαξάμενος
1266 2471 1348 2533 είς
1422 2471 1520 2542 τὴν
1584 2471 1978 2540 βασιλεύουσαν

399 2549 757 2621 ὑπέστρεψεν.
794 2555 869 2608 Οὺ
901 2556 1066 2620 πολὺς
1101 2559 1451 2628 παρίππευκε
1469 2561 1659 2632 χρόνος
1682 2562 1775 2615 καὶ
1804 2563 1978 2634 Τούρ-

398 2655 512 2690 κων
535 2640 722 2708 ἔφοδος
745 2644 1178 2713 καταγγέλλεται
1208 2648 1266 2713 ἐξ
1289 2649 1516 2702 ἁπασῶν
1545 2650 1654 2702 τῶν
1683 2650 1783 2720 τῆς
1819 2652 1979 2705 Ἀνα-

396 2733 559 2802 τολῆς
585 2735 802 2806 χωρῶν,
845 2740 938 2790 καὶ
997 2738 1160 2792 αὑτοῦ
1191 2739 1284 2791 τοῦ
1322 2742 1575 2809 Χορασᾶν
1634 2741 1711 2805 ὡς
1743 2745 1822 2804 εἰς
1846 2760 1979 2796 πεν-
2013 2780 2059 2840 Β

397 2826 634 2894 τήκοντα
699 2828 945 2897 χιλιάδας
1017 2834 1487 2902 συμποσουμένων
1532 2848 1548 2862 ⁸
1622 2835 1742 2888 οὐδὲ
1805 2836 1912 2906 γὰρ
1933 2836 1979 2868 ⁵⁵

400 2918 538 2986 πρὸς
571 2917 745 2989 βραχὺ
774 2920 1060 2992 ῥᾳστώνης
1095 2924 1407 2994 μετειλήχει
1463 2925 1554 2978 τὸν
1609 2927 1828 2980 ἅπαντα
1880 2928 1982 2993 τῆς

401 3010 832 3083 αὐτοκρατορίας
865 3014 1031 3068 αὐτοῦ
1062 3016 1276 3086 χρόνον,
1309 3017 1485 3070 ἄλλων
1540 3022 1633 3072 καὶ
1659 3020 1836 3074 ἄλλων
1863 3023 1984 3074 ἐπι-

402 3103 688 3173 φυομένων
717 3107 996 3174 πολεμίων
1021 3109 1066 3140 ⁸⁸
1099 3109 1384 3180 διηνεκῶς.
1411 3112 1816 3167 Μετακαλεῖται
1870 3114 1984 3167 τοί-

401 3212 497 3248 νυν
520 3197 897 3269 ἁπανταχόθεν
921 3200 982 3252 τὺ
1010 3201 1287 3254 ὁπλιτικὸν
1319 3203 1464 3256 ἅπαν
1485 3245 1498 3266 ,
1539 3206 1633 3257 καὶ
1661 3206 1754 3259 τοῦ
1787 3208 1980 3275 καιροῦ

403 3289 836 3358 στοχασάμενος,
903 3291 1027 3344 καθ’
1085 3291 1144 3344 ὃν
1183 3293 1376 3362 καιρὸν
1427 3295 1541 3366 (41)
1583 3297 1812 3365 σύνηθες
1869 3303 1984 3364 τοῖς

403 3376 708 3448 Βαρϐἀροις
754 3383 852 3443 τὰς
897 3382 1039 3434 κατὰ
1090 3383 1199 3436 τῶν
1255 3385 1596 3454 Χριστιανῶν
1617 3388 1662 3419 ⁸⁷
1713 3389 1983 3459 ἐκδρομὰς

403 3471 699 3536 ποιεῖσθαι,
731 3472 827 3525 τὸν
857 3474 1172 3543 ἀναμεταξὺ
1212 3477 1511 3541 Βυζαντίου
1539 3480 1634 3536 καλ
1683 3480 1984 3551 Δαμάλεως

401 3560 637 3632 διαπερᾷ
672 3563 940 3634 πορθμόν.
976 3565 1085 3618 Καὶ
1109 3566 1230 3618 οὐδὲ
1262 3567 1292 3636 ἡ
1325 3566 1628 3621 ἐπελθοῦσα
1665 3569 1838 3640 τούτῳ
1871 3571 1982 3624 τῶν

403 3653 581 3706 ποδῶν
639 3655 972 3724 περιωδυνίαι
1011 3657 1237 3728 ἀπεῖρξε
1280 3658 1376 3710 τοῦ
1427 3658 1617 3728 ἔργον,
1669 3663 1790 3731 ἥτις
1857 3662 1981 3716 οὔτε

401 3745 509 3797 τινὶ
540 3735 649 3798 τῶν
696 3746 978 3815 προγόνων
1021 3747 1340 3817 ξυμϐέϐηκε
1399 3749 1642 3818 πώποτε,
1693 3753 1778 3806 ἵνα
1808 3772 1888 3817 τις
1919 3757 1982 3808 ὲκ

404 3837 800 3906 σπερματικῶν
829 3838 1003 3906 λόγων
1031 3839 1123 3892 καὶ
1148 3840 1227 3900 είς
1255 3840 1419 3894 αὑτὸν
1450 3843 1748 3898 κατιοῦσαν
1771 3847 1983 3916 νομίσοι

399 3927 502 3994 τὴν
544 3927 718 3990 νόσον,
751 3927 876 3980 οὔτε
908 3931 972 3980 ὲκ
1010 3929 1219 4000 διαίτης
1255 3932 1451 4002 ἀὸρᾶς,
1486 3937 1646 3988 ὁποῖα
1677 3939 1788 4000 τοῖς
1829 3938 1983 4010 διαρ-

404 4019 589 4092 ῥέουσι
612 4018 703 4072 τὸν
749 4017 865 4088 βίον
911 4020 1005 4072 καὶ
1052 4022 1357 4092 φιληδόνοις
1418 4025 1740 4094 συμϐαίνειν
1771 4029 1982 4097 εῐωθεν,

2091 1560 2236 1606 tores
2264 1553 2350 1605 ubi
2373 1562 2520 1606 certo
2539 1561 2873 1621 compertum
2894 1563 2976 1606 est
3001 1553 3382 1622 cngitationem
3409 1555 3700 1630 abjecisseI

2090 1643 2359 1698 tentandae
2385 1643 2633 1698 coruinus
2669 1643 2949 1699 Romaniae
2979 1662 2994 1697 :
3031 1644 3174 1714 quod
3207 1659 3300 1699 eos
3330 1660 3357 1698 a
3393 1647 3486 1700 tali
3534 1663 3671 1704 cond

2087 1736 2209 1789 silio
2239 1737 2593 1791 deterruisset
2623 1735 2879 1788 indicium
2907 1749 3096 1790 eorum
3121 1736 3214 1804 qui
3240 1751 3270 1788 e
3294 1737 3671 1803 speculatione

2085 1826 2176 1881 illa
2221 1831 2394 1897 prima
2446 1827 2514 1882 de
2567 1842 2673 1896 qua
2725 1827 2982 1891 diximus,
3041 1828 3281 1896 quinque
3323 1829 3667 1898 dromadnm,

2086 1921 2260 1986 captis
2303 1919 2530 1988 reliquis
2577 1919 2732 1988 pauci
2792 1920 2878 1971 vix
2935 1918 3068 1972 salvi
3101 1919 3407 1987 redierant;
3467 1923 3670 1976 retule—

2090 2019 2320 2079 rantque
2349 2011 2560 2064 ﬁrmant
2597 2020 2650 2064 et
2677 2025 3020 2064 numerosam
3053 2025 3173 2065 esse
3201 2010 3498 2066 Romanam
3523 2013 3668 2067 clas-

2087 2117 2198 2158 sem
2224 2120 2239 2169 ;
2274 2105 2574 2172 Augustum
2595 2117 2725 2156 vero
2757 2103 3027 2170 intrepido
3050 2104 3234 2157 animo
3261 2105 3394 2156 bene
3421 2113 3672 2171 paratum

2087 2193 2349 2246 adversus
2374 2207 2756 2262 quamcunque
2791 2193 2922 2256 vim,
2959 2193 3167 2247 hostem
3213 2197 3352 2262 apml
3390 2195 3669 2250 Chrrrho-

2089 2297 2280 2337 nesum
2311 2283 2586 2352 opperiri;
2621 2293 2699 2348 ut,
2729 2284 2973 2352 inquam,
3001 2287 3238 2352 Augusto
3261 2285 3393 2340 satis
3422 2288 3674 2342 constitit-

2085 2374 2270 2428 Gallos
2299 2373 2448 2428 hisce
2481 2373 2682 2426 nuntiis
2733 2376 3016 2442 perculsos
3065 2376 3172 2429 alio
3221 2392 3346 2444 spes
3397 2394 3672 2448 curasque

2089 2475 2323 2530 vertere,
2357 2482 2536 2544 peque
2570 2467 2634 2518 ab
2665 2466 2753 2532 iis,
2789 2483 2928 2520 nunc
2962 2469 3202 2536 quidem,
3240 2470 3540 2537 periculum
3577 2473 3666 2526 iit-

2087 2567 2257 2622 Stare,
2290 2569 2401 2612 tum
2434 2573 2566 2612 sane
2600 2559 2717 2626 ipse
2748 2570 3019 2613 maturum
3050 2561 3281 2614 credidit
3322 2561 3375 2615 in
3421 2578 3666 2617 commo-

2091 2646 2298 2700 diorem
2329 2647 2575 2702 hibernis
2609 2648 2788 2700 locum
2843 2647 3169 2716 demigrare.
3219 2649 3299 2704 Ad
3355 2651 3406 2704 id
3457 2653 3672 2708 delecta

2088 2739 2424 2808 Calliopolis,
2454 2755 2563 2809 quo
2594 2750 2651 2793 ut
2700 2756 2759 2796 se
2800 2741 3056 2805 contulit,
3107 2756 3305 2808 praesto
3341 2743 3525 2798 habuit
3550 2746 3670 2800 Αιιε

2087 2844 2298 2902 gnstam
2335 2843 2562 2887 matrem
2597 2848 2815 2887 meam:
2873 2834 2958 2887 cui
3003 2842 3180 2887 castra
3234 2837 3516 2903 sequendi,
3566 2837 3667 2892 dc-

2087 2923 2352 2992 gendique
2381 2939 2626 2992 peregre,
2657 2939 2818 2977 causa
2838 2932 2955 2978 erat
2979 2925 3150 2992 prima
3175 2935 3229 2980 et
3253 2929 3580 2994 necessaria,
3603 2930 3667 2983 de

2085 3031 2189 3084 qua
2231 3029 2374 3084 stepe
2397 3016 2656 3078 diximus,
2691 3016 3050 3070 ministerium
3077 3019 3194 3070 viro
3220 3017 3584 3074 adhibendum
3613 3021 3664 3074 in

2085 3107 2238 3175 gravi
2299 3108 2494 3176 pedum
2554 3107 2744 3161 morbo
2793 3123 2898 3176 quo
2935 3110 2979 3162 is
3027 3108 3327 3164 laborabat.
3385 3111 3665 3182 Calliupol'i

2084 3201 2366 3272 Augustus
2398 3201 2540 3257 velut
2583 3203 2636 3256 in
2663 3202 2910 3256 excubiis
2949 3202 3274 3270 quibusdam
3312 3205 3415 3258 fuit
3464 3216 3573 3260 toto
3603 3221 3666 3262 eo
3741 3215 3744 3220 '

2089 3303 2332 3360 tempore
2365 3309 2471 3363 quo
2510 3309 2823 3348 commeare
2854 3309 2949 3362 per
2987 3295 3077 3347 illa
3111 3296 3278 3348 maria
3313 3296 3518 3351 classes
3565 3298 3675 3352 [ιη-ι

2086 3388 2212 3440 time
2248 3387 2462 3451 solent;
2492 3402 2558 3441 eo
2587 3387 2807 3440 demum
2857 3395 3136 3442 transacto
3176 3388 3288 3457 jam
3339 3404 3566 3445 securus
3613 3391 3666 3445 in

2085 3479 2275 3531 urbem
2307 3477 2508 3547 regiam
2539 3492 2597 3532 se
2631 3478 2844 3546 recipit.
2870 3475 2987 3531 Non
3017 3477 3109 3532 diu
3143 3479 3211 3532 ibi
3244 3481 3666 3546 quieveratcum

2088 3569 2315 3638 trepidis
2344 3569 2618 3623 excitatur
2649 3568 2855 3622 nuntiis
2887 3568 3124 3637 ingentis
3179 3569 3505 3638 irruptionis
3530 3570 3667 3625 Tura

2087 3676 2279 3715 corum
2319 3677 2386 3716 ex
2427 3661 2640 3714 cunctis
2682 3660 2925 3715 Orientis
2965 3660 3280 3729 regionibus
3325 3672 3382 3716 et
3437 3678 3504 3717 ex
3551 3665 3669 3734 ipso

2084 3751 2367 3808 Corosane
2412 3753 2476 3806 ad
2528 3752 2924 3822 quinquaginta
2976 3751 3140 3806 millia
3195 3763 3665 3823 congregatarum.

2085 3839 2353 3896 Nimirum
2387 3841 2550 3896 fatale
2581 3835 2701 3894 meo
2728 3842 2870 3910 patri
2911 3841 3012 3895 fuit
3047 3853 3107 3896 ut
3146 3858 3214 3896 ne
3241 3847 3304 3897 ad
3336 3856 3665 3901 momentum

2087 3934 2302 4002 quidem
2334 3942 2446 3988 toto
2476 3932 2813 4002 principatus
2836 3932 2919 3986 sui
2953 3943 3215 4002 tempore,
3248 3949 3374 3988 cura
3405 3944 3456 3988 et
3481 3937 3676 3992 labore

2088 4041 2292 4082 vacuus
2325 4037 2509 4096 posset
2535 4025 2740 4080 vivere.
2802 4025 2950 4079 Adeo
2986 4025 3074 4078 alii
3131 4026 3388 4080 continuo
3434 4043 3497 4081 ex
3545 4029 3668 4081 aliis

402 4109 518 4163 ἀλλ’
547 4111 694 4174 ὅπως
726 4111 876 4180 αὐτῷ
904 4113 934 4181 ἡ
975 4111 1215 4177 διάθεσις
1268 4114 1376 4166 τῶν
1437 4116 1616 4169 ποδῶν
1647 4121 1981 4190 ἐπηρέαζεν,

2089 4119 2514 4174 succrescebant
2544 4117 2770 4183 hostes;
2807 4116 2908 4170 alia
2935 4129 2998 4170 cx
3038 4116 3160 4171 aliis
3186 4117 3323 4171 bella
3352 4120 3672 4187 surgebanti

401 4201 516 4271 ἐγὼ
569 4203 923 4272 διηγήσομαι.
983 4203 1301 4275 Ἐσφαίριζὲ
1375 4223 1507 4258 ποτε
1572 4210 1984 4279 γυμναζόμενος

404 4295 834 4363 συσφαιρίζοντα
893 4295 988 4346 καὶ
1044 4295 1135 4347 τὸν
1172 4295 1430 4349 Τατίκιον
1487 4296 1659 4368 ἔχων,
1726 4301 1858 4370 περ)⁵
1923 4297 1984 4355 οὗ

406 4387 668 4448 πολλάκις
718 4387 1048 4456 διείλεγμαι.
1132 4386 1228 4451 Ὃς
1295 4389 1390 4442 καὶ
1445 4391 1615 4442 uno"
1663 4392 1757 4444 τοῦ
1817 4393 1986 4448 ἵππου

407 4482 772 4549 παρασυρεὶς,
808 4479 1076 4549 ἐμπίπτει
1107 4480 1184 4550 τῷ
1235 4479 1466 4548 βασιλεῖ,
1497 4482 1793 4537 κάντεῦθεν
1825 4487 1990 4558 ἀλγή-

409 4587 507 4631 σας
549 4571 646 4640 τὴν
683 4569 948 4638 κεφαλίδα
976 4569 1069 4622 τοῦ
1119 4570 1310 4638 γόνυος
1329 4573 1397 4635 ⁸⁸,
1445 4574 1538 4624 καὶ
1559 4574 1726 4628 αὑτὸν
1751 4576 1868 4629 ὅλον
1895 4579 1986 4632 τὸν

408 4660 549 4714 πόδα
584 4662 674 4714 διὰ
713 4662 772 4714 τὸ
803 4662 1113 4731 ἀκροὸαρὲς
1145 4665 1242 4733 τῆς
1271 4666 1609 4734 καταφορᾶς,
1643 4669 1744 4721 οὐκ
1781 4670 1987 4722 ἐνεδει-

410 4754 540 4819 ξατο
571 4755 669 4822 μὲν
700 4754 940 4824 ἀλγῆσαι
974 4755 1425 4825 φερεπονώτατος
1463 4755 1536 4810 ῶν
1564 4775 1576 4786 ·
1607 4759 1756 4828 ὅμως
1806 4762 1988 4830 μέντοι

411 4845 614 4915 μικρᾶς
648 4862 793 4908 τινος
822 4848 1005 4914 τυχεῖν
1036 4845 1381 4913 ἐπιμελείας,
1413 4849 1507 4898 καὶ
1557 4848 1680 4900 κατ’
1717 4850 1896 4918 ὀλίγον
1931 4855 1987 4916 ἐς

408 4937 472 4987 τὸ
503 4934 773 4988 ἀνώδυνον
797 4935 972 4988 ἐλθεῖν
1000 4937 1107 4989 τῶν
1133 4937 1384 5008 συνήθων
1433 4939 1731 5010 διατριϐῶν
1785 4943 1983 5012 εἴχετο.

408 5028 560 5099 Αὕτη
599 5029 698 5099 μέν
725 5027 819 5081 οὖν
850 5029 1049 5099 πρώτη
1073 5030 1220 5088 αἰτία
1268 5030 1366 5100 τῆς
1396 5031 1508 5082 τῶν
1552 5032 1729 5085 ποδῶν
1763 5033 1991 5099 ἀλγηδό-

411 5139 502 5184 νος
541 5121 634 5174 τοῦ
681 5121 974 5190 βασιλέως·
1045 5119 1236 5192 αἱγὰρ
1280 5123 1465 5174 ὀδύναι
1516 5125 1623 5176 τῶν
1654 5125 1855 5191 τόπων,
1911 5130 1992 5191 εἰς

414 5215 613 5276 ἑαυτὰς
639 5212 708 5264 τὰ
743 5213 991 5282 ῥεύματα
1029 5211 1444 5280 ἐφειλκύσαντο.
1470 5215 1713 5284 Δευτέρα
1751 5215 1862 5286 (42)
1897 5220 1992 5271 καὶ

2095 4204 2245 4259 Novo
2286 4203 2528 4272 periculo
2557 4204 2714 4257 novis
2747 4203 2989 4258 consiliis
3012 4206 3342 4259 occurritur.
3392 4205 3670 4262 Convocat

2087 4298 2385 4366 imperator
2412 4296 2476 4347 ad
2503 4309 2676 4364 seque
2707 4293 2850 4364 cogit
2881 4296 3120 4363 undique
3170 4296 3418 4349 militiam
3468 4297 3673 4351 Roma-

2089 4405 2210 4444 nam
2243 4387 2589 4452 universam;
2627 4393 2682 4439 et
2731 4395 3016 4439 assecutus
3066 4385 3378 4454 conjectura
3433 4398 3664 4456 tempus,

2089 4501 2193 4554 quo
2227 4493 2468 4550 tempore
2499 4493 2595 4547 pro
2643 4492 2792 4532 more
2832 4477 3073 4546 ipsorum
3125 4479 3328 4545 pridem
3377 4480 3675 4535 observator

2086 4574 2418 4631 incursatnri
2447 4570 2887 4626 Christianorum
2926 4578 3100 4624 terras
3139 4569 3227 4622 isti
3257 4569 3480 4624 Barbari
3517 4572 3667 4627 vide-

2087 4645 2306 4729 bantur,
2334 4677 2720 4734 praeoccupare
2750 4659 2877 4714 illud
2914 4660 3264 4729 expeditione
3293 4663 3656 4726 maturanda,

2055 4757 2140 4814 ὀι
2175 4758 2390 4828 prodire
2419 4754 2528 4808 illis
2560 4753 2774 4806 obviam
2804 4750 3015 4804 statuit.
3068 4749 3288 4804 Fretum
3336 4768 3466 4820 ergo
3519 4754 3672 4822 quod

2091 4849 2353 4904 Damalim
2421 4856 2474 4898 et
2514 4828 2846 4913 [Byzantium
2899 4842 3203 4907 interjaccl,
3247 4843 3443 4896 transit
3501 4860 3517 4900 :
3567 4861 3675 4899 necr

2095 4943 2235 4997 forte
2285 4955 2382 5008 per
2419 4952 2514 4990 eos
2571 4936 2688 4988 dies
2744 4936 3128 5001 ingravesrens
3195 4950 3315 4988 eutn
3367 4939 3666 4992 retardavit

2090 5035 2288 5104 pedum
2317 5029 2489 5083 dolor.
2518 5026 2689 5096 Allligi
2724 5026 2970 5079 Alevium
3005 5026 3110 5078 isto
3146 5027 3337 5080 morbo
3368 5037 3475 5082 tam
3499 5031 3675 5096 puni-

2095 5124 2304 5179 naciter
2327 5117 2500 5173 ’vidcri
2533 5118 2726 5169 mirum
2761 5125 2999 5183 poterat.
3036 5115 3168 5168 Nam
3200 5132 3373 5184 neque
3403 5120 3674 5186 repetenti

2096 5213 2448 5268 domesticam
2485 5208 2607 5276 ejus
2652 5207 2966 5259 memoriam
3019 5207 3306 5276 quisquam
3352 5216 3673 5262 occurreres

1456 5327 1654 5389 Varia;
1698 5329 2007 5390 lectiones
2049 5345 2126 5388 ex
2153 5325 2293 5388 cod.
2324 5321 2595 5384 Coislin.

486 5428 529 5458 ⁵⁵
567 5428 843 5500 ἱστόρητο.
905 5427 953 5458 ⁸³
978 5427 1141 5482 Deest
1181 5427 1372 5483 vocula
1422 5430 1552 5500 γάρ.

1631 5431 1678 5461 ⁸⁸
1705 5432 1832 5484 πολέ
1841 5450 1976 5501 μων.

414 5499 462 5529 ⁸⁹
501 5497 709 5565 yévbog.

2063 5431 2104 5461 ⁵⁷
2136 5430 2338 5482 Desunt
2388 5438 2548 5477 voces
2597 5422 2737 5475 κατὰ
2789 5419 2898 5472 τῶν
2954 5419 3319 5489 Χριστιανῶν.
3411 5419 3456 5451 ω
3492 5421 3657 5492 παρὰ.

1465 5583 1606 5645 Car.
1652 5585 1980 5648 Dufresnii
2046 5588 2140 5646 Du
2175 5583 2400 5662 Cangii
2439 5590 2626 5644 notae.

415 5690 607 5796 “(ili
633 5689 770 5745 Καθ’
803 5687 876 5742 ὃν
910 5685 1141 5755 καιρόν.
1178 5684 1313 5740 Vide
1339 5695 1496 5740 notas
1521 5688 1588 5742 ad
1625 5687 1890 5743 Vilihard.
1929 5706 1984 5742 ιι.

414 5768 604 5899 wit?)
639 5829 912 5899 Δευτέρα.
947 5827 1040 5882 llis
1070 5828 1298 5895 duabus,
1328 5829 1652 5900 Ποδαλγίας,
1687 5845 1780 5886 seu
1813 5828 1988 5887 Poda-

2095 5705 2207 5756 gra?
2235 5688 2408 5741 Alexii
2437 5687 2673 5756 parentis
2699 5686 2902 5756 Cattsis,
2939 5685 3155 5756 tertiam
3203 5683 3399 5736 addere
3449 5692 3662 5756 poterat

2091 5755 2272 5820 Anna,
2305 5775 2466 5825 quam
2494 5755 2835 5824 Nicephorth
2859 5755 3072 5807 Callist.
3101 5755 3193 5809 ili).
3233 5768 3384 5825 χνιιι,
3415 5765 3534 5820 cap.
3563 5755 3670 5825 ﬂ),

2096 5828 2281 5895 refert,
2322 5823 2864 5894 'COnstantinopulim
2930 5837 3124 5892 nempe
3181 5824 3482 5877 incolentes
3562 5823 3665 5879 hac:
