  <div class='ocr_page' id='page_1' title='image "/cluster/home/n/w/nwhite01/storage/ocr_20150623/131:no.4/coo.31924054870369/540.png"; bbox 0 0 4086 6400; ppageno 0'>
   <div class='ocr_carea' id='block_1_1' title="bbox 418 360 1975 434">
    <p class='ocr_par' dir='ltr' id='par_1_1' title="bbox 418 366 1975 434">
     <span class='ocr_line' id='line_1_1' title="bbox 418 366 1975 434; baseline -0.005 -1"><span class='ocrx_word' id='word_1_1' title='bbox 418 370 556 434; x_wconf 81' lang='grc'><strong>1065</strong></span> <span class='ocrx_word' id='word_1_2' title='bbox 1480 382 1483 395; x_wconf 59' lang='grc'><strong><em>³</em></strong></span> <span class='ocrx_word' id='word_1_3' title='bbox 1639 366 1975 427; x_wconf 78' lang='lat' dir='ltr'><strong>ALEXIAD</strong></span> 
     </span>
    </p>
   </div>
   <div class='ocr_carea' id='block_1_2' title="bbox 2082 360 3684 434">
    <p class='ocr_par' dir='ltr' id='par_1_2' title="bbox 2092 360 3684 426">
     <span class='ocr_line' id='line_1_2' title="bbox 2092 360 3684 426; baseline 0 -2"><span class='ocrx_word' id='word_1_4' title='bbox 2092 365 2160 424; x_wconf 90' lang='lat' dir='ltr'><strong>Ll</strong></span> <span class='ocrx_word' id='word_1_5' title='bbox 2177 364 2239 425; x_wconf 88' lang='lat' dir='ltr'><strong>B.</strong></span> <span class='ocrx_word' id='word_1_6' title='bbox 2279 363 2435 426; x_wconf 79' lang='lat' dir='ltr'><strong>XIV.</strong></span> <span class='ocrx_word' id='word_1_7' title='bbox 3084 366 3088 377; x_wconf 77' lang='lat'><strong>&#39;</strong></span> <span class='ocrx_word' id='word_1_8' title='bbox 3544 360 3684 424; x_wconf 86' lang='grc'>1066</span> 
     </span>
    </p>
   </div>
   <div class='ocr_carea' id='block_1_3' title="bbox 417 478 1975 558">
    <p class='ocr_par' dir='ltr' id='par_1_3' title="bbox 417 484 1975 558">
     <span class='ocr_line' id='line_1_3' title="bbox 417 484 1975 558; baseline -0.003 -16"><span class='ocrx_word' id='word_1_9' title='bbox 417 507 557 557; x_wconf 66' lang='grc' dir='ltr'>τερα</span> <span class='ocrx_word' id='word_1_10' title='bbox 617 485 952 556; x_wconf 78' lang='grc' dir='ltr'>αἰδούμενοι,</span> <span class='ocrx_word' id='word_1_11' title='bbox 1009 488 1145 558; x_wconf 76' lang='grc' dir='ltr'>μήτε</span> <span class='ocrx_word' id='word_1_12' title='bbox 1204 484 1549 557; x_wconf 64' lang='grc' dir='ltr'>τὸν.καιρδν</span> <span class='ocrx_word' id='word_1_13' title='bbox 1610 485 1975 556; x_wconf 65' lang='grc' dir='ltr'>παραρρέοντι</span> 
     </span>
    </p>
   </div>
   <div class='ocr_carea' id='block_1_4' title="bbox 2082 478 3687 558">
    <p class='ocr_par' dir='ltr' id='par_1_4' title="bbox 2108 478 3687 555">
     <span class='ocr_line' id='line_1_4' title="bbox 2108 478 3687 555; baseline -0.003 -19"><span class='ocrx_word' id='word_1_14' title='bbox 2108 492 2326 553; x_wconf 84' lang='lat' dir='ltr'><strong>tamque</strong></span> <span class='ocrx_word' id='word_1_15' title='bbox 2384 484 2579 539; x_wconf 87' lang='lat' dir='ltr'><strong>dissite</strong></span> <span class='ocrx_word' id='word_1_16' title='bbox 2635 500 2901 555; x_wconf 81' lang='lat' dir='ltr'><strong>sparsam,</strong></span> <span class='ocrx_word' id='word_1_17' title='bbox 2961 491 3069 535; x_wconf 87' lang='lat' dir='ltr'><strong>tam</strong></span> <span class='ocrx_word' id='word_1_18' title='bbox 3123 478 3449 535; x_wconf 82' lang='lat' dir='ltr'><strong>necessariis</strong></span> <span class='ocrx_word' id='word_1_19' title='bbox 3493 478 3687 533; x_wconf 78' lang='lat' dir='ltr'><strong>oﬂiciis</strong></span> 
     </span>
    </p>
   </div>
   <div class='ocr_carea' id='block_1_5' title="bbox 414 571 1975 651">
    <p class='ocr_par' dir='ltr' id='par_1_5' title="bbox 414 571 1975 651">
     <span class='ocr_line' id='line_1_5' title="bbox 414 571 1975 651; baseline -0.001 -20"><span class='ocrx_word' id='word_1_20' title='bbox 414 571 832 647; x_wconf 61' lang='grc' dir='ltr'>εὑεΑῶούμενοι,</span> <span class='ocrx_word' id='word_1_21' title='bbox 869 583 1011 651; x_wconf 82' lang='grc' dir='ltr'><strong>μήτε</strong></span> <span class='ocrx_word' id='word_1_22' title='bbox 1042 579 1144 647; x_wconf 83' lang='grc' dir='ltr'><strong>τὴν</strong></span> <span class='ocrx_word' id='word_1_23' title='bbox 1171 579 1279 631; x_wconf 86' lang='grc' dir='ltr'><strong>τῶν</strong></span> <span class='ocrx_word' id='word_1_24' title='bbox 1308 579 1561 648; x_wconf 82' lang='grc' dir='ltr'><strong>ὁρώντων</strong></span> <span class='ocrx_word' id='word_1_25' title='bbox 1607 578 1834 646; x_wconf 79' lang='grc' dir='ltr'>νέμεσιν</span> <span class='ocrx_word' id='word_1_26' title='bbox 1860 577 1975 644; x_wconf 76' lang='grc' dir='ltr'><strong>ὑφο-</strong></span> 
     </span>
    </p>
   </div>
   <div class='ocr_carea' id='block_1_6' title="bbox 2082 571 3687 651">
    <p class='ocr_par' dir='ltr' id='par_1_6' title="bbox 2104 571 3687 643">
     <span class='ocr_line' id='line_1_6' title="bbox 2104 571 3687 643; baseline -0.003 -16"><span class='ocrx_word' id='word_1_27' title='bbox 2104 575 2296 643; x_wconf 74' lang='lat' dir='ltr'><strong>procal</strong></span> <span class='ocrx_word' id='word_1_28' title='bbox 2346 576 2660 641; x_wconf 85' lang='lat' dir='ltr'><strong>distentam,</strong></span> <span class='ocrx_word' id='word_1_29' title='bbox 2717 586 2773 630; x_wconf 92' lang='lat' dir='ltr'><strong>ut</strong></span> <span class='ocrx_word' id='word_1_30' title='bbox 2819 590 2920 629; x_wconf 87' lang='lat' dir='ltr'><strong>nec</strong></span> <span class='ocrx_word' id='word_1_31' title='bbox 2964 574 3073 627; x_wconf 87' lang='lat' dir='ltr'><strong>cito</strong></span> <span class='ocrx_word' id='word_1_32' title='bbox 3109 573 3226 627; x_wconf 83' lang='lat' dir='ltr'><strong>sine</strong></span> <span class='ocrx_word' id='word_1_33' title='bbox 3265 571 3550 635; x_wconf 86' lang='lat' dir='ltr'><strong>miraculo,</strong></span> <span class='ocrx_word' id='word_1_34' title='bbox 3588 582 3687 623; x_wconf 85' lang='lat' dir='ltr'><strong>nec</strong></span> 
     </span>
    </p>
   </div>
   <div class='ocr_carea' id='block_1_7' title="bbox 417 661 1975 741">
    <p class='ocr_par' dir='ltr' id='par_1_7' title="bbox 417 669 1975 741">
     <span class='ocr_line' id='line_1_7' title="bbox 417 669 1975 741; baseline 0 -19"><span class='ocrx_word' id='word_1_35' title='bbox 417 669 678 741; x_wconf 79' lang='grc' dir='ltr'>ρώμενοι,</span> <span class='ocrx_word' id='word_1_36' title='bbox 709 672 769 724; x_wconf 83' lang='grc' dir='ltr'><strong>οὐ</strong></span> <span class='ocrx_word' id='word_1_37' title='bbox 797 674 905 735; x_wconf 85' lang='grc' dir='ltr'>τοῖς</span> <span class='ocrx_word' id='word_1_38' title='bbox 933 670 1158 725; x_wconf 76' lang='grc' dir='ltr'>ὄπισθεν</span> <span class='ocrx_word' id='word_1_39' title='bbox 1189 672 1532 741; x_wconf 67' lang='grc' dir='ltr'>ἐρχομένοις,</span> <span class='ocrx_word' id='word_1_40' title='bbox 1563 670 1798 732; x_wconf 76' lang='grc' dir='ltr'>ἕκαστος</span> <span class='ocrx_word' id='word_1_41' title='bbox 1824 671 1975 722; x_wconf 53' lang='grc' dir='ltr'>τόποι</span> 
     </span>
    </p>
   </div>
   <div class='ocr_carea' id='block_1_8' title="bbox 2082 661 3685 741">
    <p class='ocr_par' dir='ltr' id='par_1_8' title="bbox 2106 661 3685 740">
     <span class='ocr_line' id='line_1_8' title="bbox 2106 661 3685 740; baseline -0.006 -18"><span class='ocrx_word' id='word_1_42' title='bbox 2106 670 2498 737; x_wconf 47' lang='lat' dir='ltr'><strong>unquannsine</strong></span> <span class='ocrx_word' id='word_1_43' title='bbox 2527 670 2789 740; x_wconf 86' lang='lat' dir='ltr'><strong>periculo,</strong></span> <span class='ocrx_word' id='word_1_44' title='bbox 2829 676 2920 721; x_wconf 88' lang='lat' dir='ltr'><strong>aut</strong></span> <span class='ocrx_word' id='word_1_45' title='bbox 2955 666 3137 737; x_wconf 82' lang='lat' dir='ltr'><strong>putius</strong></span> <span class='ocrx_word' id='word_1_46' title='bbox 3183 664 3350 719; x_wconf 75' lang='lat' dir='ltr'><strong>exitio</strong></span> <span class='ocrx_word' id='word_1_47' title='bbox 3403 661 3685 731; x_wconf 64' lang='lat' dir='ltr'><strong>prmsenti,</strong></span> 
     </span>
    </p>
   </div>
   <div class='ocr_carea' id='block_1_9' title="bbox 410 756 1975 835">
    <p class='ocr_par' dir='ltr' id='par_1_9' title="bbox 410 762 1975 835">
     <span class='ocr_line' id='line_1_9' title="bbox 410 762 1975 835; baseline -0.001 -20"><span class='ocrx_word' id='word_1_48' title='bbox 410 762 631 831; x_wconf 76' lang='grc' dir='ltr'><strong>ὁμιλίας</strong></span> <span class='ocrx_word' id='word_1_49' title='bbox 666 769 950 835; x_wconf 85' lang='grc' dir='ltr'>παρεῖχεν,</span> <span class='ocrx_word' id='word_1_50' title='bbox 989 764 1106 816; x_wconf 82' lang='grc' dir='ltr'><strong>ἀλλ’</strong></span> <span class='ocrx_word' id='word_1_51' title='bbox 1139 764 1349 827; x_wconf 84' lang='grc' dir='ltr'><strong>ἀνέτως</strong></span> <span class='ocrx_word' id='word_1_52' title='bbox 1381 764 1479 826; x_wconf 65' lang='grc' dir='ltr'>τὰς</span> <span class='ocrx_word' id='word_1_53' title='bbox 1509 762 1730 833; x_wconf 79' lang='grc' dir='ltr'><strong>ὁμιλίας</strong></span> <span class='ocrx_word' id='word_1_54' title='bbox 1763 762 1858 814; x_wconf 79' lang='grc' dir='ltr'>καὶ</span> <span class='ocrx_word' id='word_1_55' title='bbox 1892 763 1975 823; x_wconf 79' lang='grc' dir='ltr'><strong>τὰς</strong></span> 
     </span>
    </p>
   </div>
   <div class='ocr_carea' id='block_1_10' title="bbox 2082 756 3685 835">
    <p class='ocr_par' dir='ltr' id='par_1_10' title="bbox 2104 756 3685 835">
     <span class='ocr_line' id='line_1_10' title="bbox 2104 756 3685 835; baseline -0.003 -20"><span class='ocrx_word' id='word_1_56' title='bbox 2104 776 2266 815; x_wconf 80' lang='grc' dir='ltr'>ιιιιιιιη</span> <span class='ocrx_word' id='word_1_57' title='bbox 2295 765 2345 817; x_wconf 90' lang='lat' dir='ltr'><strong>in</strong></span> <span class='ocrx_word' id='word_1_58' title='bbox 2384 764 2561 819; x_wconf 82' lang='lat' dir='ltr'><strong>locum</strong></span> <span class='ocrx_word' id='word_1_59' title='bbox 2600 765 2719 835; x_wconf 85' lang='lat' dir='ltr'><strong>cogi</strong></span> <span class='ocrx_word' id='word_1_60' title='bbox 2768 765 2925 833; x_wconf 74' lang='lat' dir='ltr'><strong>posse</strong></span> <span class='ocrx_word' id='word_1_61' title='bbox 2958 764 3260 821; x_wconf 85' lang='lat' dir='ltr'><strong>videretur.</strong></span> <span class='ocrx_word' id='word_1_62' title='bbox 3292 756 3556 814; x_wconf 83' lang='lat' dir='ltr'><strong>Nimirum</strong></span> <span class='ocrx_word' id='word_1_63' title='bbox 3594 756 3685 810; x_wconf 89' lang='lat' dir='ltr'><strong>alii</strong></span> 
     </span>
    </p>
   </div>
   <div class='ocr_carea' id='block_1_11' title="bbox 413 852 1975 929">
    <p class='ocr_par' dir='ltr' id='par_1_11' title="bbox 413 855 1010 929">
     <span class='ocr_line' id='line_1_11' title="bbox 413 855 1010 929; baseline 0.007 -24"><span class='ocrx_word' id='word_1_64' title='bbox 413 855 662 924; x_wconf 80' lang='grc' dir='ltr'><strong>αἰτήσεις</strong></span> <span class='ocrx_word' id='word_1_65' title='bbox 701 856 1010 929; x_wconf 59' lang='grc' dir='ltr'>ἐποιοῦντο,</span> 
     </span>
    </p>
   </div>
   <div class='ocr_carea' id='block_1_12' title="bbox 2082 852 3685 929">
    <p class='ocr_par' dir='ltr' id='par_1_12' title="bbox 2104 852 3685 927">
     <span class='ocr_line' id='line_1_12' title="bbox 2104 852 3685 927; baseline -0.003 -22"><span class='ocrx_word' id='word_1_66' title='bbox 2104 852 2473 910; x_wconf 75' lang='lat' dir='ltr'><strong>llmnanornm</strong></span> <span class='ocrx_word' id='word_1_67' title='bbox 2511 858 2741 912; x_wconf 89' lang='lat' dir='ltr'><strong>militutn</strong></span> <span class='ocrx_word' id='word_1_68' title='bbox 2786 873 2884 927; x_wconf 91' lang='lat' dir='ltr'><strong>per</strong></span> <span class='ocrx_word' id='word_1_69' title='bbox 2925 855 3171 911; x_wconf 79' lang='lat' dir='ltr'><strong>Servium</strong></span> <span class='ocrx_word' id='word_1_70' title='bbox 3211 868 3416 924; x_wconf 86' lang='lat' dir='ltr'><strong>perque</strong></span> <span class='ocrx_word' id='word_1_71' title='bbox 3466 852 3685 906; x_wconf 88' lang='lat' dir='ltr'><strong>Dalma-</strong></span> 
     </span>
    </p>
   </div>
   <div class='ocr_carea' id='block_1_13' title="bbox 413 941 3688 1015">
    <p class='ocr_par' dir='ltr' id='par_1_13' title="bbox 413 941 3688 1015">
     <span class='ocr_line' id='line_1_13' title="bbox 413 941 3688 1015; baseline -0.002 -17"><span class='ocrx_word' id='word_1_72' title='bbox 413 947 543 1000; x_wconf 89' lang='lat' dir='ltr'><strong>tiam</strong></span> <span class='ocrx_word' id='word_1_73' title='bbox 590 956 846 1014; x_wconf 82' lang='lat' dir='ltr'><strong>angustos</strong></span> <span class='ocrx_word' id='word_1_74' title='bbox 893 958 1104 1002; x_wconf 84' lang='lat' dir='ltr'><strong>meatus</strong></span> <span class='ocrx_word' id='word_1_75' title='bbox 1163 947 1403 1011; x_wconf 76' lang='lat' dir='ltr'><strong>vallium,</strong></span> <span class='ocrx_word' id='word_1_76' title='bbox 1461 946 1700 1001; x_wconf 86' lang='lat' dir='ltr'><strong>claustra</strong></span> <span class='ocrx_word' id='word_1_77' title='bbox 1758 944 1996 1015; x_wconf 86' lang='lat' dir='ltr'><strong>imperii,</strong></span> <span class='ocrx_word' id='word_1_78' title='bbox 2036 945 2302 1010; x_wconf 72' lang='lat' dir='ltr'><strong>prazsidiis</strong></span> <span class='ocrx_word' id='word_1_79' title='bbox 2327 946 2680 1011; x_wconf 79' lang='lat' dir='ltr'><strong>obtinebant;</strong></span> <span class='ocrx_word' id='word_1_80' title='bbox 2717 945 2806 999; x_wconf 86' lang='lat' dir='ltr'><strong>alii</strong></span> <span class='ocrx_word' id='word_1_81' title='bbox 2844 947 2987 999; x_wconf 88' lang='lat' dir='ltr'><strong>circa</strong></span> <span class='ocrx_word' id='word_1_82' title='bbox 3058 941 3251 996; x_wconf 79' lang='lat' dir='ltr'><strong>Istrum</strong></span> <span class='ocrx_word' id='word_1_83' title='bbox 3302 941 3559 996; x_wconf 89' lang='lat' dir='ltr'><strong>Comanis</strong></span> <span class='ocrx_word' id='word_1_84' title='bbox 3622 954 3688 992; x_wconf 89' lang='lat' dir='ltr'><strong>ac</strong></span> 
     </span>
    </p>
   </div>
   <div class='ocr_carea' id='block_1_14' title="bbox 414 1032 3681 1108">
    <p class='ocr_par' dir='ltr' id='par_1_14' title="bbox 414 1032 3681 1108">
     <span class='ocr_line' id='line_1_14' title="bbox 414 1032 3681 1108; baseline -0.002 -16"><span class='ocrx_word' id='word_1_85' title='bbox 414 1038 574 1092; x_wconf 87' lang='lat' dir='ltr'><strong>Dacis</strong></span> <span class='ocrx_word' id='word_1_86' title='bbox 603 1038 936 1108; x_wconf 89' lang='lat' dir='ltr'><strong>irruptiones</strong></span> <span class='ocrx_word' id='word_1_87' title='bbox 1011 1039 1230 1093; x_wconf 84' lang='lat' dir='ltr'><strong>assidue</strong></span> <span class='ocrx_word' id='word_1_88' title='bbox 1296 1039 1687 1093; x_wconf 81' lang='lat' dir='ltr'><strong>meditantibus</strong></span> <span class='ocrx_word' id='word_1_89' title='bbox 1752 1037 1949 1105; x_wconf 79' lang='lat' dir='ltr'><strong>objecti</strong></span> <span class='ocrx_word' id='word_1_90' title='bbox 2019 1036 2263 1103; x_wconf 88' lang='lat' dir='ltr'><strong>stabant;</strong></span> <span class='ocrx_word' id='word_1_91' title='bbox 2317 1038 2454 1091; x_wconf 92' lang='lat' dir='ltr'><strong>alios</strong></span> <span class='ocrx_word' id='word_1_92' title='bbox 2511 1052 2711 1107; x_wconf 88' lang='lat' dir='ltr'><strong>eosque</strong></span> <span class='ocrx_word' id='word_1_93' title='bbox 2760 1037 3023 1107; x_wconf 86' lang='lat' dir='ltr'><strong>plurimos</strong></span> <span class='ocrx_word' id='word_1_94' title='bbox 3058 1033 3380 1104; x_wconf 81' lang='lat' dir='ltr'><strong>Dyrrhachii</strong></span> <span class='ocrx_word' id='word_1_95' title='bbox 3431 1032 3681 1089; x_wconf 86' lang='lat' dir='ltr'><strong>custodia</strong></span> 
     </span>
    </p>
   </div>
   <div class='ocr_carea' id='block_1_15' title="bbox 414 1127 3684 1200">
    <p class='ocr_par' dir='ltr' id='par_1_15' title="bbox 414 1127 3684 1200">
     <span class='ocr_line' id='line_1_15' title="bbox 414 1127 3684 1200; baseline -0.002 -16"><span class='ocrx_word' id='word_1_96' title='bbox 414 1130 777 1200; x_wconf 89' lang='lat' dir='ltr'><strong>periclitantis</strong></span> <span class='ocrx_word' id='word_1_97' title='bbox 808 1131 1005 1185; x_wconf 87' lang='lat' dir='ltr'><strong>iterum</strong></span> <span class='ocrx_word' id='word_1_98' title='bbox 1041 1148 1072 1185; x_wconf 94' lang='lat' dir='ltr'><strong>a</strong></span> <span class='ocrx_word' id='word_1_99' title='bbox 1103 1130 1272 1185; x_wconf 81' lang='lat' dir='ltr'><strong>Gallis</strong></span> <span class='ocrx_word' id='word_1_100' title='bbox 1326 1131 1533 1184; x_wconf 81' lang='lat' dir='ltr'><strong>deﬁxos</strong></span> <span class='ocrx_word' id='word_1_101' title='bbox 1586 1131 1673 1184; x_wconf 84' lang='lat' dir='ltr'><strong>isti</strong></span> <span class='ocrx_word' id='word_1_102' title='bbox 1726 1129 1887 1183; x_wconf 87' lang='lat' dir='ltr'><strong>limiti</strong></span> <span class='ocrx_word' id='word_1_103' title='bbox 1938 1131 1992 1183; x_wconf 92' lang='lat' dir='ltr'><strong>in</strong></span> <span class='ocrx_word' id='word_1_104' title='bbox 2032 1131 2278 1185; x_wconf 79' lang='lat' dir='ltr'><strong>excubiis</strong></span> <span class='ocrx_word' id='word_1_105' title='bbox 2318 1129 2621 1183; x_wconf 87' lang='lat' dir='ltr'><strong>utilissimis</strong></span> <span class='ocrx_word' id='word_1_106' title='bbox 2656 1130 2908 1183; x_wconf 80' lang='lat' dir='ltr'><strong>habebat.</strong></span> <span class='ocrx_word' id='word_1_107' title='bbox 2942 1127 3066 1182; x_wconf 60' lang='lat' dir='ltr'><strong>ilice</strong></span> <span class='ocrx_word' id='word_1_108' title='bbox 3097 1142 3350 1190; x_wconf 83' lang='lat' dir='ltr'><strong>cernens,</strong></span> <span class='ocrx_word' id='word_1_109' title='bbox 3415 1127 3531 1181; x_wconf 72' lang='lat' dir='ltr'><strong>lucc</strong></span> <span class='ocrx_word' id='word_1_110' title='bbox 3592 1142 3684 1180; x_wconf 87' lang='lat' dir='ltr'><strong>re.</strong></span> 
     </span>
    </p>
   </div>
   <div class='ocr_carea' id='block_1_16' title="bbox 414 1219 3675 1291">
    <p class='ocr_par' dir='ltr' id='par_1_16' title="bbox 414 1219 3675 1291">
     <span class='ocr_line' id='line_1_16' title="bbox 414 1219 3675 1291; baseline -0.001 -19"><span class='ocrx_word' id='word_1_111' title='bbox 414 1231 633 1288; x_wconf 88' lang='lat' dir='ltr'><strong>putans,</strong></span> <span class='ocrx_word' id='word_1_112' title='bbox 697 1221 824 1290; x_wconf 91' lang='lat' dir='ltr'><strong>quid</strong></span> <span class='ocrx_word' id='word_1_113' title='bbox 873 1221 1017 1276; x_wconf 86' lang='lat' dir='ltr'><strong>aliud</strong></span> <span class='ocrx_word' id='word_1_114' title='bbox 1067 1223 1364 1290; x_wconf 75' lang='lat' dir='ltr'><strong>imperator</strong></span> <span class='ocrx_word' id='word_1_115' title='bbox 1416 1231 1624 1291; x_wconf 82' lang='lat' dir='ltr'><strong>ageret,</strong></span> <span class='ocrx_word' id='word_1_116' title='bbox 1708 1235 1869 1290; x_wconf 88' lang='lat' dir='ltr'><strong>quam</strong></span> <span class='ocrx_word' id='word_1_117' title='bbox 1922 1219 2065 1289; x_wconf 88' lang='lat' dir='ltr'><strong>quod</strong></span> <span class='ocrx_word' id='word_1_118' title='bbox 2108 1222 2335 1289; x_wconf 74' lang='lat' dir='ltr'><strong>urgebat</strong></span> <span class='ocrx_word' id='word_1_119' title='bbox 2385 1221 2618 1274; x_wconf 76' lang='lat' dir='ltr'><strong>maxime</strong></span> <span class='ocrx_word' id='word_1_120' title='bbox 2672 1221 2723 1275; x_wconf 91' lang='lat' dir='ltr'><strong>in</strong></span> <span class='ocrx_word' id='word_1_121' title='bbox 2784 1235 2850 1275; x_wconf 89' lang='lat' dir='ltr'><strong>co</strong></span> <span class='ocrx_word' id='word_1_122' title='bbox 2901 1220 3244 1289; x_wconf 88' lang='lat' dir='ltr'><strong>procurando</strong></span> <span class='ocrx_word' id='word_1_123' title='bbox 3304 1227 3448 1272; x_wconf 82' lang='lat' dir='ltr'><strong>totus</strong></span> <span class='ocrx_word' id='word_1_124' title='bbox 3510 1229 3675 1272; x_wconf 66' lang='lat' dir='ltr'><strong>esset.</strong></span> 
     </span>
    </p>
   </div>
   <div class='ocr_carea' id='block_1_17' title="bbox 406 1311 3673 1383">
    <p class='ocr_par' dir='ltr' id='par_1_17' title="bbox 406 1311 3673 1383">
     <span class='ocr_line' id='line_1_17' title="bbox 406 1311 3673 1383; baseline -0.001 -16"><span class='ocrx_word' id='word_1_125' title='bbox 406 1314 708 1383; x_wconf 80' lang='lat' dir='ltr'><strong>posteriora</strong></span> <span class='ocrx_word' id='word_1_126' title='bbox 762 1314 983 1367; x_wconf 85' lang='lat' dir='ltr'><strong>interim</strong></span> <span class='ocrx_word' id='word_1_127' title='bbox 1038 1312 1263 1368; x_wconf 81' lang='lat' dir='ltr'><strong>duceret</strong></span> <span class='ocrx_word' id='word_1_128' title='bbox 1306 1313 1551 1367; x_wconf 76' lang='lat' dir='ltr'><strong>cat-tem?</strong></span> <span class='ocrx_word' id='word_1_129' title='bbox 1609 1313 1993 1371; x_wconf 79' lang='lat' dir='ltr'><strong>Parturiebant</strong></span> <span class='ocrx_word' id='word_1_130' title='bbox 2031 1327 2204 1368; x_wconf 69' lang='lat' dir='ltr'><strong>caecas</strong></span> <span class='ocrx_word' id='word_1_131' title='bbox 2232 1314 2452 1367; x_wconf 73' lang='lat' dir='ltr'><strong>fraudes</strong></span> <span class='ocrx_word' id='word_1_132' title='bbox 2522 1315 2856 1383; x_wconf 84' lang='lat' dir='ltr'><strong>rapinasque</strong></span> <span class='ocrx_word' id='word_1_133' title='bbox 2922 1328 2986 1366; x_wconf 90' lang='lat' dir='ltr'><strong>ac</strong></span> <span class='ocrx_word' id='word_1_134' title='bbox 3018 1312 3155 1366; x_wconf 86' lang='lat' dir='ltr'><strong>bella</strong></span> <span class='ocrx_word' id='word_1_135' title='bbox 3184 1311 3342 1366; x_wconf 88' lang='lat' dir='ltr'><strong>solita</strong></span> <span class='ocrx_word' id='word_1_136' title='bbox 3371 1311 3673 1367; x_wconf 87' lang='lat' dir='ltr'><strong>clanculum</strong></span> 
     </span>
    </p>
   </div>
   <div class='ocr_carea' id='block_1_18' title="bbox 407 1401 3671 1476">
    <p class='ocr_par' dir='ltr' id='par_1_18' title="bbox 407 1401 3671 1476">
     <span class='ocr_line' id='line_1_18' title="bbox 407 1401 3671 1476; baseline -0.002 -16"><span class='ocrx_word' id='word_1_137' title='bbox 407 1407 674 1476; x_wconf 87' lang='lat' dir='ltr'><strong>parabant</strong></span> <span class='ocrx_word' id='word_1_138' title='bbox 729 1405 944 1460; x_wconf 83' lang='lat' dir='ltr'><strong>ﬁnitimi</strong></span> <span class='ocrx_word' id='word_1_139' title='bbox 990 1406 1195 1460; x_wconf 88' lang='lat' dir='ltr'><strong>circum</strong></span> <span class='ocrx_word' id='word_1_140' title='bbox 1249 1404 1499 1471; x_wconf 76' lang='lat' dir='ltr'><strong>Barbari,</strong></span> <span class='ocrx_word' id='word_1_141' title='bbox 1555 1404 1690 1458; x_wconf 87' lang='lat' dir='ltr'><strong>nihil</strong></span> <span class='ocrx_word' id='word_1_142' title='bbox 1741 1405 1985 1458; x_wconf 89' lang='lat' dir='ltr'><strong>omnium</strong></span> <span class='ocrx_word' id='word_1_143' title='bbox 2025 1404 2268 1473; x_wconf 83' lang='lat' dir='ltr'><strong>Augusto</strong></span> <span class='ocrx_word' id='word_1_144' title='bbox 2296 1404 2596 1458; x_wconf 80' lang='lat' dir='ltr'><strong>neseiente.</strong></span> <span class='ocrx_word' id='word_1_145' title='bbox 2675 1401 2875 1457; x_wconf 82' lang='lat' dir='ltr'><strong>Verum</strong></span> <span class='ocrx_word' id='word_1_146' title='bbox 2916 1403 3043 1472; x_wconf 88' lang='lat' dir='ltr'><strong>quia</strong></span> <span class='ocrx_word' id='word_1_147' title='bbox 3118 1403 3325 1458; x_wconf 84' lang='lat' dir='ltr'><strong>Gallico</strong></span> <span class='ocrx_word' id='word_1_148' title='bbox 3372 1405 3671 1466; x_wconf 78' lang='lat' dir='ltr'><strong>discrimini</strong></span> 
     </span>
    </p>
   </div>
   <div class='ocr_carea' id='block_1_19' title="bbox 408 1493 3672 1568">
    <p class='ocr_par' dir='ltr' id='par_1_19' title="bbox 408 1493 3672 1568">
     <span class='ocr_line' id='line_1_19' title="bbox 408 1493 3672 1568; baseline -0.001 -16"><span class='ocrx_word' id='word_1_149' title='bbox 408 1508 574 1552; x_wconf 88' lang='lat' dir='ltr'><strong>totam</strong></span> <span class='ocrx_word' id='word_1_150' title='bbox 603 1498 914 1568; x_wconf 84' lang='lat' dir='ltr'><strong>impendere</strong></span> <span class='ocrx_word' id='word_1_151' title='bbox 944 1497 1342 1567; x_wconf 82' lang='lat' dir='ltr'><strong>providentiam</strong></span> <span class='ocrx_word' id='word_1_152' title='bbox 1375 1499 1715 1560; x_wconf 77' lang='lat' dir='ltr'><strong>decreverat,</strong></span> <span class='ocrx_word' id='word_1_153' title='bbox 1743 1497 1902 1551; x_wconf 91' lang='lat' dir='ltr'><strong>donis</strong></span> <span class='ocrx_word' id='word_1_154' title='bbox 1966 1505 2020 1550; x_wconf 92' lang='lat' dir='ltr'><strong>et</strong></span> <span class='ocrx_word' id='word_1_155' title='bbox 2092 1496 2446 1565; x_wconf 81' lang='lat' dir='ltr'><strong>dignitatibus</strong></span> <span class='ocrx_word' id='word_1_156' title='bbox 2498 1494 2866 1550; x_wconf 87' lang='lat' dir='ltr'><strong>Barbarorum</strong></span> <span class='ocrx_word' id='word_1_157' title='bbox 2933 1499 3098 1550; x_wconf 87' lang='lat' dir='ltr'><strong>duces</strong></span> <span class='ocrx_word' id='word_1_158' title='bbox 3143 1493 3307 1566; x_wconf 65' lang='grc'><strong>435</strong></span> <span class='ocrx_word' id='word_1_159' title='bbox 3361 1496 3672 1562; x_wconf 69' lang='lat' dir='ltr'><strong>occupavit.</strong></span> 
     </span>
    </p>
   </div>
   <div class='ocr_carea' id='block_1_20' title="bbox 409 1584 3672 1665">
    <p class='ocr_par' dir='ltr' id='par_1_20' title="bbox 409 1584 3672 1665">
     <span class='ocr_line' id='line_1_20' title="bbox 409 1584 3672 1665; baseline -0.001 -20"><span class='ocrx_word' id='word_1_160' title='bbox 409 1591 746 1659; x_wconf 82' lang='lat' dir='ltr'><strong>redemitque</strong></span> <span class='ocrx_word' id='word_1_161' title='bbox 779 1590 873 1644; x_wconf 90' lang='lat' dir='ltr'><strong>illo</strong></span> <span class='ocrx_word' id='word_1_162' title='bbox 895 1591 1065 1660; x_wconf 88' lang='lat' dir='ltr'><strong>pretio</strong></span> <span class='ocrx_word' id='word_1_163' title='bbox 1087 1584 1437 1643; x_wconf 85' lang='lat' dir='ltr'><strong>securitatem</strong></span> <span class='ocrx_word' id='word_1_164' title='bbox 1463 1588 1532 1642; x_wconf 88' lang='lat' dir='ltr'><strong>ab</strong></span> <span class='ocrx_word' id='word_1_165' title='bbox 1606 1603 1673 1643; x_wconf 91' lang='lat' dir='ltr'><strong>eo</strong></span> <span class='ocrx_word' id='word_1_166' title='bbox 1745 1601 1947 1657; x_wconf 81' lang='lat' dir='ltr'><strong>genere</strong></span> <span class='ocrx_word' id='word_1_167' title='bbox 2019 1588 2267 1665; x_wconf 83' lang='lat' dir='ltr'><strong>periculi.</strong></span> <span class='ocrx_word' id='word_1_168' title='bbox 2316 1585 2513 1665; x_wconf 83' lang='lat' dir='ltr'><strong>Totum</strong></span> <span class='ocrx_word' id='word_1_169' title='bbox 2563 1587 2761 1641; x_wconf 84' lang='lat' dir='ltr'><strong>deinde</strong></span> <span class='ocrx_word' id='word_1_170' title='bbox 2804 1588 3046 1642; x_wconf 85' lang='lat' dir='ltr'><strong>animum</strong></span> <span class='ocrx_word' id='word_1_171' title='bbox 3097 1600 3396 1657; x_wconf 76' lang='lat' dir='ltr'><strong>onmesque</strong></span> <span class='ocrx_word' id='word_1_172' title='bbox 3447 1586 3515 1640; x_wconf 86' lang='lat' dir='ltr'><strong>ad</strong></span> <span class='ocrx_word' id='word_1_173' title='bbox 3564 1587 3672 1641; x_wconf 78' lang='lat' dir='ltr'><strong>vim</strong></span> 
     </span>
    </p>
   </div>
   <div class='ocr_carea' id='block_1_21' title="bbox 409 1662 3681 1751">
    <p class='ocr_par' dir='ltr' id='par_1_21' title="bbox 409 1662 3681 1751">
     <span class='ocr_line' id='line_1_21' title="bbox 409 1662 3681 1751; baseline -0.001 -12"><span class='ocrx_word' id='word_1_174' title='bbox 409 1683 685 1739; x_wconf 82' lang='lat' dir='ltr'><strong>Gallorum</strong></span> <span class='ocrx_word' id='word_1_175' title='bbox 730 1684 1108 1747; x_wconf 87' lang='lat' dir='ltr'><strong>cohibendam,</strong></span> <span class='ocrx_word' id='word_1_176' title='bbox 1155 1683 1620 1750; x_wconf 76' lang='lat' dir='ltr'><strong>continendusque</strong></span> <span class='ocrx_word' id='word_1_177' title='bbox 1663 1684 1731 1737; x_wconf 90' lang='lat' dir='ltr'><strong>ab</strong></span> <span class='ocrx_word' id='word_1_178' title='bbox 1772 1681 1972 1750; x_wconf 81' lang='lat' dir='ltr'><strong>injuria</strong></span> <span class='ocrx_word' id='word_1_179' title='bbox 2006 1662 2332 1751; x_wconf 86' lang='lat' dir='ltr'><strong>cupiditates</strong></span> <span class='ocrx_word' id='word_1_180' title='bbox 2397 1662 2578 1734; x_wconf 65' lang='lat' dir='ltr'><strong>vertit.</strong></span> <span class='ocrx_word' id='word_1_181' title='bbox 2641 1681 2961 1750; x_wconf 80' lang='lat' dir='ltr'><strong>Quanquam</strong></span> <span class='ocrx_word' id='word_1_182' title='bbox 2997 1689 3053 1735; x_wconf 91' lang='lat' dir='ltr'><strong>et</strong></span> <span class='ocrx_word' id='word_1_183' title='bbox 3086 1680 3316 1737; x_wconf 89' lang='lat' dir='ltr'><strong>subinde</strong></span> <span class='ocrx_word' id='word_1_184' title='bbox 3371 1688 3681 1748; x_wconf 77' lang='lat' dir='ltr'><strong>respectare</strong></span> 
     </span>
    </p>
   </div>
   <div class='ocr_carea' id='block_1_22' title="bbox 406 1770 3680 1846">
    <p class='ocr_par' dir='ltr' id='par_1_22' title="bbox 406 1770 3680 1846">
     <span class='ocr_line' id='line_1_22' title="bbox 406 1770 3680 1846; baseline -0.002 -15"><span class='ocrx_word' id='word_1_185' title='bbox 406 1777 556 1831; x_wconf 89' lang='lat' dir='ltr'><strong>illum</strong></span> <span class='ocrx_word' id='word_1_186' title='bbox 590 1776 696 1831; x_wconf 88' lang='lat' dir='ltr'><strong>alio</strong></span> <span class='ocrx_word' id='word_1_187' title='bbox 765 1791 984 1831; x_wconf 88' lang='lat' dir='ltr'><strong>suorum</strong></span> <span class='ocrx_word' id='word_1_188' title='bbox 1031 1776 1241 1831; x_wconf 73' lang='lat' dir='ltr'><strong>insidia:</strong></span> <span class='ocrx_word' id='word_1_189' title='bbox 1285 1776 1690 1846; x_wconf 88' lang='lat' dir='ltr'><strong>conjurantium</strong></span> <span class='ocrx_word' id='word_1_190' title='bbox 1773 1784 1828 1829; x_wconf 91' lang='lat' dir='ltr'><strong>et</strong></span> <span class='ocrx_word' id='word_1_191' title='bbox 1872 1785 2059 1844; x_wconf 87' lang='lat' dir='ltr'><strong>operta</strong></span> <span class='ocrx_word' id='word_1_192' title='bbox 2104 1773 2440 1828; x_wconf 72' lang='lat' dir='ltr'><strong>defectiones</strong></span> <span class='ocrx_word' id='word_1_193' title='bbox 2482 1774 2822 1828; x_wconf 88' lang='lat' dir='ltr'><strong>molientium</strong></span> <span class='ocrx_word' id='word_1_194' title='bbox 2877 1772 3081 1827; x_wconf 86' lang='lat' dir='ltr'><strong>scelera</strong></span> <span class='ocrx_word' id='word_1_195' title='bbox 3144 1774 3430 1839; x_wconf 77' lang='lat' dir='ltr'><strong>cogebant.</strong></span> <span class='ocrx_word' id='word_1_196' title='bbox 3490 1770 3680 1839; x_wconf 81' lang='lat' dir='ltr'><strong>Neque</strong></span> 
     </span>
    </p>
   </div>
   <div class='ocr_carea' id='block_1_23' title="bbox 401 1861 3678 1934">
    <p class='ocr_par' dir='ltr' id='par_1_23' title="bbox 401 1861 3678 1934">
     <span class='ocr_line' id='line_1_23' title="bbox 401 1861 3678 1934; baseline -0.001 -14"><span class='ocrx_word' id='word_1_197' title='bbox 401 1866 520 1920; x_wconf 64' lang='lat' dir='ltr'><strong>haec</strong></span> <span class='ocrx_word' id='word_1_198' title='bbox 550 1866 781 1929; x_wconf 80' lang='lat' dir='ltr'><strong>facilior,</strong></span> <span class='ocrx_word' id='word_1_199' title='bbox 813 1867 859 1918; x_wconf 88' lang='lat' dir='ltr'><strong>si</strong></span> <span class='ocrx_word' id='word_1_200' title='bbox 892 1881 1078 1920; x_wconf 89' lang='lat' dir='ltr'><strong>verum</strong></span> <span class='ocrx_word' id='word_1_201' title='bbox 1101 1865 1353 1930; x_wconf 83' lang='lat' dir='ltr'><strong>latemur,</strong></span> <span class='ocrx_word' id='word_1_202' title='bbox 1380 1865 1463 1919; x_wconf 89' lang='lat' dir='ltr'><strong>vel</strong></span> <span class='ocrx_word' id='word_1_203' title='bbox 1492 1865 1562 1920; x_wconf 91' lang='lat' dir='ltr'><strong>ob</strong></span> <span class='ocrx_word' id='word_1_204' title='bbox 1589 1864 1985 1934; x_wconf 81' lang='lat' dir='ltr'><strong>explorationis</strong></span> <span class='ocrx_word' id='word_1_205' title='bbox 2025 1862 2419 1929; x_wconf 70' lang='lat' dir='ltr'><strong>difﬁcultatem,</strong></span> <span class='ocrx_word' id='word_1_206' title='bbox 2452 1866 2535 1918; x_wconf 87' lang='lat' dir='ltr'><strong>vel</strong></span> <span class='ocrx_word' id='word_1_207' title='bbox 2589 1866 2658 1918; x_wconf 92' lang='lat' dir='ltr'><strong>ob</strong></span> <span class='ocrx_word' id='word_1_208' title='bbox 2720 1864 3054 1918; x_wconf 80' lang='lat' dir='ltr'><strong>anxietatem</strong></span> <span class='ocrx_word' id='word_1_209' title='bbox 3123 1863 3432 1919; x_wconf 73' lang='lat' dir='ltr'><strong>dillidcntia:</strong></span> <span class='ocrx_word' id='word_1_210' title='bbox 3492 1861 3678 1918; x_wconf 80' lang='lat' dir='ltr'><strong>cautio</strong></span> 
     </span>
    </p>
   </div>
   <div class='ocr_carea' id='block_1_24' title="bbox 401 1956 3676 2034">
    <p class='ocr_par' dir='ltr' id='par_1_24' title="bbox 401 1956 3676 2034">
     <span class='ocr_line' id='line_1_24' title="bbox 401 1956 3676 2034; baseline -0.002 -18"><span class='ocrx_word' id='word_1_211' title='bbox 401 1972 543 2018; x_wconf 83' lang='lat' dir='ltr'><strong>erat.</strong></span> <span class='ocrx_word' id='word_1_212' title='bbox 570 1960 772 2018; x_wconf 87' lang='lat' dir='ltr'><strong>Tamen</strong></span> <span class='ocrx_word' id='word_1_213' title='bbox 799 1962 888 2018; x_wconf 90' lang='lat' dir='ltr'><strong>ille</strong></span> <span class='ocrx_word' id='word_1_214' title='bbox 916 1972 1138 2034; x_wconf 89' lang='lat' dir='ltr'><strong>paratus</strong></span> <span class='ocrx_word' id='word_1_215' title='bbox 1170 1971 1332 2031; x_wconf 87' lang='lat' dir='ltr'><strong>atque</strong></span> <span class='ocrx_word' id='word_1_216' title='bbox 1380 1975 1596 2029; x_wconf 89' lang='lat' dir='ltr'><strong>semper</strong></span> <span class='ocrx_word' id='word_1_217' title='bbox 1623 1974 1915 2013; x_wconf 87' lang='lat' dir='ltr'><strong>occurrens</strong></span> <span class='ocrx_word' id='word_1_218' title='bbox 1965 1958 2031 2013; x_wconf 86' lang='lat' dir='ltr'><strong>ad</strong></span> <span class='ocrx_word' id='word_1_219' title='bbox 2070 1957 2220 2010; x_wconf 89' lang='lat' dir='ltr'><strong>varia</strong></span> <span class='ocrx_word' id='word_1_220' title='bbox 2253 1957 2396 2009; x_wconf 86' lang='lat' dir='ltr'><strong>velut</strong></span> <span class='ocrx_word' id='word_1_221' title='bbox 2425 1956 2727 2026; x_wconf 78' lang='lat' dir='ltr'><strong>multiplex.</strong></span> <span class='ocrx_word' id='word_1_222' title='bbox 2758 1956 2827 2010; x_wconf 87' lang='lat' dir='ltr'><strong>ad</strong></span> <span class='ocrx_word' id='word_1_223' title='bbox 2893 1957 3075 2010; x_wconf 90' lang='lat' dir='ltr'><strong>omnia</strong></span> <span class='ocrx_word' id='word_1_224' title='bbox 3123 1973 3260 2009; x_wconf 87' lang='lat' dir='ltr'><strong>unus</strong></span> <span class='ocrx_word' id='word_1_225' title='bbox 3334 1957 3628 2011; x_wconf 72' lang='lat' dir='ltr'><strong>subiciebat</strong></span> <span class='ocrx_word' id='word_1_226' title='bbox 3660 1984 3676 2021; x_wconf 71' lang='grc' dir='ltr'><strong>ε</strong></span> 
     </span>
    </p>
   </div>
   <div class='ocr_carea' id='block_1_25' title="bbox 400 2047 3675 2125">
    <p class='ocr_par' dir='ltr' id='par_1_25' title="bbox 400 2047 3675 2125">
     <span class='ocr_line' id='line_1_25' title="bbox 400 2047 3675 2125; baseline -0.002 -16"><span class='ocrx_word' id='word_1_227' title='bbox 400 2063 656 2109; x_wconf 68' lang='lat' dir='ltr'><strong>caeterum</strong></span> <span class='ocrx_word' id='word_1_228' title='bbox 736 2065 870 2125; x_wconf 87' lang='lat' dir='ltr'><strong>quot</strong></span> <span class='ocrx_word' id='word_1_229' title='bbox 934 2056 1197 2110; x_wconf 83' lang='lat' dir='ltr'><strong>aerumnis</strong></span> <span class='ocrx_word' id='word_1_230' title='bbox 1250 2053 1577 2123; x_wconf 85' lang='lat' dir='ltr'><strong>quantisque</strong></span> <span class='ocrx_word' id='word_1_231' title='bbox 1619 2051 1898 2107; x_wconf 82' lang='lat' dir='ltr'><strong>laboribus</strong></span> <span class='ocrx_word' id='word_1_232' title='bbox 1948 2048 2054 2104; x_wconf 85' lang='lat' dir='ltr'><strong>Ista</strong></span> <span class='ocrx_word' id='word_1_233' title='bbox 2098 2047 2394 2102; x_wconf 67' lang='lat' dir='ltr'><strong>indefessa:</strong></span> <span class='ocrx_word' id='word_1_234' title='bbox 2429 2048 2628 2117; x_wconf 68' lang='lat' dir='ltr'><strong>vigilite</strong></span> <span class='ocrx_word' id='word_1_235' title='bbox 2682 2048 2949 2114; x_wconf 89' lang='lat' dir='ltr'><strong>custodia,</strong></span> <span class='ocrx_word' id='word_1_236' title='bbox 3008 2048 3106 2103; x_wconf 89' lang='lat' dir='ltr'><strong>ista</strong></span> <span class='ocrx_word' id='word_1_237' title='bbox 3156 2064 3275 2103; x_wconf 83' lang='lat' dir='ltr'><strong>sese</strong></span> <span class='ocrx_word' id='word_1_238' title='bbox 3323 2050 3388 2102; x_wconf 88' lang='lat' dir='ltr'><strong>ad</strong></span> <span class='ocrx_word' id='word_1_239' title='bbox 3434 2049 3675 2103; x_wconf 89' lang='lat' dir='ltr'><strong>omnium</strong></span> 
     </span>
    </p>
   </div>
   <div class='ocr_carea' id='block_1_26' title="bbox 398 2140 3679 2218">
    <p class='ocr_par' dir='ltr' id='par_1_26' title="bbox 398 2140 3679 2218">
     <span class='ocr_line' id='line_1_26' title="bbox 398 2140 3679 2218; baseline -0.002 -15"><span class='ocrx_word' id='word_1_240' title='bbox 398 2150 746 2204; x_wconf 76' lang='lat' dir='ltr'><strong>occasionum</strong></span> <span class='ocrx_word' id='word_1_241' title='bbox 793 2164 922 2203; x_wconf 90' lang='lat' dir='ltr'><strong>usus</strong></span> <span class='ocrx_word' id='word_1_242' title='bbox 953 2148 1101 2202; x_wconf 89' lang='lat' dir='ltr'><strong>varie</strong></span> <span class='ocrx_word' id='word_1_243' title='bbox 1153 2147 1456 2218; x_wconf 91' lang='lat' dir='ltr'><strong>torquentis</strong></span> <span class='ocrx_word' id='word_1_244' title='bbox 1500 2153 1665 2213; x_wconf 89' lang='lat' dir='ltr'><strong>atque</strong></span> <span class='ocrx_word' id='word_1_245' title='bbox 1715 2143 1971 2213; x_wconf 70' lang='lat' dir='ltr'><strong>(iungentis</strong></span> <span class='ocrx_word' id='word_1_246' title='bbox 2011 2141 2271 2196; x_wconf 88' lang='lat' dir='ltr'><strong>habilitas</strong></span> <span class='ocrx_word' id='word_1_247' title='bbox 2304 2140 2630 2208; x_wconf 81' lang='lat' dir='ltr'><strong>prudentiae,</strong></span> <span class='ocrx_word' id='word_1_248' title='bbox 2671 2140 2747 2195; x_wconf 89' lang='lat' dir='ltr'><strong>illi</strong></span> <span class='ocrx_word' id='word_1_249' title='bbox 2820 2142 3130 2195; x_wconf 81' lang='lat' dir='ltr'><strong>constiterit</strong></span> <span class='ocrx_word' id='word_1_250' title='bbox 3174 2141 3297 2211; x_wconf 88' lang='lat' dir='ltr'><strong>quis</strong></span> <span class='ocrx_word' id='word_1_251' title='bbox 3346 2158 3512 2212; x_wconf 86' lang='lat' dir='ltr'><strong>queat</strong></span> <span class='ocrx_word' id='word_1_252' title='bbox 3595 2143 3679 2196; x_wconf 88' lang='lat' dir='ltr'><strong>di-</strong></span> 
     </span>
    </p>
   </div>
   <div class='ocr_carea' id='block_1_27' title="bbox 400 2236 3678 2313">
    <p class='ocr_par' dir='ltr' id='par_1_27' title="bbox 400 2236 3678 2313">
     <span class='ocr_line' id='line_1_27' title="bbox 400 2236 3678 2313; baseline -0.001 -18"><span class='ocrx_word' id='word_1_253' title='bbox 400 2242 560 2297; x_wconf 78' lang='lat' dir='ltr'><strong>cere?</strong></span> <span class='ocrx_word' id='word_1_254' title='bbox 587 2241 774 2297; x_wconf 84' lang='lat' dir='ltr'><strong>Gallos</strong></span> <span class='ocrx_word' id='word_1_255' title='bbox 805 2243 1021 2313; x_wconf 88' lang='lat' dir='ltr'><strong>proprie</strong></span> <span class='ocrx_word' id='word_1_256' title='bbox 1051 2243 1195 2311; x_wconf 86' lang='lat' dir='ltr'><strong>quod</strong></span> <span class='ocrx_word' id='word_1_257' title='bbox 1215 2242 1410 2295; x_wconf 89' lang='lat' dir='ltr'><strong>attinet</strong></span> <span class='ocrx_word' id='word_1_258' title='bbox 1451 2241 1599 2310; x_wconf 88' lang='lat' dir='ltr'><strong>(nam</strong></span> <span class='ocrx_word' id='word_1_259' title='bbox 1634 2241 1740 2304; x_wconf 89' lang='lat' dir='ltr'><strong>his,</strong></span> <span class='ocrx_word' id='word_1_260' title='bbox 1806 2249 1865 2292; x_wconf 93' lang='lat' dir='ltr'><strong>ut</strong></span> <span class='ocrx_word' id='word_1_261' title='bbox 1925 2237 2060 2301; x_wconf 79' lang='lat' dir='ltr'><strong>dixi,</strong></span> <span class='ocrx_word' id='word_1_262' title='bbox 2102 2237 2445 2307; x_wconf 89' lang='lat' dir='ltr'><strong>potissimum</strong></span> <span class='ocrx_word' id='word_1_263' title='bbox 2480 2236 2870 2306; x_wconf 78' lang='lat' dir='ltr'><strong>invigilandum</strong></span> <span class='ocrx_word' id='word_1_264' title='bbox 2903 2237 3199 2300; x_wconf 88' lang='lat' dir='ltr'><strong>statuebat,</strong></span> <span class='ocrx_word' id='word_1_265' title='bbox 3226 2246 3279 2291; x_wconf 91' lang='lat' dir='ltr'><strong>et</strong></span> <span class='ocrx_word' id='word_1_266' title='bbox 3323 2254 3475 2292; x_wconf 90' lang='lat' dir='ltr'><strong>more</strong></span> <span class='ocrx_word' id='word_1_267' title='bbox 3518 2242 3678 2310; x_wconf 67' lang='lat' dir='ltr'><strong>periti</strong></span> 
     </span>
    </p>
   </div>
   <div class='ocr_carea' id='block_1_28' title="bbox 399 2326 3677 2404">
    <p class='ocr_par' dir='ltr' id='par_1_28' title="bbox 399 2326 3677 2404">
     <span class='ocr_line' id='line_1_28' title="bbox 399 2326 3677 2404; baseline 0 -19"><span class='ocrx_word' id='word_1_268' title='bbox 399 2333 617 2397; x_wconf 85' lang='lat' dir='ltr'><strong>medici,</strong></span> <span class='ocrx_word' id='word_1_269' title='bbox 659 2348 782 2387; x_wconf 89' lang='lat' dir='ltr'><strong>cum</strong></span> <span class='ocrx_word' id='word_1_270' title='bbox 810 2332 1015 2387; x_wconf 88' lang='lat' dir='ltr'><strong>nullam</strong></span> <span class='ocrx_word' id='word_1_271' title='bbox 1053 2334 1351 2403; x_wconf 75' lang='lat' dir='ltr'><strong>negligeret</strong></span> <span class='ocrx_word' id='word_1_272' title='bbox 1376 2331 1501 2384; x_wconf 88' lang='lat' dir='ltr'><strong>mali</strong></span> <span class='ocrx_word' id='word_1_273' title='bbox 1536 2341 1770 2400; x_wconf 88' lang='lat' dir='ltr'><strong>partem,</strong></span> <span class='ocrx_word' id='word_1_274' title='bbox 1837 2339 2017 2384; x_wconf 88' lang='lat' dir='ltr'><strong>tamen</strong></span> <span class='ocrx_word' id='word_1_275' title='bbox 2101 2329 2150 2404; x_wconf 78' lang='lat' dir='ltr'><strong>ei</strong></span> <span class='ocrx_word' id='word_1_276' title='bbox 2187 2342 2309 2396; x_wconf 74' lang='lat' dir='ltr'><strong>quae</strong></span> <span class='ocrx_word' id='word_1_277' title='bbox 2341 2326 2697 2395; x_wconf 87' lang='lat' dir='ltr'><strong>periculosius</strong></span> <span class='ocrx_word' id='word_1_278' title='bbox 2748 2337 2987 2397; x_wconf 77' lang='lat' dir='ltr'><strong>urgeret,</strong></span> <span class='ocrx_word' id='word_1_279' title='bbox 3026 2327 3371 2382; x_wconf 88' lang='lat' dir='ltr'><strong>curationem</strong></span> <span class='ocrx_word' id='word_1_280' title='bbox 3416 2331 3677 2386; x_wconf 86' lang='lat' dir='ltr'><strong>adhiben-</strong></span> 
     </span>
    </p>
   </div>
   <div class='ocr_carea' id='block_1_29' title="bbox 399 2416 3677 2495">
    <p class='ocr_par' dir='ltr' id='par_1_29' title="bbox 399 2416 3677 2495">
     <span class='ocr_line' id='line_1_29' title="bbox 399 2416 3677 2495; baseline -0.002 -15"><span class='ocrx_word' id='word_1_281' title='bbox 399 2427 522 2480; x_wconf 89' lang='lat' dir='ltr'><strong>dam</strong></span> <span class='ocrx_word' id='word_1_282' title='bbox 559 2428 817 2483; x_wconf 83' lang='lat' dir='ltr'><strong>censebat</strong></span> <span class='ocrx_word' id='word_1_283' title='bbox 850 2425 1242 2495; x_wconf 85' lang='lat' dir='ltr'><strong>attentiorem),</strong></span> <span class='ocrx_word' id='word_1_284' title='bbox 1296 2423 1506 2485; x_wconf 87' lang='lat' dir='ltr'><strong>Gallos,</strong></span> <span class='ocrx_word' id='word_1_285' title='bbox 1553 2423 1796 2491; x_wconf 87' lang='lat' dir='ltr'><strong>inquam,</strong></span> <span class='ocrx_word' id='word_1_286' title='bbox 1836 2421 1977 2490; x_wconf 87' lang='lat' dir='ltr'><strong>quod</strong></span> <span class='ocrx_word' id='word_1_287' title='bbox 2019 2419 2235 2483; x_wconf 89' lang='lat' dir='ltr'><strong>attinet,</strong></span> <span class='ocrx_word' id='word_1_288' title='bbox 2321 2425 2463 2471; x_wconf 89' lang='lat' dir='ltr'><strong>totos</strong></span> <span class='ocrx_word' id='word_1_289' title='bbox 2527 2416 2637 2470; x_wconf 88' lang='lat' dir='ltr'><strong>illis</strong></span> <span class='ocrx_word' id='word_1_290' title='bbox 2666 2419 2952 2473; x_wconf 86' lang='lat' dir='ltr'><strong>audiendis</strong></span> <span class='ocrx_word' id='word_1_291' title='bbox 2983 2417 3429 2487; x_wconf 80' lang='lat' dir='ltr'><strong>alloquendisqne</strong></span> <span class='ocrx_word' id='word_1_292' title='bbox 3471 2421 3677 2489; x_wconf 87' lang='lat' dir='ltr'><strong>impen-</strong></span> 
     </span>
    </p>
   </div>
   <div class='ocr_carea' id='block_1_30' title="bbox 401 2506 3675 2584">
    <p class='ocr_par' dir='ltr' id='par_1_30' title="bbox 401 2506 3675 2584">
     <span class='ocr_line' id='line_1_30' title="bbox 401 2506 3675 2584; baseline -0.002 -14"><span class='ocrx_word' id='word_1_293' title='bbox 401 2515 564 2570; x_wconf 87' lang='lat' dir='ltr'><strong>debat</strong></span> <span class='ocrx_word' id='word_1_294' title='bbox 594 2517 732 2571; x_wconf 89' lang='lat' dir='ltr'><strong>dies.</strong></span> <span class='ocrx_word' id='word_1_295' title='bbox 770 2515 1015 2572; x_wconf 79' lang='lat' dir='ltr'><strong>Vidisses</strong></span> <span class='ocrx_word' id='word_1_296' title='bbox 1044 2515 1220 2584; x_wconf 90' lang='lat' dir='ltr'><strong>primo</strong></span> <span class='ocrx_word' id='word_1_297' title='bbox 1252 2510 1381 2570; x_wconf 85' lang='lat' dir='ltr'><strong>solis</strong></span> <span class='ocrx_word' id='word_1_298' title='bbox 1411 2521 1601 2569; x_wconf 82' lang='lat' dir='ltr'><strong>exortu</strong></span> <span class='ocrx_word' id='word_1_299' title='bbox 1650 2510 1979 2566; x_wconf 88' lang='lat' dir='ltr'><strong>insidentem</strong></span> <span class='ocrx_word' id='word_1_300' title='bbox 2021 2508 2160 2564; x_wconf 90' lang='lat' dir='ltr'><strong>solio</strong></span> <span class='ocrx_word' id='word_1_301' title='bbox 2209 2508 2536 2576; x_wconf 81' lang='lat' dir='ltr'><strong>Augustum,</strong></span> <span class='ocrx_word' id='word_1_302' title='bbox 2568 2506 2739 2562; x_wconf 89' lang='lat' dir='ltr'><strong>libera</strong></span> <span class='ocrx_word' id='word_1_303' title='bbox 2770 2522 2868 2576; x_wconf 88' lang='lat' dir='ltr'><strong>per</strong></span> <span class='ocrx_word' id='word_1_304' title='bbox 2914 2523 3044 2564; x_wconf 91' lang='lat' dir='ltr'><strong>suos</strong></span> <span class='ocrx_word' id='word_1_305' title='bbox 3088 2508 3226 2562; x_wconf 80' lang='lat' dir='ltr'><strong>facta</strong></span> <span class='ocrx_word' id='word_1_306' title='bbox 3302 2507 3474 2564; x_wconf 87' lang='lat' dir='ltr'><strong>Gallis</strong></span> <span class='ocrx_word' id='word_1_307' title='bbox 3545 2528 3675 2581; x_wconf 86' lang='lat' dir='ltr'><strong>pro-</strong></span> 
     </span>
    </p>
   </div>
   <div class='ocr_carea' id='block_1_31' title="bbox 400 2596 3672 2675">
    <p class='ocr_par' dir='ltr' id='par_1_31' title="bbox 400 2596 3672 2675">
     <span class='ocr_line' id='line_1_31' title="bbox 400 2596 3672 2675; baseline -0.003 -11"><span class='ocrx_word' id='word_1_308' title='bbox 400 2612 608 2665; x_wconf 89' lang='lat' dir='ltr'><strong>miscue</strong></span> <span class='ocrx_word' id='word_1_309' title='bbox 645 2611 900 2664; x_wconf 83' lang='lat' dir='ltr'><strong>omnibus</strong></span> <span class='ocrx_word' id='word_1_310' title='bbox 934 2609 1001 2663; x_wconf 91' lang='lat' dir='ltr'><strong>ad</strong></span> <span class='ocrx_word' id='word_1_311' title='bbox 1042 2624 1103 2663; x_wconf 85' lang='lat' dir='ltr'><strong>se</strong></span> <span class='ocrx_word' id='word_1_312' title='bbox 1134 2607 1367 2662; x_wconf 88' lang='lat' dir='ltr'><strong>adeundi</strong></span> <span class='ocrx_word' id='word_1_313' title='bbox 1401 2612 1706 2675; x_wconf 85' lang='lat' dir='ltr'><strong>potestate;</strong></span> <span class='ocrx_word' id='word_1_314' title='bbox 1764 2618 1887 2656; x_wconf 90' lang='lat' dir='ltr'><strong>nam</strong></span> <span class='ocrx_word' id='word_1_315' title='bbox 1928 2611 1982 2656; x_wconf 89' lang='lat' dir='ltr'><strong>et</strong></span> <span class='ocrx_word' id='word_1_316' title='bbox 2024 2601 2151 2669; x_wconf 90' lang='lat' dir='ltr'><strong>quid</strong></span> <span class='ocrx_word' id='word_1_317' title='bbox 2175 2596 2479 2669; x_wconf 76' lang='lat' dir='ltr'><strong>cogitarent</strong></span> <span class='ocrx_word' id='word_1_318' title='bbox 2504 2600 2701 2670; x_wconf 88' lang='lat' dir='ltr'><strong>quidve</strong></span> <span class='ocrx_word' id='word_1_319' title='bbox 2726 2612 2987 2668; x_wconf 88' lang='lat' dir='ltr'><strong>cuperent</strong></span> <span class='ocrx_word' id='word_1_320' title='bbox 3041 2615 3368 2672; x_wconf 79' lang='lat' dir='ltr'><strong>cognoscere</strong></span> <span class='ocrx_word' id='word_1_321' title='bbox 3425 2603 3672 2670; x_wconf 71' lang='lat' dir='ltr'><strong>protinus</strong></span> 
     </span>
    </p>
   </div>
   <div class='ocr_carea' id='block_1_32' title="bbox 399 2695 3670 2775">
    <p class='ocr_par' dir='ltr' id='par_1_32' title="bbox 399 2695 3670 2775">
     <span class='ocr_line' id='line_1_32' title="bbox 399 2695 3670 2775; baseline -0.003 -13"><span class='ocrx_word' id='word_1_322' title='bbox 399 2722 464 2762; x_wconf 85' lang='lat' dir='ltr'><strong>ex</strong></span> <span class='ocrx_word' id='word_1_323' title='bbox 531 2705 661 2775; x_wconf 88' lang='lat' dir='ltr'><strong>ipsis</strong></span> <span class='ocrx_word' id='word_1_324' title='bbox 729 2705 914 2759; x_wconf 90' lang='lat' dir='ltr'><strong>auditu</strong></span> <span class='ocrx_word' id='word_1_325' title='bbox 976 2703 1253 2773; x_wconf 59' lang='lat' dir='ltr'><strong>praesenti,</strong></span> <span class='ocrx_word' id='word_1_326' title='bbox 1307 2700 1606 2771; x_wconf 83' lang='lat' dir='ltr'><strong>sagacitate</strong></span> <span class='ocrx_word' id='word_1_327' title='bbox 1656 2696 1984 2769; x_wconf 88' lang='lat' dir='ltr'><strong>suspicionis</strong></span> <span class='ocrx_word' id='word_1_328' title='bbox 2061 2698 2227 2751; x_wconf 90' lang='lat' dir='ltr'><strong>etiam</strong></span> <span class='ocrx_word' id='word_1_329' title='bbox 2296 2697 2437 2750; x_wconf 91' lang='lat' dir='ltr'><strong>ultra</strong></span> <span class='ocrx_word' id='word_1_330' title='bbox 2471 2695 2614 2750; x_wconf 88' lang='lat' dir='ltr'><strong>dicta</strong></span> <span class='ocrx_word' id='word_1_331' title='bbox 2645 2712 2813 2763; x_wconf 89' lang='lat' dir='ltr'><strong>usque</strong></span> <span class='ocrx_word' id='word_1_332' title='bbox 2840 2697 2905 2750; x_wconf 88' lang='lat' dir='ltr'><strong>ad</strong></span> <span class='ocrx_word' id='word_1_333' title='bbox 2944 2712 3136 2752; x_wconf 90' lang='lat' dir='ltr'><strong>sensus</strong></span> <span class='ocrx_word' id='word_1_334' title='bbox 3164 2696 3511 2766; x_wconf 79' lang='lat' dir='ltr'><strong>exploratura</strong></span> <span class='ocrx_word' id='word_1_335' title='bbox 3541 2700 3670 2755; x_wconf 83' lang='lat' dir='ltr'><strong>inti-</strong></span> 
     </span>
    </p>
   </div>
   <div class='ocr_carea' id='block_1_33' title="bbox 397 2784 3664 2865">
    <p class='ocr_par' dir='ltr' id='par_1_33' title="bbox 397 2784 3664 2865">
     <span class='ocr_line' id='line_1_33' title="bbox 397 2784 3664 2865; baseline -0.003 -14"><span class='ocrx_word' id='word_1_336' title='bbox 397 2813 536 2860; x_wconf 88' lang='lat' dir='ltr'><strong>mos,</strong></span> <span class='ocrx_word' id='word_1_337' title='bbox 576 2796 677 2850; x_wconf 88' lang='lat' dir='ltr'><strong>sibi</strong></span> <span class='ocrx_word' id='word_1_338' title='bbox 711 2795 775 2848; x_wconf 91' lang='lat' dir='ltr'><strong>ad</strong></span> <span class='ocrx_word' id='word_1_339' title='bbox 826 2794 1276 2865; x_wconf 84' lang='lat' dir='ltr'><strong>gubernationem</strong></span> <span class='ocrx_word' id='word_1_340' title='bbox 1331 2806 1512 2846; x_wconf 89' lang='lat' dir='ltr'><strong>rerum</strong></span> <span class='ocrx_word' id='word_1_341' title='bbox 1569 2787 1657 2843; x_wconf 86' lang='lat' dir='ltr'><strong>tali</strong></span> <span class='ocrx_word' id='word_1_342' title='bbox 1711 2797 1975 2855; x_wconf 89' lang='lat' dir='ltr'><strong>tempore,</strong></span> <span class='ocrx_word' id='word_1_343' title='bbox 2014 2786 2097 2839; x_wconf 90' lang='lat' dir='ltr'><strong>vel</strong></span> <span class='ocrx_word' id='word_1_344' title='bbox 2136 2786 2189 2838; x_wconf 90' lang='lat' dir='ltr'><strong>in</strong></span> <span class='ocrx_word' id='word_1_345' title='bbox 2224 2784 2414 2852; x_wconf 89' lang='lat' dir='ltr'><strong>primis</strong></span> <span class='ocrx_word' id='word_1_346' title='bbox 2446 2784 2577 2837; x_wconf 84' lang='lat' dir='ltr'><strong>utile</strong></span> <span class='ocrx_word' id='word_1_347' title='bbox 2644 2785 2886 2865; x_wconf 84' lang='lat' dir='ltr'><strong>putabat,</strong></span> <span class='ocrx_word' id='word_1_348' title='bbox 2936 2793 2991 2839; x_wconf 88' lang='lat' dir='ltr'><strong>et</strong></span> <span class='ocrx_word' id='word_1_349' title='bbox 3018 2801 3031 2806; x_wconf 75' lang='grc'><strong>’</strong></span> <span class='ocrx_word' id='word_1_350' title='bbox 3071 2795 3254 2853; x_wconf 86' lang='lat' dir='ltr'><strong>partes</strong></span> <span class='ocrx_word' id='word_1_351' title='bbox 3302 2788 3664 2854; x_wconf 87' lang='lat' dir='ltr'><strong>persuadendi</strong></span> 
     </span>
    </p>
   </div>
   <div class='ocr_carea' id='block_1_34' title="bbox 397 2862 3667 2958">
    <p class='ocr_par' dir='ltr' id='par_1_34' title="bbox 397 2862 3667 2958">
     <span class='ocr_line' id='line_1_34' title="bbox 397 2862 3667 2958; baseline 0.002 -28"><span class='ocrx_word' id='word_1_352' title='bbox 397 2887 477 2942; x_wconf 65' lang='lat' dir='ltr'><strong>eis</strong></span> <span class='ocrx_word' id='word_1_353' title='bbox 505 2903 624 2957; x_wconf 62' lang='lat' dir='ltr'><strong>qua;</strong></span> <span class='ocrx_word' id='word_1_354' title='bbox 646 2862 951 2958; x_wconf 62' lang='lat' dir='ltr'><strong>oportebat,</strong></span> <span class='ocrx_word' id='word_1_355' title='bbox 992 2886 1320 2953; x_wconf 83' lang='lat' dir='ltr'><strong>eosdemque</strong></span> <span class='ocrx_word' id='word_1_356' title='bbox 1368 2881 1658 2938; x_wconf 87' lang='lat' dir='ltr'><strong>revocandi</strong></span> <span class='ocrx_word' id='word_1_357' title='bbox 1715 2894 1743 2933; x_wconf 89' lang='lat' dir='ltr'><strong>a</strong></span> <span class='ocrx_word' id='word_1_358' title='bbox 1796 2879 1974 2933; x_wconf 77' lang='lat' dir='ltr'><strong>noxiis</strong></span> <span class='ocrx_word' id='word_1_359' title='bbox 2013 2878 2091 2931; x_wconf 88' lang='lat' dir='ltr'><strong>rei</strong></span> <span class='ocrx_word' id='word_1_360' title='bbox 2124 2877 2384 2932; x_wconf 64' lang='lat' dir='ltr'><strong>Romana:</strong></span> <span class='ocrx_word' id='word_1_361' title='bbox 2408 2876 2673 2942; x_wconf 87' lang='lat' dir='ltr'><strong>consiliis,</strong></span> <span class='ocrx_word' id='word_1_362' title='bbox 2705 2862 2835 2931; x_wconf 39' lang='lat' dir='ltr'><strong>sibi‘</strong></span> <span class='ocrx_word' id='word_1_363' title='bbox 2880 2878 3249 2933; x_wconf 88' lang='lat' dir='ltr'><strong>arbitrabatur</strong></span> <span class='ocrx_word' id='word_1_364' title='bbox 3311 2884 3667 2950; x_wconf 76' lang='lat' dir='ltr'><strong>usurpandae;</strong></span> 
     </span>
    </p>
   </div>
   <div class='ocr_carea' id='block_1_35' title="bbox 397 2969 3675 3048">
    <p class='ocr_par' dir='ltr' id='par_1_35' title="bbox 397 2969 3675 3048">
     <span class='ocr_line' id='line_1_35' title="bbox 397 2969 3675 3048; baseline -0.001 -14"><span class='ocrx_word' id='word_1_365' title='bbox 397 2982 484 3034; x_wconf 78' lang='lat' dir='ltr'><strong>vel</strong></span> <span class='ocrx_word' id='word_1_366' title='bbox 518 2980 712 3034; x_wconf 81' lang='lat' dir='ltr'><strong>ﬁducia</strong></span> <span class='ocrx_word' id='word_1_367' title='bbox 744 2995 855 3034; x_wconf 80' lang='lat' dir='ltr'><strong>suae</strong></span> <span class='ocrx_word' id='word_1_368' title='bbox 888 2977 1196 3048; x_wconf 55' lang='lat' dir='ltr'><strong>praestantis</strong></span> <span class='ocrx_word' id='word_1_369' title='bbox 1264 2978 1320 3030; x_wconf 89' lang='lat' dir='ltr'><strong>in</strong></span> <span class='ocrx_word' id='word_1_370' title='bbox 1359 2975 1588 3030; x_wconf 89' lang='lat' dir='ltr'><strong>dicendo</strong></span> <span class='ocrx_word' id='word_1_371' title='bbox 1652 2971 1956 3036; x_wconf 80' lang='lat' dir='ltr'><strong>facultatis,</strong></span> <span class='ocrx_word' id='word_1_372' title='bbox 1989 2984 2051 3023; x_wconf 88' lang='lat' dir='ltr'><strong>ac</strong></span> <span class='ocrx_word' id='word_1_373' title='bbox 2092 2971 2301 3039; x_wconf 77' lang='lat' dir='ltr'><strong>peritiae</strong></span> <span class='ocrx_word' id='word_1_374' title='bbox 2329 2969 2733 3023; x_wconf 87' lang='lat' dir='ltr'><strong>tractandorum</strong></span> <span class='ocrx_word' id='word_1_375' title='bbox 2766 2969 3110 3039; x_wconf 88' lang='lat' dir='ltr'><strong>animorum;</strong></span> <span class='ocrx_word' id='word_1_376' title='bbox 3165 2970 3248 3025; x_wconf 82' lang='lat' dir='ltr'><strong>vel</strong></span> <span class='ocrx_word' id='word_1_377' title='bbox 3300 2975 3441 3041; x_wconf 84' lang='lat' dir='ltr'><strong>quod</strong></span> <span class='ocrx_word' id='word_1_378' title='bbox 3492 2976 3675 3031; x_wconf 90' lang='lat' dir='ltr'><strong>minus</strong></span> 
     </span>
    </p>
   </div>
   <div class='ocr_carea' id='block_1_36' title="bbox 396 3054 3674 3141">
    <p class='ocr_par' dir='ltr' id='par_1_36' title="bbox 396 3054 3674 3141">
     <span class='ocr_line' id='line_1_36' title="bbox 396 3054 3674 3141; baseline -0.002 -15"><span class='ocrx_word' id='word_1_379' title='bbox 396 3070 495 3126; x_wconf 63' lang='lat' dir='ltr'><strong>alii</strong></span> <span class='ocrx_word' id='word_1_380' title='bbox 524 3080 893 3141; x_wconf 86' lang='lat' dir='ltr'><strong>suppeterent,</strong></span> <span class='ocrx_word' id='word_1_381' title='bbox 929 3069 1128 3138; x_wconf 89' lang='lat' dir='ltr'><strong>quibus</strong></span> <span class='ocrx_word' id='word_1_382' title='bbox 1175 3066 1240 3120; x_wconf 88' lang='lat' dir='ltr'><strong>ad</strong></span> <span class='ocrx_word' id='word_1_383' title='bbox 1278 3082 1395 3119; x_wconf 85' lang='lat' dir='ltr'><strong>eam</strong></span> <span class='ocrx_word' id='word_1_384' title='bbox 1446 3080 1559 3119; x_wconf 89' lang='lat' dir='ltr'><strong>rem</strong></span> <span class='ocrx_word' id='word_1_385' title='bbox 1614 3063 1759 3127; x_wconf 78' lang='lat' dir='ltr'><strong>fidei,</strong></span> <span class='ocrx_word' id='word_1_386' title='bbox 1822 3062 1980 3127; x_wconf 89' lang='lat' dir='ltr'><strong>artis,</strong></span> <span class='ocrx_word' id='word_1_387' title='bbox 2022 3060 2388 3125; x_wconf 88' lang='lat' dir='ltr'><strong>auctoritatis,</strong></span> <span class='ocrx_word' id='word_1_388' title='bbox 2423 3060 2556 3115; x_wconf 84' lang='lat' dir='ltr'><strong>satis</strong></span> <span class='ocrx_word' id='word_1_389' title='bbox 2588 3061 2767 3115; x_wconf 88' lang='lat' dir='ltr'><strong>inesse</strong></span> <span class='ocrx_word' id='word_1_390' title='bbox 2791 3062 3087 3116; x_wconf 86' lang='lat' dir='ltr'><strong>videretur.</strong></span> <span class='ocrx_word' id='word_1_391' title='bbox 3154 3054 3458 3119; x_wconf 77' lang='lat' dir='ltr'><strong>Utebantur</strong></span> <span class='ocrx_word' id='word_1_392' title='bbox 3510 3081 3674 3135; x_wconf 93' lang='lat' dir='ltr'><strong>porro</strong></span> 
     </span>
    </p>
   </div>
   <div class='ocr_carea' id='block_1_37' title="bbox 396 3150 3676 3230">
    <p class='ocr_par' dir='ltr' id='par_1_37' title="bbox 396 3150 3676 3230">
     <span class='ocr_line' id='line_1_37' title="bbox 396 3150 3676 3230; baseline -0.003 -13"><span class='ocrx_word' id='word_1_393' title='bbox 396 3159 522 3217; x_wconf 67' lang='lat' dir='ltr'><strong>data</strong></span> <span class='ocrx_word' id='word_1_394' title='bbox 575 3162 732 3230; x_wconf 89' lang='lat' dir='ltr'><strong>copia</strong></span> <span class='ocrx_word' id='word_1_395' title='bbox 805 3160 1028 3213; x_wconf 89' lang='lat' dir='ltr'><strong>minime</strong></span> <span class='ocrx_word' id='word_1_396' title='bbox 1072 3155 1373 3211; x_wconf 87' lang='lat' dir='ltr'><strong>verecundi</strong></span> <span class='ocrx_word' id='word_1_397' title='bbox 1425 3154 1768 3222; x_wconf 82' lang='lat' dir='ltr'><strong>maximeque</strong></span> <span class='ocrx_word' id='word_1_398' title='bbox 1809 3150 2021 3206; x_wconf 86' lang='lat' dir='ltr'><strong>verbosi</strong></span> <span class='ocrx_word' id='word_1_399' title='bbox 2095 3151 2231 3205; x_wconf 73' lang='lat' dir='ltr'><strong>Galli</strong></span> <span class='ocrx_word' id='word_1_400' title='bbox 2262 3152 2529 3217; x_wconf 89' lang='lat' dir='ltr'><strong>comites;</strong></span> <span class='ocrx_word' id='word_1_401' title='bbox 2560 3160 2766 3206; x_wconf 87' lang='lat' dir='ltr'><strong>etcum</strong></span> <span class='ocrx_word' id='word_1_402' title='bbox 2806 3161 2938 3222; x_wconf 89' lang='lat' dir='ltr'><strong>quot</strong></span> <span class='ocrx_word' id='word_1_403' title='bbox 2972 3155 3167 3225; x_wconf 89' lang='lat' dir='ltr'><strong>cuique</strong></span> <span class='ocrx_word' id='word_1_404' title='bbox 3207 3158 3429 3211; x_wconf 89' lang='lat' dir='ltr'><strong>asseclis</strong></span> <span class='ocrx_word' id='word_1_405' title='bbox 3471 3157 3676 3212; x_wconf 88' lang='lat' dir='ltr'><strong>libebat</strong></span> 
     </span>
    </p>
   </div>
   <div class='ocr_carea' id='block_1_38' title="bbox 395 3245 3679 3321">
    <p class='ocr_par' dir='ltr' id='par_1_38' title="bbox 395 3245 3679 3321">
     <span class='ocr_line' id='line_1_38' title="bbox 395 3245 3679 3321; baseline -0.001 -12"><span class='ocrx_word' id='word_1_406' title='bbox 395 3266 493 3309; x_wconf 81' lang='lat' dir='ltr'><strong>ore</strong></span> <span class='ocrx_word' id='word_1_407' title='bbox 526 3253 617 3308; x_wconf 89' lang='lat' dir='ltr'><strong>illo</strong></span> <span class='ocrx_word' id='word_1_408' title='bbox 643 3268 739 3307; x_wconf 86' lang='lat' dir='ltr'><strong>suo</strong></span> <span class='ocrx_word' id='word_1_409' title='bbox 766 3254 901 3307; x_wconf 89' lang='lat' dir='ltr'><strong>duro</strong></span> <span class='ocrx_word' id='word_1_410' title='bbox 931 3263 986 3307; x_wconf 91' lang='lat' dir='ltr'><strong>et</strong></span> <span class='ocrx_word' id='word_1_411' title='bbox 1024 3251 1207 3306; x_wconf 83' lang='lat' dir='ltr'><strong>fronte</strong></span> <span class='ocrx_word' id='word_1_412' title='bbox 1232 3249 1450 3304; x_wconf 90' lang='lat' dir='ltr'><strong>sublimi</strong></span> <span class='ocrx_word' id='word_1_413' title='bbox 1483 3251 1549 3302; x_wconf 89' lang='lat' dir='ltr'><strong>ad</strong></span> <span class='ocrx_word' id='word_1_414' title='bbox 1585 3247 1968 3316; x_wconf 86' lang='lat' dir='ltr'><strong>imperatorem</strong></span> <span class='ocrx_word' id='word_1_415' title='bbox 2012 3247 2339 3301; x_wconf 87' lang='lat' dir='ltr'><strong>accedentes</strong></span> <span class='ocrx_word' id='word_1_416' title='bbox 2409 3245 2529 3316; x_wconf 85' lang='lat' dir='ltr'><strong>ejus</strong></span> <span class='ocrx_word' id='word_1_417' title='bbox 2604 3260 2768 3300; x_wconf 88' lang='lat' dir='ltr'><strong>aures</strong></span> <span class='ocrx_word' id='word_1_418' title='bbox 2817 3246 3192 3304; x_wconf 85' lang='lat' dir='ltr'><strong>obtundebant</strong></span> <span class='ocrx_word' id='word_1_419' title='bbox 3236 3251 3546 3321; x_wconf 79' lang='lat' dir='ltr'><strong>inexplebili</strong></span> <span class='ocrx_word' id='word_1_420' title='bbox 3595 3253 3679 3308; x_wconf 78' lang='lat' dir='ltr'><strong>lo-</strong></span> 
     </span>
    </p>
   </div>
   <div class='ocr_carea' id='block_1_39' title="bbox 395 3339 3686 3420">
    <p class='ocr_par' dir='ltr' id='par_1_39' title="bbox 395 3339 3686 3420">
     <span class='ocr_line' id='line_1_39' title="bbox 395 3339 3686 3420; baseline 0.002 -21"><span class='ocrx_word' id='word_1_421' title='bbox 395 3349 695 3420; x_wconf 71' lang='lat' dir='ltr'><strong>quacitate,</strong></span> <span class='ocrx_word' id='word_1_422' title='bbox 748 3349 834 3401; x_wconf 91' lang='lat' dir='ltr'><strong>cui</strong></span> <span class='ocrx_word' id='word_1_423' title='bbox 894 3346 1177 3402; x_wconf 86' lang='lat' dir='ltr'><strong>materiam</strong></span> <span class='ocrx_word' id='word_1_424' title='bbox 1229 3345 1505 3414; x_wconf 62' lang='lat' dir='ltr'><strong>praebebat</strong></span> <span class='ocrx_word' id='word_1_425' title='bbox 1551 3356 1831 3409; x_wconf 88' lang='lat' dir='ltr'><strong>nunquam</strong></span> <span class='ocrx_word' id='word_1_426' title='bbox 1882 3339 2214 3395; x_wconf 81' lang='lat' dir='ltr'><strong>defecturam</strong></span> <span class='ocrx_word' id='word_1_427' title='bbox 2280 3354 2400 3395; x_wconf 91' lang='lat' dir='ltr'><strong>cum</strong></span> <span class='ocrx_word' id='word_1_428' title='bbox 2465 3340 2758 3395; x_wconf 76' lang='lat' dir='ltr'><strong>fatniliaris</strong></span> <span class='ocrx_word' id='word_1_429' title='bbox 2818 3358 2882 3397; x_wconf 88' lang='lat' dir='ltr'><strong>ac</strong></span> <span class='ocrx_word' id='word_1_430' title='bbox 2927 3358 3063 3411; x_wconf 86' lang='lat' dir='ltr'><strong>pene</strong></span> <span class='ocrx_word' id='word_1_431' title='bbox 3107 3347 3368 3402; x_wconf 88' lang='lat' dir='ltr'><strong>naturalis</strong></span> <span class='ocrx_word' id='word_1_432' title='bbox 3416 3349 3505 3403; x_wconf 86' lang='lat' dir='ltr'><strong>isti</strong></span> <span class='ocrx_word' id='word_1_433' title='bbox 3583 3365 3686 3418; x_wconf 68' lang='grc' dir='ltr'>εο-</span> 
     </span>
    </p>
   </div>
   <div class='ocr_carea' id='block_1_40' title="bbox 395 3429 3676 3507">
    <p class='ocr_par' dir='ltr' id='par_1_40' title="bbox 395 3429 3676 3507">
     <span class='ocr_line' id='line_1_40' title="bbox 395 3429 3676 3507; baseline -0.001 -14"><span class='ocrx_word' id='word_1_434' title='bbox 395 3440 512 3493; x_wconf 85' lang='lat' dir='ltr'><strong>neri</strong></span> <span class='ocrx_word' id='word_1_435' title='bbox 546 3439 893 3507; x_wconf 83' lang='lat' dir='ltr'><strong>pecuniarum</strong></span> <span class='ocrx_word' id='word_1_436' title='bbox 929 3438 1135 3501; x_wconf 80' lang='lat' dir='ltr'><strong>fatuos;</strong></span> <span class='ocrx_word' id='word_1_437' title='bbox 1171 3447 1283 3488; x_wconf 88' lang='lat' dir='ltr'><strong>tum</strong></span> <span class='ocrx_word' id='word_1_438' title='bbox 1318 3447 1475 3488; x_wconf 86' lang='lat' dir='ltr'><strong>acres</strong></span> <span class='ocrx_word' id='word_1_439' title='bbox 1505 3441 1561 3485; x_wconf 87' lang='lat' dir='ltr'><strong>et</strong></span> <span class='ocrx_word' id='word_1_440' title='bbox 1599 3429 1984 3484; x_wconf 67' lang='lat' dir='ltr'><strong>inrevocabiles</strong></span> <span class='ocrx_word' id='word_1_441' title='bbox 2023 3431 2076 3484; x_wconf 91' lang='lat' dir='ltr'><strong>in</strong></span> <span class='ocrx_word' id='word_1_442' title='bbox 2128 3429 2182 3484; x_wconf 89' lang='lat' dir='ltr'><strong>id</strong></span> <span class='ocrx_word' id='word_1_443' title='bbox 2226 3445 2387 3485; x_wconf 89' lang='lat' dir='ltr'><strong>omne</strong></span> <span class='ocrx_word' id='word_1_444' title='bbox 2430 3431 2577 3499; x_wconf 91' lang='lat' dir='ltr'><strong>quod</strong></span> <span class='ocrx_word' id='word_1_445' title='bbox 2622 3431 3001 3500; x_wconf 86' lang='lat' dir='ltr'><strong>concupierint</strong></span> <span class='ocrx_word' id='word_1_446' title='bbox 3049 3434 3302 3504; x_wconf 75' lang='lat' dir='ltr'><strong>impetus,</strong></span> <span class='ocrx_word' id='word_1_447' title='bbox 3371 3453 3476 3506; x_wconf 88' lang='lat' dir='ltr'><strong>qua</strong></span> <span class='ocrx_word' id='word_1_448' title='bbox 3548 3441 3676 3496; x_wconf 80' lang='lat' dir='ltr'><strong>dote</strong></span> 
     </span>
    </p>
   </div>
   <div class='ocr_carea' id='block_1_41' title="bbox 395 3523 3677 3604">
    <p class='ocr_par' dir='ltr' id='par_1_41' title="bbox 395 3523 3677 3604">
     <span class='ocr_line' id='line_1_41' title="bbox 395 3523 3677 3604; baseline 0 -18"><span class='ocrx_word' id='word_1_449' title='bbox 395 3532 544 3587; x_wconf 88' lang='lat' dir='ltr'><strong>velut</strong></span> <span class='ocrx_word' id='word_1_450' title='bbox 572 3529 676 3584; x_wconf 90' lang='lat' dir='ltr'><strong>sibi</strong></span> <span class='ocrx_word' id='word_1_451' title='bbox 709 3530 925 3598; x_wconf 85' lang='lat' dir='ltr'><strong>propria</strong></span> <span class='ocrx_word' id='word_1_452' title='bbox 958 3527 1234 3583; x_wconf 86' lang='lat' dir='ltr'><strong>Gallorum</strong></span> <span class='ocrx_word' id='word_1_453' title='bbox 1266 3540 1397 3597; x_wconf 78' lang='lat' dir='ltr'><strong>gens</strong></span> <span class='ocrx_word' id='word_1_454' title='bbox 1433 3541 1595 3595; x_wconf 85' lang='lat' dir='ltr'><strong>supra</strong></span> <span class='ocrx_word' id='word_1_455' title='bbox 1632 3539 1823 3579; x_wconf 82' lang='lat' dir='ltr'><strong>omnes</strong></span> <span class='ocrx_word' id='word_1_456' title='bbox 1871 3533 2102 3578; x_wconf 76' lang='lat' dir='ltr'><strong>caeteras</strong></span> <span class='ocrx_word' id='word_1_457' title='bbox 2167 3524 2406 3579; x_wconf 77' lang='lat' dir='ltr'><strong>excellit.</strong></span> <span class='ocrx_word' id='word_1_458' title='bbox 2479 3523 2593 3579; x_wconf 85' lang='lat' dir='ltr'><strong>Hoc</strong></span> <span class='ocrx_word' id='word_1_459' title='bbox 2664 3526 2826 3582; x_wconf 78' lang='lat' dir='ltr'><strong>modo</strong></span> <span class='ocrx_word' id='word_1_460' title='bbox 2893 3529 2983 3596; x_wconf 90' lang='lat' dir='ltr'><strong>qui</strong></span> <span class='ocrx_word' id='word_1_461' title='bbox 3033 3527 3184 3598; x_wconf 85' lang='lat' dir='ltr'><strong>prior</strong></span> <span class='ocrx_word' id='word_1_462' title='bbox 3231 3540 3349 3585; x_wconf 83' lang='lat' dir='ltr'><strong>erat</strong></span> <span class='ocrx_word' id='word_1_463' title='bbox 3398 3533 3677 3604; x_wconf 75' lang='lat' dir='ltr'><strong>ingressus</strong></span> 
     </span>
    </p>
   </div>
   <div class='ocr_carea' id='block_1_42' title="bbox 399 3618 3677 3692">
    <p class='ocr_par' dir='ltr' id='par_1_42' title="bbox 399 3618 3677 3692">
     <span class='ocr_line' id='line_1_42' title="bbox 399 3618 3677 3692; baseline 0 -11"><span class='ocrx_word' id='word_1_464' title='bbox 399 3627 758 3682; x_wconf 85' lang='lat' dir='ltr'><strong>tumultuario</strong></span> <span class='ocrx_word' id='word_1_465' title='bbox 830 3636 885 3681; x_wconf 90' lang='lat' dir='ltr'><strong>et</strong></span> <span class='ocrx_word' id='word_1_466' title='bbox 942 3628 1063 3682; x_wconf 86' lang='lat' dir='ltr'><strong>sine</strong></span> <span class='ocrx_word' id='word_1_467' title='bbox 1114 3623 1452 3687; x_wconf 90' lang='lat' dir='ltr'><strong>reverentia,</strong></span> <span class='ocrx_word' id='word_1_468' title='bbox 1506 3621 1596 3675; x_wconf 88' lang='lat' dir='ltr'><strong>ubi</strong></span> <span class='ocrx_word' id='word_1_469' title='bbox 1656 3619 1988 3675; x_wconf 84' lang='lat' dir='ltr'><strong>otiosissime</strong></span> <span class='ocrx_word' id='word_1_470' title='bbox 2033 3632 2371 3687; x_wconf 68' lang='lat' dir='ltr'><strong>quaecunque</strong></span> <span class='ocrx_word' id='word_1_471' title='bbox 2421 3618 2476 3672; x_wconf 88' lang='lat' dir='ltr'><strong>in</strong></span> <span class='ocrx_word' id='word_1_472' title='bbox 2520 3620 2742 3673; x_wconf 74' lang='lat' dir='ltr'><strong>but-cam</strong></span> <span class='ocrx_word' id='word_1_473' title='bbox 2814 3633 3076 3677; x_wconf 86' lang='lat' dir='ltr'><strong>venerant</strong></span> <span class='ocrx_word' id='word_1_474' title='bbox 3151 3622 3441 3692; x_wconf 81' lang='lat' dir='ltr'><strong>eﬂ‘utierat,</strong></span> <span class='ocrx_word' id='word_1_475' title='bbox 3490 3633 3677 3686; x_wconf 82' lang='lat' dir='ltr'><strong>aderat</strong></span> 
     </span>
    </p>
   </div>
   <div class='ocr_carea' id='block_1_43' title="bbox 398 3707 3673 3791">
    <p class='ocr_par' dir='ltr' id='par_1_43' title="bbox 398 3707 3673 3791">
     <span class='ocr_line' id='line_1_43' title="bbox 398 3707 3673 3791; baseline 0.001 -21"><span class='ocrx_word' id='word_1_476' title='bbox 398 3716 540 3770; x_wconf 89' lang='lat' dir='ltr'><strong>alter</strong></span> <span class='ocrx_word' id='word_1_477' title='bbox 603 3716 693 3785; x_wconf 89' lang='lat' dir='ltr'><strong>qui</strong></span> <span class='ocrx_word' id='word_1_478' title='bbox 756 3716 873 3770; x_wconf 86' lang='lat' dir='ltr'><strong>sine</strong></span> <span class='ocrx_word' id='word_1_479' title='bbox 941 3714 1228 3770; x_wconf 90' lang='lat' dir='ltr'><strong>intervallo</strong></span> <span class='ocrx_word' id='word_1_480' title='bbox 1272 3711 1619 3779; x_wconf 82' lang='lat' dir='ltr'><strong>succederet;</strong></span> <span class='ocrx_word' id='word_1_481' title='bbox 1690 3711 1919 3765; x_wconf 87' lang='lat' dir='ltr'><strong>ethunc</strong></span> <span class='ocrx_word' id='word_1_482' title='bbox 1971 3707 2277 3773; x_wconf 85' lang='lat' dir='ltr'><strong>excipiebat</strong></span> <span class='ocrx_word' id='word_1_483' title='bbox 2338 3711 2533 3764; x_wconf 78' lang='lat' dir='ltr'><strong>tertius</strong></span> <span class='ocrx_word' id='word_1_484' title='bbox 2584 3721 2809 3777; x_wconf 84' lang='lat' dir='ltr'><strong>quartus</strong></span> <span class='ocrx_word' id='word_1_485' title='bbox 2862 3726 2927 3766; x_wconf 90' lang='lat' dir='ltr'><strong>ac</strong></span> <span class='ocrx_word' id='word_1_486' title='bbox 2978 3712 3178 3781; x_wconf 80' lang='lat' dir='ltr'><strong>plures.</strong></span> <span class='ocrx_word' id='word_1_487' title='bbox 3234 3715 3524 3789; x_wconf 87' lang='lat' dir='ltr'><strong>Deinceps,</strong></span> <span class='ocrx_word' id='word_1_488' title='bbox 3580 3739 3673 3791; x_wconf 68' lang='lat' dir='ltr'><strong>qu,</strong></span> 
     </span>
    </p>
   </div>
   <div class='ocr_carea' id='block_1_44' title="bbox 398 3806 3672 3881">
    <p class='ocr_par' dir='ltr' id='par_1_44' title="bbox 398 3806 3672 3881">
     <span class='ocr_line' id='line_1_44' title="bbox 398 3806 3672 3881; baseline 0.002 -14"><span class='ocrx_word' id='word_1_489' title='bbox 398 3812 552 3867; x_wconf 83' lang='lat' dir='ltr'><strong>nullo</strong></span> <span class='ocrx_word' id='word_1_490' title='bbox 613 3811 1000 3881; x_wconf 88' lang='lat' dir='ltr'><strong>interspirandi</strong></span> <span class='ocrx_word' id='word_1_491' title='bbox 1072 3812 1247 3879; x_wconf 86' lang='lat' dir='ltr'><strong>spatio</strong></span> <span class='ocrx_word' id='word_1_492' title='bbox 1291 3809 1609 3879; x_wconf 89' lang='lat' dir='ltr'><strong>imperatori</strong></span> <span class='ocrx_word' id='word_1_493' title='bbox 1662 3808 1810 3871; x_wconf 87' lang='lat' dir='ltr'><strong>dato,</strong></span> <span class='ocrx_word' id='word_1_494' title='bbox 1858 3806 2158 3874; x_wconf 59' lang='lat' dir='ltr'><strong>pergebant</strong></span> <span class='ocrx_word' id='word_1_495' title='bbox 2185 3806 2442 3859; x_wconf 84' lang='lat' dir='ltr'><strong>miserum</strong></span> <span class='ocrx_word' id='word_1_496' title='bbox 2514 3807 2748 3862; x_wconf 89' lang='lat' dir='ltr'><strong>obruere</strong></span> <span class='ocrx_word' id='word_1_497' title='bbox 2791 3809 3023 3881; x_wconf 79' lang='lat' dir='ltr'><strong>quadam</strong></span> <span class='ocrx_word' id='word_1_498' title='bbox 3097 3812 3275 3868; x_wconf 90' lang='lat' dir='ltr'><strong>eluvie</strong></span> <span class='ocrx_word' id='word_1_499' title='bbox 3316 3816 3513 3872; x_wconf 76' lang='lat' dir='ltr'><strong>infiniti</strong></span> <span class='ocrx_word' id='word_1_500' title='bbox 3565 3835 3672 3876; x_wconf 84' lang='lat' dir='ltr'><strong>non</strong></span> 
     </span>
    </p>
   </div>
   <div class='ocr_carea' id='block_1_45' title="bbox 397 3880 3671 3981">
    <p class='ocr_par' dir='ltr' id='par_1_45' title="bbox 397 3880 3671 3981">
     <span class='ocr_line' id='line_1_45' title="bbox 397 3880 3671 3981; baseline 0.001 -24"><span class='ocrx_word' id='word_1_501' title='bbox 397 3906 579 3977; x_wconf 75' lang='lat' dir='ltr'><strong>minus</strong></span> <span class='ocrx_word' id='word_1_502' title='bbox 613 3921 774 3974; x_wconf 70' lang='lat' dir='ltr'><strong>qtizim</strong></span> <span class='ocrx_word' id='word_1_503' title='bbox 831 3902 1175 3974; x_wconf 85' lang='lat' dir='ltr'><strong>incompositi</strong></span> <span class='ocrx_word' id='word_1_504' title='bbox 1225 3902 1517 3957; x_wconf 90' lang='lat' dir='ltr'><strong>sermonis.</strong></span> <span class='ocrx_word' id='word_1_505' title='bbox 1573 3899 1757 3969; x_wconf 79' lang='lat' dir='ltr'><strong>Neque</strong></span> <span class='ocrx_word' id='word_1_506' title='bbox 1801 3897 1970 3963; x_wconf 88' lang='lat' dir='ltr'><strong>enim,</strong></span> <span class='ocrx_word' id='word_1_507' title='bbox 2050 3898 2191 3967; x_wconf 89' lang='lat' dir='ltr'><strong>quod</strong></span> <span class='ocrx_word' id='word_1_508' title='bbox 2251 3897 2561 3952; x_wconf 89' lang='lat' dir='ltr'><strong>rhetoribus</strong></span> <span class='ocrx_word' id='word_1_509' title='bbox 2615 3880 3067 3969; x_wconf 69' lang='lat' dir='ltr'><strong>praescribebatur</strong></span> <span class='ocrx_word' id='word_1_510' title='bbox 3117 3905 3267 3969; x_wconf 89' lang='lat' dir='ltr'><strong>olim,</strong></span> <span class='ocrx_word' id='word_1_511' title='bbox 3332 3908 3397 3961; x_wconf 91' lang='lat' dir='ltr'><strong>ad</strong></span> <span class='ocrx_word' id='word_1_512' title='bbox 3475 3926 3671 3981; x_wconf 88' lang='lat' dir='ltr'><strong>aquam</strong></span> 
     </span>
    </p>
   </div>
   <div class='ocr_carea' id='block_1_46' title="bbox 400 3992 3673 4074">
    <p class='ocr_par' dir='ltr' id='par_1_46' title="bbox 400 3992 3673 4074">
     <span class='ocr_line' id='line_1_46' title="bbox 400 3992 3673 4074; baseline 0.001 -20"><span class='ocrx_word' id='word_1_513' title='bbox 400 4016 468 4056; x_wconf 87' lang='lat' dir='ltr'><strong>ac</strong></span> <span class='ocrx_word' id='word_1_514' title='bbox 523 4002 863 4071; x_wconf 81' lang='lat' dir='ltr'><strong>clepsydram</strong></span> <span class='ocrx_word' id='word_1_515' title='bbox 923 3998 1137 4053; x_wconf 76' lang='lat' dir='ltr'><strong>dcendi</strong></span> <span class='ocrx_word' id='word_1_516' title='bbox 1197 4007 1411 4067; x_wconf 90' lang='lat' dir='ltr'><strong>tempus</strong></span> <span class='ocrx_word' id='word_1_517' title='bbox 1469 3996 1856 4059; x_wconf 86' lang='lat' dir='ltr'><strong>metiebantur,</strong></span> <span class='ocrx_word' id='word_1_518' title='bbox 1890 3995 1985 4049; x_wconf 89' lang='lat' dir='ltr'><strong>sed</strong></span> <span class='ocrx_word' id='word_1_519' title='bbox 2021 3992 2202 4062; x_wconf 76' lang='lat' dir='ltr'><strong>quivis</strong></span> <span class='ocrx_word' id='word_1_520' title='bbox 2275 3994 2418 4048; x_wconf 86' lang='lat' dir='ltr'><strong>inter</strong></span> <span class='ocrx_word' id='word_1_521' title='bbox 2482 4008 2578 4047; x_wconf 86' lang='lat' dir='ltr'><strong>eos</strong></span> <span class='ocrx_word' id='word_1_522' title='bbox 2609 3996 2773 4049; x_wconf 84' lang='lat' dir='ltr'><strong>etiam</strong></span> <span class='ocrx_word' id='word_1_523' title='bbox 2800 3995 2866 4049; x_wconf 91' lang='lat' dir='ltr'><strong>de</strong></span> <span class='ocrx_word' id='word_1_524' title='bbox 2894 3995 3053 4066; x_wconf 77' lang='lat' dir='ltr'><strong>vulgo</strong></span> <span class='ocrx_word' id='word_1_525' title='bbox 3086 3995 3168 4051; x_wconf 80' lang='lat' dir='ltr'><strong>fas</strong></span> <span class='ocrx_word' id='word_1_526' title='bbox 3201 3998 3302 4054; x_wconf 89' lang='lat' dir='ltr'><strong>sibi</strong></span> <span class='ocrx_word' id='word_1_527' title='bbox 3346 4016 3469 4057; x_wconf 89' lang='lat' dir='ltr'><strong>esse</strong></span> <span class='ocrx_word' id='word_1_528' title='bbox 3512 4016 3673 4074; x_wconf 63' lang='lat' dir='ltr'><strong>puta.</strong></span> 
     </span>
    </p>
   </div>
   <div class='ocr_carea' id='block_1_47' title="bbox 397 4088 3671 4166">
    <p class='ocr_par' dir='ltr' id='par_1_47' title="bbox 397 4088 3671 4166">
     <span class='ocr_line' id='line_1_47' title="bbox 397 4088 3671 4166; baseline 0 -15"><span class='ocrx_word' id='word_1_529' title='bbox 397 4091 759 4166; x_wconf 86' lang='lat' dir='ltr'><strong>batquandiu</strong></span> <span class='ocrx_word' id='word_1_530' title='bbox 781 4111 1013 4165; x_wconf 80' lang='lat' dir='ltr'><strong>eumque</strong></span> <span class='ocrx_word' id='word_1_531' title='bbox 1039 4093 1696 4162; x_wconf 53' lang='lat' dir='ltr'><strong>velletcumgimperatore</strong></span> <span class='ocrx_word' id='word_1_532' title='bbox 1754 4089 2017 4164; x_wconf 83' lang='lat' dir='ltr'><strong>colloqui.</strong></span> <span class='ocrx_word' id='word_1_533' title='bbox 2096 4088 2248 4154; x_wconf 82' lang='lat' dir='ltr'><strong>Quod</strong></span> <span class='ocrx_word' id='word_1_534' title='bbox 2310 4089 2528 4158; x_wconf 88' lang='lat' dir='ltr'><strong>quidem</strong></span> <span class='ocrx_word' id='word_1_535' title='bbox 2586 4088 2659 4143; x_wconf 88' lang='lat' dir='ltr'><strong>ita</strong></span> <span class='ocrx_word' id='word_1_536' title='bbox 2722 4090 3063 4159; x_wconf 90' lang='lat' dir='ltr'><strong>usurpabant</strong></span> <span class='ocrx_word' id='word_1_537' title='bbox 3132 4091 3380 4149; x_wconf 85' lang='lat' dir='ltr'><strong>homines</strong></span> <span class='ocrx_word' id='word_1_538' title='bbox 3427 4099 3517 4166; x_wconf 90' lang='lat' dir='ltr'><strong>qui</strong></span> <span class='ocrx_word' id='word_1_539' title='bbox 3572 4113 3671 4153; x_wconf 91' lang='lat' dir='ltr'><strong>nec</strong></span> 
     </span>
    </p>
   </div>
   <div class='ocr_carea' id='block_1_48' title="bbox 399 4184 3668 4261">
    <p class='ocr_par' dir='ltr' id='par_1_48' title="bbox 399 4184 3668 4261">
     <span class='ocr_line' id='line_1_48' title="bbox 399 4184 3668 4261; baseline 0 -15"><span class='ocrx_word' id='word_1_540' title='bbox 399 4193 616 4261; x_wconf 75' lang='lat' dir='ltr'><strong>agendi,</strong></span> <span class='ocrx_word' id='word_1_541' title='bbox 675 4206 774 4246; x_wconf 88' lang='lat' dir='ltr'><strong>nec</strong></span> <span class='ocrx_word' id='word_1_542' title='bbox 828 4190 1081 4260; x_wconf 89' lang='lat' dir='ltr'><strong>loquendi</strong></span> <span class='ocrx_word' id='word_1_543' title='bbox 1145 4191 1361 4243; x_wconf 91' lang='lat' dir='ltr'><strong>modum</strong></span> <span class='ocrx_word' id='word_1_544' title='bbox 1411 4196 1657 4252; x_wconf 82' lang='lat' dir='ltr'><strong>nossent,</strong></span> <span class='ocrx_word' id='word_1_545' title='bbox 1713 4197 1770 4241; x_wconf 87' lang='lat' dir='ltr'><strong>ut</strong></span> <span class='ocrx_word' id='word_1_546' title='bbox 1829 4186 1979 4240; x_wconf 92' lang='lat' dir='ltr'><strong>nullo</strong></span> <span class='ocrx_word' id='word_1_547' title='bbox 2055 4191 2302 4254; x_wconf 83' lang='lat' dir='ltr'><strong>respectu</strong></span> <span class='ocrx_word' id='word_1_548' title='bbox 2350 4188 2634 4253; x_wconf 55' lang='lat' dir='ltr'><strong>praesentis</strong></span> <span class='ocrx_word' id='word_1_549' title='bbox 2678 4184 3002 4255; x_wconf 76' lang='lat' dir='ltr'><strong>maiestatis,</strong></span> <span class='ocrx_word' id='word_1_550' title='bbox 3066 4187 3213 4243; x_wconf 90' lang='lat' dir='ltr'><strong>nullo</strong></span> <span class='ocrx_word' id='word_1_551' title='bbox 3256 4190 3451 4260; x_wconf 65' lang='lat' dir='ltr'><strong>elapsae</strong></span> <span class='ocrx_word' id='word_1_552' title='bbox 3502 4195 3668 4250; x_wconf 64' lang='lat' dir='ltr'><strong>Ituran</strong></span> 
     </span>
    </p>
   </div>
   <div class='ocr_carea' id='block_1_49' title="bbox 399 4277 3685 4353">
    <p class='ocr_par' dir='ltr' id='par_1_49' title="bbox 399 4277 3685 4353">
     <span class='ocr_line' id='line_1_49' title="bbox 399 4277 3685 4353; baseline -0.001 -13"><span class='ocrx_word' id='word_1_553' title='bbox 399 4294 498 4340; x_wconf 87' lang='lat' dir='ltr'><strong>aut</strong></span> <span class='ocrx_word' id='word_1_554' title='bbox 570 4287 711 4341; x_wconf 82' lang='lat' dir='ltr'><strong>taedii</strong></span> <span class='ocrx_word' id='word_1_555' title='bbox 764 4283 1236 4341; x_wconf 90' lang='lat' dir='ltr'><strong>circumstantium</strong></span> <span class='ocrx_word' id='word_1_556' title='bbox 1303 4280 1455 4335; x_wconf 89' lang='lat' dir='ltr'><strong>vultu</strong></span> <span class='ocrx_word' id='word_1_557' title='bbox 1505 4290 1560 4334; x_wconf 90' lang='lat' dir='ltr'><strong>et</strong></span> <span class='ocrx_word' id='word_1_558' title='bbox 1607 4291 1829 4353; x_wconf 75' lang='lat' dir='ltr'><strong>aspectu</strong></span> <span class='ocrx_word' id='word_1_559' title='bbox 1880 4278 2167 4344; x_wconf 89' lang='lat' dir='ltr'><strong>declarati,</strong></span> <span class='ocrx_word' id='word_1_560' title='bbox 2249 4280 2464 4333; x_wconf 84' lang='lat' dir='ltr'><strong>ratione</strong></span> <span class='ocrx_word' id='word_1_561' title='bbox 2529 4278 2733 4343; x_wconf 86' lang='lat' dir='ltr'><strong>habita,</strong></span> <span class='ocrx_word' id='word_1_562' title='bbox 2787 4292 2957 4347; x_wconf 86' lang='lat' dir='ltr'><strong>usque</strong></span> <span class='ocrx_word' id='word_1_563' title='bbox 2997 4277 3267 4332; x_wconf 79' lang='lat' dir='ltr'><strong>haererent</strong></span> <span class='ocrx_word' id='word_1_564' title='bbox 3310 4281 3558 4337; x_wconf 84' lang='lat' dir='ltr'><strong>instando</strong></span> <span class='ocrx_word' id='word_1_565' title='bbox 3609 4287 3685 4338; x_wconf 66' lang='lat' dir='ltr'><strong>ac</strong></span> 
     </span>
    </p>
   </div>
   <div class='ocr_carea' id='block_1_50' title="bbox 398 4371 2828 4456">
    <p class='ocr_par' dir='ltr' id='par_1_50' title="bbox 398 4371 2828 4456">
     <span class='ocr_line' id='line_1_50' title="bbox 398 4371 2828 4456; baseline -0.006 -16"><span class='ocrx_word' id='word_1_566' title='bbox 398 4384 752 4456; x_wconf 88' lang='lat' dir='ltr'><strong>petitionibus</strong></span> <span class='ocrx_word' id='word_1_567' title='bbox 780 4380 1072 4446; x_wconf 86' lang='lat' dir='ltr'><strong>iterandis;</strong></span> <span class='ocrx_word' id='word_1_568' title='bbox 1112 4392 1211 4431; x_wconf 89' lang='lat' dir='ltr'><strong>nec</strong></span> <span class='ocrx_word' id='word_1_569' title='bbox 1248 4375 1706 4437; x_wconf 88' lang='lat' dir='ltr'><strong>consideratione,</strong></span> <span class='ocrx_word' id='word_1_570' title='bbox 1752 4372 1849 4428; x_wconf 78' lang='lat' dir='ltr'><strong>sed</strong></span> <span class='ocrx_word' id='word_1_571' title='bbox 1880 4373 2156 4436; x_wconf 88' lang='lat' dir='ltr'><strong>satietate,</strong></span> <span class='ocrx_word' id='word_1_572' title='bbox 2184 4371 2362 4427; x_wconf 88' lang='lat' dir='ltr'><strong>locum</strong></span> <span class='ocrx_word' id='word_1_573' title='bbox 2396 4372 2519 4427; x_wconf 88' lang='lat' dir='ltr'><strong>aliis</strong></span> <span class='ocrx_word' id='word_1_574' title='bbox 2548 4372 2828 4427; x_wconf 70' lang='lat' dir='ltr'><strong>caderent.</strong></span> 
     </span>
    </p>
   </div>
   <div class='ocr_carea' id='block_1_51' title="bbox 473 4464 1975 4538">
    <p class='ocr_par' dir='ltr' id='par_1_51' title="bbox 473 4466 1975 4538">
     <span class='ocr_line' id='line_1_51' title="bbox 473 4466 1975 4538; baseline -0.008 -6"><span class='ocrx_word' id='word_1_575' title='bbox 473 4479 548 4532; x_wconf 85' lang='grc' dir='ltr'>Τὸ</span> <span class='ocrx_word' id='word_1_576' title='bbox 574 4475 737 4529; x_wconf 82' lang='grc' dir='ltr'>λάλον</span> <span class='ocrx_word' id='word_1_577' title='bbox 769 4474 826 4527; x_wconf 90' lang='grc' dir='ltr'>δε</span> <span class='ocrx_word' id='word_1_578' title='bbox 856 4472 1064 4526; x_wconf 82' lang='grc' dir='ltr'>τούτων</span> <span class='ocrx_word' id='word_1_579' title='bbox 1115 4470 1212 4524; x_wconf 71' lang='grc' dir='ltr'>καὶ</span> <span class='ocrx_word' id='word_1_580' title='bbox 1258 4466 1580 4538; x_wconf 83' lang='grc' dir='ltr'>Θηρευτικὺν</span> <span class='ocrx_word' id='word_1_581' title='bbox 1623 4468 1721 4520; x_wconf 74' lang='grc' dir='ltr'>καὶ</span> <span class='ocrx_word' id='word_1_582' title='bbox 1750 4483 1975 4535; x_wconf 80' lang='grc' dir='ltr'>σμικρο-</span> 
     </span>
    </p>
   </div>
   <div class='ocr_carea' id='block_1_52' title="bbox 2082 4464 3673 4538">
    <p class='ocr_par' dir='ltr' id='par_1_52' title="bbox 2162 4464 3673 4535">
     <span class='ocr_line' id='line_1_52' title="bbox 2162 4464 3673 4535; baseline 0.001 -15"><span class='ocrx_word' id='word_1_583' title='bbox 2162 4466 2341 4520; x_wconf 78' lang='lat' dir='ltr'><strong>Mores</strong></span> <span class='ocrx_word' id='word_1_584' title='bbox 2390 4477 2720 4534; x_wconf 85' lang='lat' dir='ltr'><strong>naturasque</strong></span> <span class='ocrx_word' id='word_1_585' title='bbox 2782 4464 2964 4519; x_wconf 87' lang='lat' dir='ltr'><strong>varias</strong></span> <span class='ocrx_word' id='word_1_586' title='bbox 3024 4466 3265 4534; x_wconf 81' lang='lat' dir='ltr'><strong>gentium</strong></span> <span class='ocrx_word' id='word_1_587' title='bbox 3338 4466 3673 4535; x_wconf 80' lang='lat' dir='ltr'><strong>conjectttt‘is</strong></span> 
     </span>
    </p>
   </div>
   <div class='ocr_carea' id='block_1_53' title="bbox 397 4557 1985 4638">
    <p class='ocr_par' dir='ltr' id='par_1_53' title="bbox 397 4557 1985 4638">
     <span class='ocr_line' id='line_1_53' title="bbox 397 4557 1985 4638; baseline -0.009 -13"><span class='ocrx_word' id='word_1_588' title='bbox 397 4572 558 4638; x_wconf 81' lang='grc' dir='ltr'>λόγον</span> <span class='ocrx_word' id='word_1_589' title='bbox 584 4570 693 4622; x_wconf 83' lang='grc' dir='ltr'><strong>τῶν</strong></span> <span class='ocrx_word' id='word_1_590' title='bbox 749 4567 948 4630; x_wconf 81' lang='grc' dir='ltr'><strong>λέξεων</strong></span> <span class='ocrx_word' id='word_1_591' title='bbox 985 4566 1217 4626; x_wconf 70' lang='grc' dir='ltr'>ἅπαντες</span> <span class='ocrx_word' id='word_1_592' title='bbox 1251 4561 1351 4631; x_wconf 81' lang='grc' dir='ltr'><strong>μὲν</strong></span> <span class='ocrx_word' id='word_1_593' title='bbox 1378 4562 1558 4614; x_wconf 80' lang='grc' dir='ltr'>ἴσασιν</span> <span class='ocrx_word' id='word_1_594' title='bbox 1592 4559 1812 4620; x_wconf 77' lang='grc' dir='ltr'><strong>ὁπόσοις</strong></span> <span class='ocrx_word' id='word_1_595' title='bbox 1834 4557 1985 4628; x_wconf 72' lang='grc' dir='ltr'><strong>ἠθῶν</strong></span> 
     </span>
    </p>
   </div>
   <div class='ocr_carea' id='block_1_54' title="bbox 402 4650 1979 4731">
    <p class='ocr_par' dir='ltr' id='par_1_54' title="bbox 402 4650 1979 4731">
     <span class='ocr_line' id='line_1_54' title="bbox 402 4650 1979 4731; baseline -0.008 -16"><span class='ocrx_word' id='word_1_596' title='bbox 402 4661 710 4731; x_wconf 81' lang='grc' dir='ltr'>ἀνθρώπων</span> <span class='ocrx_word' id='word_1_597' title='bbox 746 4659 926 4730; x_wconf 79' lang='grc' dir='ltr'>“μέλει</span> <span class='ocrx_word' id='word_1_598' title='bbox 963 4653 1498 4724; x_wconf 80' lang='grc' dir='ltr'>καταστοχάζεσθαι.</span> <span class='ocrx_word' id='word_1_599' title='bbox 1553 4650 1693 4714; x_wconf 68' lang='grc' dir='ltr'>Τοὺς</span> <span class='ocrx_word' id='word_1_600' title='bbox 1740 4650 1795 4702; x_wconf 76' lang='grc' dir='ltr'>δὲ</span> <span class='ocrx_word' id='word_1_601' title='bbox 1854 4651 1979 4703; x_wconf 83' lang='grc' dir='ltr'>τότε</span> 
     </span>
    </p>
   </div>
   <div class='ocr_carea' id='block_1_55' title="bbox 395 4741 1980 4823">
    <p class='ocr_par' dir='ltr' id='par_1_55' title="bbox 395 4741 1980 4823">
     <span class='ocr_line' id='line_1_55' title="bbox 395 4741 1980 4823; baseline -0.009 -15"><span class='ocrx_word' id='word_1_602' title='bbox 395 4756 678 4823; x_wconf 76' lang='grc' dir='ltr'>παρόντας</span> <span class='ocrx_word' id='word_1_603' title='bbox 711 4751 1113 4823; x_wconf 70' lang='grc' dir='ltr'>ἀκριϐέστερον</span> <span class='ocrx_word' id='word_1_604' title='bbox 1150 4750 1182 4818; x_wconf 79' lang='grc' dir='ltr'>ἡ</span> <span class='ocrx_word' id='word_1_605' title='bbox 1212 4748 1379 4815; x_wconf 77' lang='grc' dir='ltr'>πεῖρα</span> <span class='ocrx_word' id='word_1_606' title='bbox 1403 4744 1674 4812; x_wconf 79' lang='grc' dir='ltr'>δεδίδαχε.</span> <span class='ocrx_word' id='word_1_607' title='bbox 1711 4742 1823 4794; x_wconf 76' lang='grc' dir='ltr'><strong>Καὶ</strong></span> <span class='ocrx_word' id='word_1_608' title='bbox 1869 4741 1980 4811; x_wconf 83' lang='grc' dir='ltr'>γὰρ</span> 
     </span>
    </p>
   </div>
   <div class='ocr_carea' id='block_1_56' title="bbox 395 4832 1978 4917">
    <p class='ocr_par' dir='ltr' id='par_1_56' title="bbox 395 4832 1978 4917">
     <span class='ocr_line' id='line_1_56' title="bbox 395 4832 1978 4917; baseline -0.01 -17"><span class='ocrx_word' id='word_1_609' title='bbox 395 4848 537 4900; x_wconf 70' lang='grc' dir='ltr'><strong>ἐπὰν</strong></span> <span class='ocrx_word' id='word_1_610' title='bbox 566 4846 782 4917; x_wconf 76' lang='grc' dir='ltr'>ἑσπέρα</span> <span class='ocrx_word' id='word_1_611' title='bbox 831 4842 1153 4904; x_wconf 71' lang='grc' dir='ltr'>καταλάὸοι,</span> <span class='ocrx_word' id='word_1_612' title='bbox 1210 4840 1398 4899; x_wconf 80' lang='grc' dir='ltr'>ἄσιτος</span> <span class='ocrx_word' id='word_1_613' title='bbox 1452 4837 1520 4888; x_wconf 82' lang='grc' dir='ltr'><strong>δι’</strong></span> <span class='ocrx_word' id='word_1_614' title='bbox 1577 4836 1708 4904; x_wconf 80' lang='grc' dir='ltr'>ὅλης</span> <span class='ocrx_word' id='word_1_615' title='bbox 1761 4832 1978 4903; x_wconf 72' lang='grc' dir='ltr'>ἡμέρας</span> 
     </span>
    </p>
   </div>
   <div class='ocr_carea' id='block_1_57' title="bbox 2094 4556 3668 4625">
    <p class='ocr_par' dir='ltr' id='par_1_57' title="bbox 2094 4556 3668 4625">
     <span class='ocr_line' id='line_1_57' title="bbox 2094 4556 3668 4625; baseline 0.002 -15"><span class='ocrx_word' id='word_1_616' title='bbox 2094 4558 2280 4615; x_wconf 82' lang='lat' dir='ltr'><strong>venari</strong></span> <span class='ocrx_word' id='word_1_617' title='bbox 2311 4573 2376 4613; x_wconf 90' lang='lat' dir='ltr'><strong>ac</strong></span> <span class='ocrx_word' id='word_1_618' title='bbox 2406 4557 2662 4625; x_wconf 72' lang='lat' dir='ltr'><strong>colligere</strong></span> <span class='ocrx_word' id='word_1_619' title='bbox 2702 4556 2919 4625; x_wconf 88' lang='lat' dir='ltr'><strong>quidam</strong></span> <span class='ocrx_word' id='word_1_620' title='bbox 2950 4557 3123 4611; x_wconf 90' lang='lat' dir='ltr'><strong>solent</strong></span> <span class='ocrx_word' id='word_1_621' title='bbox 3149 4572 3165 4621; x_wconf 92' lang='lat'><strong>;</strong></span> <span class='ocrx_word' id='word_1_622' title='bbox 3195 4558 3259 4610; x_wconf 88' lang='lat' dir='ltr'><strong>de</strong></span> <span class='ocrx_word' id='word_1_623' title='bbox 3297 4557 3396 4611; x_wconf 89' lang='lat' dir='ltr'><strong>hac</strong></span> <span class='ocrx_word' id='word_1_624' title='bbox 3438 4556 3668 4624; x_wconf 70' lang='lat' dir='ltr'><strong>Gallica,</strong></span> 
     </span>
    </p>
   </div>
   <div class='ocr_carea' id='block_1_58' title="bbox 2090 4647 3668 4721">
    <p class='ocr_par' dir='ltr' id='par_1_58' title="bbox 2090 4647 3668 4721">
     <span class='ocr_line' id='line_1_58' title="bbox 2090 4647 3668 4721; baseline -0.003 -15"><span class='ocrx_word' id='word_1_625' title='bbox 2090 4653 2181 4721; x_wconf 85' lang='lat' dir='ltr'><strong>qui</strong></span> <span class='ocrx_word' id='word_1_626' title='bbox 2208 4648 2686 4717; x_wconf 77' lang='lat' dir='ltr'><strong>Constantinopoli</strong></span> <span class='ocrx_word' id='word_1_627' title='bbox 2719 4658 2830 4701; x_wconf 89' lang='lat' dir='ltr'><strong>tum</strong></span> <span class='ocrx_word' id='word_1_628' title='bbox 2878 4647 3049 4709; x_wconf 81' lang='lat' dir='ltr'><strong>fuere,</strong></span> <span class='ocrx_word' id='word_1_629' title='bbox 3089 4662 3283 4701; x_wconf 88' lang='lat' dir='ltr'><strong>omnes</strong></span> <span class='ocrx_word' id='word_1_630' title='bbox 3328 4648 3461 4701; x_wconf 86' lang='lat' dir='ltr'><strong>satis</strong></span> <span class='ocrx_word' id='word_1_631' title='bbox 3504 4664 3668 4717; x_wconf 75' lang='lat' dir='ltr'><strong>expc-</strong></span> 
     </span>
    </p>
   </div>
   <div class='ocr_carea' id='block_1_59' title="bbox 2090 4735 3666 4807">
    <p class='ocr_par' dir='ltr' id='par_1_59' title="bbox 2090 4735 3666 4807">
     <span class='ocr_line' id='line_1_59' title="bbox 2090 4735 3666 4807; baseline -0.003 -13"><span class='ocrx_word' id='word_1_632' title='bbox 2090 4742 2287 4795; x_wconf 83' lang='lat' dir='ltr'><strong>rientia</strong></span> <span class='ocrx_word' id='word_1_633' title='bbox 2339 4747 2680 4806; x_wconf 80' lang='lat' dir='ltr'><strong>compertum</strong></span> <span class='ocrx_word' id='word_1_634' title='bbox 2735 4736 2935 4790; x_wconf 76' lang='lat' dir='ltr'><strong>habent</strong></span> <span class='ocrx_word' id='word_1_635' title='bbox 2978 4735 3144 4807; x_wconf 54' lang='lat'><strong>536</strong></span> <span class='ocrx_word' id='word_1_636' title='bbox 3180 4751 3302 4791; x_wconf 86' lang='lat' dir='ltr'><strong>esse</strong></span> <span class='ocrx_word' id='word_1_637' title='bbox 3353 4737 3496 4790; x_wconf 88' lang='lat' dir='ltr'><strong>illam</strong></span> <span class='ocrx_word' id='word_1_638' title='bbox 3554 4749 3666 4790; x_wconf 89' lang='lat' dir='ltr'><strong>tum</strong></span> 
     </span>
    </p>
   </div>
   <div class='ocr_carea' id='block_1_60' title="bbox 2088 4829 3661 4900">
    <p class='ocr_par' dir='ltr' id='par_1_60' title="bbox 2088 4829 3661 4900">
     <span class='ocr_line' id='line_1_60' title="bbox 2088 4829 3661 4900; baseline -0.003 -15"><span class='ocrx_word' id='word_1_639' title='bbox 2088 4830 2606 4900; x_wconf 81' lang='lat' dir='ltr'><strong>proﬂuentissimam</strong></span> <span class='ocrx_word' id='word_1_640' title='bbox 2658 4829 2980 4895; x_wconf 76' lang='lat' dir='ltr'><strong>Verborum;</strong></span> <span class='ocrx_word' id='word_1_641' title='bbox 3025 4837 3134 4882; x_wconf 89' lang='lat' dir='ltr'><strong>tum</strong></span> <span class='ocrx_word' id='word_1_642' title='bbox 3188 4837 3365 4882; x_wconf 86' lang='lat' dir='ltr'><strong>astuta</strong></span> <span class='ocrx_word' id='word_1_643' title='bbox 3414 4830 3661 4883; x_wconf 86' lang='lat' dir='ltr'><strong>eamdem</strong></span> 
     </span>
    </p>
   </div>
   <div class='ocr_carea' id='block_1_61' title="bbox 1437 4945 3289 5022">
    <p class='ocr_par' dir='ltr' id='par_1_61' title="bbox 1437 4945 3289 5022">
     <span class='ocr_line' id='line_1_61' title="bbox 1437 4945 3289 5022; baseline -0.004 -11"><span class='ocrx_word' id='word_1_644' title='bbox 1437 4953 1579 5013; x_wconf 85' lang='lat' dir='ltr'><strong>Car.</strong></span> <span class='ocrx_word' id='word_1_645' title='bbox 1614 4947 1941 5009; x_wconf 84' lang='lat' dir='ltr'><strong>Dufresnii</strong></span> <span class='ocrx_word' id='word_1_646' title='bbox 1982 4949 2081 5007; x_wconf 90' lang='lat' dir='ltr'><strong>Du</strong></span> <span class='ocrx_word' id='word_1_647' title='bbox 2117 4945 2345 5022; x_wconf 81' lang='lat' dir='ltr'><strong>Caugii</strong></span> <span class='ocrx_word' id='word_1_648' title='bbox 2378 4955 2567 5007; x_wconf 66' lang='lat' dir='ltr'><strong>notae.</strong></span> <span class='ocrx_word' id='word_1_649' title='bbox 3266 4996 3289 5003; x_wconf 81' lang='lat'><em>_</em></span> 
     </span>
    </p>
   </div>
   <div class='ocr_carea' id='block_1_62' title="bbox 398 5049 1977 5134">
    <p class='ocr_par' dir='ltr' id='par_1_62' title="bbox 398 5049 1977 5134">
     <span class='ocr_line' id='line_1_62' title="bbox 398 5049 1977 5134; baseline -0.015 -13"><span class='ocrx_word' id='word_1_650' title='bbox 398 5077 450 5121; x_wconf 62' lang='lat' dir='ltr'><strong>et</strong></span> <span class='ocrx_word' id='word_1_651' title='bbox 490 5064 857 5134; x_wconf 78' lang='lat' dir='ltr'><strong>magniloquos</strong></span> <span class='ocrx_word' id='word_1_652' title='bbox 896 5052 1549 5134; x_wconf 49' lang='lat' dir='ltr'><strong>perstringit;Britomim</strong></span> <span class='ocrx_word' id='word_1_653' title='bbox 1588 5049 1977 5134; x_wconf 54' lang='lat' dir='ltr'><strong>arinoricano-</strong></span> 
     </span>
    </p>
   </div>
   <div class='ocr_carea' id='block_1_63' title="bbox 396 5120 1974 5204">
    <p class='ocr_par' dir='ltr' id='par_1_63' title="bbox 396 5120 1974 5204">
     <span class='ocr_line' id='line_1_63' title="bbox 396 5120 1974 5204; baseline -0.015 -15"><span class='ocrx_word' id='word_1_654' title='bbox 396 5120 519 5190; x_wconf 78' lang='lat' dir='ltr'><strong>rum</strong></span> <span class='ocrx_word' id='word_1_655' title='bbox 551 5120 921 5204; x_wconf 57' lang='lat' dir='ltr'><strong>garrulitaten&#39;i</strong></span> <span class='ocrx_word' id='word_1_656' title='bbox 955 5120 1174 5204; x_wconf 50' lang='lat' dir='ltr'><strong>saginat</strong></span> <span class='ocrx_word' id='word_1_657' title='bbox 1200 5128 1401 5204; x_wconf 63' lang='lat' dir='ltr'><strong>Glaber</strong></span> <span class='ocrx_word' id='word_1_658' title='bbox 1425 5120 1562 5200; x_wconf 61' lang='lat' dir='ltr'><strong>Rati.</strong></span> <span class='ocrx_word' id='word_1_659' title='bbox 1604 5121 1698 5171; x_wconf 89' lang='lat' dir='ltr'><strong>lib.</strong></span> <span class='ocrx_word' id='word_1_660' title='bbox 1718 5132 1974 5204; x_wconf 32' lang='lat' dir='ltr'><strong>nuta-{cam</strong></span> 
     </span>
    </p>
   </div>
   <div class='ocr_carea' id='block_1_64' title="bbox 397 5186 1975 5269">
    <p class='ocr_par' dir='ltr' id='par_1_64' title="bbox 397 5186 1975 5269">
     <span class='ocr_line' id='line_1_64' title="bbox 397 5186 1975 5269; baseline -0.014 -10"><span class='ocrx_word' id='word_1_661' title='bbox 397 5186 958 5269; x_wconf 28' lang='lat' dir='ltr'><strong>i5[liliirtitanuorttnt</strong></span> <span class='ocrx_word' id='word_1_662' title='bbox 1020 5186 1305 5269; x_wconf 55' lang='lat' dir='ltr'><strong>Mantuanis</strong></span> <span class='ocrx_word' id='word_1_663' title='bbox 1338 5193 1513 5269; x_wconf 50' lang='lat' dir='ltr'><strong>Paris,</strong></span> <span class='ocrx_word' id='word_1_664' title='bbox 1553 5205 1655 5269; x_wconf 56' lang='lat' dir='ltr'><strong>an:</strong></span> <span class='ocrx_word' id='word_1_665' title='bbox 1698 5186 1880 5269; x_wconf 52' lang='lat' dir='ltr'><strong>_ll97,&#39;</strong></span> <span class='ocrx_word' id='word_1_666' title='bbox 1924 5196 1975 5237; x_wconf 84' lang='lat' dir='ltr'><strong>et</strong></span> 
     </span>
    </p>
   </div>
   <div class='ocr_carea' id='block_1_65' title="bbox 399 5257 1975 5334">
    <p class='ocr_par' dir='ltr' id='par_1_65' title="bbox 399 5257 1975 5334">
     <span class='ocr_line' id='line_1_65' title="bbox 399 5257 1975 5334; baseline -0.014 -6"><span class='ocrx_word' id='word_1_667' title='bbox 399 5257 707 5329; x_wconf 65' lang='lat' dir='ltr'><strong>Willelmns</strong></span> <span class='ocrx_word' id='word_1_668' title='bbox 741 5272 909 5331; x_wconf 85' lang='lat' dir='ltr'><strong>Brito,</strong></span> <span class='ocrx_word' id='word_1_669' title='bbox 946 5269 1037 5321; x_wconf 87' lang='lat' dir='ltr'><strong>lib.</strong></span> <span class='ocrx_word' id='word_1_670' title='bbox 1070 5283 1100 5319; x_wconf 77' lang='grc' dir='ltr'>ν</span> <span class='ocrx_word' id='word_1_671' title='bbox 1141 5265 1382 5334; x_wconf 79' lang='lat' dir='ltr'><strong>Philipp.</strong></span> <span class='ocrx_word' id='word_1_672' title='bbox 1398 5257 1975 5334; x_wconf 33' lang='lat' dir='ltr'><strong>Provincialesnetiatn</strong></span> 
     </span>
    </p>
   </div>
   <div class='ocr_carea' id='block_1_66' title="bbox 401 5324 1975 5407">
    <p class='ocr_par' dir='ltr' id='par_1_66' title="bbox 401 5324 1975 5407">
     <span class='ocr_line' id='line_1_66' title="bbox 401 5324 1975 5407; baseline -0.015 -9"><span class='ocrx_word' id='word_1_673' title='bbox 401 5324 758 5399; x_wconf 11' lang='lat' dir='ltr'><strong>hoc-inomine</strong></span> <span class='ocrx_word' id='word_1_674' title='bbox 794 5324 969 5407; x_wconf 83' lang='lat' dir='ltr'><strong>carpit</strong></span> <span class='ocrx_word' id='word_1_675' title='bbox 1002 5324 1448 5407; x_wconf 57' lang='lat' dir='ltr'><strong>Gnihertus,&#39;_|ih.</strong></span> <span class='ocrx_word' id='word_1_676' title='bbox 1484 5345 1546 5391; x_wconf 87' lang='lat' dir='ltr'><strong>ll,</strong></span> <span class='ocrx_word' id='word_1_677' title='bbox 1575 5343 1696 5395; x_wconf 90' lang='lat' dir='ltr'><strong>cap.</strong></span> <span class='ocrx_word' id='word_1_678' title='bbox 1748 5324 1975 5407; x_wconf 44' lang='lat' dir='ltr'><strong>18,‘ubi</strong></span> 
     </span>
    </p>
   </div>
   <div class='ocr_carea' id='block_1_67' title="bbox 399 5393 1972 5476">
    <p class='ocr_par' dir='ltr' id='par_1_67' title="bbox 399 5393 1972 5476">
     <span class='ocr_line' id='line_1_67' title="bbox 399 5393 1972 5476; baseline -0.015 -7"><span class='ocrx_word' id='word_1_679' title='bbox 484 5393 1243 5476; x_wconf 12' lang='lat' dir='ltr'><strong>halitu-inutile-Sintacgidiano</strong></span> <span class='ocrx_word' id='word_1_680' title='bbox 1286 5393 1317 5456; x_wconf 51' lang='grc' dir='ltr'><strong>τ’</strong></span> <span class='ocrx_word' id='word_1_681' title='bbox 1339 5398 1473 5476; x_wconf 75' lang='lat' dir='ltr'><strong>Erat</strong></span> <span class='ocrx_word' id='word_1_682' title='bbox 1502 5393 1681 5450; x_wconf 72' lang='lat' dir='ltr'><strong>autem</strong></span> <span class='ocrx_word' id='word_1_683' title='bbox 1717 5393 1972 5476; x_wconf 60' lang='lat' dir='ltr'><strong>praefatis</strong></span> 
     </span>
    </p>
   </div>
   <div class='ocr_carea' id='block_1_68' title="bbox 399 5474 1972 5553">
    <p class='ocr_par' dir='ltr' id='par_1_68' title="bbox 399 5474 1972 5553">
     <span class='ocr_line' id='line_1_68' title="bbox 399 5474 1972 5553; baseline -0.015 -15"><span class='ocrx_word' id='word_1_684' title='bbox 399 5495 594 5538; x_wconf 67' lang='lat' dir='ltr'><strong>nostra;</strong></span> <span class='ocrx_word' id='word_1_685' title='bbox 622 5474 1125 5553; x_wconf 65' lang='lat' dir='ltr'><strong>principibus_ret}tte</strong></span> <span class='ocrx_word' id='word_1_686' title='bbox 1152 5474 1434 5553; x_wconf 65' lang='lat' dir='ltr'><strong>maturior,</strong></span> <span class='ocrx_word' id='word_1_687' title='bbox 1469 5478 1517 5548; x_wconf 79' lang='lat' dir='ltr'><strong>et</strong></span> <span class='ocrx_word' id='word_1_688' title='bbox 1551 5474 1838 5553; x_wconf 50' lang='lat' dir='ltr'><strong>eset-citus,</strong></span> <span class='ocrx_word' id='word_1_689' title='bbox 1871 5479 1972 5553; x_wconf 71' lang='lat' dir='ltr'><strong>ntst</strong></span> 
     </span>
    </p>
   </div>
   <div class='ocr_carea' id='block_1_69' title="bbox 398 5536 1971 5622">
    <p class='ocr_par' dir='ltr' id='par_1_69' title="bbox 398 5536 1971 5622">
     <span class='ocr_line' id='line_1_69' title="bbox 398 5536 1971 5622; baseline -0.013 -17"><span class='ocrx_word' id='word_1_690' title='bbox 398 5536 655 5622; x_wconf 63' lang='lat' dir='ltr'><strong>quantum</strong></span> <span class='ocrx_word' id='word_1_691' title='bbox 689 5555 756 5603; x_wconf 79' lang='lat' dir='ltr'><strong>ad</strong></span> <span class='ocrx_word' id='word_1_692' title='bbox 788 5536 1032 5619; x_wconf 56' lang='lat' dir='ltr'><strong>&#39;garrulos</strong></span> <span class='ocrx_word' id='word_1_693' title='bbox 1073 5545 1339 5598; x_wconf 82' lang='lat' dir='ltr'><strong>hominum</strong></span> <span class='ocrx_word' id='word_1_694' title='bbox 1370 5536 1769 5622; x_wconf 52' lang='lat' dir='ltr'><strong>provincialium</strong></span> <span class='ocrx_word' id='word_1_695' title='bbox 1800 5548 1971 5615; x_wconf 78' lang='lat' dir='ltr'><strong>mores</strong></span> 
     </span>
    </p>
   </div>
   <div class='ocr_carea' id='block_1_70' title="bbox 398 5608 1970 5690">
    <p class='ocr_par' dir='ltr' id='par_1_70' title="bbox 398 5608 1970 5690">
     <span class='ocr_line' id='line_1_70' title="bbox 398 5608 1970 5690; baseline 0.01 -14"><span class='ocrx_word' id='word_1_696' title='bbox 398 5608 621 5690; x_wconf 57' lang='lat' dir='ltr'><strong>spectat,</strong></span> <span class='ocrx_word' id='word_1_697' title='bbox 649 5608 1046 5687; x_wconf 44' lang='lat' dir='ltr'><strong>nultivinferior.</strong></span> <span class='ocrx_word' id='word_1_698' title='bbox 1081 5620 1278 5690; x_wconf 68' lang='lat' dir='ltr'><strong>tierunt</strong></span> <span class='ocrx_word' id='word_1_699' title='bbox 1314 5623 1492 5689; x_wconf 66' lang='lat' dir='ltr'><strong>utut‘eﬁ</strong></span> <span class='ocrx_word' id='word_1_700' title='bbox 1518 5608 1787 5690; x_wconf 59' lang='grc' dir='ltr'><strong>ἓξὲξνίξίθθ.</strong></span> <span class='ocrx_word' id='word_1_701' title='bbox 1807 5608 1970 5690; x_wconf 54' lang='grc' dir='ltr'>θὼῗω</span> 
     </span>
    </p>
   </div>
   <div class='ocr_carea' id='block_1_71' title="bbox 403 5674 1970 5762">
    <p class='ocr_par' dir='ltr' id='par_1_71' title="bbox 403 5674 1970 5762">
     <span class='ocr_line' id='line_1_71' title="bbox 403 5674 1970 5762; baseline -0.004 -19"><span class='ocrx_word' id='word_1_702' title='bbox 403 5674 693 5762; x_wconf 45' lang='lat' dir='ltr'><strong>descripsit</strong></span> <span class='ocrx_word' id='word_1_703' title='bbox 747 5704 803 5745; x_wconf 84' lang='lat' dir='ltr'><strong>et</strong></span> <span class='ocrx_word' id='word_1_704' title='bbox 828 5674 1127 5757; x_wconf 9' lang='lat' dir='ltr'><strong>ircxpressit</strong></span> <span class='ocrx_word' id='word_1_705' title='bbox 1151 5679 1471 5762; x_wconf 51' lang='lat' dir='ltr'><strong>&quot;Cervasius</strong></span> <span class='ocrx_word' id='word_1_706' title='bbox 1524 5674 1970 5762; x_wconf 29' lang='lat' dir='ltr'><strong>’Tileberiettﬁlt‘i.</strong></span> 
     </span>
    </p>
   </div>
   <div class='ocr_carea' id='block_1_72' title="bbox 403 5750 1976 5828">
    <p class='ocr_par' dir='ltr' id='par_1_72' title="bbox 403 5750 1976 5828">
     <span class='ocr_line' id='line_1_72' title="bbox 403 5750 1976 5828; baseline -0.014 -12"><span class='ocrx_word' id='word_1_707' title='bbox 403 5750 645 5816; x_wconf 61' lang='lat' dir='ltr'><strong>Otioru&#39;m</strong></span> <span class='ocrx_word' id='word_1_708' title='bbox 686 5764 871 5828; x_wconf 84' lang='lat' dir='ltr'><strong>imper.</strong></span> <span class='ocrx_word' id='word_1_709' title='bbox 909 5750 1002 5815; x_wconf 74' lang='lat' dir='ltr'><strong>lib.</strong></span> <span class='ocrx_word' id='word_1_710' title='bbox 1038 5774 1103 5812; x_wconf 86' lang='grc' dir='ltr'><strong>ιι.</strong></span> <span class='ocrx_word' id='word_1_711' title='bbox 1143 5753 1238 5806; x_wconf 82' lang='lat' dir='ltr'><strong>Est</strong></span> <span class='ocrx_word' id='word_1_712' title='bbox 1270 5750 1407 5803; x_wconf 84' lang='lat' dir='ltr'><strong>enim</strong></span> <span class='ocrx_word' id='word_1_713' title='bbox 1436 5762 1555 5815; x_wconf 84' lang='lat' dir='ltr'><strong>gens</strong></span> <span class='ocrx_word' id='word_1_714' title='bbox 1587 5760 1742 5814; x_wconf 82' lang='lat' dir='ltr'><strong>quam</strong></span> <span class='ocrx_word' id='word_1_715' title='bbox 1770 5759 1976 5811; x_wconf 80' lang='lat' dir='ltr'><strong>promn-</strong></span> 
     </span>
    </p>
   </div>
   <div class='ocr_carea' id='block_1_73' title="bbox 723 5846 1462 5918">
    <p class='ocr_par' dir='ltr' id='par_1_73' title="bbox 723 5846 1462 5918">
     <span class='ocr_line' id='line_1_73' title="bbox 723 5846 1462 5918; baseline -0.016 0"><span class='ocrx_word' id='word_1_716' title='bbox 723 5857 992 5918; x_wconf 72' lang='lat' dir='ltr'><strong>PATROL.</strong></span> <span class='ocrx_word' id='word_1_717' title='bbox 1033 5852 1149 5913; x_wconf 76' lang='lat' dir='ltr'><strong>Gtt.</strong></span> <span class='ocrx_word' id='word_1_718' title='bbox 1190 5846 1462 5909; x_wconf 61' lang='lat' dir='ltr'><strong>CXXXS.</strong></span> 
     </span>
    </p>
   </div>
   <div class='ocr_carea' id='block_1_74' title="bbox 2076 5041 3670 5111">
    <p class='ocr_par' dir='ltr' id='par_1_74' title="bbox 2076 5041 3670 5111">
     <span class='ocr_line' id='line_1_74' title="bbox 2076 5041 3670 5111; baseline 0.001 -14"><span class='ocrx_word' id='word_1_719' title='bbox 2076 5043 2266 5097; x_wconf 83' lang='lat' dir='ltr'><strong>cialem</strong></span> <span class='ocrx_word' id='word_1_720' title='bbox 2322 5046 2688 5111; x_wconf 81' lang='lat' dir='ltr'><strong>appellamus,</strong></span> <span class='ocrx_word' id='word_1_721' title='bbox 2739 5041 2957 5097; x_wconf 81' lang='lat' dir='ltr'><strong>consilio</strong></span> <span class='ocrx_word' id='word_1_722' title='bbox 3019 5044 3326 5108; x_wconf 70' lang='lat' dir='ltr'><strong>perspicax,</strong></span> <span class='ocrx_word' id='word_1_723' title='bbox 3390 5045 3670 5106; x_wconf 78' lang='lat' dir='ltr'><strong>promissis</strong></span> 
     </span>
    </p>
   </div>
   <div class='ocr_carea' id='block_1_75' title="bbox 2077 5112 3669 5184">
    <p class='ocr_par' dir='ltr' id='par_1_75' title="bbox 2077 5112 3669 5184">
     <span class='ocr_line' id='line_1_75' title="bbox 2077 5112 3669 5184; baseline 0.002 -19"><span class='ocrx_word' id='word_1_724' title='bbox 2077 5114 2270 5184; x_wconf 63' lang='lat' dir='ltr'><strong>fallam,</strong></span> <span class='ocrx_word' id='word_1_725' title='bbox 2304 5130 2455 5175; x_wconf 80' lang='lat' dir='ltr'><strong>opere</strong></span> <span class='ocrx_word' id='word_1_726' title='bbox 2490 5130 2607 5175; x_wconf 75' lang='lat' dir='ltr'><strong>cum</strong></span> <span class='ocrx_word' id='word_1_727' title='bbox 2645 5112 2753 5165; x_wconf 81' lang='lat' dir='ltr'><strong>vult</strong></span> <span class='ocrx_word' id='word_1_728' title='bbox 2784 5114 3003 5180; x_wconf 74' lang='lat' dir='ltr'><strong>efﬁcax,</strong></span> <span class='ocrx_word' id='word_1_729' title='bbox 3057 5115 3171 5166; x_wconf 85' lang='lat' dir='ltr'><strong>sine</strong></span> <span class='ocrx_word' id='word_1_730' title='bbox 3221 5130 3499 5184; x_wconf 64' lang='lat' dir='ltr'><strong>armarunt</strong></span> <span class='ocrx_word' id='word_1_731' title='bbox 3538 5132 3669 5183; x_wconf 77' lang='grc' dir='ltr'>ροιι·</span> 
     </span>
    </p>
   </div>
   <div class='ocr_carea' id='block_1_76' title="bbox 2076 5182 3662 5249">
    <p class='ocr_par' dir='ltr' id='par_1_76' title="bbox 2076 5182 3662 5249">
     <span class='ocr_line' id='line_1_76' title="bbox 2076 5182 3662 5249; baseline 0 -13"><span class='ocrx_word' id='word_1_732' title='bbox 2076 5182 2197 5237; x_wconf 77' lang='lat' dir='ltr'><strong>dere</strong></span> <span class='ocrx_word' id='word_1_733' title='bbox 2229 5183 2503 5245; x_wconf 84' lang='lat' dir='ltr'><strong>bellicosa,</strong></span> <span class='ocrx_word' id='word_1_734' title='bbox 2556 5199 2648 5245; x_wconf 86' lang='lat' dir='ltr'><strong>pro</strong></span> <span class='ocrx_word' id='word_1_735' title='bbox 2680 5199 2777 5235; x_wconf 78' lang='lat' dir='ltr'><strong>sua</strong></span> <span class='ocrx_word' id='word_1_736' title='bbox 2802 5193 3117 5249; x_wconf 78' lang='lat' dir='ltr'><strong>paupertate</strong></span> <span class='ocrx_word' id='word_1_737' title='bbox 3144 5183 3197 5235; x_wconf 76' lang='lat' dir='ltr'><strong>in</strong></span> <span class='ocrx_word' id='word_1_738' title='bbox 3227 5185 3454 5236; x_wconf 84' lang='lat' dir='ltr'><strong>cibando</strong></span> <span class='ocrx_word' id='word_1_739' title='bbox 3483 5182 3662 5249; x_wconf 78' lang='lat' dir='ltr'><strong>larga.</strong></span> 
     </span>
    </p>
   </div>
   <div class='ocr_carea' id='block_1_77' title="bbox 2077 5251 3662 5317">
    <p class='ocr_par' dir='ltr' id='par_1_77' title="bbox 2077 5251 3662 5317">
     <span class='ocr_line' id='line_1_77' title="bbox 2077 5251 3662 5317; baseline -0.002 -11"><span class='ocrx_word' id='word_1_740' title='bbox 2077 5256 2130 5306; x_wconf 83' lang='lat' dir='ltr'><strong>in</strong></span> <span class='ocrx_word' id='word_1_741' title='bbox 2162 5253 2394 5305; x_wconf 82' lang='lat' dir='ltr'><strong>nocendo</strong></span> <span class='ocrx_word' id='word_1_742' title='bbox 2434 5251 2719 5316; x_wconf 74' lang='lat' dir='ltr'><strong>insidiasa,</strong></span> <span class='ocrx_word' id='word_1_743' title='bbox 2764 5254 2902 5304; x_wconf 81' lang='lat' dir='ltr'><strong>inter</strong></span> <span class='ocrx_word' id='word_1_744' title='bbox 2944 5253 3140 5317; x_wconf 79' lang='lat' dir='ltr'><strong>probra</strong></span> <span class='ocrx_word' id='word_1_745' title='bbox 3195 5257 3490 5312; x_wconf 82' lang='lat' dir='ltr'><strong>taciturna,</strong></span> <span class='ocrx_word' id='word_1_746' title='bbox 3542 5270 3662 5304; x_wconf 82' lang='lat' dir='ltr'><strong>cum</strong></span> 
     </span>
    </p>
   </div>
   <div class='ocr_carea' id='block_1_78' title="bbox 2076 5321 3664 5390">
    <p class='ocr_par' dir='ltr' id='par_1_78' title="bbox 2076 5321 3664 5390">
     <span class='ocr_line' id='line_1_78' title="bbox 2076 5321 3664 5390; baseline 0 -16"><span class='ocrx_word' id='word_1_747' title='bbox 2076 5324 2225 5376; x_wconf 75' lang='lat' dir='ltr'><strong>locus</strong></span> <span class='ocrx_word' id='word_1_748' title='bbox 2258 5333 2347 5374; x_wconf 88' lang='lat' dir='ltr'><strong>aut</strong></span> <span class='ocrx_word' id='word_1_749' title='bbox 2390 5331 2589 5390; x_wconf 78' lang='lat' dir='ltr'><strong>tempus</strong></span> <span class='ocrx_word' id='word_1_750' title='bbox 2629 5325 2855 5387; x_wconf 79' lang='lat' dir='ltr'><strong>suppetit</strong></span> <span class='ocrx_word' id='word_1_751' title='bbox 2911 5322 3195 5389; x_wconf 76' lang='lat' dir='ltr'><strong>malefacta</strong></span> <span class='ocrx_word' id='word_1_752' title='bbox 3218 5332 3490 5386; x_wconf 80' lang='lat' dir='ltr'><strong>memorat,</strong></span> <span class='ocrx_word' id='word_1_753' title='bbox 3528 5321 3664 5374; x_wconf 79' lang='lat' dir='ltr'><strong>bello</strong></span> 
     </span>
    </p>
   </div>
   <div class='ocr_carea' id='block_1_79' title="bbox 2080 5391 3666 5459">
    <p class='ocr_par' dir='ltr' id='par_1_79' title="bbox 2080 5391 3666 5459">
     <span class='ocr_line' id='line_1_79' title="bbox 2080 5391 3666 5459; baseline -0.003 -15"><span class='ocrx_word' id='word_1_754' title='bbox 2080 5393 2257 5444; x_wconf 74' lang='lat' dir='ltr'><strong>navali</strong></span> <span class='ocrx_word' id='word_1_755' title='bbox 2314 5393 2693 5459; x_wconf 79' lang='lat' dir='ltr'><strong>circumspecta</strong></span> <span class='ocrx_word' id='word_1_756' title='bbox 2726 5398 2773 5442; x_wconf 79' lang='lat' dir='ltr'><strong>et</strong></span> <span class='ocrx_word' id='word_1_757' title='bbox 2810 5391 3113 5455; x_wconf 71' lang='lat' dir='ltr'><strong>victoriam,</strong></span> <span class='ocrx_word' id='word_1_758' title='bbox 3145 5392 3336 5444; x_wconf 81' lang='lat' dir='ltr'><strong>caloris</strong></span> <span class='ocrx_word' id='word_1_759' title='bbox 3367 5391 3572 5459; x_wconf 81' lang='lat' dir='ltr'><strong>patiens</strong></span> <span class='ocrx_word' id='word_1_760' title='bbox 3604 5408 3666 5441; x_wconf 84' lang='lat' dir='ltr'><strong>ac</strong></span> 
     </span>
    </p>
   </div>
   <div class='ocr_carea' id='block_1_80' title="bbox 2081 5460 3665 5531">
    <p class='ocr_par' dir='ltr' id='par_1_80' title="bbox 2081 5460 3665 5531">
     <span class='ocr_line' id='line_1_80' title="bbox 2081 5460 3665 5531; baseline -0.003 -18"><span class='ocrx_word' id='word_1_761' title='bbox 2081 5462 2319 5531; x_wconf 80' lang='lat' dir='ltr'><strong>frigoris,</strong></span> <span class='ocrx_word' id='word_1_762' title='bbox 2350 5460 2532 5528; x_wconf 62' lang='lat' dir='ltr'><strong>fumis,</strong></span> <span class='ocrx_word' id='word_1_763' title='bbox 2584 5475 2644 5511; x_wconf 82' lang='lat' dir='ltr'><strong>ac</strong></span> <span class='ocrx_word' id='word_1_764' title='bbox 2694 5460 3024 5531; x_wconf 76' lang='lat' dir='ltr'><strong>saturitutis,</strong></span> <span class='ocrx_word' id='word_1_765' title='bbox 3083 5475 3205 5531; x_wconf 72' lang='lat' dir='ltr'><strong>gens</strong></span> <span class='ocrx_word' id='word_1_766' title='bbox 3255 5462 3308 5531; x_wconf 76' lang='lat' dir='ltr'><strong>in</strong></span> <span class='ocrx_word' id='word_1_767' title='bbox 3364 5460 3665 5531; x_wconf 71' lang='lat' dir='ltr'><strong>substantia</strong></span> 
     </span>
    </p>
   </div>
   <div class='ocr_carea' id='block_1_81' title="bbox 2081 5529 3667 5600">
    <p class='ocr_par' dir='ltr' id='par_1_81' title="bbox 2081 5529 3667 5600">
     <span class='ocr_line' id='line_1_81' title="bbox 2081 5529 3667 5600; baseline -0.004 -15"><span class='ocrx_word' id='word_1_768' title='bbox 2081 5529 2275 5590; x_wconf 78' lang='lat' dir='ltr'><strong>tenuis,</strong></span> <span class='ocrx_word' id='word_1_769' title='bbox 2300 5532 2424 5597; x_wconf 79' lang='lat' dir='ltr'><strong>quin</strong></span> <span class='ocrx_word' id='word_1_770' title='bbox 2452 5531 2580 5591; x_wconf 83' lang='lat' dir='ltr'><strong>vult,</strong></span> <span class='ocrx_word' id='word_1_771' title='bbox 2606 5538 2656 5581; x_wconf 82' lang='lat' dir='ltr'><strong>et</strong></span> <span class='ocrx_word' id='word_1_772' title='bbox 2689 5530 3021 5583; x_wconf 80' lang='lat' dir='ltr'><strong>abundantia</strong></span> <span class='ocrx_word' id='word_1_773' title='bbox 3043 5530 3188 5596; x_wconf 76' lang='lat' dir='ltr'><strong>pacis</strong></span> <span class='ocrx_word' id='word_1_774' title='bbox 3216 5530 3431 5600; x_wconf 69' lang='lat' dir='ltr'><strong>afﬂuens</strong></span> <span class='ocrx_word' id='word_1_775' title='bbox 3455 5529 3667 5597; x_wconf 85' lang='lat' dir='ltr'><strong>quando</strong></span> 
     </span>
    </p>
   </div>
   <div class='ocr_carea' id='block_1_82' title="bbox 2086 5600 3663 5668">
    <p class='ocr_par' dir='ltr' id='par_1_82' title="bbox 2086 5600 3663 5668">
     <span class='ocr_line' id='line_1_82' title="bbox 2086 5600 3663 5668; baseline -0.006 -12"><span class='ocrx_word' id='word_1_776' title='bbox 2086 5602 2213 5656; x_wconf 84' lang='lat' dir='ltr'><strong>vult.</strong></span> <span class='ocrx_word' id='word_1_777' title='bbox 2242 5601 2298 5654; x_wconf 84' lang='lat' dir='ltr'><strong>Si</strong></span> <span class='ocrx_word' id='word_1_778' title='bbox 2328 5602 2609 5653; x_wconf 78' lang='lat' dir='ltr'><strong>Domhtum</strong></span> <span class='ocrx_word' id='word_1_779' title='bbox 2661 5603 2967 5652; x_wconf 81' lang='lat' dir='ltr'><strong>continuum</strong></span> <span class='ocrx_word' id='word_1_780' title='bbox 2990 5601 3202 5651; x_wconf 77' lang='lat' dir='ltr'><strong>haberet</strong></span> <span class='ocrx_word' id='word_1_781' title='bbox 3255 5614 3408 5668; x_wconf 80' lang='lat' dir='ltr'><strong>quem</strong></span> <span class='ocrx_word' id='word_1_782' title='bbox 3439 5600 3663 5668; x_wconf 77' lang='lat' dir='ltr'><strong>timeret,</strong></span> 
     </span>
    </p>
   </div>
   <div class='ocr_carea' id='block_1_83' title="bbox 2086 5666 3661 5740">
    <p class='ocr_par' dir='ltr' id='par_1_83' title="bbox 2086 5666 3661 5740">
     <span class='ocr_line' id='line_1_83' title="bbox 2086 5666 3661 5740; baseline -0.003 -17"><span class='ocrx_word' id='word_1_783' title='bbox 2086 5673 2234 5726; x_wconf 82' lang='lat' dir='ltr'><strong>nulla</strong></span> <span class='ocrx_word' id='word_1_784' title='bbox 2286 5685 2407 5740; x_wconf 79' lang='lat' dir='ltr'><strong>gens</strong></span> <span class='ocrx_word' id='word_1_785' title='bbox 2454 5673 2609 5724; x_wconf 80' lang='lat' dir='ltr'><strong>citius</strong></span> <span class='ocrx_word' id='word_1_786' title='bbox 2658 5668 2990 5737; x_wconf 80' lang='lat' dir='ltr'><strong>frangeretur</strong></span> <span class='ocrx_word' id='word_1_787' title='bbox 3020 5668 3106 5740; x_wconf 18' lang='grc' dir='ltr'>λιτά</span> <span class='ocrx_word' id='word_1_788' title='bbox 3140 5666 3353 5740; x_wconf 62' lang='lat' dir='ltr'><strong>bonum,</strong></span> <span class='ocrx_word' id='word_1_789' title='bbox 3405 5682 3494 5722; x_wconf 80' lang='lat' dir='ltr'><strong>nec</strong></span> <span class='ocrx_word' id='word_1_790' title='bbox 3529 5666 3661 5729; x_wconf 71' lang='lat' dir='ltr'><strong>ulla,</strong></span> 
     </span>
    </p>
   </div>
   <div class='ocr_carea' id='block_1_84' title="bbox 2085 5738 3272 5813">
    <p class='ocr_par' dir='ltr' id='par_1_84' title="bbox 2085 5738 3272 5813">
     <span class='ocr_line' id='line_1_84' title="bbox 2085 5738 3272 5813; baseline -0.003 -19"><span class='ocrx_word' id='word_1_791' title='bbox 2085 5743 2209 5813; x_wconf 82' lang='lat' dir='ltr'><strong>quia</strong></span> <span class='ocrx_word' id='word_1_792' title='bbox 2245 5738 2345 5795; x_wconf 75' lang='lat' dir='ltr'><strong>nun</strong></span> <span class='ocrx_word' id='word_1_793' title='bbox 2374 5750 2450 5794; x_wconf 82' lang='lat' dir='ltr'><strong>est</strong></span> <span class='ocrx_word' id='word_1_794' title='bbox 2487 5759 2516 5794; x_wconf 89' lang='lat' dir='ltr'><strong>a</strong></span> <span class='ocrx_word' id='word_1_795' title='bbox 2552 5755 2653 5793; x_wconf 79' lang='lat' dir='ltr'><strong>atto</strong></span> <span class='ocrx_word' id='word_1_796' title='bbox 2690 5748 2902 5793; x_wconf 80' lang='lat' dir='ltr'><strong>reantur</strong></span> <span class='ocrx_word' id='word_1_797' title='bbox 2960 5738 3028 5790; x_wconf 85' lang='lat' dir='ltr'><strong>ad</strong></span> <span class='ocrx_word' id='word_1_798' title='bbox 3054 5738 3272 5791; x_wconf 82' lang='lat' dir='ltr'><strong>malum.</strong></span> 
     </span>
    </p>
   </div>
   <div class='ocr_carea' id='block_1_85' title="bbox 3232 5830 3305 5894">
    <p class='ocr_par' dir='ltr' id='par_1_85' title="bbox 3232 5830 3305 5894">
     <span class='ocr_line' id='line_1_85' title="bbox 3232 5830 3305 5894; baseline 0.041 -3"><span class='ocrx_word' id='word_1_799' title='bbox 3232 5830 3305 5894; x_wconf 75' lang='grc'><strong>34</strong></span> 
     </span>
    </p>
   </div>
  </div>
