4086 6400
381 411 520 477 1069
1601 413 2015 476 ALEXIADIS
2047 414 2196 476 LIB.
2232 415 2392 477 XIV.
3509 417 3643 484 10Ἶο

375 534 474 588 εἶτ’
509 531 664 594 αὖθις
693 523 850 594 οὗτος
891 530 970 593 είς
1003 530 1210 602 ἕτερον.
1238 531 1349 583 Καὶ
1377 525 1445 602 ἦν
1482 531 1580 602 μὲν
1611 533 1667 584 ὲν
1721 530 1965 601 διαλειμ-

2035 580 2036 587 η
2068 532 2292 596 durans,
2327 548 2354 584 a
2387 545 2611 601 vespera
2641 534 2838 602 smpius
2867 534 2933 589 ad
2968 547 3184 594 noctem
3220 539 3477 605 mediam,
3503 559 3648 614 saepe

382 643 516 697 μασι
581 623 795 688 τούτοις
855 625 888 694 ἡ
934 624 1147 686 στάσις.
1208 623 1268 676 ὐ
1314 623 1370 676 δὲ
1415 624 1512 694 τὴν
1567 625 1759 676 στάσιν
1813 618 1958 692 εἶχεν

2066 625 2132 675 ad
2169 623 2389 677 tertium
2419 623 2780 693 gallicinium,
2832 627 3108 683 interdum
3154 647 3324 702 usque
3369 635 3434 689 ad
3495 636 3647 692 albe-

380 715 688 788 ἀπέραντον
717 717 880 785 μέχρι
935 714 1161 785 πρώτης
1195 714 1525 786 ἢ.δευτέρας
1579 715 1962 784 ἀλεκτοροφω-

2067 729 2223 767 scens
2257 729 2286 766 a
2313 715 2426 768 sole
2457 715 2716 771 redeunte
2765 719 2961 772 malum
3013 720 3502 792 disceptationibus
3546 729 3651 783 im-

378 809 522 870 νίας.
553 808 765 876 Μικρὸν
803 807 847 859 δ’
875 806 1299 875 ἀναπαυόμενος
1331 808 1482 875 ἡλίου
1522 807 1683 860 πάλιν
1712 807 1960 875 ἀνίσχον-

2067 802 2292 857 modicis
2322 818 2504 867 aures,
2532 807 2794 870 animum,
2822 824 3006 863 vocem
3045 815 3322 882 przebebat
3366 818 3434 872 ad
3463 837 3649 876 omnes

377 915 470 960 τος
501 899 595 951 ἐπὶ
625 897 718 950 τοῦ
757 897 948 965 θρόνου
983 898 1228 965 καθῆστο
1258 937 1272 961 ,
1296 900 1389 950 καὶ
1424 898 1584 952 πάλιν
1605 899 1784 968 ἕτεροι
1807 899 1960 950 πόνοι

2067 899 2242 949 undas
2273 896 2504 950 subinde
2539 899 2942 955 succedentium
2984 920 3125 959 unus
3177 908 3392 974 objectu
3429 926 3647 980 semper

380 993 478 1044 καὶ
510 990 722 1059 ἀγῶνες
764 985 946 1043 διπλοῖ
973 992 1098 1052 τοὺς
1135 992 1484 1061 νυκτερινοὺς
1519 992 1758 1053 ἐκείνους
1792 991 1963 1043 διαδε-

2067 986 2240 1038 solido
2270 985 2566 1042 sulliciens.
2602 986 2754 1044 Unus
2789 993 2946 1059 plane
2976 1011 2991 1060 ;
3031 1012 3154 1050 nam
3191 999 3492 1054 aulicorum
3519 1018 3652 1070 pra:-

378 1084 624 1154 χόμενοι.
671 1083 768 1136 Ἐκ
791 1083 996 1153 ταύτης
1038 1083 1330 1152 τοιγαροῦν
1373 1084 1472 1151 τῆς
1506 1083 1687 1146 αἰτίας
1731 1087 1764 1152 ἡ
1797 1083 1959 1154 ὀδύνη

2071 1077 2476 1132 lorianorumve
2508 1093 2732 1145 prorsus
2758 1095 2879 1136 erat
2912 1101 3069 1139 nemo
3095 1089 3189 1157 qui
3242 1093 3423 1147 standi
3471 1095 3648 1148 conti-

377 1178 486 1228 τῶν
522 1175 696 1228 ποδῶν
753 1177 1053 1246 ἐνσκήπτει
1087 1175 1180 1228 τοῦ
1227 1176 1654 1247 αὐτοκράτορος.
1728 1176 1958 1234 Ἐκτοτε

2067 1173 2328 1225 nuatione
2385 1188 2489 1226 non
2541 1172 2843 1233 fatisceret.
2893 1177 3146 1248 Plerique
3206 1183 3371 1254 igitur
3417 1189 3647 1244 subinde

378 1267 433 1319 δὲ
466 1270 630 1338 μέχρι
680 1267 870 1330 τέλους
922 1269 986 1320 ὲκ
1034 1267 1431 1338 διαστημάτων
1476 1268 1638 1321 τινῶν
1691 1269 1962 1338 χρονικῶν

2068 1261 2370 1317 dilabentes
2422 1266 2609 1319 furtim
2648 1268 2846 1322 alicubi
2911 1273 3359 1343 procumbebant,
3411 1283 3646 1346 quieturi

379 1357 540 1428 ἐπῄει
566 1359 626 1409 τὸ
658 1358 839 1428 ῥεῦμα
865 1359 1062 1427 ὀδύνην
1093 1361 1299 1427 ὲπάγον
1347 1359 1604 1428 ἔφυδρον.
1661 1361 1719 1414 Ὀ
1764 1361 1822 1414 δὲ
1868 1378 1960 1413 το-

2067 1351 2368 1418 paululum,
2402 1371 2524 1408 mox
2566 1371 2686 1410 sese
2725 1358 2843 1412 loco
2869 1361 3122 1428 perinviti
3157 1365 3396 1433 quidem,
3440 1385 3502 1421 ac
3540 1387 3645 1424 non

382 1450 573 1502 σοῦτον
621 1450 977 1520 ἐγκαρτερῶν
1025 1446 1114 1513 ἦν,
1163 1451 1238 1513 ὡς
1276 1453 1549 1520 μηδέποτε
1587 1453 1957 1520 γογγυστικὸν

2069 1440 2170 1494 nisi
2202 1441 2380 1498 oﬂicio
2417 1459 2662 1514 cogente,
2715 1449 3004 1506 reddituri.
3048 1453 3147 1520 Qui
3187 1471 3314 1511 vero
3361 1460 3647 1516 ministerii

379 1543 559 1593 εἰπεῖν
595 1543 768 1611 ῥῆμα,
810 1542 946 1593 ἀλλὰ
974 1542 1034 1593 τὸ
1067 1543 1238 1607 ἀξίως
1269 1545 1520 1610 ’πάσχων⁸
1553 1545 1837 1612 Εὺλόγως
1855 1562 1960 1612 μοι

2071 1535 2399 1588 necessitate
2428 1550 2491 1589 ac
2521 1538 2852 1593 verecundia
2887 1546 3084 1598 retenti
3116 1547 3450 1614 perstabant,
3484 1551 3516 1604 ii
3567 1554 3650 1606 al-

376 1633 565 1684 ταῦτα
605 1634 828 1701 γίνεται
857 1633 957 1686 διὰ
990 1632 1106 1700 τὴν
1133 1633 1252 1685 τῶν
1282 1633 1441 1703 ἐμῶν
1479 1633 1779 1702 ἁμαρτιῶν
1801 1639 1962 1701 πλη-

2070 1632 2245 1676 terum
2277 1625 2331 1678 in
2365 1626 2552 1695 pedem
2591 1629 2957 1686 alternatioue
2989 1637 3221 1694 subinde
3250 1651 3455 1694 mutata
3504 1644 3651 1699 inni-

378 1723 512 1777 θύν.
549 1723 609 1774 Εἰ
635 1723 730 1775 καί
768 1741 868 1776 που
893 1723 946 1775 δὲ
977 1725 1086 1776 τῶν
1118 1724 1342 1792 χειλέων
1377 1725 1540 1778 αὐτοῦ
1578 1726 1728 1796 ῥῆμα
1764 1745 1960 1797 μικρο-

2071 1715 2357 1782 tebantur;
2391 1718 2606 1786 quidam
2656 1723 2986 1780 sessitabant
3036 1729 3290 1799 uspiam;
3344 1734 3434 1787 alii
3488 1748 3652 1807 caput

375 1815 576 1884 ψυχίας
609 1816 1034 1884 ἐκδεδραμήκει,
1061 1817 1223 1879 εὐθὺς
1244 1818 1318 1888 τῷ
1346 1819 1442 1871 τοῦ
1475 1819 1717 1885 σταυροῦ
1746 1821 1962 1891 σημείῳ

2035 1818 2218 1895 ’ρετιο
2273 1809 2594 1868 lassitudine
2647 1826 2702 1869 et
2755 1821 2933 1872 somni
3004 1824 3306 1880 tentatione
3367 1827 3648 1895 inﬂexum,

374 1905 520 1956 κατά
571 1905 662 1956 τοῦ
711 1907 1053 1977 παλαμναίου
1083 1907 1282 1978 ἐχρῆτο
1326 1908 1598 1980 δαίμονος,
1637 1913 1846 1982 Φεῦγε,
1881 1913 1966 1964 λέ-

2035 1880 2038 1895 ,

2035 1903 2040 1925 ’
2071 1898 2256 1952 cubito
2287 1902 2365 1954 rei
2396 1902 2581 1956 solida:
2618 1903 2803 1959 inuixo
2832 1909 3205 1979 sustinebant;
3241 1925 3517 1983 postremo
3541 1936 3648 1974 non

375 2012 510 2062 γων,
552 1996 622 2060 ἐξ
660 1997 830 2064 ἐμοῦ,
867 1993 1136 2067 άονηρέο
1167 2001 1307 2054 οὐαί
1353 2015 1454 2053 σοι
1484 2000 1586 2053 καὶ
1635 2002 1763 2068 τοῖς
1812 2001 1965 2056 κατὰ

2071 1989 2294 2045 deerant
2328 1987 2417 2061 qui
2450 1997 2826 2064 apprimentes
2851 2015 2908 2054 se
2943 2004 3134 2070 parieti
3170 2008 3431 2062 sessionis
3460 2027 3652 2078 quem-

375 2088 494 2142 τῶν
547 2090 922 2157 Χριστιανῶν
981 2092 1462 2162 μηχανήμασιν]
1529 2094 1688 2147 Ἀλλά
1745 2097 1812 2148 τὰ
1866 2097 1964 2166 μὲν

2069 2083 2190 2137 dam
2223 2101 2379 2140 usum
2417 2087 2559 2142 mole
2589 2091 2838 2158 corporis
2869 2091 2923 2146 in
2954 2091 3188 2148 fulcrum
3219 2113 3516 2156 exonerata
3571 2103 3654 2157 fu-

372 2183 470 2250 τῆς
526 2183 635 2236 τῶν
707 2185 884 2238 ποδῶν
967 2186 1260 2256 ἀλγηδόνος
1303 2187 1520 2251 -ἱκανῶς
1596 2189 1729 2258 ἡμῖν
1806 2191 1967 2260 είρή-

2069 2185 2354 2243 rareutur;
2385 2189 2575 2249 vegeto
2601 2179 2822 2235 interim
2862 2185 2927 2238 ad
2957 2188 3138 2240 omnia
3171 2199 3224 2242 et
3255 2191 3394 2246 velut
3433 2207 3652 2249 recente

375 2275 487 2327 σθω
541 2277 608 2328 τά
668 2275 785 2332 νῦν.
834 2279 895 2330 Et
937 2278 992 2330 δέ
1045 2296 1129 2340 τις
1175 2281 1242 2349 τῇ
1286 2280 1425 2349 νόσῳ
1462 2280 1636 2352 ταύτῃ
1668 2282 1960 2351 συνήρατο,

2068 2283 2283 2337 semper
2315 2271 2559 2339 Augusto
2611 2287 2928 2342 apparente,
2972 2278 3126 2346 cuius
3175 2279 3295 2334 ideo
3336 2281 3648 2340 ﬁrmitatem

373 2367 482 2416 xix
524 2365 616 2418 τοῦ
678 2366 1042 2432 κερασθέντος
1091 2366 1267 2436 τούτῳ
1300 2367 1500 2436 μεστοῦ
1541 2369 1767 2438 πικρίας
1826 2385 1963 2439 κρα-

2067 2361 2305 2430 pectoris
2336 2369 2390 2414 et
2416 2361 2720 2416 tolerantiae
2751 2366 2919 2419 robur
2971 2369 3307 2426 incredibilis
3354 2389 3475 2442 qua:
3515 2379 3650 2430 satis

371 2457 560 2526 τῆρθς,
620 2457 804 2520 καθὼς
859 2461 915 2511 ἐν
973 2457 1174 2526 ὀλίγοις
1233 2460 1685 2529 ἐνσημανούμεΘ,
1735 2461 1821 2512 ἵνα
1887 2460 1961 2530 μὴ

2075 2453 2375 2521 praedicare
2411 2463 2576 2522 queat
2621 2456 3116 2513 oratioiTumultu
3161 2463 3312 2517 vario
3362 2464 3651 2524 fervebant

371 2547 516 2614 λέγω
543 2547 604 2599 τὸ
652 2550 785 2611 πᾶν,
820 2547 916 2599 καὶ
950 2547 1049 2610 τάς
1097 2548 1396 2618 ἀλγηδόνας
1433 2546 1753 2617 συνηύξανε,
1793 2545 1896 2598 κᾶν
1926 2548 1958 2613 ἡ

2064 2543 2174 2597 late
2207 2555 2440 2610 cuncta;
2472 2548 2626 2601 turba
2661 2547 2921 2602 bulliebat
2947 2553 3151 2606 circum
3199 2556 3417 2626 ingens;
3476 2559 3647 2616 multa

376 2639 586 2708 βασιλὶς
637 2638 816 2707 μέλιτι
853 2638 946 2691 τὸν
978 2639 1235 2708 κρατῆρα
1263 2640 1628 2710 περιχρίουσα
1668 2641 1734 2691 τὰ
1783 2638 1956 2693 πολλά

2065 2636 2227 2691 simul
2259 2653 2451 2693 omnes
2473 2642 2786 2709 garriebant
2821 2659 2917 2710 pro
2962 2661 3020 2699 se
3072 2648 3328 2718 quisque,
3379 2662 3543 2722 atque
3591 2666 3651 2712 ut

372 2729 756 2783 διολισθαίνειν
788 2730 897 2781 τῶν
933 2730 1121 2783 κακῶν
1151 2732 1490 2800 ἐμηχανᾶτο,
1524 2730 1703 2798 φύλαξ
1725 2729 1961 2782 ἀνύετα-

2063 2727 2333 2784 llomerus
2384 2730 2568 2797 habet,
2618 2734 2820 2787 mistim
2887 2735 3063 2794 fracto
3119 2741 3266 2795 velut
3300 2747 3649 2814 graculorum

377 2839 511 2884 κτος
561 2821 656 2873 τοῦ
708 2822 1114 2892 αὐτοκράτορος
1185 2819 1344 2888 οὖσα,
1418 2821 1813 2893 προσερῤίφθω
1864 2823 1960 2874 καὶ

2065 2836 2342 2876 murmure
2402 2824 2676 2899 sinegﬁne
2731 2827 2947 2882 modove
3009 2830 3326 2899 fremebant.
3397 2837 3651 2910 Singulos

369 2911 526 2977 οὗτος
553 2915 631 2984 τῷ
660 2915 826 2985 λόγῳ,
862 2917 956 2967 καὶ
987 2916 1128 2968 ἔστω
1161 2918 1321 2985 τρίτη
1357 2933 1443 2978 τις
1475 2915 1626 2969 αἰτία
1670 2915 1771 2984 τῆς
1798 2915 1956 2967 νόσου

2061 2910 2358 2968 fabulando
2386 2915 2768 2987 jurgandoque
2801 2919 2974 2976 lassos
3027 2924 3258 2994 ideoque
3312 2931 3648 2996 recedentes,

375 3008 470 3060 τοῦ
507 3009 799 3078 βασιλέως,
837 3009 897 3061 οὐ
957 3009 1418 3080 προκαταρκτικὴ
1474 3009 1663 3078 μόνον,
1701 3008 1836 3061 ἀλλὰ
1863 3008 1960 3062 καὶ

2065 3007 2415 3074 excipiebant
2452 3019 2704 3065 recentes
2754 3011 2870 3077 alii,
2930 3024 2984 3068 et
3021 3015 3122 3082 ipsi
3173 3017 3334 3085 longo
3381 3020 3649 3090 colloquio

374 3101 822 3170 συνεκτικωτάτη
879 3103 1024 3155 κατά
1070 3102 1198 3165 τοὺς
1236 3102 1434 3164 παῖδας
1466 3101 1573 3154 τῶν
1611 3101 1816 3172 ἰατρῶν
1845 3118 1859 3133 ⁸
1894 3101 1956 3155 ού

2061 3101 2246 3155 verbis
2282 3101 2568 3157 exhaustis
2624 3119 2792 3157 novos
2839 3121 2936 3159 nec
2977 3107 3154 3161 minus
3199 3109 3475 3179 linguosos
3526 3129 3651 3171 suc-

368 3195 476 3264 γάρ
510 3192 770 3258 καθάπαξ
808 3194 1278 3264 προσκεκρουκὼς
1337 3195 1550 3257 ἐκεῖνος
1611 3194 1782 3264 ἀπῆν,
1821 3193 1958 3246 ἀλλά

2059 3207 2312 3248 cessares
2343 3193 2506 3265 437
2543 3195 2802 3249 habituri.
2838 3195 2994 3252 Vices
3026 3215 3158 3270 ergo
3193 3203 3326 3270 ipsis
3373 3213 3426 3256 et
3472 3208 3648 3274 spatia

369 3291 674 3357 συμπαρῆν
703 3291 796 3339 καὶ
825 3287 1329 3357 συμπαρωμάρτει,
1356 3287 1433 3349 ὡς
1479 3289 1538 3339 ὲν
1567 3289 1678 3350 τοῖς
1708 3287 1958 3356 ἀγγείοις

2061 3285 2312 3339 cessandi
2341 3297 2532 3352 erant;
2570 3287 2815 3356 Augusto
2849 3289 3238 3358 interspirandi
3275 3309 3429 3348 mora
3458 3297 3604 3350 nulla
3630 3314 3645 3363 ;

366 3379 419 3433 ci
447 3377 812 3447 πονηρότατοι
847 3376 958 3429 τῶν
986 3376 1180 3446 χυμῶν
1207 3391 1221 3406 ·
1252 3376 1454 3446 μᾶλλον
1481 3375 1537 3428 δὲ
1571 3376 1623 3427 εί
1642 3392 1723 3438 τις
1749 3377 1828 3437 εις
1860 3375 1960 3446 τὴν

2063 3375 2117 3428 ἰιι
2152 3376 2382 3445 vestigio
2414 3377 2462 3430 ei
2498 3380 2850 3450 perstandum
2883 3395 2910 3432 a
2947 3383 3122 3449 prima
3155 3383 3273 3439 face
3301 3389 3367 3440 ad
3412 3389 3647 3456 primum

369 3468 584 3522 ἐκείνου
617 3469 781 3537 φύσιν
814 3468 1054 3532 ἀπεῖδεν,
1079 3468 1138 3518 ού
1173 3467 1337 3537 μόνον
1358 3466 1508 3519 αἰτία
1533 3465 1846 3536 νοσήματος
1866 3459 1954 3533 ἦν,

2063 3469 2363 3523 alterumve
2395 3469 2520 3540 galli
2550 3485 2800 3524 cautum.
2842 3470 2993 3527 Tunc
3031 3486 3251 3544 gustato
3299 3493 3494 3534 somno
3529 3496 3649 3537 mo-

373 3561 511 3615 ἀλλὰ
575 3564 670 3615 καὶ
704 3561 972 3633 ἄντικρυς
1020 3561 1237 3629 νόσημα
1280 3560 1379 3613 καὶ
1429 3559 1739 3630 βαρύτατον
1818 3557 1960 3626 σύμ-

2065 3560 2210 3624 dico,
2251 3562 2362 3615 sole
2397 3578 2586 3616 rursus
2630 3563 2843 3618 oriente
2875 3580 2932 3618 se
2966 3567 3224 3624 reddebat
3263 3573 3458 3626 tbrouo
3502 3583 3558 3628 et
3589 3574 3644 3629 in

366 3671 592 3722 πτωμα.
2073 3654 2260 3706 orbem
2298 3653 2571 3708 hesternae
2622 3657 2989 3712 contentionis
3041 3661 3274 3724 redibat,
3316 3665 3504 3718 eadem
3557 3665 3649 3720 ille

364 3751 583 3821 quidem
621 3751 668 3805 vi
711 3750 920 3819 animi;
950 3751 1042 3806 sed
1074 3748 1306 3803 ﬁrmitas
1357 3747 1605 3817 corporis
1649 3745 1960 3800 continuata
2001 3745 2210 3802 diurna:
2242 3758 2634 3818 nocturnaeque
2701 3752 2962 3809 molestia:
3003 3755 3196 3824 injuria
3269 3756 3650 3827 languescens,

366 3844 724 3901 eﬂicicbatut
766 3847 927 3914 duplo
960 3845 1075 3900 fere
1131 3845 1354 3915 gravior
1404 3843 1470 3897 ad
1522 3857 1740 3897 sensum
1789 3843 2142 3910 experientiae
2206 3843 2357 3900 labor
2405 3845 2682 3901 videretur
2752 3847 2797 3902 is
2863 3850 2954 3918 qui
3029 3861 3104 3904 tot
3182 3851 3292 3920 jam
3360 3855 3650 3909 exantlatis

366 3939 766 4006 superveniret.
802 3937 928 3992 "me
989 3939 1230 3992 maxime
1289 3950 1452 3992 causa
1507 3936 1740 3988 intendit
1783 3934 2235 4004 conﬁrmavitque
2295 3937 2606 4006 imperatori
2671 3939 2913 3994 dolorem
2979 3942 3199 4009 pedum,
3247 3945 3337 4012 qui
3389 3945 3646 4014 deinceps

365 4045 472 4084 noa
505 4013 714 4084 destitit
745 4031 808 4081 ad
843 4029 1001 4083 linem
1039 4046 1212 4100 usque
1248 4031 1414 4085 certis
1444 4028 1745 4084 intervallis
1771 4045 1952 4085 acrem
1998 4031 2098 4098 ipsi
2123 4047 2189 4085 ex
2220 4032 2470 4088 humoris
2502 4031 2696 4087 aﬂluxu
2723 4034 2966 4091 dolorem
3031 4037 3298 4104 incutere,
3368 4041 3522 4108 cujus
3560 4040 3649 4098 ille

367 4136 585 4175 sensum
642 4122 855 4192 egregia
917 4136 1132 4191 semper
1195 4123 1460 4191 patientia
1534 4121 1958 4188 dissimulabat,
2003 4138 2277 4191 nunquam
2349 4125 2570 4178 auditus
2621 4127 2905 4195 conqueri,
2943 4138 3037 4181 aut
3095 4129 3315 4184 verbum
3349 4133 3431 4186 vel
3481 4149 3646 4188 unum

368 4217 586 4270 mittere
631 4231 741 4284 quo
787 4215 1027 4269 divinum
1078 4213 1288 4270 Numen
1344 4219 1600 4270 incursare
1655 4217 1950 4270 videretur.
1996 4217 2085 4269 Illa
2118 4233 2248 4270 vero
2273 4219 2507 4272 subinde
2542 4217 2829 4273 iterantem
2898 4223 3242 4282 eXaudtres:
3305 4224 3510 4296 Dignus
3529 4245 3648 4284 sum

363 4309 455 4379 qui
512 4311 620 4362 hwc
671 4311 885 4377 patiar;
940 4310 1130 4362 merito
1183 4309 1313 4361 milii
1357 4310 1491 4361 talia
1567 4311 1880 4378 contingunt
1921 4308 1984 4362 ob
2060 4309 2454 4364 multitudinem
2507 4322 2849 4380 peccatorum
2905 4318 3374 4385 meorum..0uod
3429 4323 3474 4373 si
3527 4337 3647 4391 qua,

369 4403 664 4470 aliquando
694 4419 789 4474 per
813 4404 1213 4459 vehementiam
1243 4404 1445 4458 doloris
1477 4419 1578 4457 vox
1611 4405 1768 4459 labiis
1817 4404 2079 4473 eﬂugcret
2113 4407 2538 4460 imbecillitatem
2571 4410 2864 4476 quamdam
2926 4411 3174 4466 iudicans
3255 4423 3308 4468 et
3379 4415 3643 4482 abiectio-

365 4513 486 4551 ncm
537 4499 700 4552 animi
755 4498 976 4553 lerendo
1028 4497 1274 4565 imparis,
1323 4497 1507 4550 statim
1564 4497 1722 4565 signo
1774 4499 1954 4552 crucis
1995 4497 2264 4553 adversus
2343 4500 2738 4555 exsecrabilem
2779 4499 3038 4556 Utebatur
3087 4505 3414 4572 dzetuonem,
3463 4503 3643 4578 Fuge,

364 4592 636 4661 inquiens,
666 4609 696 4644 a
726 4608 806 4644 me
835 4590 1123 4654 scelerate;
1150 4606 1224 4644 va:
1256 4590 1352 4643 tibi
1380 4601 1428 4644 et
1456 4593 1558 4644 tuis
1589 4601 1776 4643 contra
1807 4590 2144 4645 Christianos
2176 4592 2676 4646 machinationibus.
2712 4593 2988 4649 Hactenus
3049 4597 3116 4650 de
3186 4597 3374 4653 dolore
3442 4601 3640 4669 pedum

362 4689 454 4756 qui
483 4688 864 4753 imperatorem
906 4685 1166 4738 extremis
1233 4684 1396 4738 annis
1471 4685 1740 4747 exercuit,
1769 4685 1970 4737 dictum
1999 4700 2026 4735 a
2070 4684 2225 4737 nobis
2255 4685 2385 4738 satis
2413 4697 2549 4738 esto.
2599 4683 2792 4738 Utrum
2842 4679 3021 4740 autem
3071 4689 3137 4740 ad
3185 4689 3343 4743 istius
3397 4706 3642 4763 causam,

366 4779 538 4834 morbi
572 4777 872 4850 symbolam
907 4779 1156 4847 maligna:
1191 4776 1403 4830 virtutis
1441 4776 1676 4844 aliquam
1728 4791 1942 4844 quoque
1985 4774 2278 4828 contulerit
2319 4774 2625 4844 plenusille
2654 4775 3038 4829 amaritudinis
3101 4787 3282 4832 crater
3304 4781 3352 4834 ei
3410 4782 3644 4837 mistus?

364 4875 625 4943 Equidem
679 4871 1055 4927 subaudivi'sse
1113 4872 1354 4941 quaedam
1418 4869 1594 4924 fateor
1655 4873 1841 4938 paucis
1901 4877 1958 4922 et
1994 4869 2150 4938 quasi
2180 4870 2363 4921 furtim
2393 4883 2455 4922 ac
2484 4869 2670 4923 timide
2700 4881 2987 4937 suggesta;
3021 4873 3114 4925 sed
3197 4889 3316 4941 qurc
3381 4891 3482 4930 nec
3530 4877 3642 4944 ipsi

365 4976 425 5020 ut
457 4966 637 5018 omnia
668 4965 1019 5018 memorando
1049 4965 1345 5035 adiungere
1371 4979 1506 5031 opus
1535 4972 1651 5023 est;
1684 4962 1770 5016 cui
1797 4961 1940 5015 enim
1986 4961 2037 5014 id
2072 4963 2212 5014 foret
2272 4960 2419 5023 usui,
2491 4961 2596 5014 nisi
2653 4961 2719 5015 ad
2791 4963 3155 5017 refricaudum
3201 4967 3477 5022 mentione
3531 4973 3643 5039 ipsa

370 5071 425 5115 et
517 5065 822 5132 augendum
879 5060 1284 5114 acerbissimum
1343 5059 1624 5113 dolorem?
1707 5058 2028 5126 Quanquam
2071 5057 2313 5124 Augusta
2340 5056 2556 5126 quidem
2592 5073 2700 5110 non
2745 5061 2955 5122 deerat,
3008 5071 3276 5114 craterem
3326 5063 3483 5120 melle
3533 5068 3643 5119 cir-

367 5155 692 5217 cumlinens,
730 5163 894 5222 atque
959 5151 1218 5216 ellicieus,
1287 5159 1346 5206 ut
1389 5151 1495 5206 isto
1541 5149 1696 5219 quasi
1729 5147 2008 5217 'lapsautia
2049 5147 2260 5202 lubrico
2309 5147 2449 5201 mala
2498 5147 2758 5216 pleraque
2792 5163 2857 5204 ex
2908 5149 3122 5205 insidiis
3171 5152 3440 5222 immissa,
3487 5159 3641 5226 prius

367 5250 520 5304 irrita
554 5257 895 5310 corruerent,
945 5262 1107 5316 quam
1147 5248 1292 5316 quod
1343 5247 1600 5316 petebant
1635 5245 1945 5314 attigissent
1983 5253 2191 5312 caput:
2261 5243 2448 5311 sicque
2489 5258 2594 5296 non
2674 5243 2929 5312 exiguum
2974 5243 3158 5300 ferens
3201 5247 3439 5302 fructum
3494 5253 3639 5304 acris

365 5347 512 5401 illius
545 5342 1055 5409 inconniventisque
1079 5339 1339 5394 custodiae
1370 5355 1476 5409 qua
1507 5341 1558 5392 iu
1587 5339 1815 5409 Augusti
1853 5337 2085 5391 salutem
2121 5336 2340 5390 assidue
2405 5336 2532 5406 vigil
2609 5337 2931 5393 excubabat.
2973 5335 3180 5394 Tamen
3251 5341 3504 5410 quoniam
3556 5346 3640 5396 vi-

365 5443 547 5498 tandis
584 5438 940 5494 incommodis
978 5451 1084 5489 una
1133 5435 1383 5504 plurimis
1416 5436 1672 5489 continuo
1741 5433 1980 5500 undique
2056 5431 2432 5502 ingruentibus
2462 5432 2551 5486 vix
2581 5447 2820 5504 unquam
2843 5449 2946 5504 par
2971 5443 3054 5490 est
3079 5435 3186 5491 ulla
3235 5439 3466 5490 humana
3499 5453 3630 5505 pro-

361 5535 626 5598 videntia,
690 5531 900 5587 tertiam
943 5543 1159 5598 quoque
1214 5531 1373 5580 istam
1437 5527 1762 5594 adjiciamus
1813 5539 1947 5578 sane
1987 5538 2210 5578 causam
2245 5525 2420 5578 morbi
2457 5525 2656 5580 sontici
2689 5541 2801 5595 quo
2833 5534 2918 5582 est
2979 5528 3256 5597 Augustus
3319 5526 3635 5593 infestatus,

364 5647 586 5687 causam
618 5644 722 5683 non
754 5629 1094 5682 extrinsecus
1153 5623 1434 5693 appulsam
1501 5623 1769 5692 longeque
1825 5621 2157 5684 venientem,
2219 5621 2311 5675 sed
2378 5622 2596 5692 penitus
2643 5621 2864 5678 insitam
2898 5621 3269 5693 profundeque
3320 5635 3635 5694 conceptam

366 5724 672 5777 visceribus
720 5736 784 5774 ac
837 5719 1084 5774 medullis
1139 5717 1390 5772 intimis:
1440 5731 1562 5786 quae
1608 5715 1715 5769 duo
1763 5729 1961 5782 genera
2001 5728 2286 5769 causarum
2322 5715 2656 5787 distinguere
2685 5717 2736 5770 in
2767 5716 3081 5771 scrutandis
3143 5717 3444 5787 originibus
3501 5736 3640 5774 mor-

366 5819 566 5874 borum
595 5829 926 5870 ronsuevere
980 5813 1313 5868 medicorum
1359 5812 1534 5881 pueri.
1589 5809 1823 5874 Dudum,
1875 5809 2123 5878 inquam,
2156 5811 2223 5865 ab
2248 5810 2490 5878 Augusto
2520 5810 2710 5865 aberat
2756 5811 2848 5864 ille
2876 5810 2968 5878 qui
3040 5809 3170 5863 olim
3236 5810 3290 5864 in
3356 5821 3480 5864 cum
3531 5813 3635 5867 im-
