4086 6396
422 345 556 412 1οΤ1
1723 348 1949 408 ΛΝΝἉΕ
1987 348 2377 410 COhiNENxE
3563 352 3704 416 1072

417 455 645 524 pingens
681 455 906 521 primam
939 453 1107 510 dolori
1138 455 1332 524 pedum
1380 455 1718 509 Occasionem
1766 457 1990 511 dederat
2032 470 2089 511 ut
2146 459 2414 526 diximus;
2476 474 2662 515 verum
2744 476 2864 515 eum
2909 478 3237 533 quocunque
3326 463 3704 534 sequebantur

417 553 575 605 venis
599 551 981 621 intesﬁnisque
1012 551 1181 606 clausi
1231 552 1454 621 maligni
1500 555 1670 618 succi,
1720 569 1829 607 non
1884 563 1993 609 tam
2066 555 2300 611 fortasse
2350 571 2546 612 natura
2594 574 2661 614 ac
2695 568 2940 630 tempore.
2965 576 3128 631 quam
3171 560 3437 615 maleficio
3473 570 3568 616 aut
3603 577 3701 630 po-

421 645 528 699 tius
567 647 830 702 veneﬁcio
864 648 1103 716 corrupti
1137 648 1189 700 in
1223 656 1333 700 tam
1367 647 1703 716 pestilentem
1754 649 2100 717 qualitatem,
2142 660 2198 703 ut
2231 651 2273 705 si
2308 652 2430 718 quis
2462 660 2628 707 totam
2679 656 2809 725 aegri
2883 655 3042 723 hujus
3118 637 3494 709 habitudinem
3570 671 3692 723 per-

422 748 677 794 nosceret
730 741 1001 809 penitius,
1050 755 1154 795 non
1235 741 1348 810 jam
1403 742 1536 796 istos
1592 743 1848 798 humores
1902 742 2078 798 morbi
2120 759 2339 800 causam
2374 758 2604 813 tantum,
2634 749 2725 802 sed
2757 749 3003 802 morbum
3066 750 3212 818 ipsos
3258 747 3418 817 plane
3464 764 3703 816 praem..-

419 832 693 887 tissimum
725 832 1217 901 gravissimumque
1248 832 1475 888 diceret.

487 928 691 983 Verum
722 944 866 982 nunc
903 930 1120 997 quidem
1152 930 1408 984 admorsa
1453 930 1631 998 lingua
1660 972 1674 996 ,
1711 930 1812 985 via!
1844 931 1992 1000 regia

2192 930 2337 984 Ἀλλ’
2372 930 2595 1001 ἐπέχειν
2660 928 2751 982 τὸν
2812 929 2976 996 λόγον
3025 930 3241 1001 ἀνάγκη
3291 930 3390 999 τὴν
3448 930 3701 999 γλῶτταν

416 1021 749 1092 marginibus
801 1022 1081 1075 continere
1144 1024 1448 1076 orationem
1483 1024 1745 1091 expedit,
1797 1023 2003 1092 alioqui

419 1117 737 1185 gestieiitem
775 1129 1071 1168 excurrere
1105 1114 1156 1168 in
1206 1131 1430 1185 campos
1461 1116 1722 1171 adversus
1774 1116 2004 1171 insidia-

418 1219 564 1262 tores
645 1198 1135 1272 sceleratissimos';
1190 1215 1245 1259 at
1310 1209 1569 1261 cedamus
1655 1208 1707 1260 in
1765 1223 2004 1275 praesens

415 1314 547 1352 sane
603 1297 874 1365 tempori;
930 1307 984 1352 et
1014 1310 1137 1351 vera
1192 1298 1257 1351 de
1314 1298 1402 1352 bis
1455 1298 1619 1353 rebus
1665 1297 2000 1351 memorandi

414 1389 583 1463 438
619 1390 923 1444 libertatein
958 1388 1011 1442 in
1067 1404 1218 1443 suam
1250 1390 1598 1444 occasionem
1635 1404 2002 1444 reservemus.

419 1485 769 1539 Reducamns
820 1489 1001 1536 autem
1058 1482 1426 1535 narrationem
1486 1496 1517 1535 e
1558 1482 1879 1536 diverticulo
1945 1482 1999 1536 in

416 1578 556 1643 quod
582 1574 754 1644 prima
779 1587 942 1628 causa
999 1572 1173 1625 morbi
1205 1572 1398 1639 pedum
1418 1611 1432 1637 ,
1481 1583 1534 1627 et
1568 1571 1914 1639 imperatoris
1946 1570 1998 1625 iu

416 1667 586 1724 Gallis
658 1665 947 1721 audiendis
1033 1665 1305 1719 laboriosa
1376 1664 1823 1734 perseverantia,
1881 1678 2000 1717 eam

415 1770 710 1823 averterat,
744 1761 809 1814 ad
842 1770 1094 1814 caateram
1131 1758 1372 1813 historia:
1401 1757 1601 1812 seriem
1658 1771 1999 1825 persequen-

415 1853 563 1908 dam.
598 1850 755 1906 Ultra
788 1851 1053 1905 Damalim
1081 1852 1374 1905 stationem
1404 1849 1643 1902 habente
1673 1847 2002 1915 imperatore

414 1945 527 2017 (illo
548 1946 691 1999 enim
730 1943 1013 2013 traiecisse
1057 1944 1235 2011 ipsum
1273 1940 1455 1995 doeuit
1520 1939 1766 2009 proxima
1810 1948 1998 1991 nostra

412 2047 538 2091 ante
572 2036 958 2106 digressionem
1014 2033 1208 2103 oratio)
1263 2030 1610 2087 conﬂuebant
1660 2030 1726 2083 ad
1781 2044 1904 2082 eum
1945 2030 1997 2082 in

413 2131 577 2185 horas
625 2129 904 2184 accersitae
934 2127 1174 2193 undique
1223 2127 1396 2194 copiae
1420 2126 1627 2180 crebrae
1680 2124 1820 2177 nivis
1854 2124 1998 2190 ritu;

412 2222 657 2276 fervebat
715 2220 911 2275 fretum
996 2219 1218 2273 assiduo
1278 2217 1511 2286 trajectu
1572 2217 1995 2269 commeantium

2110 1023 2438 1085 ὲνδακόντας
2472 1023 2566 1075 καὶ
2601 1023 2676 1093 μὴ
2726 1022 3032 1092 παραθέειν
3084 1022 3185 1089 τῆς
3233 1022 3537 1092 λεωφόρου,
3595 1021 3701 1074 κᾶν

2107 1119 2188 1171 ὅτι
2224 1117 2461 1189 μάλιστα
2490 1111 2964 1189 προθυμότατοςῇ
2989 1114 3130 1167 κατὰ
3163 1115 3271 1167 τῶν
3324 1115 3701 1186 κακουργοτά-

2106 1226 2217 1263 των
2248 1207 2600 1278 ἐφάλλεσθαι·
2636 1210 2717 1271 εἰς
2751 1207 2948 1275 καιρὸν
2984 1206 3093 1277 γάρ
3118 1207 3210 1259 τὸν
3249 1207 3605 1276 προσήκοντα
3630 1206 3697 1259 τὰ

2107 1305 2236 1374 περὶ
2272 1302 2460 1357 τούτου
2489 1300 2841 1369 ταμιευέσθω
2900 1318 3012 1368 μοι.
3061 1299 3118 1354 '0
3155 1299 3215 1352 δὲ
3274 1299 3438 1367 λόγος
3489 1298 3696 1369 ὲχέσθω

2104 1397 2203 1467 τῆς
2231 1394 2341 1449 τῶν
2390 1394 2614 1447 Κελτῶν
2668 1393 3001 1464 διηγήσεως.
3055 1376 3348 1455 Αὐλίζεται
3405 1392 3506 1460 μὲν
3553 1389 3698 1443 οὒνὸ

2106 1487 2476 1558 αὐτοκράτωρ
2513 1484 2659 1538 κατὰ
2684 1484 2783 1556 τὴν
2808 1484 3050 1553 πέραθεν
3084 1482 3353 1549 Δάμαλιν·
3387 1483 3566 1534 ἐκεῖσε
3584 1480 3695 1550 γὰρ

2102 1580 2297 1634 τοῦτον
2337 1582 2365 1635 ό
2396 1580 2553 1649 λόγος
2579 1578 3133 1649 διαπεραιοαάμενον
3168 1576 3559 1630 καταλέλοιπε·
3598 1574 3694 1627 καὶ

2106 1677 2399 1745 συνέρρεον
2456 1675 2657 1728 αὐτίκα
2701 1673 2945 1737 ἅπαντες
3012 1670 3234 1741 νιφετοῦ
3283 1671 3462 1742 δίκην,
3502 1671 3694 1723 διαπε-

2109 1769 2315 1838 ρῶντες
2344 1768 2483 1839 πρὸς
2514 1768 2677 1821 αὐτὸν
2722 1766 2889 1820 αὐτοῦ
2929 1783 3033 1819 που
3065 1766 3465 1837 προσμένοντα,
3503 1763 3563 1817 τὸ
3597 1764 3694 1832 μὲν

2102 1861 2202 1932 τὴν
2228 1862 2488 1915 ἁπάντων
2513 1860 2725 1913 ἕλευσιν
2756 1858 3222 1929 ἀπεκδεχόμενον,
3255 1857 3317 1911 τὸ
3348 1856 3403 1908 δὲ
3455 1855 3549 1908 καὶ
3593 1854 3695 1923 τὴν

2106 1953 2346 2025 σφοδρὰν
2374 1955 2595 2023 ἐκείνην
2625 1952 2820 2022 ὀδύνην
2845 1952 3032 2022 ῥαῖσαι
3062 1950 3375 2015 ἐλπίζοντα.
3401 1946 3693 2017 Πλησιςοαῆ

2102 2049 2157 2102 δὲ
2188 2047 2285 2116 τὴν
2315 2046 2548 2115 σελήνην
2574 2045 2675 2116 ἤδη
2710 2044 3072 2111 θεασάμενος,
3107 2043 3228 2094 ἐπεὶ
3262 2040 3563 2110 συμπαρῆν
3596 2037 3694 2090 καὶ

2102 2144 2136 2213 ἡ
2180 2140 2470 2209 Αὐγούστα
2524 2141 2623 2208 τῆς
2670 2138 2781 2190 τῶν
2825 2136 3004 2189 ποδῶν
3035 2135 3228 2205 ὀδύνης
3283 2132 3692 2203 ὲπιμελουμένη

2103 2236 2196 2288 καὶ
2227 2231 2569 2300 κουφίζουσα
2599 2228 2791 2283 τούτου
2824 2229 2925 2290 τὰς
2957 2227 3259 2296 ἀλγηδόνας
3309 2225 3397 2279 διὰ
3426 2221 3692 2286 παντοίας

415 2315 483 2370 ad
544 2318 847 2383 Augustum
909 2312 1106 2382 partim
1167 2317 1577 2378 exspectantem
1633 2309 1810 2379 quoad
1869 2322 1992 2361 con-

2100 2288 2442 2397 ἐπιμελείας·
2459 2325 2555 2388 ὡς,
2580 2324 2829 2387 Εἵποτε,
2851 2317 3001 2374 εἶπεν
3022 2323 3050 2373 ό
3071 2320 3348 2389 βασιλεὺς,
3374 2320 3458 2382 εἰς
3482 2333 3696 2385 προνο-

410 2408 660 2463 veniendi
714 2407 947 2475 spatium
990 2405 1070 2460 sui
1135 2402 1337 2457 milites
1392 2403 1658 2456 haberent
1719 2417 1735 2455 2
1795 2400 1992 2471 partim

412 2499 780 2569 experientem
821 2497 1013 2566 ecquid
1065 2506 1249 2564 posset
1291 2495 1363 2549 ibi
1412 2494 1760 2559 subsistens,
1813 2491 1996 2560 quiete

413 2593 623 2647 modica
659 2590 888 2646 delinire
924 2587 1165 2642 dolorem
1198 2588 1395 2656 pedum
1424 2626 1439 2649 ,
1471 2596 1525 2640 et
1555 2586 1647 2639 illo
1685 2584 1999 2638 remittente

417 2682 729 2754 paululum,
775 2679 1174 2749 expeditionem
1235 2679 1469 2732 alacrior
1523 2678 1799 2747 prosequi.
1849 2674 1999 2729 Inter

414 2778 527 2830 haec
557 2776 853 2830 coiutuiSso
886 2773 1025 2828 forte
1077 2772 1376 2842 plenilunio
1410 2788 1531 2825 cum
1568 2771 1619 2823 id
1661 2782 1820 2824 nocte
1860 2786 1997 2839 qua-

410 2872 536 2924 dam
592 2867 937 2936 conspicatus
1001 2867 1298 2935 imperator
1357 2873 1540 2932 esset,
1599 2864 1749 2918 clare
1819 2864 1995 2928 dixit,

408 2971 678 3033 praesente
702 2962 940 3030 Augusta
968 2969 1023 3014 et
1050 2959 1116 3014 ad
1151 2938 1557 3014 delinimentdin
1583 2959 1781 3011 doloris
1798 2961 1994 3028 pedum

406 3056 596 3111 sedulo
646 3060 703 3107 ut
733 3055 943 3108 solebat
995 3062 1276 3121 satageute
1321 3064 1335 3111 :
1374 3050 1434 3106 Si
1484 3053 1690 3120 quidem
1719 3067 1998 3106 excurrere

409 3147 479 3199 ad
509 3144 724 3215 prwdas
754 3143 914 3197 Turci
936 3145 1229 3208 decrevere,
1257 3138 1433 3213 utique
1451 3142 1546 3196 hoc
1570 3153 1772 3214 tempus
1808 3144 1998 3198 [tabent

405 3238 454 3290 ei
479 3236 697 3289 consilio
740 3235 1098 3302 aptissimum.
1154 3232 1332 3299 Quare
1370 3251 1537 3305 angor
1575 3238 1812 3303 equidem
1857 3237 1997 3306 quod

406 3329 736 3381 occasionem
778 3330 1041 3382 omiserim
1081 3332 1515 3398 praeoccupanda:
1558 3329 1771 3382 illorum
1821 3331 1998 3400 irrup-

411 3425 596 3478 tionis.
655 3423 892 3491 Vespere
942 3422 1024 3477 sic
1090 3420 1300 3476 locutus
1351 3420 1649 3489 imperator
1714 3429 1817 3476 est.
1881 3421 1997 3477 Diei

410 3527 645 3588 posterae
702 3516 942 3570 diluculo
994 3515 1274 3586 ingressus
1316 3514 1624 3569 cubiculum
1687 3515 1995 3587 principum

2091 2420 2222 2492 μὴν
2252 2423 2305 2473 οἱ
2338 2419 2581 2482 Τοῦρκοι
2609 2416 2873 2484 ὁρμῆσαι
2907 2413 3263 2474 ἐϐούλοντο,
3287 2415 3319 2464 ό
3345 2410 3551 2477 καιρός
3573 2407 3690 2476 ἤδη

2099 2512 2438 2581 ἐπιτήδειος
2467 2510 2744 2577 πάρεστι,
2776 2510 2873 2563 καὶ
2899 2508 3157 2577 ἄχθομαι
3210 2504 3328 2573 ἤδη
3357 2504 3465 2556 τόν
3500 2516 3695 2569 προσ·

2100 2604 2329 2673 ἥκοντα
2386 2602 2597 2673 καιρὸν
2628 2626 2633 2632 ~
2660 2600 3086 2666 ἀπολωλεκώς.
3127 2598 3402 2667 Ἱῖσπέρας
3462 2593 3559 2663 μὲν
3586 2592 3691 2662 ἔφη

2098 2694 2282 2759 τοῦτο,
2316 2695 2460 2747 κατὰ
2489 2686 2636 2744 δὲ’τὸ
2678 2690 2906 2761 περίορθ
2920 2708 3010 2760 ρον
3058 2686 3322 2742 εἰσελθὼν
3354 2689 3381 2738 ὁ
3410 2686 3539 2756 περὶ
3598 2684 3691 2736 τὸν

2100 2787 2346 2841 κοιτῶνα
2401 2786 2513 2839 τῶν
2568 2784 2838 2855 βασιλέων
2887 2780 3352 2853 ὲνασχώούμενος
3406 2775 3689 2845 ἐκτομίας,

2100 2882 2201 2952 τὴν
2229 2881 2340 2932 τῶν
2375 2879 2637 2949 Τούρκων
2671 2880 2726 2941 ἐς
2755 2878 2994 2929 Νίκαιαν
3047 2874 3410 2944 κατήγγειλεν
3475 2870 3688 2938 ἔφοδον,

2100 2974 2320 3030 καὶτοῦ
2354 2971 2663 3042 τηνικαῦτα
2717 2969 2928 3038 ταύτην
2980 2967 3349 3040 φρουροῦντος
3387 2964 3689 3017 Εύσταθίου

2099 3070 2193 3123 τοῦ
2226 3065 2497 3138 Καμύτξη
2525 3064 2745 3136 γραφὴν
2777 3064 3071 3116 ὐπεδείκνυ
3095 3063 3163 3115 τὰ
3192 3059 3313 3113 κατ’
3343 3058 3542 3133 αὐτοὺς
3567 3056 3690 3108 δια-

2100 3161 2515 3231 λαμϐάνουσαν.
2588 3159 2649 3210 '0
2708 3156 2842 3225 γοῦν
2881 3155 3246 3225 αὐτοκράτωρ
3307 3150 3441 3221 μηδὲ
3494 3147 3691 3219 μικρὸν

2101 3256 2404 3325 ἀναμείνας
2440 3252 2575 3322 μηδὲ
2602 3249 2879 3320 μελλήσας
2904 3248 3062 3310 ὅλως,
3105 3244 3222 3298 ἀλλ’
3252 3238 3363 3297 οἷον
3398 3243 3497 3310 τῆς
3560 3256 3688 3291 συν-

2100 3348 2338 3420 εχούσης
2381 3347 2553 3399 αὐτὸν
2570 3345 2765 3412 ὀδύνης
2796 3340 3214 3408 ἐπιλαθόμενος,
3246 3338 3312 3390 δι’
3352 3333 3689 3404 ἁρμαμάξτς

2100 3445 2199 3513 τῆς
2238 3445 2374 3513 πρὸς
2401 3440 2642 3493 Νίκαιαν
2671 3435 2948 3507 φερούσης
2995 3435 3174 3503 ἥψατο
3214 3434 3280 3502 τῇ
3336 3428 3489 3499 δεξιᾷ
3543 3426 3690 3497 χειρὶ

2100 3535 2261 3603 λόγον
2296 3533 2341 3565 ⁸⁷
2374 3532 2488 3603 (47)
2526 3530 2797 3599 κατέχων.
2826 3530 2888 3581 Οἱ
2917 3528 2972 3580 δὲ
3008 3523 3345 3596 στρατιῶται
3378 3518 3690 3589 τηνικαῦτα

408 3611 691 3665 eunuchus
726 3610 815 3663 cui
863 3618 982 3663 crat
1013 3609 1130 3679 ejus
1159 3624 1289 3664 cura
1321 3609 1683 3675 demandata,
1740 3610 1992 3679 irruptio-

2101 3629 2171 3682 τὰ
2197 3626 2402 3697 δόρατα
2440 3625 2649 3677 τούτων
2676 3620 3079 3690 ἀναλαϐόμενοι
3136 3617 3258 3670 κατ’
3296 3616 3413 3678 ἴλας
3462 3629 3685 3681 στοιχη·

407 3717 529 3757 nein
571 3690 870 3756 Turc‘orum
905 3701 957 3755 in
988 3700 1180 3756 Nicaea:
1206 3702 1463 3756 viciniam
1498 3703 1769 3757 nuntiavit
1812 3712 1997 3757 osten-

407 3794 595 3863 ditque
645 3796 911 3863 scriptum
970 3794 1246 3848 Eustachii
1295 3792 1568 3865 Camytza:
1630 3795 1760 3864 quid
1831 3794 1997 3849 Turci

406 3891 669 3952 agerent,
716 3891 848 3952 quot
884 3898 1060 3952 quove
1112 3889 1256 3938 statu
1321 3895 1508 3938 essent
1553 3900 1850 3952 exponens.
1916 3886 1996 3940 Ad

406 3990 530 4029 eum
568 3975 873 4044 imperator
907 3975 1159 4029 nuntium
1209 3990 1393 4030 moras
1443 3977 1717 4047 abrumpit
1766 3992 1996 4042 omnes,

407 4066 718 4135 dolorisque
740 4066 939 4120 oblitus
957 4080 1020 4120 ac
1050 4065 1242 4131 morbi,
1274 4082 1437 4120 curru
1462 4067 1643 4122 statim
1672 4084 1991 4134 conscenso,

406 4159 559 4228 cujus
594 4156 837 4210 habenas
896 4172 1056 4209 manu
1113 4156 1226 4226 ipse
1279 4158 1501 4212 dextera
1556 4158 1990 4224 moderabatur,

401 4250 509 4305 iter
569 4250 807 4318 capessit
875 4248 1112 4304 Nicaeam
1185 4266 1396 4305 versus.
1450 4250 1725 4306 Feruntur
1796 4253 1988 4307 eodem

403 4359 601 4413 magno
650 4359 750 4414 pro
815 4358 875 4398 se
942 4344 1169 4413 quisque
1219 4345 1401 4399 studio
1467 4346 1711 4412 milites,
1762 4348 1993 4414 sumptis

400 4438 600 4506 raptim
642 4435 813 4490 hastis
845 4436 1118 4504 utrimque
1150 4435 1402 4505 dispositi
1436 4439 1735 4503 turmatim,
1767 4439 1986 4509 quidam

401 4540 806 4599 procurrentes,
847 4536 1180 4583 assectantes
1219 4537 1367 4581 retro
1391 4528 1597 4593 caeteri,
1632 4529 1769 4582 mira
1796 4544 1989 4585 omnes

404 4622 689 4675 alacritate
733 4635 897 4690 quam
964 4634 1204 4690 prwscns
1252 4610 1580 4689 corispecths
1620 4627 1674 4673 et
1729 4636 1990 4691 generosa

402 4712 601 4766 ﬁducia
663 4712 912 4766 ducentis
943 4720 1132 4766 contra
1188 4708 1459 4765 Barbaros
1514 4712 1744 4781 Augusti
1780 4716 1992 4769 cunctis

400 4803 725 4872 inspirabat.
766 4801 1044 4858 Turbabat
1098 4802 1374 4873 paulisper
1427 4803 1478 4857 i‘d
1536 4805 1791 4873 gaudium
1841 4822 1991 4861 com-

2100 3721 2189 3774 δὺν
2229 3721 2316 3788 ἐφ’
2344 3719 2584 3787 ἑκάτερα
2617 3717 2759 3769 ἵεντο
2787 3731 2798 3742 ·
2834 3713 2930 3767 καὶ
2958 3714 3008 3765 οἱ
3041 3711 3139 3780 μὲν
3164 3708 3436 3779 παρέθεον
3484 3708 3685 3774 τούτῳ,

2099 3816 2149 3866 οἱ
2182 3813 2241 3865 δὲ
2290 3812 2675 3882 προέπεμπον,
2701 3808 2751 3860 οἱ
2794 3806 2850 3859 δὲ
2890 3804 3231 3865 συνείποντο,
3291 3800 3684 3870 συγχαίροντες

2102 3905 2203 3975 μὲν
2234 3902 2388 3973 αὐτῷ
2419 3903 2562 3955 κατὰ
2591 3900 2702 3952 τῶν
2736 3898 3041 3968 Βαρϐάρων
3071 3896 3465 3965 ἐξορμήσαντι,
3519 3889 3687 3943 ἀνιώ-

2101 4015 2258 4067 μενοι
2313 3996 2370 4049 δὲ
2427 3995 2518 4047 διὰ
2546 3994 2649 4065 τὴν
2710 3992 3089 4062 ἀπείργουσαν
3141 3990 3304 4041 αὑτὸν
3348 3982 3688 4048 ίππάςεσθαι

2097 4091 2316 4160 ὀδύνην.
2361 4088 2419 4143 Ὅ
2452 4090 2515 4140 δὲ·
2548 4088 2688 4158 πρὸς
2733 4086 2938 4156 θάρσος
2993 4082 3235 4150 ὤτρυνεν
3282 4079 3502 4132 ἅπαντα
3566 4074 3689 4127 νεύ-

2102 4184 2236 4255 μασί
2294 4199 2356 4234 τε
2389 4180 2486 4233 καὶ
2523 4178 2703 4246 λόγοις
2743 4176 2842 4247 ἡδὺ
2905 4171 3280 4243 προσμειδιῶν
3349 4170 3531 4229 αὐτοῖς
3590 4167 3687 4217 καὶ

2096 4274 2649 4347 προσφθεγγόμενος.
2675 4269 2753 4323 Δι’
2791 4267 3019 4338 ἡμερῶν
3049 4281 3107 4317 τε
3137 4265 3181 4295 ³⁸
3204 4261 3373 4334 τριῶν
3415 4257 3684 4347 κατέλαϐε

2093 4346 2264 4422 τόπον
2326 4365 2450 4419 τινὰ
2499 4363 2797 4432 Αἰγύλλους
2842 4360 2886 4389 ⁸⁸
2933 4357 3044 4430 (48)
3093 4354 3455 4419 καλούμενον,
3507 4352 3566 4415 ἐξ
3620 4346 3686 4402 οἱ

2095 4462 2233 4533 πρὸς
2266 4459 2367 4529 τὴν
2404 4455 2652 4510 Κιΰωτὸν
2691 4449 3135 4506 διαπλωῖσασοαι
3193 4446 3451 4516 ἔμελλεν,
3497 4444 3684 4494 Ἐπει-

2097 4551 2333 4620 γόμενον
2359 4546 2417 4601 δὲ
2472 4546 2665 4612 τοῦτον
2695 4544 2796 4613 τὴν
2845 4540 3242 4610 διαπεραίωσιν
3289 4536 3472 4607 ὁρῶσα
3503 4536 3536 4605 ἡ
3574 4534 3687 4586 Λύσ-

2095 4644 2327 4713 γούστα,
2352 4639 2734 4708 συνταξαμένη
2760 4637 2953 4705 τούτῳ,
2990 4634 3125 4705 πρὸς
3154 4634 3253 4702 τὴν
3283 4629 3684 4702 βασιλεύουσαν

2126 4734 2420 4805 πορεύετο.
2486 4731 2593 4785 Τοῦ
2681 4731 2738 4783 δὲ
2789 4727 3196 4800 αὐτοκράτορος
3259 4722 3358 4794 τὴν
3430 4718 3684 4775 Κιὸωτὸν

2107 4826 2534 4891 καταλαϐόντος,
2635 4818 3008 4895 προσέρχεταί
3100 4835 3185 4882 τις
3258 4815 3410 4887 αὐτῷ
3477 4812 3677 4882 λέγων’

1474 4933 1678 4996 Variae
1716 4934 2023 5002 lectiones
2066 4958 2144 5003 ex
2182 4940 2325 5003 cod.
2363 4937 2628 5002 Coislin.

439 5036 485 5067 δ’
508 5035 693 5103 λύγον.
771 5034 817 5066 ⁸⁸
846 5035 925 5089 δέ.
1028 5035 1074 5067 ⁸⁵
1111 5032 1424 5103 Αίγιαλούς.

1442 5126 1584 5187 Car.
1616 5123 1943 5186 Dufresnii
1972 5127 2066 5188 Du
2106 5127 2330 5205 Cangii
2365 5136 2556 5189 notas.

479 5231 592 5304 (i7)
624 5232 838 5303 Λόγον.
877 5234 1071 5302 Locus,
1105 5234 1158 5288 ni
1198 5233 1373 5304 fallor,
1404 5232 1645 5287 lnxatus.
1671 5232 1808 5297 Quid
1832 5234 1976 5287 enim

2100 5234 2374 5304 ica-texam;
2409 5243 2465 5287 ut
2488 5246 2681 5287 sensus
2712 5231 2803 5297 sit,
2847 5230 3099 5286 Aletium
3162 5231 3211 5283 in
3267 5232 3670 5299 expeditionem

402 5314 483 5356 est
516 5302 763 5357 Alexiuiu
790 5303 1023 5360 Nicaeam
1053 5319 1245 5359 contra
1272 5303 1481 5358 Turcos
1504 5303 1973 5373 profectuinesse,

403 5386 458 5425 et
507 5390 631 5426 cum
690 5374 767 5444 iis
790 5376 1008 5444 bellum
1045 5376 1302 5428 initurum
1336 5377 1402 5444 τῇ
1433 5371 1583 5443 δεξιᾷ
1609 5371 1759 5442 χειρὶ
1813 5372 1974 5441 λόγον

404 5444 725 5513 κατέχοντα.
758 5443 889 5499 Nam
922 5445 1068 5515 quod
1101 5446 1213 5500 vult
1243 5443 1488 5515 eruditus
1525 5448 1792 5515 interpres
1846 5445 1974 5497 Ale-

403 5516 550 5575 xium
582 5530 797 5579 currus,
827 5514 951 5583 quo
982 5516 1301 5579 vehebatur,
1337 5514 1580 5570 habenas
1612 5514 1803 5565 dextra
1854 5530 1970 5566 uio-

404 5586 673 5648 deratum,
704 5601 801 5639 nec
832 5595 915 5639 est
942 5585 1120 5639 simile
1150 5601 1297 5648 vero,
1329 5601 1501 5653 neque
1536 5598 1600 5637 ex
1642 5584 1813 5636 Anna:
1846 5597 1971 5634 ver-

402 5657 486 5708 bis
518 5657 640 5709 elici
668 5666 867 5725 potest.
899 5659 979 5708 Au
1019 5657 1180 5725 igitur
1206 5657 1512 5722 reponenda
1537 5670 1596 5725 ea
1627 5656 1816 5712 verba,
1854 5668 1972 5725 quae

409 5729 572 5796 habet
621 5723 717 5779 lib.
755 5741 849 5785 vn.
886 5742 1006 5796 pag.
1046 5723 1191 5781 196:
1256 5726 1335 5796 Τῇ
1385 5727 1442 5778 δὲ
1498 5724 1650 5792 δεξιᾷ
1701 5724 1846 5791 χειρὶ
1872 5723 1973 5796 τῆς

400 5793 497 5845 τοῦ
529 5795 704 5858 Λόγου
730 5793 1042 5867 Μητρὸςτὸ
1058 5793 1349 5868 ὼμόφορον
1381 5796 1622 5866 σημαίαν
1653 5803 1748 5847 aut
1779 5795 1984 5860 εἰκόνα,

2086 5303 2589 5373 ἱΙΙδιινρινυίθοιιιιιι,
2647 5304 2837 5356 dextra
2896 5315 3167 5373 tenentem
3193 5303 3447 5373 ADeiparte
3483 5304 3672 5354 hume-

2086 5376 2222 5441 rale,
2264 5371 2345 5427 vel
2377 5378 2663 5441 imaginem
2699 5389 2713 5439 ;
2752 5390 2857 5441 quo
2889 5389 3045 5437 easu,
3082 5371 3377 5441 ὼμόφορον
3425 5371 3668 5437 υυιμδιειε

2087 5447 2138 5498 in
2174 5447 2355 5514 priore
2387 5454 2572 5497 contra
2609 5441 2840 5514 Scythas
2873 5447 3058 5510 praelia
3112 5444 3455 5514 deperditum
3525 5442 3669 5514 haud

2086 5512 2270 5568 fuerit.
2302 5512 2408 5567 Sed
2438 5530 2504 5566 au
2541 5512 2842 5582 probabilis
2872 5516 2945 5568 sit
2972 5513 3306 5580 coiijectura,
3356 5512 3480 5567 aliis
3529 5512 3672 5576 diju-

2083 5586 2375 5638 dicanduui
2412 5584 2678 5651 relinquo.

2154 5655 2267 5723 (68)
2306 5653 2670 5723 Αὶγύλλους.
2707 5654 2882 5709 Locus
2914 5655 2965 5706 in
2997 5651 3263 5723 Bithynia:
3290 5670 3409 5719 ora,
3444 5655 3533 5722 qui
3569 5653 3669 5707 Λῑ-

2093 5726 2258 5793 γυλος
2286 5723 2511 5778 Zuuara:
2544 5726 2597 5778 iu
2633 5726 2899 5796 Micliaele
2932 5724 3220 5793 Theophili
3272 5726 3310 5780 l'.
3362 5743 3481 5796 pug.
3535 5726 3665 5793 l5l,

2095 5807 2148 5851 et
2181 5796 2451 5865 Scylitzae,
2480 5810 2599 5865 pag.
2638 5795 2764 5849 552.
