4086 6404
454 427 591 491 1073

437 539 732 610 ἐκκρίτους
836 538 1131 610 σατράπας

436 630 798 700 διαιρεθῆναι,
834 631 1081 692 καὶτοὺς
1120 631 1219 701 μὲν
1241 633 1299 697 ἐς
1334 634 1613 705 προνομὴν
1644 634 1746 704 τῆς
1769 635 2014 696 Νικαίας

439 722 531 775 καὶ
563 721 673 773 τῶν
698 722 1125 792 παρακειμένων
1164 724 1301 795 αὐτῇ
1332 726 1527 797 χωρῶν
1572 727 1873 782 κατελθεῖν.
1914 726 2018 780 Τὸν

437 814 495 867 δὲ
542 812 856 866 Μονὸλυκον
916 814 1152 867 καὶτὸν
1232 853 1247 869 .
1328 855 1344 870 .
1424 855 1439 871 .
1519 856 1533 871 .
1609 818 1679 872 τὰ
1736 818 1866 889 περὶ
1917 818 2017 891 τὴν

440 906 711 959 θάλατταν
737 905 1047 974 δῃώσασθαι
1069 947 1084 970 ,
1116 907 1310 971 οἵτινες
1340 908 1409 962 τά
1436 927 1496 962 τε
1544 911 1926 981 παρακείμενα
1947 916 2016 985 τῇ

438 1000 571 1067 περὶ
605 998 707 1068 τὴν
737 998 976 1052 Νίκαιαν
1019 999 1211 1071 λίμνῃ,
1268 1003 1364 1055 καὶ
1395 1002 1495 1070 τὴν
1531 1003 1785 1072 Προῦσαν
1828 1006 1875 1038 ⁷ο
1918 1006 2016 1077 δῃ-

437 1092 707 1154 ώσαντες,
740 1092 815 1155 ὡς
849 1092 908 1144 δὲ
950 1093 1048 1145 καὶ
1077 1094 1178 1162 τὴν
1219 1095 1659 1161 Ἀπολλωνιάδα,
1705 1096 1876 1151 αὑτοῦ
1912 1116 2017 1151 που

437 1182 567 1250 περὶ
596 1181 802 1251 ταύτην
852 1182 1170 1251 ηὐλίσαντο,
1219 1187 1447 1239 κάκεῖσε
1501 1188 1601 1260 τὴν
1651 1188 1804 1243 λείαν
1836 1192 2019 1244 πᾶσαν

435 1274 792 1343 ἀφελόμενοι,
842 1276 981 1346 ὁμοῦ
1016 1279 1153 1347 πρὸς
1185 1278 1253 1331 τὰ
1296 1281 1486 1350 πρόσω
1520 1280 1814 1353 ἐχώρησαν
1839 1299 1852 1314 ·
1891 1284 2017 1338 τότε

435 1369 707 1439 Λοπάδιον
737 1372 832 1424 καὶ
865 1373 1047 1426 πάντα
1078 1374 1148 1427 τὰ
1197 1375 1702 1449 ξυμπαρακείμενα
1750 1381 2019 1453 ληϊσάμε-

433 1477 538 1525 νοι,
571 1461 704 1516 ἀλλὰ
734 1466 828 1515 καὶ
862 1465 1055 1532 αὐτὴν,
1086 1468 1251 1537 φησὶ,
1281 1469 1379 1540 τὴν
1411 1470 1649 1534 Κύζικον
1674 1474 2016 1530 καταλαϐόν-

431 1567 527 1613 τες
563 1549 625 1616 ἐξ
654 1554 844 1621 ἐφόδου
874 1556 984 1609 άπὸ
1025 1558 1121 1610 τοῦ
1157 1559 1360 1628 μέρους
1399 1564 1497 1634 τῆς
1529 1564 1811 1635 θαλάσσης
1850 1569 2016 1622 κατέ-

434 1659 585 1713 σχον,
614 1645 710 1698 τοῦ
754 1646 959 1719 ταύτην
987 1652 1355 1721 φρουροῦντος
1407 1656 1531 1726 μηδ’
1571 1659 1824 1713 ὁπωσοῦν
1868 1661 2017 1715 ἀντι-

434 1735 695 1822 σχόντος,
752 1738 869 1791 ἀλλ’
933 1741 1144 1810 ἀγενῶς
1207 1746 1424 1800 ἐκεῖθεν
1496 1750 2013 1822 ὑποχωρήσαντος·

433 1821 556 1879 εἶτα
606 1829 698 1880 τόν
731 1848 790 1883 τε
830 1833 1161 1905 Κοντογμὴν
1197 1839 1294 1892 καὶ
1339 1841 1516 1912 Ἀμὴρ
1549 1844 1594 1874 ⁷¹
1655 1821 2010 1915 Μουχούμετ,

430 1919 544 1981 τῶν
578 1920 850 1992 ἐκκρίτων
907 1925 1331 1999 ἀρχισατράπας
1393 1931 1483 1985 διὰ
1522 1934 1634 1988 τῶν
1700 1937 2011 1992 Λεντιανῶν

433 2011 573 2083 πρὸς
609 2014 671 2066 τὸ
724 2016 1069 2087 Ποιμανηνδν
1109 2022 1352 2087 ἀπιέναι,
1415 2027 1817 2097 ἐφελκομένους
1860 2031 2012 2086 λείαν

431 2104 637 2177 πολλὴν
679 2110 774 2161 καὶ
832 2110 1035 2182 ἄνδρας
1096 2114 1388 2180 πλείστους
1445 2115 1860 2191 δορυθηράτους
1914 2125 2012 2179 καὶ

430 2193 631 2262 γύναια
662 2199 755 2250 καὶ
791 2199 991 2262 παῖδας
1025 2202 1186 2267 ὅσους
1218 2205 1437 2274 ἀφῆκεν
1466 2209 1494 2260 ὁ
1535 2207 1792 2281 σίδηρος·
1832 2211 1924 2265 τὸν
1952 2212 2010 2266 δέ

429 2303 494 2356 γε
522 2289 834 2342 Μονόλυκον
859 2293 1108 2364 ποταμὸν
1144 2295 1269 2349 τινὰ
1316 2298 1730 2368 διαπεράσαντα
1756 2302 2010 2375 Βαρηνὸν

429 2379 716 2451 ἐγχωρίως
748 2384 1114 2453 καλούμενον,
1154 2389 1350 2458 ῥέοντα
1380 2391 1479 2460 μὲν
1515 2393 1624 2446 ἀπό
1656 2412 1805 2459 τινος
1844 2396 2008 2468 ὅρους

433 2470 641 2535 ’16ιὸος
684 2474 733 2506 ⁷⁸
796 2476 1160 2548 καλουμένου,
1214 2481 1308 2549 ἀφ’
1363 2477 1426 2537 οὗ
1480 2466 1676 2540 πολλοὶ
1714 2489 1811 2542 καὶ⁸
1856 2466 2008 2545 ἄλλοι

428 2563 904 2635 ἀπορῥυῖσκονται
962 2573 1220 2642 ποταμοὶ,
1255 2574 1610 2649 Σκάμανδρός
1638 2596 1696 2631 τε
1718 2583 2011 2651 καὶἈγγι-

426 2653 748 2727 λοκωμίτης
796 2660 838 2693 ⁷³
872 2663 970 2716 καὶ
1033 2664 1344 2736 Ἐμπηλος,
1400 2670 1539 2737 πρός
1586 2689 1645 2724 τε
1697 2673 1758 2727 τὸ
1793 2676 2007 2746 Πάρεον

427 2749 880 2817 ἀπονενευκέναι,
926 2756 1022 2809 κα)⁵
1049 2757 1148 2826 τὴν
1205 2759 1291 2826 ἐφ’
1332 2759 1735 2833 Ἑλλησπόντου
1773 2768 2005 2826 ’Ἄϐυδον

427 2838 523 2891 καὶ
561 2839 630 2893 δι’
675 2841 1024 2914 Ἀτραμύτου
1078 2849 1174 2901 καὶ
1202 2848 1312 2903 τῶν
1341 2850 1600 2924 Χλιαρῶν
1651 2856 2005 2928 διεληλυθότα

430 2931 568 2996 μετὰ
602 2936 785 3005 πάσης
821 2939 1201 3009 αἰχμαλωσίας
1229 2945 1588 3014 ἀναιμάκτως
1613 2952 1707 3004 καλ⁸
1738 2954 1868 3007 ἄνευ
1902 2957 2006 3026 μά⁴

425 3042 527 3120 χης
553 3028 718 3120 τινός.
754 3030 908 3120 ’Πρδς
938 3033 1144 3103 ταύτην
1170 3036 1270 3107 τὴν
1303 3038 1563 3106 ἀγγελίαν
1586 3042 1614 3096 ὁ
1641 3045 2003 3120 αὐτοκράτωρ

423 3115 515 3166 τὸν
545 3116 868 3188 Καμύτζην,
914 3119 1080 3175 δοῦκα
1130 3127 1436 3194 τηνικαῦτα
1483 3136 1898 3202 χρηματίζοντα
1930 3141 1998 3205 ⁷⁵,

1611 464 1624 474 ς
1680 426 2095 489 ALEXIADIS
2134 381 2281 492 ua.
2322 427 2494 494 'XIV.

1240 543 1663 614 τεσσαράκοντα
1761 542 2015 619 χιλιάδων

2128 544 2404 600 miseratio
2477 546 2678 602 doloris
2735 562 2845 616 quo
2896 546 3196 616 principem
3275 545 3342 602 ab
3402 546 3697 615 equitando

3568 427 3701 494 1074

2124 638 2403 706 prohiberi
2473 641 2804 696 sentiebant.
2860 640 3197 707 Emendabat
3264 647 3438 694 tamen
3494 638 3700 691 incon.-

2123 732 2337 784 modum
2371 746 2768 803 maeroremque
2818 732 2871 786 in
2928 748 3077 801 spem
3133 731 3394 802 optimam
3456 730 3700 784 mutabat

2121 824 2377 878 renidens
2397 824 2653 878 omnesin
2688 837 2875 895 partes
2906 825 3250 892 imperatoris
3285 824 3476 887 facies,
3514 837 3702 891 quem-

2122 930 2226 983 que
2290 926 2444 981 nutu,
2495 927 2758 985 aspectu,
2841 917 3014 971 arrisu
3083 916 3282 971 blando
3338 915 3576 985 fortique
3631 914 3695 967 ad

2120 1017 2341 1062 strenue
2401 1023 2514 1061 rem
2548 1008 2834 1077 gerendam
2869 1008 3116 1077 beneque
3177 1008 3503 1074 sperandum
3551 1004 3698 1058 exci-

2123 1107 2276 1158 tans.
2310 1100 2509 1154 additis
2560 1099 2613 1154 in
2652 1101 2883 1170 idipsum
2933 1102 3156 1155 vocibus
3193 1099 3530 1170 plenissimis
3582 1096 3695 1149 ala-

2122 1190 2335 1245 critatis
2360 1229 2375 1254 ,
2408 1191 2621 1258 quibus
2644 1194 2770 1246 dum
2813 1192 3210 1260 compellantur
3265 1192 3424 1245 modo
3491 1188 3695 1251 cuncti,

2120 1280 2280 1335 modo
2334 1282 2554 1349 singuli,
2614 1283 2873 1352 gliscebat
2924 1300 3018 1353 per
3064 1283 3441 1337 universorum
3487 1283 3697 1334 animos

2119 1374 2296 1428 mirus
2373 1374 2538 1429 ardor
2600 1373 2795 1427 ﬁducia
2850 1375 3212 1443 coniunctus,
3284 1388 3348 1428 ac
3415 1370 3695 1431 studium.

2121 1464 2361 1518 laborem
2389 1465 2602 1519 itineris
2644 1464 2978 1534 periculique
3020 1463 3358 1519 formidinem
3415 1462 3696 1517 dulcedine

2117 1556 2199 1609 sui
2233 1555 2440 1610 fallens.
2468 1554 2559 1611 Sic
2581 1559 2761 1611 triduo
2780 1567 3098 1626 perventum
3120 1557 3186 1610 ad
3210 1556 3384 1609 locum
3406 1554 3694 1624 quemdam

2117 1647 2364 1719 Egyllos
2396 1649 2600 1703 dictum
2624 1691 2639 1712 ,
2671 1650 2815 1705 unde
2850 1650 3098 1704 Cibotum
3144 1662 3334 1704 versus
3366 1647 3695 1715 traiecturus

2120 1740 2419 1810 imperator
2442 1750 2584 1796 erat.
2620 1739 2695 1797 lbi
2731 1756 2857 1796 eum
2889 1740 3266 1811 traiectionem
3310 1753 3503 1807 urgere
3530 1738 3692 1791 istam

2122 1831 2366 1902 Augusta
2403 1832 2616 1898 videns,
2674 1834 2832 1888 venia
2882 1833 3171 1902 impetrata
3226 1830 3512 1886 recedendi
3575 1825 3694 1881 vale

2117 1924 2222 1996 ipsi
2282 1924 2437 1993 dixit,
2472 1926 2614 1981 etin
2672 1927 2859 1981 urbem
2893 1929 3095 1995 regiam
3154 1925 3259 1981 i'ter
3282 1923 3531 1978 intendit.
3586 1922 3693 1977 Im-

2116 2017 2357 2085 peratori
2440 2017 2691 2073 Cibotum
2771 2019 2998 2088 appulso
3086 2002 3690 2072 nuntiavit'accedeus

2114 2107 2333 2176 quidam
2355 2147 2369 2171 ,
2398 2109 2702 2178 praecipuos
2736 2121 2982 2178 satrapas
3031 2109 3332 2164 Turcorum
3356 2148 3371 2173 ,
3404 2108 3496 2176 qui
3531 2106 3691 2161 simul

2113 2215 2302 2255 omnes
2332 2200 2435 2255 snb
2470 2201 2643 2270 signis
2708 2202 2972 2256 haberent
3025 2202 3401 2281 quadraginta
3451 2199 3687 2253 militum

2110 2292 2306 2365 439⁸
2338 2293 2529 2357 millia,
2580 2294 2926 2348 distribuisse
2985 2293 3126 2347 inter
3175 2308 3233 2346 se
3286 2300 3397 2346 tum
3458 2292 3687 2360 copias,

2114 2397 2225 2443 tum
2263 2387 2385 2442 belli
2438 2386 2657 2458 gerendi
2690 2395 2873 2456 partes
2900 2426 2914 2449 ,
2952 2386 3096 2442 hunc
3149 2383 3320 2439 ferme
3361 2383 3413 2438 in
3447 2383 3682 2437 modum.

2110 2478 2395 2549 Negotium
2458 2478 2787 2549 quibusdam
2841 2478 3022 2530 datum
3084 2475 3417 2530 inlestandae‘
3450 2472 3727 2539 Niczeaeg

2110 2571 2581 2641 adjacentiumque
2609 2570 2713 2640 ipsi
2756 2568 3032 2640 regionum
3064 2578 3226 2636 atque
3262 2566 3481 2621 urbium
3515 2581 3688 2635 popu-

2111 2665 2418 2721 landarum.
2468 2658 2747 2733 Monolyco
2777 2671 2980 2717 etc.....
3033 2660 3290 2713 attributa
3327 2659 3392 2711 ad
3437 2659 3687 2726 praedan-

2109 2756 2236 2810 dum
2264 2769 2385 2809 esse
2435 2753 2570 2807 mari
2605 2752 2777 2806 vicina
2831 2751 2971 2806 loca.
3019 2750 3132 2803 Hos
3186 2762 3382 2818 magno
3428 2761 3684 2803 successu

2110 2863 2223 2903 rem
2258 2847 2519 2915 gessisse.
2557 2843 2795 2907 Vastatis
2819 2844 2963 2897 enim
3021 2841 3276 2896 omnibus
3325 2841 3472 2896 circa
3506 2843 3681 2894 lacum

2105 2942 2485 3007 Nicaeensem,
2521 2940 2698 2993 Prusa
2768 2937 2930 2993 etiam
2991 2928 3091 2990 nec
3165 2951 3271 2989 non
3330 2933 3683 3001 Apolloniade

2107 3035 2358 3105 eXpilatis
2396 3049 2459 3088 ac
2490 3031 2720 3100 direptis
2766 3043 3131 3097 congregasse
3158 3027 3267 3082 illic
3296 3027 3482 3096 copias
3516 3040 3682 3079 unum

2107 3125 2159 3178 iu
2184 3125 2359 3178 locum
2410 3122 2607 3178 castris
2648 3122 2874 3189 positis,
2907 3121 3196 3189 praedaque
3237 3120 3385 3172 omni
3437 3132 3685 3185 compor-

423 3201 512 3293 διὰ
548 3207 896 3293 γραμμάτων
928 3213 1383 3281 παρεκελεύσατο
1418 3201 1768 3290 παρέπεσθαι
1802 3245 1860 3280 τε
1888 3201 1998 3293 τοῖς

2108 3226 2240 3271 tata.
2290 3215 2425 3270 Tmn
2475 3212 2747 3268 communi
2822 3211 3049 3267 consilio
3102 3220 3267 3279 atque
3326 3211 3522 3280 impetu
3560 3226 3685 3279 pro-

423 3290 740 3364 Βαρϐἁροις
776 3300 915 3366 μετὰ
970 3306 1354 3359 πεντακοσίων
1404 3315 1757 3379 στρατιωτῶν
1804 3318 1899 3369 καὶ
1930 3290 2001 3372 τά

423 3388 548 3440 κατ’
583 3390 785 3455 αὐτοὺς
813 3393 902 3447 διὰ
954 3399 1309 3467 γραμμάτων
1347 3402 1568 3472 δηλοῦν,
1628 3409 1912 3475 φείδεσθαί
1939 3430 1998 3466 τε

422 3478 526 3576 τῇς
580 3485 710 3576 ,μετ’
774 3485 957 3539 αὐτῶν
996 3492 1369 3576 συμπλοκῆς.
1415 3496 1474 3548 '0
1517 3498 1575 3551 δὲ
1632 3500 1864 3564 ἐξελθὼν
1898 3507 2000 3576 τῆς

422 3566 667 3634 Νικαίας
707 3575 1126 3645 καταλαμϐάνει
1160 3581 1251 3634 τόν
1285 3600 1345 3636 τε
1388 3587 1715 3662 Κοντογμὴν
1762 3595 1858 3647 καὶ

436 3656 615 3731 Ἀμὴρ
647 3664 983 3737 Μουχούμέτ
1023 3672 1119 3725 καὶ
1168 3675 1296 3740 τοὺς
1328 3677 1553 3745 λοιποὺς
1582 3656 1763 3746 είς-τά
1795 3688 1996 3741 καλού-

420 3847 809 3940 παραγγελίας
861 3852 1285 3925 ἐπιλαθόμενος,
1360 3869 1713 3938 παραχρῆμα
1766 3847 1998 3940 τούτοις

419 3939 773 4038 προσϐάλλει.
808 3945 872 3998 Oi
902 3945 960 3999 δὲ
989 3987 1005 4010 ,
1038 3949 1130 4002 τὸν
1186 3953 1571 4027 αὐτοκράτορα
1628 3966 1999 4038 προσδόκιμον

418 4026 660 4098 ἔχοντες,
703 4036 799 4087 καὶ
835 4037 1031 4092 τοῦτον
1074 4035 1219 4095 εἶναι
1255 4046 1346 4097 τὸν
1399 4049 1810 4108 ἐπεισπεσόντα
1843 4060 1998 4128 νομί-

418 4138 636 4187 σαντες,
699 4129 1055 4198 πτοηθέντες.
1092 4134 1161 4186 τὰ
1202 4136 1349 4191 νῶτα
1389 4141 1620 4199 διδόασι.
1665 4146 1885 4218 Σκύθην
1941 4152 1998 4205 δέ

415 4232 541 4268 τινα
566 4221 876 4288 τηνικαῦτα
907 4227 1284 4296 κατασχόντες
1322 4232 1417 4284 καὶ
1474 4237 1627 4306 παρὰ
1658 4240 1854 4295 τούτου
1888 4262 1995 4297 πυ-

418 4306 658 4378 θόμενοι,
700 4313 824 4365 ἐπεὶ
861 4314 955 4367 τὸν
996 4317 1302 4391 Καμύτζην
1349 4324 1688 4390 ἐγνώκεισαν
1720 4328 1862 4388 εἶναι
1894 4337 1995 4404 τὰς

417 4399 772 4471 ἀκρολοφίας,
791 4403 1034 4475 διῄεσαν,
1063 4411 1157 4463 καὶ
1182 4411 1548 4482 θαῤῥύνοντες
1570 4420 1799 4487 ἑαυτοὺς
1829 4425 1916 4481 διά
1936 4399 1996 4483 τέ

417 4494 722 4562 τυμπάνων
756 4498 850 4549 καὶ
878 4498 1220 4570 ἀλαλαγμῶν
1268 4492 1640 4564 ἀνεκαλοῦντο
1673 4516 1799 4574 τοὺς
1821 4517 1996 4572 ἅπαν-

415 4585 554 4655 ταχῆ
591 4588 987 4653 σκεδασθέντας
1022 4594 1135 4647 τῶν
1167 4597 1483 4666 ὁμοφύλων.
1516 4604 1579 4654 Οἱ
1609 4603 1664 4658 δέ
1698 4607 1995 4680 ἀνακλητι-

415 4675 514 4730 κὸν
546 4678 700 4730 τουτὶ
722 4681 783 4733 τὸ
823 4680 1078 4753 σύνθημα
1119 4685 1493 4756 γινώσκοντες
1534 4696 1740 4761 πάντες
1799 4704 1999 4775 συνέρ-

419 4771 564 4840 ρεον.
609 4772 1033 4841 Ἐπανελθόντες
1060 4774 1154 4832 οὖν
1187 4780 1330 4834 κατὰ
1358 4786 1459 4853 τὴν
1494 4787 1723 4844 πεδιάδα
1759 4793 1859 4861 τὴν
1880 4771 1998 4848 δια-

414 4861 681 4947 κειμένην
715 4867 886 4933 ἐγγὺς
924 4869 1174 4925 κάτωθεν
1226 4874 1335 4927 τῶν
1387 4877 1747 4948 καλουμένων
1801 4885 1995 4955 Ἀορά-

414 4971 547 5021 των,
575 4957 731 5021 αὖθις
763 4959 1158 5030 ἡθροίσθησαν.
1210 4964 1267 5017 '0
1300 4966 1356 5020 δέ
1407 4985 1470 5036 γε
1506 4972 1812 5045 Κοιμύτζης
1851 4979 1989 5045 (49),

417 5046 516 5118 τὴν
547 5049 698 5103 λείαν
729 5053 910 5105 πᾶσαν
957 5054 1296 5125 ἀφελόμενος
1372 5061 1431 5127 ἐξ
1472 5063 1672 5130 αὐτῶν,
1698 5068 1799 5121 οὐκ
1831 5070 1994 5138 ἤθελε

423 5140 585 5209 μέχρι
614 5144 708 5194 τοῦ
743 5143 1095 5214 Ποιμανηκοῦ
1129 5150 1469 5205 καταλαϐεῖν
1504 5154 1583 5217 ὡς
1617 5151 1677 5209 εὖ
1742 5159 1813 5211 τὰ
1866 5163 1995 5214 κατ’

420 5230 584 5283 αὐτὸν
608 5235 663 5283 ἐν
686 5232 862 5303 τούτῳ
886 5234 1171 5291 διαθέσθαι
1194 5255 1217 5281 αι
1243 5243 1525 5312 πολίχνιον
1556 5244 1610 5297 δὲ
1636 5246 1800 5301 τοῦτο
1866 5252 1997 5322 ἐρυ-

424 5324 877 5393 μνότατονιὰλλὰ
907 5332 1036 5400 περὶ
1057 5329 1127 5382 τὰ
1164 5331 1399 5403 Ἀὁρατα
1428 5337 1810 5406 ἐμϐραδύνων,
1837 5341 1997 5395 ἔλαθε

419 5414 543 5468 καθ’
578 5416 774 5471 ἑαυτοῦ
810 5417 1261 5491 βουλευσάμενος.
1298 5425 1360 5476 Οἱ
1388 5425 1668 5497 Βάρϐαροι
1695 5428 1804 5501 γὰρ
1840 5433 1896 5482 ἐν
1922 5428 1999 5501 τῷ

2105 3322 2324 3379 gressus
2359 3306 2587 3360 ulterius
2631 3303 2936 3374 Lopadium
2994 3312 3050 3356 et
3091 3301 3318 3355 linitima
3375 3302 3501 3355 huic
3565 3301 3680 3356 loca

2104 3409 2301 3455 cuncta
2330 3397 2627 3452 latrociniis
2653 3407 2706 3450 et
2736 3409 2906 3463 genus
2938 3408 3100 3448 omne
3127 3390 3409 3445 maleﬁciis
3432 3404 3679 3457 vexasse,

2105 3492 2240 3562 ipsa,
2276 3492 2405 3560 quin
2437 3490 2625 3551 etiam,
2661 3486 2860 3558 Cyzico
2910 3485 3084 3554 primo
3112 3483 3334 3538 incursu
3366 3492 3521 3550 capta
3554 3498 3679 3537 cum

2101 3586 2155 3639 in
2188 3563 2306 3637 eam
2339 3599 2367 3636 a
2397 3592 2549 3652 parte
2572 3596 2692 3650 qua:
2717 3593 2866 3633 mare
2889 3585 3095 3646 spectat
3126 3574 3681 3643 impetttmil'ecissent,

2101 3675 2359 3745 praefecto
2409 3674 2559 3727 urbis
2612 3686 2885 3741 nusquam
2919 3672 2984 3724 ad
3035 3670 3436 3740 prohibendum
3487 3680 3682 3722 occur.

2102 3779 2289 3834 rente,
2347 3768 2441 3821 sed
2493 3767 2685 3832 ignava
2740 3771 2795 3817 et
2841 3763 2986 3833 turpi
3036 3762 3160 3833 luga
3214 3762 3422 3828 elapso.
3477 3759 3674 3814 Deinde

2099 3861 2437 3928 Contogmen
2497 3869 2551 3912 et
2598 3857 2851 3910 Amerem
2917 3854 3315 3909 Muchumetem
3370 3853 3463 3923 qui
3514 3868 3677 3922 supra

2098 3954 2402 4024 praecipuos
2425 3960 2767 4018 satraparum
2798 3946 3109 4000 eminebant
3144 3945 3408 4014 dignitate
3465 3958 3529 4000 ac
3585 3960 3681 4014 po-

2103 4049 2267 4101 tentia
2297 4084 2312 4110 ,
2365 4059 2462 4115 per
2504 4041 2798 4097 Lentianos
2846 4039 3239 4093 Pcemanenun:
3296 4038 3530 4101 abiisse,
3566 4046 3680 4091 tra-

2100 4143 2292 4196 hentes
2321 4141 2553 4210 praedam
2585 4136 2830 4201 multam,
2851 4134 3107 4203 virosque
3129 4133 3375 4203 captivos
3394 4133 3676 4202 plurimos,

2099 4249 2220 4286 cum
2251 4230 2572 4284 mulieribus
2607 4237 2661 4280 et
2689 4227 2875 4298 pueris
2902 4232 3173 4297 quotquot
3205 4225 3438 4294 reliquos
3468 4223 3680 4293 gladius

2098 4322 2340 4377 fecisset.
2417 4318 2755 4388 Monolycum
2825 4331 2955 4372 vero
3034 4324 3374 4382 transgresso
3444 4317 3676 4384 quodam

2100 4413 2270 4469 fluvio
2302 4413 2483 4479 (quem
2522 4410 2789 4462 Barenum
2847 4406 3044 4461 accolae
3080 4404 3379 4475 appellant,
3416 4403 3675 4459 ﬂuentem

2100 4523 2164 4563 ex
2214 4515 2398 4559 tnoute
2443 4503 2674 4571 quodam
2730 4498 2876 4553 lbibe
2927 4508 3154 4562 voeato,
3211 4512 3274 4551 ex
3327 4512 3436 4567 quo
3488 4498 3677 4551 eodem

2102 4597 2255 4652 multi
2285 4594 2447 4649 etiam
2475 4591 2565 4645 alii
2611 4604 2799 4644 amnes
2843 4587 3144 4659 proﬂuunt,
3202 4590 3344 4643 inter
3364 4606 3501 4659 quos
3542 4589 3676 4645 Sca-

2098 4689 2356 4751 manderl,
2404 4681 2837 4755 Angelocomites
2893 4690 2947 4735 et
2983 4681 3266 4751 Empelus)
3326 4683 3392 4735 ad
3442 4681 3675 4738 Pareum

2096 4780 2436 4843 declinasse,
2508 4785 2563 4829 et
2616 4773 2867 4845 Abydum
2924 4773 2987 4825 ad
3044 4772 3447 4842 Hellespontum
3517 4778 3675 4830 sitam

2098 4882 2544 4939 praetergressum
2570 4907 2586 4932 ,
2629 4881 2725 4936 per
2750 4867 3090 4936 Atramytum
3131 4882 3349 4934 quoque
3373 4877 3426 4922 et
3457 4868 3674 4924 Chliera

2100 4979 2220 5019 cum
2246 4970 2359 5016 tota
2388 4960 2728 5027 captivorum
2764 4958 3110 5012 multitudine
3140 4967 3316 5012 tntum
3344 4968 3398 5013 et
3426 4971 3674 5027 pacatum

2103 5055 2221 5109 sine
2242 5052 2531 5121 sanguine,
2570 5050 2691 5105 sine
2720 5064 2899 5118 pugna
2932 5049 3035 5102 iter
3070 5050 3344 5104 habuisse.
3383 5051 3681 5122 Imperator

2097 5146 2201 5199 hoc
2228 5143 2429 5197 indicio
2476 5150 2701 5209 accepto
2727 5139 2939 5193 litteras
2971 5140 3063 5191 dat
3094 5140 3159 5192 ad
3207 5139 3518 5209 Camytzem
3546 5151 3679 5197 tunc

2096 5235 2288 5288 ducem
2329 5230 2554 5293 Nicaeae,
2592 5231 2794 5299 quibus
2840 5229 2887 5281 ei
2924 5228 3251 5294 mandabat,
3304 5241 3361 5284 ut
3409 5232 3676 5284 Barbaros

2096 5341 2236 5393 pone
2263 5330 2724 5391 scquereturcum
2744 5321 3007 5375 militibus
3038 5321 3367 5390 quingentis,
3386 5333 3438 5376 et
3460 5338 3581 5390 quae
3609 5326 3674 5376 de

2100 5414 2232 5482 ipsis
2266 5413 2489 5467 haberet
2519 5421 2797 5481 comperta
2825 5413 3112 5485 confestim
3150 5414 3416 5467 indicaret
3441 5412 3541 5467 sibi
3579 5427 3673 5481 per

996 5592 1025 5601 -
1460 5564 1654 5626 Varias
1687 5565 1990 5631 lectiones
2017 5586 2094 5632 ex
2122 5570 2264 5631 cod.
2298 5566 2566 5631 Coislin.

491 5654 536 5686 ⁷*
557 5654 811 5725 Πρῶσαν.
941 5661 984 5692 ’τί
1026 5659 1119 5713 τὸν
1154 5660 1356 5733 Ἀμήρ,
1453 5665 1499 5697 τ’
1534 5665 1749 5731 Ἰϐιδος.

1865 5670 1908 5703 ⁷³
1955 5669 2455 5737 Ἀγγελοκωμίτης.

2577 5668 2625 5700 ⁷⁸
2642 5667 2879 5733 Νικαίας
2935 5663 3360 5739 χρηματίζοντα.

1446 5777 1586 5839 Car.
1631 5779 1956 5844 Dufresuii
1981 5784 2080 5844 Du
2105 5784 2329 5861 Cengii
2354 5789 2541 5846 notae.

494 5871 604 5943 (49)
640 5872 967 5945 Καμύτζης.
1008 5875 1081 5933 De
1104 5877 1206 5935 hac
1238 5876 1513 5934 Eustathii
1540 5879 1811 5951 Camytztc
1843 5881 1999 5937 clade
2041 5882 2154 5952 agit
2188 5883 2455 5938 Zonaras.
