4086 6396
422 378 556 442 ῙΟἿἾ

431 581 488 633 'O
518 581 576 633 δέ
605 599 666 648 γε
695 583 1074 652 αὐτοκράτωρ,
1094 583 1500 653 στοχασάμενος
1527 584 1625 654 τῆς
1651 582 1898 652 ἀτραποῦ
1932 581 2004 635 δι’

417 670 486 741 ἧς
546 673 743 728 διιέναι
775 673 1022 742 ἔμελλον,
1054 675 1222 748 ἄλλην
1258 677 1605 747 τραπόμενος
1625 717 1641 742 ,
1673 677 1764 731 διά
1811 695 1869 729 τε
1902 681 2006 746 τῆς

420 765 660 829 Νικαίας
714 765 945 819 διελθὼν
1002 769 1098 820 καὶ
1153 768 1262 821 τῶν
1308 769 1637 838 Μελαγὶνων
1662 770 1704 842 7⁷
1734 769 1870 838 (50),
1912 769 2008 822 καὶ

419 857 531 909 τῶν
562 856 706 910 οὕτω
737 857 1094 928 καλουμένων
1139 859 1450 914 Βασιλικῶν
1486 860 1692 930 (ταῦτα
1729 862 1784 914 δὲ
1819 859 2005 929 τέμπη

419 949 530 1000 εἰσὶ
561 951 652 1001 καὶ
682 949 940 1004 δύσϐατοι
975 951 1242 1023 ἀτραποὶ,
1271 953 1398 1022 περὶ
1421 953 1520 1016 τὰς
1550 953 1884 1022 ἀκρολοφίας
1912 949 2007 1004 τοῦ

433 1040 714 1108 Ὀλύμπου
738 1041 1100 1114 διακείμενα)
1122 1082 1136 1104 ,
1162 1045 1495 1114 κατέρχεται
1521 1047 1599 1108 εἰς
1626 1043 1694 1097 τά
1727 1041 2005 1110 Ἀληθινὰ,

423 1133 655 1186 κάκεῖσε
688 1134 1102 1204 καταλαμϐάνει
1152 1137 1252 1206 τὴν
1291 1136 1592 1205 Ἀκροκον,
1653 1135 2011 1204 ἐπειγόμενος

422 1225 868 1292 προκαταλαϐεῖν
915 1225 1024 1279 ἀπὸ
1073 1225 1184 1278 τῶν
1221 1225 1538 1298 ἔμπροσθεν
1571 1226 1698 1289 τοὺς
1731 1227 2010 1297 Τούρκους

423 1316 520 1367 καὶ
565 1314 712 1370 οὕτω
739 1316 1030 1387 καρτερῶς
1071 1320 1192 1386 μετ’
1237 1318 1420 1372 αὐτῶν
1450 1319 1688 1387 συνάψαι
1725 1319 1815 1371 τὸν
1847 1320 2010 1372 πόλε-

427 1424 550 1476 μον.
583 1410 645 1462 Οἱ
673 1408 752 1472 δὲ,
789 1409 924 1480 μηδὲ
961 1411 1154 1478 μνεεαν
1203 1410 1343 1474 ὅλως
1399 1410 1712 1478 Ῥωμαϊκοῦ
1746 1412 2011 1483 στρατεύ-

428 1517 598 1567 ματος
628 1501 709 1563 εις
755 1501 882 1554 νοῦν
931 1501 1223 1566 λαϐόντες,
1259 1503 1351 1554 τὸν
1402 1501 1544 1556 κατά
1592 1503 1690 1573 τὴν
1739 1504 2014 1572 τέμπειαν

423 1593 773 1662 διακείμενον
799 1594 1105 1663 καλαμῶνα
1133 1593 1542 1658 καταλαϐόντες
1573 1596 1692 1648 ἐκεῖ
1719 1613 1822 1648 που
1857 1613 2013 1665 περι-

424 1686 684 1755 χυθέντες
737 1687 1032 1753 ἐξέκειντο.
1079 1688 1236 1741 Ἐπεὶ
1267 1688 1322 1741 δὲ
1377 1687 1674 1758 ἀπηγγέλη
1721 1689 1799 1759 τῷ
1845 1689 2011 1743 αὐτο-

426 1781 658 1850 κράτορι
710 1781 1079 1852 ἀπερχομένῳ
1127 1782 1250 1834 κατ’
1286 1780 1468 1834 αὐτῶν
1508 1781 1607 1850 τὴν
1655 1782 1882 1835 πεδιάδα
1911 1783 2014 1850 τῆς

425 1873 693 1950 τεμπείας
724 1875 853 1937 τοὺς
889 1874 1213 1944 Βαρϐάρους
1268 1874 1606 1928 καταλαϐεῖν
1643 1875 1752 1928 ἀπὸ
1785 1876 2012 1947 διαστή-

429 1982 603 2034 ματος
661 1965 875 2032 ἱκανοῦ,
942 1966 1004 2019 τὸ
1054 1967 1377 2036 στράτευμα
1426 1967 1508 2031 εἰς
1561 1966 1801 2036 πολέμου
1847 1968 2014 2021 τόπον

427 2058 784 2126 καταστήσας
833 2056 928 2109 καὶ
984 2057 1477 2128 παραταξάμενος,
1537 2057 1852 2128 ἔμπροσῢεν
1917 2059 2014 2128 μὲν

430 2151 848 2203 Κωνσταντῖνον
917 2150 1006 2204 τὸν
1077 2150 1298 2222 Γαϐρᾶν
1377 2151 1471 2203 καὶ
1534 2151 1626 2204 τὸν
1685 2153 2015 2222 Μοναστρᾶν

429 2241 638 2306 ἔταξεν,
667 2241 751 2312 ἐφ’
780 2241 1018 2314 ἑκάτερα
1049 2243 1104 2296 δὲ
1143 2243 1320 2296 ἰλαδὸν
1351 2245 1705 2311 καταστήσας
1748 2243 1809 2296 τὸ
1842 2243 2014 2314 στρά-

427 2351 627 2403 τευμα,
657 2335 755 2402 τὴν
771 2335 1038 2406 οὐραγίαν
1071 2335 1147 2406 τῷ
1168 2336 1510 2408 Τζιπουρέλῃ
1536 2336 1630 2389 καὶ
1647 2335 1723 2404 τῷ
1755 2336 2003 2406 Ἀμπελᾷ

431 2427 633 2496 πολλὴν
668 2427 770 2497 τὴν
814 2427 907 2482 τοῦ
953 2430 1192 2500 πολέμου
1249 2432 1444 2498 πεῖραν
1483 2431 1547 2482 ὲκ
1599 2427 1813 2497 μακροῦ
1854 2430 2017 2498 ἐσχη-

430 2521 552 2574 κόσι
599 2520 836 2576 δέδωκε·
877 2521 939 2574 τὸ
982 2521 1037 2574 δὲ
1073 2522 1242 2591 μέσον
1291 2523 1389 2593 τῆς
1444 2521 1807 2590 παρατάξεως
1853 2519 2018 2583 αὐτὸς

429 2613 630 2668 διέπων
681 2615 805 2677 ὅλας
875 2616 1242 2684 συνετάραττε
1299 2615 1624 2684 φάλαγγας,
1685 2615 1783 2667 καὶ
1841 2614 2018 2676 οὕτως

435 2707 627 2779 ῶσπερ
660 2707 928 2776 κεραυνὸς
968 2710 1081 2767 τοῖς
1118 2707 1386 2777 Τούρκοις
1423 2707 1708 2774 ἐμπεσὼν,
1746 2707 2019 2778 καρτερὸν

430 2800 521 2853 τὸν
569 2799 689 2869 μετ’
740 2801 922 2854 αὐτῶν
973 2801 1180 2870 συνῆψε
1237 2801 1498 2870 πόλεμον.
1558 2801 1752 2853 Πολλοὶ
1787 2801 1885 2871 μὲν
1929 2797 2020 2854 οὖν

431 2893 739 2965 τηνικαῦτα
794 2893 1098 2946 κτείνονται
1161 2895 1271 2945 τῶν
1324 2893 1649 2964 Βαρϐάρων,
1698 2894 2019 2963 ἀγχεμάχου

430 2988 532 3057 τῆς
582 2987 762 3058 μάχης
817 2987 1140 3055 γεγονυίας’
1193 2986 1382 3040 πολλοὶ
1421 2987 1477 3040 δὲ
1528 2988 1621 3038 καὶ
1655 2987 2019 3056 δορυϐήρατοι

433 3081 676 3148 ἄγονται.
750 3081 814 3133 Oi
885 3079 942 3133 δὲ
1018 3079 1096 3148 τῷ
1183 3079 1470 3148 καλαμῶνι
1537 3079 2023 3150 προσπεφευγότες

1676 378 2091 440 ALEXIADIS
2131 381 2274 442 LIB.
2323 384 2477 445 XIV.

502 488 666 541 Ἀλλά
707 489 881 542 ταῦτα
943 490 1042 559 μὲν
1075 492 1146 544 τὰ
1179 491 1256 559 τῷ
1301 491 1594 563 Εὑσταοίῳ
1631 491 2004 560 συμπεσόντα.
2037 490 2085 545 Α

3555 387 3689 450 1073

2187 494 2455 550 “arti-ltus
2507 498 2571 550 de
2602 512 2731 550 casu
2758 497 3050 556 Ettstalhii.
3092 501 3160 554 At
3193 501 3480 567 imperator
3506 503 3689 566 provi-

2108 603 2226 641 sum
2265 590 2578 654 conjectura
2614 591 2802 645 callem
2834 607 2941 660 quo
2965 594 3303 660 progressuri
3355 603 3510 647 erant
3560 595 3690 646 Bar—

2114 682 2249 746 bari,
2280 683 2559 735 declinans
2586 683 2712 745 alio,
2766 684 2989 750 vitavit;
3024 695 3076 739 et
3117 700 3212 754 per
3246 683 3478 739 Nicaeam
3515 695 3692 738 trans-

2113 774 2230 828 iens
2311 791 2516 845 perque
2582 775 2880 844 Melagina,
2935 785 2989 832 et
3045 794 3140 848 per
3189 793 3310 831 eum
3362 779 3536 833 locum
3603 778 3692 833 cui

2114 865 2344 922 Basilica
2377 883 2568 921 nomen
2601 877 2687 923 est
2711 868 2900 938 (valles
2926 869 3009 924 hae
3029 879 3158 924 sunt
3187 879 3427 940 augustae
3447 871 3695 938 ostiaque

2114 973 2177 1011 ac
2224 957 2521 1012 diliitillimi
2581 969 2745 1028 atque
2778 961 3177 1030 impeditissimi
3230 972 3440 1015 meatus
3488 962 3695 1013 circum

2115 1051 2322 1122 Olympi
2349 1050 2474 1120 juga
2505 1052 2636 1123 siti)
2664 1053 2946 1108 descendit
2968 1053 3020 1108 in
3051 1055 3228 1109 locum
3261 1055 3508 1108 Alethiua
3540 1069 3698 1109 voca-

2118 1153 2253 1204 tum,
2295 1143 2524 1212 indeque
2564 1147 2830 1200 Acroeum
2863 1160 2922 1201 se
2963 1147 3196 1209 confert,
3241 1148 3504 1202 festinans
3562 1161 3700 1214 prter

2115 1249 2383 1302 occupare
2439 1251 2506 1289 ne
2546 1240 2756 1304 priores
2809 1253 2874 1291 eo
2919 1240 3262 1306 pervenirent
3322 1237 3484 1293 Turci
3542 1238 3696 1306 primi

2117 1327 2374 1395 agminis.
2407 1327 2728 1392 quibuscum
2757 1327 2854 1392 ibi,
2892 1339 3180 1395 antequam
3214 1330 3393 1383 caueri
3425 1330 3698 1393 adessent,

2117 1418 2460 1472 committere
2495 1417 2735 1486 praelium
2772 1420 3109 1474 decreverat.
3149 1419 3351 1474 llorum
3385 1429 3438 1474 et
3472 1421 3698 1474 Romani

2115 1515 2283 1586 plane
2310 1515 2485 1569 omnis
2519 1529 2681 1583 quem
2707 1514 3170 1581 contemnebant,
3199 1530 3298 1570 nec
3326 1517 3416 1570 ubi
3451 1528 3542 1570 aut
3571 1517 3700 1585 quid

2119 1617 2324 1680 agerot,
2355 1611 2580 1665 omnino
2633 1611 2734 1664 sihi
2795 1611 3094 1665 curandum
3129 1611 3542 1680 cogitandumve
3577 1627 3704 1664 cen-

2119 1703 2332 1763 sebant.
2357 1703 2533 1757 securi
2561 1702 2720 1756 Turci
2751 1718 2888 1772 quos
2920 1702 3181 1770 diximus,
3213 1703 3598 1756 arundinetum
3639 1701 3703 1752 ad

2121 1796 2278 1850 istam
2309 1795 2503 1848 vallem
2540 1795 2774 1863 positum
2809 1803 3099 1864 occupant,
3123 1795 3175 1847 in
3205 1796 3362 1864 idque
3385 1793 3702 1863 circumfusi

2117 1886 2476 1956 procumbunt
2507 1887 2728 1954 passim.
2767 1886 2840 1941 lbi
2885 1902 3006 1941 esse
3031 1887 3172 1950 illos,
3209 1901 3510 1953 secureque
3545 1901 3706 1954 agere

2117 1979 2424 2031 nuntiatum
2467 1977 2784 2047 imperatori
2816 1985 2900 2031 est
2935 1985 3122 2032 colttra
3156 1979 3303 2046 ipsos
3345 1979 3580 2033 venienti
3612 1994 3707 2046 per

2118 2069 2397 2138 planitiem
2431 2071 2586 2124 vallis
2612 2111 2627 2133 ,
2666 2070 2758 2124 sed
2800 2071 2976 2124 adhuc
3030 2069 3310 2123 intervallo
3376 2070 3568 2123 idoneo
3625 2071 3708 2122 di-

2118 2164 2310 2219 stanti.
2341 2164 2439 2217 Hic
2466 2163 2555 2218 ille
2587 2163 2759 2218 aciem
2793 2162 2960 2218 struit
2991 2163 3042 2216 in
3084 2163 3229 2217 hunc
3258 2163 3500 2216 modum.
3529 2163 3707 2216 Primo

2119 2254 2319 2323 agmini
2352 2253 2529 2308 fronte
2557 2253 2788 2308 adversa
2821 2254 3069 2308 hostibus
3121 2253 3335 2321 objecto
3377 2254 3512 2308 duos
3566 2267 3708 2323 prae-

2121 2346 2249 2399 fecit
2313 2344 2734 2400 Constantinum
2797 2345 3032 2400 Gabram
3089 2355 3145 2400 et
3212 2345 3566 2400 Monastram.
3632 2345 3710 2402 Ex.

2124 2449 2357 2505 utroque
2391 2439 2561 2493 latere
2593 2440 2869 2493 turmatim
2903 2440 3168 2508 reliquum
3199 2441 3497 2494 exercitum
3528 2440 3709 2508 dispo-

2120 2532 2246 2586 suit.
2286 2531 2623 2586 Postremum
2659 2546 2847 2599 agmen
2891 2531 3159 2600 Tzipureli
3205 2542 3257 2584 et
3309 2531 3547 2598 Ampela:
3579 2530 3709 2584 viris

2123 2625 2416 2693 longoatsu
2447 2624 2936 2693 experientissimis
2983 2625 3059 2677 rei
3103 2625 3307 2678 bellicae
3339 2664 3353 2687 ,
3412 2623 3706 2691 regendum

2122 2715 2554 2778 conmendavit;
2589 2717 2816 2769 mediam
2853 2716 2968 2783 ipse
2999 2717 3099 2769 sibi
3133 2717 3368 2780 sumpsit
3419 2717 3707 2768 moderan-

2124 2811 2245 2864 dam
2277 2810 2470 2871 aciem,
2508 2825 2572 2864 ac
2599 2809 2892 2879 phalangas
2913 2819 3132 2878 aspectu
3155 2810 3510 2877 ingressuque
3535 2809 3709 2874 primo

2126 2901 2461 2956 conturbatis
2495 2911 2634 2956 totas
2657 2901 2898 2956 fulminis
2930 2918 3078 2957 more
3112 2903 3380 2970 modoque
3412 2902 3463 2955 iit
3496 2901 3708 2954 Turcos

2128 2994 2310 3062 irruit,
2347 3009 2580 3062 aereque
2611 3009 2732 3048 cum
2767 2994 2832 3048 iis
2868 2993 3112 3064 prmlium
3144 2996 3402 3049 conserit.
3426 2993 3699 3048 Admove-

2104 3097 2215 3148 ,tur
2235 3089 2300 3142 ad
2351 3103 2541 3141 manus
2589 3103 2788 3156 pugna.
2841 3087 2989 3141 Multi
3049 3088 3242 3141 cadunt
3301 3087 3706 3148 Barbarorum:

431 3172 571 3236 τέως
625 3169 913 3235 ἐσώζοντο.
965 3171 1025 3224 Ὃ
1073 3171 1130 3224 δὲ
1189 3170 1566 3240 αὐτοκράτωρ,
1615 3171 1883 3241 λαμπρὰν
1920 3172 2015 3242 τὴν

2124 3182 2278 3236 multi
2325 3182 2630 3247 capiuntur.
2668 3180 2769 3232 Alii
2800 3195 2919 3234 sese
2955 3181 3005 3232 in’
3046 3181 3358 3234 arundinea:
3403 3179 3549 3234 silva:
3584 3195 3710 3249 pro-

431 3267 555 3321 κατ’
597 3264 780 3320 αὐτῶν
836 3265 996 3335 νίκην
1049 3264 1351 3336 ἀράμενος,
1382 3265 1522 3334 πρὸς
1571 3265 1663 3317 τὸν
1716 3265 2017 3334 καλαμῶνα

431 3359 832 3430 ἐπιστραφεὶς,
870 3358 1100 3412 ἔσπευδε
1153 3358 1411 3412 κάκεῖθεν
1451 3358 1677 3420 τούτους
1720 3357 2014 3413 ἀπελάσαι.

432 3452 496 3505 0i
536 3451 591 3504 δὲ
638 3451 974 3523 στρατιῶται
1013 3451 1104 3504 διὰ
1130 3452 1190 3504 τὸ
1224 3450 1500 3519 βαλτῶδες
1551 3452 1646 3504 καὶ
1686 3451 1891 3503 πυκνὸν
1920 3451 2015 3504 τοῦ

430 3544 760 3613 καλαμῶνος
782 3545 855 3614 μὴ
885 3544 1176 3613 δυνάμενοι
1202 3543 1432 3596 εἰσιέναι
1462 3545 1517 3595 ἐν
1543 3542 1826 3614 ἀμηχανίᾳ
1849 3538 2012 3614 ἦσαν.

432 3637 538 3688 Καὶ
570 3635 650 3699 ὃς,
677 3636 990 3704 περιζώσας
1027 3635 1116 3688 τὸν
1141 3635 1445 3702 καλαμῶνα
1483 3634 1570 3687 διὰ
1608 3633 1718 3686 τῶν
1753 3651 2018 3703 στρατιω-

427 3730 563 3797 τῶν,
587 3729 699 3799 πῦρ
728 3731 792 3783 ὲκ
822 3729 1024 3800 μέρους
1048 3726 1142 3782 τοῦ
1171 3727 1498 3797 καλαμῶνος
1518 3728 1738 3797 ἀφεῖναι
1764 3726 2016 3792 ἐπέταξε.

429 3821 638 3877 Τούτου
668 3823 727 3877 δὲ
776 3822 1095 3892 γενομένου,
1128 3823 1162 3891 ὴ
1206 3820 1341 3889 φλὸξ
1379 3822 1458 3883 εἰς
1494 3819 1628 3888 ὕψος
1660 3814 1798 3889 ἦρτο
1851 3819 2017 3888 μέγα.

431 3916 492 3967 Οἱ
523 3915 580 3968 δὲ
615 3915 767 3978 ἐντὸς
796 3915 1096 3984 φεύγοντες
1123 3916 1185 3968 τὸ
1211 3915 1346 3986 πῦρ,
1379 3916 1460 3979 εἰς
1490 3916 1591 3978 τὰς
1617 3914 1725 3967 τῶν
1751 3929 2020 3983 στρατιω-

425 4008 536 4061 τῶν
562 4007 858 4061 ἐνέπιπτον
889 4009 1080 4078 χεῖρας
1101 4023 1116 4038 ⁸
1154 4007 1252 4062 καὶ
1283 4007 1488 4060 τούτων
1514 4007 1593 4070 δὲ,
1637 4007 1684 4059 οἱ
1741 4004 1840 4073 μὲν
1872 4023 1946 4058 πα
1959 4022 2018 4073 ρ-

427 4100 695 4169 ανάλωμα
722 4099 910 4169 ξίφους
937 4099 1199 4169 ἐγίνοντο,
1226 4101 1275 4154 oi
1294 4100 1354 4153 δὲ
1375 4100 1508 4170 πρὸς
1533 4099 1623 4152 τὸν
1641 4099 2025 4168 αὐτοκράτορα

427 4191 650 4262 ἤγοντο.

2129 3273 2349 3327 fumium
2379 3271 2598 3341 penitus
2629 3271 2888 3324 abdentes
2921 3269 3173 3338 prtesenti
3218 3279 3327 3321 tum
3356 3267 3574 3334 quidem
3605 3267 3706 3321 sibi

2126 3365 2364 3437 periculo
2430 3362 2669 3417 defuncti
2733 3362 3079 3416 videbantur.
3157 3362 3352 3414 Verum
3416 3361 3710 3428 imperator

2124 3456 2374 3511 omnibus
2404 3454 2494 3524 qui
2532 3455 2582 3508 in
2609 3469 2800 3523 campo
2828 3468 2964 3523 puro
2990 3461 3253 3508 steterant
3294 3451 3512 3520 egregie
3559 3450 3712 3502 devi-

2125 3545 2246 3608 ctis,
2281 3547 2519 3598 animum
2549 3543 2748 3613 adjecit
2776 3546 2842 3596 ad
2866 3557 2959 3598 eos
2987 3557 3204 3612 quoque
3238 3543 3324 3608 qui
3363 3540 3462 3595 sub
3482 3540 3705 3594 obtentu

2126 3640 2448 3692 arundinum
2480 3638 2823 3698 mussabant,
2855 3635 3206 3691 extrahendis
3247 3636 3392 3688 inde.
3433 3633 3707 3688 (Steterunt

2128 3727 2356 3782 Romani
2391 3742 2512 3780 cum
2543 3726 2845 3794 irrumpere
2869 3724 2920 3777 in
2950 3725 3149 3778 saltum
3199 3725 3392 3778 cannis
3433 3722 3706 3778 consitum

2128 3826 2402 3874 tentarent
2429 3818 2690 3887 uliginosa
2717 3816 2944 3870 mollitie
2979 3815 3238 3885 palustris
3261 3816 3389 3880 loci,
3421 3815 3704 3884 vestigium

2125 3913 2236 3967 alto
2272 3912 2382 3965 luto
2430 3911 2644 3979 penitus
2693 3910 2966 3964 sorbentis
3011 3909 3446 3964 deterrebantur.
3498 3908 3708 3962 Pende-

2127 4008 2256 4062 hant
2313 4004 2653 4058 dubitatione
2699 4001 2916 4065 cuncti,
2967 4016 3128 4069 quam
3183 4000 3434 4070 praesenti
3481 3999 3711 4054 consilio

2129 4103 2404 4168 Augustus
2437 4095 2727 4164 expediVit.
2759 4092 2921 4149 Jubet
2950 4109 3148 4148 corona
3183 4094 3418 4163 undique
3471 4103 3709 4146 armato-

2133 4205 2250 4242 rum
2304 4185 2655 4252 circumcingi
2712 4185 3139 4245 arundinetum;
3203 4193 3314 4236 tum
3368 4183 3423 4236 in
3490 4181 3542 4236 id
3603 4194 3709 4234 una

427 4292 716 4345 dumtaxat
752 4304 818 4344 ex
844 4300 998 4360 parte
1029 4290 1348 4363 ignesinjici
1382 4289 1737 4358 ;ardentibus
1785 4299 2007 4358 repente
2029 4290 2189 4344 densa
2223 4286 2378 4354 copia
2415 4282 2875 4351 canuisexsurgit
2901 4280 3007 4335 alte
3054 4279 3268 4334 llatnma
3295 4319 3311 4344 ,
3384 4277 3540 4348 cujus
3599 4277 3705 4332 vim

429 4387 592 4443 Turci
627 4398 931 4445 metuentes
981 4404 1012 4445 e
1060 4389 1376 4459 periculosis
1425 4387 1643 4442 latebris
1691 4385 1745 4440 in
1799 4400 1989 4439 manus
2042 4392 2352 4441 nostrorum
2407 4378 2772 4436 obsidentium
2827 4377 3094 4448 fugientes
3143 4377 3448 4431 inciderunt
3494 4389 3706 4431 omnes-

430 4485 636 4538 Horum
665 4499 792 4554 pars
823 4483 998 4554 gladio
1025 4483 1298 4552 absumpti
1326 4525 1340 4546 ,
1378 4499 1506 4553 pars
1531 4483 1595 4534 ad
1629 4483 2012 4554 imperatorem
2048 4478 2153 4532 vivi
2184 4477 2331 4532 ducti
2353 4485 2502 4531 sunt.

511 4576 675 4630 Ἀλλά
713 4577 890 4630 ταῦτα
929 4578 1027 4647 μὲν
1061 4576 1131 4630 τὰ
1178 4579 1324 4630 κατὰ
1357 4579 1485 4642 τοὺς
1516 4580 1626 4632 ἀπὸ
1665 4579 1762 4633 τοῦ
1807 4577 2009 4646 Καρμὲ

2193 4573 2463 4629 Hactenus
2495 4572 2560 4626 de
2588 4585 2645 4624 re
2675 4578 2826 4638 gesta
2865 4569 3125 4623 aalversus
3153 4582 3248 4621 eos
3289 4566 3558 4621 Barbaros
3602 4567 3702 4633 qui

431 4669 798 4732 κατελθόντας
852 4669 1194 4740 Βαρϐάρους.
1237 4671 1300 4724 '0
1333 4671 1391 4726 δὲ
1439 4672 1630 4741 ι’Λμὴρ
1660 4671 2013 4743 Μουχούμετ,

435 4762 774 4832 μεμαθηκὼς
819 4764 920 4833 τὴν
973 4763 1264 4834 συμφορὰν
1314 4764 1417 4836 τὴν
1463 4767 1594 4834 περὶ
1623 4765 1750 4827 τοὺς
1784 4763 1893 4817 ἀπὸ
1922 4761 2018 4815 τοῦ

433 4856 633 4924 Καρμε
679 4854 1161 4924 Μουσουλμάνους,
1195 4857 1427 4910 κατόπιν
1466 4857 1631 4919 εὐθὺς
1670 4855 1889 4908 ἐλαύνει
1923 4853 2018 4906 τοῦ

437 4946 706 5017 βασιλέως
760 4945 984 5009 ὲνωθεὶς
1043 4948 1181 5018 μετὰ
1217 4948 1326 5003 τῶν
1381 4949 1524 5003 κατά
1562 4947 1662 5018 τὴν
1719 4946 1907 5000 Ἀσίαν
1940 4945 2020 4997 οἰ-

433 5037 682 5091 κούντων
751 5038 1160 5109 Τουρκομάνων
1221 5041 1317 5095 καὶ
1378 5040 1490 5096 τῶν
1557 5039 1785 5094 λοιπῶν.
1854 5039 2019 5091 Ὥστε

2123 4685 2152 4723 a
2188 4668 2386 4724 Carme
2412 4665 2826 4722 descenderant.
2875 4661 3039 4734 442
3090 4661 3166 4716 De
3210 4677 3316 4730 qua
3362 4669 3421 4713 ut
3468 4663 3704 4726 primum

2122 4761 2298 4815 factus
2346 4766 2430 4813 est
2485 4759 2684 4810 certior
2738 4755 2903 4810 Amer
2950 4755 3286 4819 Machumet,
3350 4758 3574 4820 repente
3629 4759 3708 4804 tot

2121 4851 2586 4905 Musulmanorum
2627 4847 2815 4901 ulcisci
2849 4844 3058 4900 cladem
3093 4843 3335 4912 cupiens,
3383 4842 3616 4896 infestus
3651 4841 3706 4894 in

2123 4945 2515 5013 imperatorem
2545 4941 2733 5003 movit,
2759 4940 2964 5010 junctis
3017 4937 3180 4992 etiam
3215 4937 3318 4991 sibi
3348 4934 3706 4990 'l‘urcomanis

2122 5037 2212 5105 qui
2242 5051 2337 5105 per
2372 5035 2554 5090 Asiam
2586 5035 2878 5108 degebant,
2907 5032 3155 5103 aliisque.
3199 5030 3382 5103 Itaque
3414 5042 3541 5086 tttnc
3572 5046 3707 5084 cou-

1477 5155 1678 5217 Variae
1715 5149 2028 5214 lectiones
2067 5167 2146 5213 ex
2178 5150 2319 5212 cod.
2348 5149 2618 5212 Coislin.

503 5254 550 5286 ⁷⁸
581 5252 936 5322 Μαλαγίνων.

1474 5341 1614 5405 Car.
1663 5333 1990 5400 Dufresnit'
2024 5332 2124 5392 Du
2155 5333 2379 5416 Cangii
2417 5349 2606 5403 uotae.

510 5448 622 5515 (50)
655 5447 1066 5516 Melania-(or.
1101 5443 1368 5512 Oppidum
1397 5444 1471 5516 ad
1516 5441 1804 5516 Qlympum
1859 5450 2013 5516 tuon-

436 5507 544 5571 lem
579 5507 690 5586 (ιιιιὶ
726 5507 908 5586 Mysia:
934 5507 1411 5586 éognoniinatttra
1443 5507 1759 5586 Ptolemaio,
1791 5517 1845 5561 et
1865 5507 2010 5561 Cou-

437 5579 701 5651 stautiuo,
729 5579 821 5642 lib.
864 5604 875 5639 ι
913 5587 985 5639 De
1005 5579 1266 5652 ihemat.)
1311 5585 1440 5636 olim
1493 5583 1867 5652 Μελόιγγειοι.Δ
1895 5590 2012 5652 Ἦνο

438 5645 728 5710 recentiori
778 5657 1048 5722 Μάλαγνα
1089 5645 1477 5713 nuncupatum.
1523 5665 1580 5705 ut
1615 5645 1868 5722 est'apud
1908 5645 2013 5698 Zo-

438 5743 627 5780 naratn
662 5727 714 5780 in
741 5721 1018 5793 Michaele,
1047 5741 1142 5782 seu
1171 5723 1486 5797 Μαλάγινα,
1511 5732 1574 5797 lll_
1599 5731 1692 5797 f-Si
1725 5721 1868 5797 ill)“
1925 5732 2016 5797 SXf

437 5798 579 5849 nodo
635 5790 1143 5864 metumenicappag.
1193 5795 1319 5857 475,
1372 5795 1505 5848 edit.
1556 5792 1716 5846 1618.
1765 5790 2017 5864 Occurrit

441 5869 587 5935 prior
651 5867 944 5938 appellatio
979 5859 1137 5936 apud
1173 5865 1582 5935 Theophanem,
1633 5879 1723 5917 an.
1780 5863 1799 5914 1
1845 5859 2010 5913 Nice-

2120 5434 2275 5501 phori
2324 5440 2570 5500 general.
2621 5440 2864 5493 Nicelam
2922 5440 2972 5492 iu
3014 5441 3154 5495 Man.
3185 5441 3278 5494 lib.
3318 5455 3356 5502 t,
3392 5455 3446 5492 n.
3479 5440 3556 5503 2;
3601 5438 3695 5492 lib.

2121 5520 2206 5566 III,
2239 5522 2292 5558 n.
2328 5509 2399 5572 ὃς
2436 5526 2490 5564 n.
2527 5510 2598 5576 2;
2642 5511 2840 5564 Alexio
2871 5511 2968 5563 lib.
2992 5513 3034 5572 l,
3077 5523 3129 5562 et
3156 5509 3564 5579 Pachymerem.
3599 5509 3696 5579 lib.

2116 5591 2173 5648 ιι.
2200 5592 2320 5648 cap.
2346 5582 2410 5638 ὃς
2445 5582 2716 5648 posterior
2749 5583 2888 5646 apud
2921 5581 3153 5642 Annam,
3185 5580 3279 5633 lih.
3306 5577 3424 5635 ’xv:
3461 5577 3700 5631 Laudul-

2119 5645 2230 5698 l'um
2282 5645 2475 5711 Sacae.
2513 5650 2608 5703 lih.
2647 5645 2870 5705 umet
2941 5667 3088 5711 xxw,
3144 5649 3282 5716 apud
3341 5663 3499 5716 quem
3561 5648 3700 5701 male

2118 5719 2321 5770 editum
2357 5718 2652 5791 Malagma,
2679 5719 3082 5791 monitumque.
3112 5717 3361 5791 Montem
3381 5717 3549 5791 fuisse
3579 5717 3699 5783 epi-

2120 5799 2285 5843 natur
2319 5790 2399 5844 vir
2423 5787 2757 5861 magnus,’at
2775 5787 2992 5845 Nicetas
3018 5790 3218 5844 diserte
3239 5788 3493 5858 oppidum
3518 5795 3696 5842 vocat.
