4086 6408
417 387 553 451 1οἿ9

1756 388 1976 450 ᾹΝΝιἘ
2013 389 2403 454 (ῙΟΜΝΕΝΕ

3546 392 3684 458 1080

417 501 538 567 tigit
592 501 644 554 in
690 500 867 555 medio
926 502 1158 572 positum
1217 503 1515 573 Augustum
1573 504 1775 561 instare
1836 503 1987 562 simul

2104 496 2389 571 ξυνέϐαινε
2425 509 2517 562 τὸν
2558 508 2724 562 αὐτὸν
2770 504 2990 563 διώκειν
3017 526 3076 562 τε
3116 507 3212 561 καὶ
3263 506 3579 560 διώκεσθαι.
3612 507 3679 557 Ol.

419 592 585 659 hosti,
634 594 795 648 simul
834 610 863 649 a
896 607 1050 666 tergo
1080 598 1279 652 habere
1337 599 1545 655 hostem
1602 601 1834 655 alterum
1895 601 1994 655 sibi

415 683 655 738 vicissim
678 685 995 743 instantem.
1024 686 1156 741 Nam
1188 704 1321 758 quos
1353 690 1582 744 ducebat
1630 691 1998 747 Machumetes

417 774 666 842 Barbari,
694 783 918 851 vestigia
977 784 1319 853 imperatoris
1351 784 1701 854 indagatione
1751 791 1862 840 acri
1898 803 1997 841 cu.

417 869 531 937 pidi
567 875 889 940 premebant
922 892 936 929 :
969 875 1186 930 interim
1213 877 1336 929 dum
1369 878 1642 948 Augustus
1672 880 1785 949 ipse
1803 881 1997 933 utrim-

419 977 524 1029 que
553 966 863 1030 conclusus,
892 982 984 1023 eos
1007 967 1094 1036 qui
1121 983 1151 1022 a
1187 968 1385 1024 Carme
1439 985 1704 1026 venerant
1759 982 1882 1026 ante
1934 987 1995 1027 se

417 1054 620 1118 positos
650 1055 1060 1126 inse1uebatur,
1101 1060 1206 1115 Sed
1240 1060 1379 1116 bene
1415 1062 1579 1116 habet
1603 1064 1746 1131 quod
1784 1074 1994 1116 malure

415 1143 582 1198 altera
637 1161 703 1199 ex
764 1158 915 1215 parte
964 1149 1256 1220 gloriosum
1314 1151 1415 1207 sibi
1472 1154 1678 1207 exitum
1728 1154 1993 1208 vincendo

415 1234 559 1302 rupit
589 1236 923 1304 deprehensa
951 1242 1126 1296 virtus
1162 1259 1175 1296 :
1219 1237 1681 1313 scc'tirttsquejain
1715 1244 1992 1301 Romanus

418 1326 673 1396 ancipitis
700 1330 849 1394 mali,
884 1348 1018 1399 quas
1062 1335 1127 1386 ad
1160 1337 1554 1390 conficiendum
1607 1339 1815 1391 hostem
1862 1338 1995 1417 a‘lte-

415 1432 535 1469 rum
572 1418 714 1473 vires
752 1422 910 1475 modo
935 1432 1053 1477 erat
1085 1422 1314 1478 feliciter
1336 1435 1611 1495 expertus,
1633 1440 1726 1481 eas
1755 1427 1993 1495 integras

418 1515 472 1558 et
496 1506 692 1561 liducia
725 1509 830 1563 ιτειὶ
882 1526 1167 1569 successus
1214 1526 1400 1569 auctas
1444 1517 1496 1570 in
1550 1516 1760 1584 reliqua
1787 1537 1813 1567 ιι
1866 1519 1989 1572 belli

414 1612 624 1668 partem
686 1620 781 1672 spe
830 1607 1031 1672 optima
1097 1610 1362 1665 vertebat.
1425 1608 1587 1678 Urget
1645 1611 1992 1665 nihilominus

413 1692 785 1751 Machumetes
806 1709 1139 1767 rmptum,et
1169 1718 1277 1771 quo
1317 1704 1505 1757 ruebat
1554 1704 1753 1769 impetu
1796 1706 1907 1759 cito
1939 1707 1990 1758 in

413 1795 740 1853 postremum
764 1791 1107 1860 imperatoris
1128 1812 1316 1865 agmen
1340 1796 1551 1857 incidit.
1573 1798 1732 1867 eique
1759 1800 1988 1867 primum

410 1894 470 1933 se
505 1879 746 1936 admovit
772 1882 891 1951 ejus
922 1887 1058 1954 parti
1088 1888 1176 1941 cui
1202 1888 1454 1955 Ampelas
1502 1900 1754 1957 praeerat.
1786 1889 1834 1946 ls
1864 1891 1992 1944 viri-

412 1974 499 2026 nia
534 1974 873 2042 imperatoris
898 1978 1098 2045 fretus,
1132 1981 1331 2050 alioqui
1380 1989 1572 2035 natura
1621 1983 1894 2053 proiectus
1926 1986 1989 2038 ad

414 2065 755 2132 audendum,
791 2083 856 2121 ne
887 2070 1150 2124 tantillum
1185 2075 1403 2141 quidem
1443 2091 1659 2132 sumere
1707 2078 1990 2146 sihi5patii

409 2157 802 2230 snStinuitqno
827 2174 887 2214 se
934 2161 1211 2232 colligeret
1261 2181 1495 2237 suosque
1537 2154 1876 2237 compararet
1923 2172 1989 2227 ad

414 2252 668 2306 hostilem
715 2254 1128 2322 impressionem
1182 2259 1554 2328 excipiendam
1618 2262 1864 2328 fortiter,
1897 2265 1988 2320 sed

411 2356 650 2410 praeceps
684 2353 906 2412 repente
952 2346 1001 2397 in
1030 2343 1423 2401 Machumelem
1460 2349 1747 2417 procurrit.
1786 2348 1991 2420 Seque-

409 2431 573 2485 batur
604 2442 656 2487 et
684 2432 1013 2503 Tzipureles.
1051 2435 1282 2505 Jamque
1311 2428 1499 2492 ambos
1544 2456 1674 2495 suus
1705 2457 1893 2497 cursus
1922 2446 1989 2497 ad

415 2526 596 2577 ruinas
620 2526 723 2579 vici
761 2529 960 2583 veteris
990 2516 1309 2595 provexerat
1337 2531 1479 2585 solos
1501 2575 1517 2598 ,
1547 2532 1806 2588 militibus
1839 2536 1987 2604 ipso-

410 2632 528 2668 rmn
555 2621 789 2671 nondum
818 2635 884 2675 eo
920 2624 1241 2691 progressis,
1279 2623 1372 2679 sed
1403 2634 1547 2679 retro
1589 2630 1762 2681 adhuc
1815 2630 1988 2683 inter-

407 2708 550 2762 vallo
602 2709 797 2766 idoneo
844 2715 984 2765 viam
1039 2714 1361 2783 legentibus,
1424 2732 1547 2770 cum
1606 2733 1734 2773 ecce
1809 2721 1867 2774 lit
1909 2721 1990 2777 cis

412 2799 785 2856 Machumctes
833 2804 1045 2857 obvius.
1096 2803 1192 2859 Vir
1236 2806 1281 2859 is
1313 2818 1428 2861 erat
1458 2808 1623 2861 animi
1664 2813 1985 2879 praesentis;

407 2890 543 2943 vidit
575 2893 757 2946 statim
802 2896 1139 2949 occasionem
1182 2912 1359 2963 suam,
1405 2907 1459 2953 et
1509 2916 1705 2970 equum
1753 2903 1989 2972 Ampelae

402 2983 589 3051 jaculo
648 2988 978 3056 transﬁgens
1022 3003 1141 3041 cum
1180 3004 1244 3043 eo
1280 2992 1518 3059 equitem
1570 2993 1732 3047 huuto
1766 2995 1985 3065 afﬂigit,

408 3070 589 3124 adhuc
618 3073 833 3141 quidem
869 3076 1169 3133 innoxium.
1207 3078 1311 3133 Sed
1346 3080 1658 3138 circumfusi
1682 3083 1792 3154 jam
1822 3088 1984 3155 pediti

2106 602 2206 672 μὲν
2249 602 2356 672 γὰρ
2403 601 2549 671 ἀμφὶ
2584 601 2677 654 τὸν
2709 600 3011 671 Μαχούμετ
3060 590 3363 670 Βάρδαροι,
3385 597 3476 650 τὸν
3508 597 3677 649 αὐτο-

2101 697 2351 766 κράτορα
2407 692 2862 765 ίχνηλατοῦντες,
2906 693 3133 746 ἐδίωκον
3167 709 3181 722 ·
3215 694 3243 745 6
3293 690 3349 743 δὲ
3397 688 3526 751 τοὺς
3569 686 3691 740 ἀπὸ*

2097 788 2193 843 τοῦ
2226 790 2427 861 Καρμὲ
2459 789 2965 859 μεταπορευόμενος
2991 782 3080 857 ἦν,
3108 786 3247 840 ὥστε
3278 785 3445 855 μέσον
3473 783 3678 850 ἀμφοῖν

2099 881 2491 950 ὲναπείληπτο.
2536 880 2696 933 Ἀλλά
2729 879 2858 941 τοὺς
2895 878 2993 948 μὲν
3030 877 3235 946 ἔφθασε
3260 873 3587 944 νενικηκὼς,
3625 872 3676 926 oi

2097 973 2154 1026 δὲ
2194 971 2488 1036 διώκοντες
2546 972 2651 1038 ἔξω
2694 971 2880 1025 κακῶν
2921 971 3273 1039 είστήκεισαν
3303 967 3403 1019 ἔτι.
3451 965 3675 1018 Ἐπεὶδ*

2095 1064 2296 1133 ἁθρόον
2326 1067 2393 1136 τῇ
2428 1065 2665 1136 οὐραγίᾳ
2694 1063 2789 1117 τοῦ
2823 1061 3230 1131 αὐτοκράτορος
3272 1056 3615 1127 προσέπεσεν
3646 1057 3676 1109 6

2095 1156 2397 1227 Μαχούμετ
2422 1196 2437 1221 ,
2482 1155 2717 1227 πρώτως
2762 1153 3151 1225 περιτυγχάνει
3179 1151 3257 1220 τῷ
3297 1148 3565 1218 Ἀμπελᾷ.
3617 1148 3675 1202 Ὁ

2095 1249 2172 1314 δὲ,
2202 1252 2259 1303 ὲν
2291 1249 2548 1318 αίσθήσει
2581 1248 2675 1301 τοῦ
2705 1247 3107 1317 αὐτοκράτορος
3144 1243 3239 1309 ὢν,
3263 1242 3357 1297 καὶ
3392 1242 3483 1295 διὰ
3514 1239 3674 1294 τοῦτο

2095 1343 2357 1396 ὲπιπλέον
2401 1342 2727 1413 θαρσήσας,
2765 1341 2861 1395 καὶ
2907 1340 3081 1401 ἄλλως
3107 1337 3313 1406 θρασὺς
3345 1334 3420 1388 ὣν
3451 1338 3477 1387 6
3508 1334 3672 1402 ἀνὴρ,

2098 1436 2236 1506 μηδὲ
2307 1436 2446 1505 πρὸς
2505 1436 2705 1505 μικρὸν
2768 1433 3246 1503 περικαρτερήσας
3273 1430 3318 1462 ⁷⁸
3376 1427 3517 1481 ὥστε
3577 1426 3675 1478 σὺν

2095 1528 2320 1600 εὐταξίᾳ
2348 1528 2446 1598 τὴν
2472 1528 2608 1599 μετά
2632 1527 2741 1580 τῶν
2766 1525 3031 1595 Τούρκων
3058 1521 3365 1594 προσϐολὴν
3391 1519 3673 1585 δέξασθαι,

2094 1621 2238 1675 κατὰ
2260 1620 2353 1674 τοῦ
2386 1619 2683 1689 Μαχούμετ
2736 1618 2894 1671 ἵεται.
2932 1618 3242 1686 Παρείπετο
3275 1613 3332 1666 δὲ
3367 1613 3460 1666 καὶ
3489 1614 3517 1665 6
3544 1610 3677 1671 Τζι-

2096 1715 2402 1785 πουρέλης,
2472 1712 2604 1780 περὶ
2670 1708 3073 1780 παλαιοχώριον
3131 1708 3186 1760 δέ
3259 1723 3310 1759 τι
3361 1705 3672 1773 γενομένῳ,

2101 1802 2268 1871 μήπω
2332 1801 2442 1853 τῶν
2511 1799 2601 1852 ὑπ’
2644 1799 2810 1853 αὐτὸν
2833 1799 2878 1830 ⁷⁸
2927 1795 3309 1867 στρατιωτῶνκ
3330 1794 3672 1862 ὲφθακότων,

2098 1892 2516 1961 καταλαμϐάνει
2543 1890 2771 1953 τούτους
2814 1890 2843 1942 6
2873 1888 3222 1958 Μουχούμετ,
3270 1883 3675 1953 σταθηρότατος

2093 1984 2198 2039 ὤν’
2226 1986 2318 2040 τὸν
2365 1984 2532 2036 ἵππον
2569 1982 2625 2035 δὲ
2658 1980 2752 2034 τοῦ
2790 1978 3062 2046 Ἀμπελᾶ,
3094 1978 3153 2029 οὐ
3181 1977 3271 2029 τὸν
3301 1975 3560 2042 ἱππότην,
3585 1971 3677 2025 διὰ

2097 2080 2285 2151 βέλους
2305 2077 2517 2148 πλήξας
2549 2076 2693 2128 κατά
2714 2074 2819 2144 γῆς
2850 2072 3097 2145 ἔρριψεν.
3132 2074 3228 2123 Ὃν
3263 2068 3592 2135 θεασάμενοι
3624 2067 3675 2119 oi

2094 2169 2331 2239 Τοῧρκοι
2367 2165 2516 2234 πεζῷ
2555 2164 2962 2235 περιτυχόντες,
3008 2162 3341 2216 κτείνουσιν.
3391 2158 3549 2212 Ἀλλά
3585 2159 3677 2212 καὶ

2092 2262 2185 2315 τὸν
2219 2259 2596 2330 Τζιπουρέλην
2640 2254 3022 2325 ἀναισχύντως
3065 2252 3189 2307 κατ’
3232 2251 3411 2304 αὐτῶν
3458 2250 3674 2319 ἱέμενον

2092 2352 2349 2425 ὁρῶντες,
2379 2353 2470 2405 τὸν
2500 2352 2665 2404 ἵππον
2688 2350 2743 2402 ὲν
2769 2343 2813 2416 ᾧ
2840 2348 3128 2416 ἐπωχεῖτο,
3159 2346 3539 2415 πτερώσαντες
3563 2338 3676 2393 οἷον

2093 2451 2207 2510 τοῖς
2242 2447 2488 2516 βέλεσιν⁴,
2537 2442 2754 2514 ἔξεδρον
2797 2443 2961 2494 αὐτὸν
2991 2437 3280 2506 ἐποίησαν,
3315 2437 3406 2489 καὶ
3435 2433 3524 2489 διὰ
3566 2451 3677 2504 μα·-

2093 2543 2290 2613 χαίρας
2322 2537 2668 2609 παραχρῆμα
2699 2534 2933 2588 ἀνεῖλον.
2968 2532 3032 2585 Οἱ
3067 2530 3124 2584 δὲ
3154 2529 3253 2599 τὴν
3283 2526 3548 2627 οὐραγίαν
3571 2542 3673 2627 τη-

2094 2633 2322 2704 ροῦντες
2369 2627 2703 2700 στρατιῶται
2749 2624 2890 2677 ὥστε
2939 2623 3066 2684 τοὺς
3117 2620 3517 2676 κεκοπιακότας
3563 2620 3675 2668 τῶν

2092 2726 2191 2788 τὰς
2220 2723 2423 2785 σκευὰς
2456 2720 2772 2793 τηρούντων
2799 2712 3150 2787 στρατιωτῶν
3187 2709 3432 2772 καὶτοὺς
3472 2709 3674 2771 ἵππους

2095 2817 2354 2886 φρουρεῖν
2386 2812 2481 2867 καὶ
2520 2812 2645 2874 τοὺς
2677 2810 2797 2863 κατ’
2827 2807 3010 2862 αὐτῶν
3049 2804 3302 2874 ἱεμένους
3335 2801 3666 2854 ἀπελαύνειν

2092 2907 2168 2970 ὡς
2186 2905 2439 2974 δύναμις,
2467 2901 2874 2962 καταλαϐόντας
2895 2897 3223 2964 θεασάμενοι
3246 2895 3373 2956 τοὺς
3397 2890 3675 2960 Τούρκους

2093 3001 2217 3052 κατ’
2246 2998 2427 3053 αὐτῶν
2457 2996 2631 3048 ἵενται
2651 2995 2742 3046 καὶ
2765 2992 3061 3061 τρέπουσιν
3084 2987 3280 3050 αὐτοὺς
3307 2984 3669 3054 κατακράτος.

2104 3090 2257 3141 Ἐπεὶ
2288 3087 2344 3141 δὲ
2391 3089 2418 3140 6
2466 3070 2768 3156 Καμύτεζης
2857 3081 2996 3150 μετά
3050 3079 3161 3133 τῶν
3209 3075 3469 3146 Τούρκων
3517 3090 3672 3141 τηνι-

408 3158 575 3214 ‘l‘urci
609 3177 803 3231 magno
834 3178 1062 3218 numero
1100 3181 1224 3221 mox
1272 3168 1688 3229 interfecerunt.
1728 3173 1895 3231 lrruit
1931 3179 1983 3231 in

2095 3182 2269 3237 καῦτα
2323 3180 2568 3249 δέσμιος,
2608 3176 2788 3246 παρῆν
2828 3174 2928 3244 τήν
2983 3170 3285 3241 γενομένην
3316 3165 3578 3236 σύγχυσιν
3613 3166 3672 3216 ἐν

406 3264 503 3303 eos
534 3250 783 3304 audacia
816 3252 1020 3323 ingenti
1074 3255 1364 3312 fortissime
1426 3259 1760 3332 Tzipureles.
1818 3266 1982 3334 Cujus

405 3359 604 3413 equum
644 3346 714 3399 ita
742 3346 929 3401 multis
970 3348 1041 3403 illi
1074 3351 1310 3421 undique
1348 3353 1468 3409 telis
1494 3355 1823 3413 haerentibus
1853 3376 1987 3416 eon-

406 3438 665 3504 fixerunt,
703 3449 760 3493 ut
790 3440 963 3496 alatus
991 3444 1286 3500 videretur.
1321 3445 1409 3501 Sic
1436 3458 1491 3502 et
1533 3450 1678 3505 hunc
1719 3453 1984 3525 ephippiis

405 3547 696 3589 excussum
735 3537 910 3607 gladio
944 3540 1128 3593 statim
1159 3541 1467 3597 confecere.
1516 3545 1725 3602 Interea
1753 3549 1842 3617 qui
1890 3566 1985 3618 po-

373 3636 664 3698 ‘stremnm
699 3642 891 3697 agmen
930 3631 1160 3685 Romani
1207 3637 1479 3692 exercitus
1512 3637 1653 3706 (hoc
1700 3655 1889 3710 agmen
1929 3644 1981 3698 in

404 3717 459 3768 id
487 3717 643 3772 ollicii
675 3720 1006 3790 descriptum
1037 3734 1088 3777 ct
1120 3724 1236 3779 loro
1268 3727 1458 3782 ultimo
1485 3743 1625 3798 pone
1656 3734 1978 3788 collocatum

402 3816 507 3871 cst,
535 3819 592 3862 ut
633 3825 882 3867 vasorum
917 3815 1145 3881 baiulos,
1184 3818 1227 3871 si
1253 3819 1342 3885 qui
1403 3819 1660 3876 lentiores
1706 3824 1851 3891 sint,
1893 3836 1984 3878 aut

402 3900 533 3955 lassi
564 3902 885 3966 subsistant,
920 3907 1216 3971 tueanturz;
1258 3920 1434 3974 neque
1487 3909 1618 3977 ipsis
1648 3912 1846 3980 solum,
1889 3915 1982 3969 sed

401 3991 666 4060 jumetttis
693 3994 856 4047 etiam
890 4004 945 4049 et
973 3998 1203 4051 sarcinis
1235 4000 1484 4069 praesidio
1516 4000 1626 4055 sint
1661 4019 1674 4055 :
1705 4013 1759 4058 et
1797 4006 1841 4060 si
1880 4022 1985 4075 qua

406 4101 466 4137 se
496 4095 735 4140 ostentet
764 4103 790 4139 a
824 4096 978 4158 tergo
1008 4104 1202 4145 manus
1233 4090 1448 4147 hostilis
1472 4133 1486 4158 ,
1529 4093 1740 4151 irruere
1793 4109 1984 4153 contra

404 4178 517 4232 sint
573 4180 801 4250 parati),
850 4180 970 4246 hoc,
1026 4182 1267 4252 inquam,
1315 4195 1648 4254 postremum
1697 4193 1975 4247 exercitus

406 4280 519 4323 ttttn
554 4269 784 4326 Romani
818 4273 910 4343 qui
957 4276 1303 4345 complebant
1349 4293 1585 4350 agmen,
1630 4281 1717 4337 ubi
1768 4287 1983 4339 tandem

404 4364 578 4428 gradu
611 4364 835 4420 militari
889 4375 1011 4436 post
1062 4368 1235 4424 duces
1290 4368 1604 4438 juveniliter
1655 4388 1985 4445 przrgressos

402 4454 779 4522 procedentes,
815 4457 1020 4513 'l‘urcos
1064 4458 1253 4514 obvios
1283 4460 1578 4527 viderunt,
1626 4462 1782 4519 facile
1836 4467 1982 4534 ipsos

2093 3276 2159 3344 τῇ
2198 3269 2443 3339 συμϐολῇ
2490 3269 2592 3338 τῆς
2646 3266 2830 3335 μάχης
2865 3262 3240 3362 θεασάμενος,
3281 3257 3528 3362 καὶλτούις
3572 3255 3671 3362 μζὲν

2093 3364 2436 3431 φεύγοντας,
2473 3361 2600 3421 τοὺς
2633 3358 2688 3412 δὲ
2733 3357 3030 3417 διώκοντας
3062 3352 3224 3418 ὁρῶν,
3278 3348 3548 3419 σταθηρὸς
3593 3348 3668 3398 ὣν

2092 3455 2337 3526 δρασμὸν
2384 3453 2693 3522 μελετήσας
2730 3448 2831 3513 τῆς
2864 3447 2985 3499 ὁδοῦ
3031 3444 3227 3515 εἴχετο.
3262 3437 3579 3511 Περιτυχὼν
3615 3437 3671 3490 δὲ

2091 3546 2240 3618 αὐτῷ
2282 3543 2669 3616 κατάφρακτός
2715 3559 2798 3605 τις
2847 3538 3072 3601 Κελτὸς,
3124 3537 3215 3589 τὸν
3261 3535 3427 3587 ἵππον
3465 3531 3672 3595 δίδωσι,

2094 3644 2190 3696 καὶ
2232 3639 2648 3710 καταλαμὸάνει
2694 3634 2788 3689 τὸν
2836 3630 3224 3701 αὐτοκράτορα
3267 3627 3394 3696 περὶ
3436 3625 3536 3695 τὴν
3578 3639 3675 3676 πε-

2097 3732 2255 3786 δτάδα
2306 3732 2408 3800 τῆς
2489 3726 2760 3798 τεμπείας
2830 3721 3186 3793 αὐλιζόμενον
3278 3717 3482 3789 μεταξὺ
3550 3715 3675 3767 Φιλ-

2097 3825 2389 3892 αδελφείας
2413 3822 2510 3875 καὶ
2557 3816 2828 3889 Ἀκροκοῦ
2864 3814 3240 3884 διακειμένην,
3262 3812 3361 3881 οὐχ
3409 3808 3510 3870 ἑνὶ,
3536 3806 3674 3861 ἀλλὰ

2095 3914 2317 3976 πολλοῖς
2339 3910 2675 3981 ἀποχρῶσαν
2714 3906 3151 3977 στρατεύμασιν.
3182 3903 3286 3956 Τὸν
3315 3902 3371 3954 δὲ
3399 3900 3444 3932 ⁸⁰
3477 3896 3674 3966 Καμύ-

2094 4007 2226 4077 τζην
2263 4005 2607 4072 θεασάμενος
2645 4000 2902 4070 μεγάλως
2937 3998 3101 4051 αὐτὸν
3138 3993 3548 4063 ἀποδεξάμενος
3579 3988 3674 4042 καὶ

2096 4099 2319 4169 σῶστρα
2354 4096 2432 4167 τῷ
2471 4094 2764 4167 ῥυσαμένῳ
2794 4092 2985 4145 τοῦτον
3018 4090 3137 4158 Θεῷ
3171 4089 3365 4150 θύσας,
3403 4086 3542 4154 πρὸς
3564 4084 3675 4151 ’τὴν

2096 4191 2493 4266 βασιλεύουσαν
2515 4189 2818 4258 ἐκπέμπει,
2847 4185 3003 4249 Εἰπὲ,
3036 4183 3235 4249 λέγων,
3269 4183 3371 4233 ὅσα
3398 4177 3677 4240 πέπονθας

2094 4287 2192 4341 καὶ
2243 4284 2345 4338 ὅσα
2404 4280 2683 4351 ἑώρακας,
2726 4277 2822 4331 καὶ
2870 4277 2972 4345 τὴν
3027 4274 3188 4345 ήμῶν
3237 4272 3335 4325 σὺν
3387 4268 3510 4338 Θεῷ
3563 4269 3677 4329 τοῖς

2095 4376 2390 4448 ἡμετέροις
2414 4369 2748 4437 κατὰγγειλε
2767 4369 2810 4399 ⁸¹
2842 4367 3012 4436 ζωήν.
3053 4361 3412 4433 Μεμαθηκὼς
3450 4359 3546 4413 καὶ
3575 4358 3679 4426 τῂν

2099 4464 2318 4535 σφαγὴν
2344 4461 2440 4515 τοῦ
2468 4457 2734 4539 ,Ἀμπελᾶ
2768 4458 2864 4510 καὶ
2899 4456 2991 4508 τοῦ
3036 4453 3400 4522 Τζιπουρέλη,
3431 4452 3525 4504 καὶ
3555 4450 3680 4502 λίαν

405 4547 633 4602 [ιιηώιιιι
665 4549 962 4619 fugantque
994 4552 1046 4605 in
1072 4566 1167 4607 eos
1203 4553 1402 4609 invecti
1442 4556 1569 4611 totis
1597 4557 1821 4614 viribus.
1858 4562 1986 4616 Erat

2095 4558 2189 4613 ἐπὶ
2230 4560 2297 4628 τῇ
2328 4555 2540 4607 τούτων
2600 4554 2783 4621 σφαγῇ
2841 4549 3223 4620 περιαλγήσας
3264 4548 3292 4597 6
3316 4543 3678 4613 αὐτοκράτωρ

406 4650 534 4692 tunc
563 4640 613 4693 in
645 4641 767 4695 istis
792 4640 1095 4697 Turcorum
1129 4647 1325 4700 castris
1362 4647 1611 4717 captivus
1670 4657 1724 4703 et
1779 4651 1991 4707 vinctus

404 4731 450 4785 is
479 4733 545 4785 de
568 4747 673 4799 quo
702 4749 867 4802 supra
906 4736 1140 4791 diximus
1170 4737 1480 4809 Camytzes.
1531 4739 1583 4793 ls
1623 4745 1991 4808 perturbatio-

409 4837 531 4876 nem
565 4823 778 4881 Turciei
817 4830 1088 4884 exercitus
1122 4828 1279 4885 fracti
1325 4822 1578 4886 conﬂictu
1631 4834 1807 4902 primo
1856 4852 1987 4892 con-

404 4913 646 4979 spicatus
677 4915 820 4968 inter
849 4917 968 4971 illos
1018 4919 1329 4989 reciprocos
1392 4923 1712 4992 fugientium
1751 4940 1985 4995 sequen-

407 5004 653 5073 tiutnque
691 5016 857 5063 a‘stus
885 5025 948 5063 ac
971 5008 1166 5067 fluctus
1193 5013 1372 5068 stabili
1428 5016 1510 5068 vir
1554 5017 1736 5072 animo
1758 5056 1774 5081 ,
1820 5034 1982 5087 quam

408 5096 610 5147 dudum
654 5098 1032 5166 opperiebatur
1062 5104 1401 5159 occasionem
1434 5105 1489 5158 in
1506 5117 1747 5172 tempore
1763 5108 1990 5177 arripuit

338 5168 345 5169 ί
404 5184 735 5254 captivitatis
757 5188 878 5257 fuga
913 5191 1177 5245 finiendae.
1201 5193 1555 5249 Commodum
1579 5197 1718 5249 viam
1742 5197 1986 5265 ingresso

405 5276 590 5331 Gallus
615 5294 909 5336 occurrens
941 5283 1160 5350 quidam
1196 5288 1607 5355 cataphractus,
1637 5304 1832 5357 equum
1885 5290 1983 5344 de-

405 5370 516 5425 dit:
544 5385 648 5440 quo
672 5372 759 5425 ille
779 5388 1074 5429 conscenso
1103 5377 1168 5430 ad
1201 5377 1583 5446 imperatorem
1609 5381 1717 5434 cito
1746 5382 1982 5449 perlatus

2098 4649 2198 4719 τὴν
2218 4645 2417 4715 ψυχὴν,
2469 4643 2598 4711 ἔφη·
2634 4642 2750 4694 Δύο
2793 4640 3004 4705 δόντες
3024 4638 3133 4691 ἕνα
3156 4635 3473 4702 ἐλάϐομεν.
3515 4631 3679 4701 "seq;

2098 4742 2207 4811 γὰρ
2232 4739 2404 4807 αὐτῷ,
2433 4737 2670 4806 ὁπηνίκα
2699 4732 2943 4804 νικήσειέ
2979 4747 3098 4783 τινα
3139 4729 3401 4797 πόλεμον,
3445 4727 3675 4794 ἀνερευ-

2096 4835 2195 4905 νᾷν
2222 4831 2276 4885 εἴ
2293 4849 2374 4894 τις
2392 4830 2535 4884 ἑάλω
2557 4826 2665 4880 τῶν
2684 4822 3054 4904 στρατιωτῶν,
3075 4822 3127 4873 εί
3142 4838 3223 4883 τις
3244 4820 3406 4890 ἔργον
3430 4818 3677 4885 ἐγεγόνει

2095 4924 2368 4995 πολεμίας
2392 4921 2594 4992 χειρός·
2637 4918 2734 4972 καὶ
2764 4915 2867 4969 κᾶν
2901 4912 3029 4975 ὅλας
3067 4912 3337 4982 ἐτρέψατο
3363 4910 3674 4979 φάλαγγας,

2095 5017 2191 5073 καὶ
2229 5014 2389 5085 νίκην
2438 5014 2540 5084 τὴν
2590 5010 2713 5063 κατ’
2748 5005 2930 5061 αὐτῶν
2962 5005 3156 5076 ῆρατο,
3220 5002 3533 5071 ξυμξέὸηκε
3580 5000 3678 5052 ἕνα

2095 5124 2197 5161 που
2228 5108 2393 5176 τυχὸν
2423 5104 2520 5157 καὶ
2548 5101 2659 5155 τῶν
2692 5099 2940 5167 ἐσχάτων
2965 5095 3326 5166 στρατιωτῶν
3350 5093 3673 5157 ἀπολέσθαι,

2088 5200 2151 5254 τὸ
2189 5199 2286 5267 τῆς
2319 5198 2477 5265 νίκης
2502 5192 2582 5253 εἰς
2627 5190 2779 5243 οὐδὲν
2807 5188 3084 5256 ἐλογίζετο
3120 5189 3378 5257 πρᾶγμα.
3410 5185 3503 5239 καὶ
3533 5184 3677 5237 Καδ-

2092 5291 2251 5361 μείαν
2275 5288 2349 5350 ὼς
2380 5283 2598 5353 ἀληθῶς
2645 5280 2806 5347 νίκην
2834 5279 2935 5349 τὴν
2998 5278 3157 5346 νίκην
3193 5278 3415 5347 ἐκείνην
3464 5277 3673 5346 ἠγεῖτο,

2088 5384 2184 5437 καὶ
2213 5380 2336 5433 ἀντὶ
2366 5376 2591 5445 κέρδους
2626 5374 2854 5443 ζημίαν.

405 5475 509 5529 6‘“.
538 5464 733 5520 Caill'is
760 5467 947 5535 νοεὶιῑε
972 5479 1270 5524 morantem
1305 5473 1358 5526 in
1394 5471 1617 5542 planitie
1662 5490 1828 5544 prope
1891 5477 2088 5533 vallem
2151 5483 2358 5539 arctam
2411 5470 2573 5542 M3
2624 5466 3046 5535 Philadelphiam
3118 5465 3260 5517 inter
3314 5473 3362 5516 et
3409 5462 3672 5516 Arrocnm

408 5569 591 5619 suam,
620 5556 880 5613 latissime
903 5571 1122 5629 patente
1150 5580 1163 5614 :
1191 5562 1325 5619 adeo
1359 5573 1420 5620 ut
1452 5566 1636 5619 multis
1666 5582 1773 5621 una
1824 5569 1984 5623 sintut
2020 5569 2301 5639 capiendis
2330 5563 2665 5620 exercitibus
2687 5559 2937 5614 sullieiat.
2972 5554 3291 5611 incredibile
3359 5563 3440 5607 est
3502 5569 3676 5621 quan-

1425 5706 1620 5770 ναι-ἰδὲ
1650 5707 1959 5772 lectiones
1990 5726 2069 5770 ετ
2098 5709 2237 5770 cod.
2273 5705 2537 5767 Coislin.

480 5826 523 5856 τθ
542 5825 862 5894 πςριμείνας
879 5826 1003 5893 τοὺς
1019 5827 1135 5899 μετ’
1150 5826 1330 5883 αὐτόν.
1358 5828 1462 5884 Sed
1488 5830 1808 5899 περιμείνας
1830 5847 1903 5887 se:
1919 5831 1987 5899 ipt

2116 5828 2281 5883 altera
2300 5840 2483 5883 manu.
2516 5828 2562 5859 7’
2578 5822 2794 5887 αὐτούς.
2835 5822 2881 5854 ⁸ο
2903 5824 2927 5876 ὁ
2948 5820 3002 5875 δὲ
3035 5820 3145 5876 τόν.
3222 5820 3261 5851 ⁹¹
3289 5815 3647 5886 κατάγγειῖον
