  <div class='ocr_page' id='page_1' title='image "/cluster/home/n/w/nwhite01/storage/ocr_20150623/131:no.4/coo.31924054870369/549.png"; bbox 0 0 4086 6430; ppageno 0'>
   <div class='ocr_carea' id='block_1_1' title="bbox 402 389 2006 462">
    <p class='ocr_par' dir='ltr' id='par_1_1' title="bbox 402 389 2006 459">
     <span class='ocr_line' id='line_1_1' title="bbox 402 389 2006 459; baseline 0.002 -6"><span class='ocrx_word' id='word_1_1' title='bbox 402 389 538 454; x_wconf 83' lang='lat'><strong>1083</strong></span> <span class='ocrx_word' id='word_1_2' title='bbox 1731 398 1958 459; x_wconf 73' lang='lat' dir='ltr'><strong>ANNIE</strong></span> <span class='ocrx_word' id='word_1_3' title='bbox 1994 403 2006 456; x_wconf 77' lang='lat' dir='ltr'><strong>t</strong></span> 
     </span>
    </p>
   </div>
   <div class='ocr_carea' id='block_1_2' title="bbox 2116 389 3654 462">
    <p class='ocr_par' dir='ltr' id='par_1_2' title="bbox 2116 397 3654 462">
     <span class='ocr_line' id='line_1_2' title="bbox 2116 397 3654 462; baseline 0.001 -3"><span class='ocrx_word' id='word_1_4' title='bbox 2116 397 2380 462; x_wconf 76' lang='lat' dir='ltr'><strong>dNEN/E</strong></span> <span class='ocrx_word' id='word_1_5' title='bbox 3516 398 3654 462; x_wconf 74' lang='lat' dir='ltr'><strong>108i.</strong></span> 
     </span>
    </p>
   </div>
   <div class='ocr_carea' id='block_1_3' title="bbox 399 498 2006 582">
    <p class='ocr_par' dir='ltr' id='par_1_3' title="bbox 399 498 1977 582">
     <span class='ocr_line' id='line_1_3' title="bbox 399 498 1977 582; baseline 0.004 -25"><span class='ocrx_word' id='word_1_6' title='bbox 399 504 729 558; x_wconf 84' lang='lat' dir='ltr'><strong>mentionem</strong></span> <span class='ocrx_word' id='word_1_7' title='bbox 759 507 1027 562; x_wconf 82' lang='lat' dir='ltr'><strong>mirabilis</strong></span> <span class='ocrx_word' id='word_1_8' title='bbox 1059 498 1203 565; x_wconf 90' lang='lat' dir='ltr'><strong>illius</strong></span> <span class='ocrx_word' id='word_1_9' title='bbox 1232 521 1393 578; x_wconf 87' lang='lat' dir='ltr'><strong>atque</strong></span> <span class='ocrx_word' id='word_1_10' title='bbox 1424 511 1717 582; x_wconf 72' lang='lat' dir='ltr'><strong>insperata:</strong></span> <span class='ocrx_word' id='word_1_11' title='bbox 1748 510 1977 579; x_wconf 75' lang='lat' dir='ltr'><strong>Augusti</strong></span> 
     </span>
    </p>
   </div>
   <div class='ocr_carea' id='block_1_4' title="bbox 2116 498 3671 582">
    <p class='ocr_par' dir='ltr' id='par_1_4' title="bbox 2122 508 3671 579">
     <span class='ocr_line' id='line_1_4' title="bbox 2122 508 3671 579; baseline 0.001 -16"><span class='ocrx_word' id='word_1_12' title='bbox 2122 511 2176 564; x_wconf 77' lang='grc' dir='ltr'><strong>αὶ</strong></span> <span class='ocrx_word' id='word_1_13' title='bbox 2211 511 2412 575; x_wconf 72' lang='grc' dir='ltr'>ἐπιϐὰς</span> <span class='ocrx_word' id='word_1_14' title='bbox 2447 510 2618 565; x_wconf 77' lang='grc' dir='ltr'>ἵππου</span> <span class='ocrx_word' id='word_1_15' title='bbox 2646 509 2794 574; x_wconf 72' lang='grc' dir='ltr'>τινος</span> <span class='ocrx_word' id='word_1_16' title='bbox 2827 525 2970 579; x_wconf 85' lang='grc' dir='ltr'>μετα</span> <span class='ocrx_word' id='word_1_17' title='bbox 2998 508 3107 563; x_wconf 80' lang='grc' dir='ltr'><strong>τῶν</strong></span> <span class='ocrx_word' id='word_1_18' title='bbox 3154 509 3402 579; x_wconf 79' lang='grc' dir='ltr'><strong>ἐσθήτων</strong></span> <span class='ocrx_word' id='word_1_19' title='bbox 3441 512 3671 565; x_wconf 74' lang='grc' dir='ltr'>ἐκείνων</span> 
     </span>
    </p>
   </div>
   <div class='ocr_carea' id='block_1_5' title="bbox 397 596 2006 675">
    <p class='ocr_par' dir='ltr' id='par_1_5' title="bbox 397 596 1977 670">
     <span class='ocr_line' id='line_1_5' title="bbox 397 596 1977 670; baseline 0.007 -22"><span class='ocrx_word' id='word_1_20' title='bbox 397 596 661 661; x_wconf 66' lang='lat' dir='ltr'><strong>victoriae,</strong></span> <span class='ocrx_word' id='word_1_21' title='bbox 699 607 753 651; x_wconf 93' lang='lat' dir='ltr'><strong>et</strong></span> <span class='ocrx_word' id='word_1_22' title='bbox 782 598 1117 657; x_wconf 88' lang='lat' dir='ltr'><strong>liberationis</strong></span> <span class='ocrx_word' id='word_1_23' title='bbox 1142 602 1599 670; x_wconf 66' lang='lat' dir='ltr'><strong>inopinatissimae</strong></span> <span class='ocrx_word' id='word_1_24' title='bbox 1646 605 1800 659; x_wconf 89' lang='lat' dir='ltr'><strong>ducis</strong></span> <span class='ocrx_word' id='word_1_25' title='bbox 1834 616 1977 659; x_wconf 87' lang='lat' dir='ltr'><strong>stre-</strong></span> 
     </span>
    </p>
   </div>
   <div class='ocr_carea' id='block_1_6' title="bbox 2116 596 3671 675">
    <p class='ocr_par' dir='ltr' id='par_1_6' title="bbox 2116 600 3671 674">
     <span class='ocr_line' id='line_1_6' title="bbox 2116 600 3671 674; baseline 0.001 -19"><span class='ocrx_word' id='word_1_26' title='bbox 2116 603 2210 657; x_wconf 62' lang='grc' dir='ltr'>μεθ’</span> <span class='ocrx_word' id='word_1_27' title='bbox 2244 600 2321 659; x_wconf 82' lang='grc' dir='ltr'>ὧν</span> <span class='ocrx_word' id='word_1_28' title='bbox 2350 606 2546 673; x_wconf 75' lang='grc' dir='ltr'>ἀφῖκτο</span> <span class='ocrx_word' id='word_1_29' title='bbox 2576 604 2678 674; x_wconf 82' lang='grc' dir='ltr'>τῆς</span> <span class='ocrx_word' id='word_1_30' title='bbox 2737 602 3122 673; x_wconf 73' lang='grc' dir='ltr'>αἰχμαλωσίας</span> <span class='ocrx_word' id='word_1_31' title='bbox 3159 602 3479 673; x_wconf 80' lang='grc' dir='ltr'><strong>παραδόξως</strong></span> <span class='ocrx_word' id='word_1_32' title='bbox 3514 604 3671 656; x_wconf 79' lang='grc' dir='ltr'>ἐλευ-</span> 
     </span>
    </p>
   </div>
   <div class='ocr_carea' id='block_1_7' title="bbox 401 688 2006 768">
    <p class='ocr_par' dir='ltr' id='par_1_7' title="bbox 401 688 1979 766">
     <span class='ocr_line' id='line_1_7' title="bbox 401 688 1979 766; baseline 0.007 -27"><span class='ocrx_word' id='word_1_33' title='bbox 401 688 708 756; x_wconf 86' lang='lat' dir='ltr'><strong>nui,qncm</strong></span> <span class='ocrx_word' id='word_1_34' title='bbox 755 705 821 744; x_wconf 80' lang='lat' dir='ltr'><strong>ex</strong></span> <span class='ocrx_word' id='word_1_35' title='bbox 860 693 1054 746; x_wconf 86' lang='lat' dir='ltr'><strong>misere</strong></span> <span class='ocrx_word' id='word_1_36' title='bbox 1111 695 1328 764; x_wconf 83' lang='lat' dir='ltr'><strong>captivo</strong></span> <span class='ocrx_word' id='word_1_37' title='bbox 1398 696 1535 751; x_wconf 90' lang='lat' dir='ltr'><strong>mire</strong></span> <span class='ocrx_word' id='word_1_38' title='bbox 1583 696 1694 766; x_wconf 84' lang='lat' dir='ltr'><strong>jam</strong></span> <span class='ocrx_word' id='word_1_39' title='bbox 1748 697 1979 752; x_wconf 87' lang='lat' dir='ltr'><strong>liberum</strong></span> 
     </span>
    </p>
   </div>
   <div class='ocr_carea' id='block_1_8' title="bbox 2116 688 3671 768">
    <p class='ocr_par' dir='ltr' id='par_1_8' title="bbox 2116 695 3671 768">
     <span class='ocr_line' id='line_1_8' title="bbox 2116 695 3671 768; baseline 0 -17"><span class='ocrx_word' id='word_1_40' title='bbox 2116 697 2363 768; x_wconf 76' lang='grc' dir='ltr'>ερωθεὶς,</span> <span class='ocrx_word' id='word_1_41' title='bbox 2393 698 2486 751; x_wconf 63' lang='grc' dir='ltr'><strong>ἐπὶ</strong></span> <span class='ocrx_word' id='word_1_42' title='bbox 2507 697 2600 751; x_wconf 81' lang='grc' dir='ltr'>τὸν</span> <span class='ocrx_word' id='word_1_43' title='bbox 2627 696 3064 751; x_wconf 79' lang='grc' dir='ltr'>Κωνσταντενιον</span> <span class='ocrx_word' id='word_1_44' title='bbox 3093 695 3262 767; x_wconf 81' lang='grc' dir='ltr'>φόρον</span> <span class='ocrx_word' id='word_1_45' title='bbox 3289 696 3535 766; x_wconf 78' lang='grc' dir='ltr'>ἐλήλυθε.</span> <span class='ocrx_word' id='word_1_46' title='bbox 3559 698 3671 751; x_wconf 75' lang='grc' dir='ltr'><strong>Καὶ</strong></span> 
     </span>
    </p>
   </div>
   <div class='ocr_carea' id='block_1_9' title="bbox 404 782 2006 861">
    <p class='ocr_par' dir='ltr' id='par_1_9' title="bbox 404 782 1983 856">
     <span class='ocr_line' id='line_1_9' title="bbox 404 782 1983 856; baseline 0.006 -24"><span class='ocrx_word' id='word_1_47' title='bbox 404 793 587 832; x_wconf 86' lang='lat' dir='ltr'><strong>coram</strong></span> <span class='ocrx_word' id='word_1_48' title='bbox 622 795 679 834; x_wconf 89' lang='lat' dir='ltr'><strong>se</strong></span> <span class='ocrx_word' id='word_1_49' title='bbox 711 782 1065 851; x_wconf 88' lang='lat' dir='ltr'><strong>intuebatur,</strong></span> <span class='ocrx_word' id='word_1_50' title='bbox 1105 787 1266 841; x_wconf 86' lang='lat' dir='ltr'><strong>tantis</strong></span> <span class='ocrx_word' id='word_1_51' title='bbox 1297 787 1511 856; x_wconf 85' lang='lat' dir='ltr'><strong>perfusa</strong></span> <span class='ocrx_word' id='word_1_52' title='bbox 1540 787 1745 843; x_wconf 64' lang='lat' dir='ltr'><strong>laetitiis</strong></span> <span class='ocrx_word' id='word_1_53' title='bbox 1773 799 1877 851; x_wconf 87' lang='lat' dir='ltr'><strong>est.</strong></span> <span class='ocrx_word' id='word_1_54' title='bbox 1923 798 1983 843; x_wconf 91' lang='lat' dir='ltr'><strong>ut</strong></span> 
     </span>
    </p>
   </div>
   <div class='ocr_carea' id='block_1_10' title="bbox 2116 782 3673 861">
    <p class='ocr_par' dir='ltr' id='par_1_10' title="bbox 2116 788 3673 861">
     <span class='ocr_line' id='line_1_10' title="bbox 2116 788 3673 861; baseline 0 -19"><span class='ocrx_word' id='word_1_55' title='bbox 2116 792 2235 845; x_wconf 74' lang='grc' dir='ltr'>ςᾶσα</span> <span class='ocrx_word' id='word_1_56' title='bbox 2273 794 2306 861; x_wconf 86' lang='grc' dir='ltr'>ὴ</span> <span class='ocrx_word' id='word_1_57' title='bbox 2345 790 2502 855; x_wconf 86' lang='grc' dir='ltr'>πόλις</span> <span class='ocrx_word' id='word_1_58' title='bbox 2536 791 2698 851; x_wconf 79' lang='grc' dir='ltr'>εὐθὺς</span> <span class='ocrx_word' id='word_1_59' title='bbox 2726 789 2816 843; x_wconf 77' lang='grc' dir='ltr'><strong>ἐπ’</strong></span> <span class='ocrx_word' id='word_1_60' title='bbox 2847 789 3000 860; x_wconf 79' lang='grc' dir='ltr'>αὐτῷ</span> <span class='ocrx_word' id='word_1_61' title='bbox 3059 788 3371 857; x_wconf 74' lang='grc' dir='ltr'>ἐκεκίνητο,</span> <span class='ocrx_word' id='word_1_62' title='bbox 3420 788 3558 858; x_wconf 83' lang='grc' dir='ltr'>ὁμοῦ</span> <span class='ocrx_word' id='word_1_63' title='bbox 3609 806 3673 842; x_wconf 88' lang='grc' dir='ltr'><strong>τε</strong></span> 
     </span>
    </p>
   </div>
   <div class='ocr_carea' id='block_1_11' title="bbox 404 870 2006 953">
    <p class='ocr_par' dir='ltr' id='par_1_11' title="bbox 404 870 1982 950">
     <span class='ocr_line' id='line_1_11' title="bbox 404 870 1982 950; baseline 0.01 -27"><span class='ocrx_word' id='word_1_64' title='bbox 404 886 507 924; x_wconf 89' lang='lat' dir='ltr'><strong>nec</strong></span> <span class='ocrx_word' id='word_1_65' title='bbox 535 870 701 944; x_wconf 88' lang='grc'><strong>444</strong></span> <span class='ocrx_word' id='word_1_66' title='bbox 730 873 1077 931; x_wconf 78' lang='lat' dir='ltr'><strong>dissimulare</strong></span> <span class='ocrx_word' id='word_1_67' title='bbox 1116 879 1352 947; x_wconf 75' lang='lat' dir='ltr'><strong>gestiens</strong></span> <span class='ocrx_word' id='word_1_68' title='bbox 1382 881 1657 947; x_wconf 78' lang='lat' dir='ltr'><strong>gaudium,</strong></span> <span class='ocrx_word' id='word_1_69' title='bbox 1686 896 1785 936; x_wconf 86' lang='lat' dir='ltr'><strong>nec</strong></span> <span class='ocrx_word' id='word_1_70' title='bbox 1813 880 1982 950; x_wconf 81' lang='lat' dir='ltr'><strong>signis</strong></span> 
     </span>
    </p>
   </div>
   <div class='ocr_carea' id='block_1_12' title="bbox 2116 870 3674 953">
    <p class='ocr_par' dir='ltr' id='par_1_12' title="bbox 2116 881 3674 953">
     <span class='ocr_line' id='line_1_12' title="bbox 2116 881 3674 953; baseline 0 -16"><span class='ocrx_word' id='word_1_71' title='bbox 2116 885 2179 938; x_wconf 65' lang='grc' dir='ltr'>ιαὶ</span> <span class='ocrx_word' id='word_1_72' title='bbox 2202 886 2269 938; x_wconf 75' lang='grc' dir='ltr'>τὰ</span> <span class='ocrx_word' id='word_1_73' title='bbox 2292 884 2417 937; x_wconf 78' lang='grc' dir='ltr'>κατ’</span> <span class='ocrx_word' id='word_1_74' title='bbox 2452 884 2619 938; x_wconf 74' lang='grc' dir='ltr'>αὐτὸν</span> <span class='ocrx_word' id='word_1_75' title='bbox 2651 883 2846 953; x_wconf 80' lang='grc' dir='ltr'>μαθεῖν</span> <span class='ocrx_word' id='word_1_76' title='bbox 2867 882 3226 951; x_wconf 79' lang='grc' dir='ltr'>ἐπειγομένη.</span> <span class='ocrx_word' id='word_1_77' title='bbox 3251 881 3387 951; x_wconf 84' lang='grc' dir='ltr'>ὁμοῦ</span> <span class='ocrx_word' id='word_1_78' title='bbox 3402 882 3460 936; x_wconf 83' lang='grc' dir='ltr'><strong>δὲ</strong></span> <span class='ocrx_word' id='word_1_79' title='bbox 3487 883 3581 935; x_wconf 82' lang='grc' dir='ltr'><strong>καὶ</strong></span> <span class='ocrx_word' id='word_1_80' title='bbox 3605 884 3674 937; x_wconf 75' lang='grc' dir='ltr'><strong>τά</strong></span> 
     </span>
    </p>
   </div>
   <div class='ocr_carea' id='block_1_13' title="bbox 388 961 2006 1043">
    <p class='ocr_par' dir='ltr' id='par_1_13' title="bbox 388 961 1985 1041">
     <span class='ocr_line' id='line_1_13' title="bbox 388 961 1985 1041; baseline 0.009 -28"><span class='ocrx_word' id='word_1_81' title='bbox 388 961 457 1014; x_wconf 78' lang='lat' dir='ltr'><strong>id</strong></span> <span class='ocrx_word' id='word_1_82' title='bbox 516 964 700 1019; x_wconf 88' lang='lat' dir='ltr'><strong>testari</strong></span> <span class='ocrx_word' id='word_1_83' title='bbox 756 967 1145 1038; x_wconf 87' lang='lat' dir='ltr'><strong>celebrareque</strong></span> <span class='ocrx_word' id='word_1_84' title='bbox 1198 971 1334 1025; x_wconf 90' lang='lat' dir='ltr'><strong>satis</strong></span> <span class='ocrx_word' id='word_1_85' title='bbox 1385 972 1507 1026; x_wconf 90' lang='lat' dir='ltr'><strong>ullis</strong></span> <span class='ocrx_word' id='word_1_86' title='bbox 1552 984 1758 1041; x_wconf 86' lang='lat' dir='ltr'><strong>posset.</strong></span> <span class='ocrx_word' id='word_1_87' title='bbox 1811 971 1985 1029; x_wconf 87' lang='lat' dir='ltr'><strong>Jussit</strong></span> 
     </span>
    </p>
   </div>
   <div class='ocr_carea' id='block_1_14' title="bbox 2116 961 3678 1043">
    <p class='ocr_par' dir='ltr' id='par_1_14' title="bbox 2116 973 3678 1043">
     <span class='ocr_line' id='line_1_14' title="bbox 2116 973 3678 1043; baseline -0.001 -16"><span class='ocrx_word' id='word_1_88' title='bbox 2116 974 2227 1027; x_wconf 73' lang='grc' dir='ltr'>ιατὰ</span> <span class='ocrx_word' id='word_1_89' title='bbox 2254 974 2346 1027; x_wconf 85' lang='grc' dir='ltr'>τὸν</span> <span class='ocrx_word' id='word_1_90' title='bbox 2403 974 2789 1043; x_wconf 83' lang='grc' dir='ltr'>αὐτοκράτορα</span> <span class='ocrx_word' id='word_1_91' title='bbox 2845 973 3012 1025; x_wconf 80' lang='grc' dir='ltr'>πλέον</span> <span class='ocrx_word' id='word_1_92' title='bbox 3066 973 3333 1027; x_wconf 81' lang='grc' dir='ltr'><strong>ποθοῦσα.</strong></span> <span class='ocrx_word' id='word_1_93' title='bbox 3383 973 3559 1036; x_wconf 78' lang='grc' dir='ltr'>Αὐτὸς</span> <span class='ocrx_word' id='word_1_94' title='bbox 3617 973 3678 1026; x_wconf 80' lang='grc' dir='ltr'><strong>δὲ</strong></span> 
     </span>
    </p>
   </div>
   <div class='ocr_carea' id='block_1_15' title="bbox 405 1058 2006 1140">
    <p class='ocr_par' dir='ltr' id='par_1_15' title="bbox 405 1058 1984 1133">
     <span class='ocr_line' id='line_1_15' title="bbox 405 1058 1984 1133; baseline 0.011 -28"><span class='ocrx_word' id='word_1_95' title='bbox 405 1070 568 1123; x_wconf 89' lang='lat' dir='ltr'><strong>porro</strong></span> <span class='ocrx_word' id='word_1_96' title='bbox 592 1058 875 1125; x_wconf 87' lang='lat' dir='ltr'><strong>quiescere</strong></span> <span class='ocrx_word' id='word_1_97' title='bbox 919 1059 1428 1133; x_wconf 77' lang='lat' dir='ltr'><strong>Camytzen&#39;usqne</strong></span> <span class='ocrx_word' id='word_1_98' title='bbox 1471 1066 1538 1119; x_wconf 92' lang='lat' dir='ltr'><strong>ad</strong></span> <span class='ocrx_word' id='word_1_99' title='bbox 1583 1066 1757 1120; x_wconf 86' lang='lat' dir='ltr'><strong>lucem</strong></span> <span class='ocrx_word' id='word_1_100' title='bbox 1792 1085 1806 1121; x_wconf 89' lang='lat'><strong>:</strong></span> <span class='ocrx_word' id='word_1_101' title='bbox 1857 1077 1984 1122; x_wconf 90' lang='lat' dir='ltr'><strong>tunc</strong></span> 
     </span>
    </p>
   </div>
   <div class='ocr_carea' id='block_1_16' title="bbox 2116 1058 3679 1140">
    <p class='ocr_par' dir='ltr' id='par_1_16' title="bbox 2116 1065 3679 1140">
     <span class='ocr_line' id='line_1_16' title="bbox 2116 1065 3679 1140; baseline -0.004 -18"><span class='ocrx_word' id='word_1_102' title='bbox 2116 1069 2626 1140; x_wconf 63' lang='grc' dir='ltr'>περιστοιχησὰντων</span> <span class='ocrx_word' id='word_1_103' title='bbox 2678 1065 2829 1135; x_wconf 84' lang='grc' dir='ltr'><strong>αὺτῷ</strong></span> <span class='ocrx_word' id='word_1_104' title='bbox 2884 1065 3097 1119; x_wconf 80' lang='grc' dir='ltr'><strong>ἱππέων</strong></span> <span class='ocrx_word' id='word_1_105' title='bbox 3123 1065 3337 1119; x_wconf 81' lang='grc' dir='ltr'>πολλῶν</span> <span class='ocrx_word' id='word_1_106' title='bbox 3368 1068 3461 1118; x_wconf 70' lang='grc' dir='ltr'>καὶ</span> <span class='ocrx_word' id='word_1_107' title='bbox 3491 1065 3679 1129; x_wconf 77' lang='grc' dir='ltr'>πεζῶν</span> 
     </span>
    </p>
   </div>
   <div class='ocr_carea' id='block_1_17' title="bbox 405 1153 2006 1229">
    <p class='ocr_par' dir='ltr' id='par_1_17' title="bbox 405 1153 1985 1228">
     <span class='ocr_line' id='line_1_17' title="bbox 405 1153 1985 1228; baseline 0.009 -27"><span class='ocrx_word' id='word_1_108' title='bbox 405 1159 585 1204; x_wconf 87' lang='lat' dir='ltr'><strong>autem</strong></span> <span class='ocrx_word' id='word_1_109' title='bbox 641 1153 858 1218; x_wconf 87' lang='lat' dir='ltr'><strong>prodire</strong></span> <span class='ocrx_word' id='word_1_110' title='bbox 888 1165 942 1207; x_wconf 91' lang='lat' dir='ltr'><strong>et</strong></span> <span class='ocrx_word' id='word_1_111' title='bbox 971 1155 1189 1225; x_wconf 87' lang='lat' dir='ltr'><strong>vulgare</strong></span> <span class='ocrx_word' id='word_1_112' title='bbox 1242 1157 1296 1211; x_wconf 90' lang='lat' dir='ltr'><strong>in</strong></span> <span class='ocrx_word' id='word_1_113' title='bbox 1356 1173 1552 1215; x_wconf 87' lang='lat' dir='ltr'><strong>omnes</strong></span> <span class='ocrx_word' id='word_1_114' title='bbox 1606 1159 1808 1228; x_wconf 88' lang='lat' dir='ltr'><strong>passim</strong></span> <span class='ocrx_word' id='word_1_115' title='bbox 1864 1174 1985 1227; x_wconf 69' lang='lat' dir='ltr'><strong>quae</strong></span> 
     </span>
    </p>
   </div>
   <div class='ocr_carea' id='block_1_18' title="bbox 2116 1153 3677 1229">
    <p class='ocr_par' dir='ltr' id='par_1_18' title="bbox 2116 1157 3677 1229">
     <span class='ocr_line' id='line_1_18' title="bbox 2116 1157 3677 1229; baseline -0.005 -13"><span class='ocrx_word' id='word_1_116' title='bbox 2116 1163 2157 1216; x_wconf 68' lang='lat' dir='ltr'><strong>ti</strong></span> <span class='ocrx_word' id='word_1_117' title='bbox 2185 1179 2245 1214; x_wconf 88' lang='grc' dir='ltr'><strong>τε</strong></span> <span class='ocrx_word' id='word_1_118' title='bbox 2267 1161 2409 1214; x_wconf 86' lang='grc' dir='ltr'>κατὰ</span> <span class='ocrx_word' id='word_1_119' title='bbox 2450 1160 2543 1214; x_wconf 75' lang='grc' dir='ltr'>τὸν</span> <span class='ocrx_word' id='word_1_120' title='bbox 2572 1161 2812 1228; x_wconf 82' lang='grc' dir='ltr'>πόλεμον</span> <span class='ocrx_word' id='word_1_121' title='bbox 2832 1158 3073 1229; x_wconf 81' lang='grc' dir='ltr'>λαμπρῷ</span> <span class='ocrx_word' id='word_1_122' title='bbox 3102 1159 3179 1228; x_wconf 81' lang='grc' dir='ltr'>τῷ</span> <span class='ocrx_word' id='word_1_123' title='bbox 3212 1157 3435 1227; x_wconf 82' lang='grc' dir='ltr'>στόματι</span> <span class='ocrx_word' id='word_1_124' title='bbox 3483 1158 3677 1226; x_wconf 74' lang='grc' dir='ltr'>διηγή-</span> 
     </span>
    </p>
   </div>
   <div class='ocr_carea' id='block_1_19' title="bbox 404 1240 2006 1323">
    <p class='ocr_par' dir='ltr' id='par_1_19' title="bbox 404 1240 1986 1319">
     <span class='ocr_line' id='line_1_19' title="bbox 404 1240 1986 1319; baseline 0.009 -25"><span class='ocrx_word' id='word_1_125' title='bbox 404 1240 634 1296; x_wconf 84' lang='lat' dir='ltr'><strong>ferebat.</strong></span> <span class='ocrx_word' id='word_1_126' title='bbox 663 1243 811 1300; x_wconf 84' lang='lat' dir='ltr'><strong>Fecit</strong></span> <span class='ocrx_word' id='word_1_127' title='bbox 845 1247 930 1302; x_wconf 91' lang='lat' dir='ltr'><strong>ille</strong></span> <span class='ocrx_word' id='word_1_128' title='bbox 958 1260 1017 1302; x_wconf 94' lang='lat' dir='ltr'><strong>ut</strong></span> <span class='ocrx_word' id='word_1_129' title='bbox 1067 1251 1379 1305; x_wconf 81' lang='lat' dir='ltr'><strong>mandatum</strong></span> <span class='ocrx_word' id='word_1_130' title='bbox 1410 1261 1552 1319; x_wconf 87' lang='lat' dir='ltr'><strong>erat,</strong></span> <span class='ocrx_word' id='word_1_131' title='bbox 1580 1261 1634 1306; x_wconf 93' lang='lat' dir='ltr'><strong>et</strong></span> <span class='ocrx_word' id='word_1_132' title='bbox 1686 1268 1986 1318; x_wconf 73' lang='lat' dir='ltr'><strong>exsurgens</strong></span> 
     </span>
    </p>
   </div>
   <div class='ocr_carea' id='block_1_20' title="bbox 2116 1240 3674 1323">
    <p class='ocr_par' dir='ltr' id='par_1_20' title="bbox 2116 1249 3674 1323">
     <span class='ocr_line' id='line_1_20' title="bbox 2116 1249 3674 1323; baseline -0.003 -16"><span class='ocrx_word' id='word_1_133' title='bbox 2116 1271 2245 1320; x_wconf 73' lang='lat' dir='ltr'><strong>rato,</strong></span> <span class='ocrx_word' id='word_1_134' title='bbox 2270 1254 2365 1307; x_wconf 76' lang='grc' dir='ltr'>καὶ</span> <span class='ocrx_word' id='word_1_135' title='bbox 2394 1254 2497 1306; x_wconf 84' lang='grc' dir='ltr'>ὅσα</span> <span class='ocrx_word' id='word_1_136' title='bbox 2525 1253 2648 1305; x_wconf 85' lang='grc' dir='ltr'>τότε</span> <span class='ocrx_word' id='word_1_137' title='bbox 2689 1252 2988 1320; x_wconf 81' lang='grc' dir='ltr'>ξυνέκυρσε</span> <span class='ocrx_word' id='word_1_138' title='bbox 3031 1250 3078 1323; x_wconf 61' lang='grc' dir='ltr'><strong>δξ</strong></span> <span class='ocrx_word' id='word_1_139' title='bbox 3112 1251 3257 1304; x_wconf 76' lang='grc' dir='ltr'>κατὰ</span> <span class='ocrx_word' id='word_1_140' title='bbox 3280 1250 3373 1303; x_wconf 89' lang='grc' dir='ltr'><strong>τοῦ</strong></span> <span class='ocrx_word' id='word_1_141' title='bbox 3432 1249 3674 1319; x_wconf 80' lang='grc' dir='ltr'>Ῥωμαῖ-</span> 
     </span>
    </p>
   </div>
   <div class='ocr_carea' id='block_1_21' title="bbox 403 1335 2006 1415">
    <p class='ocr_par' dir='ltr' id='par_1_21' title="bbox 403 1335 1987 1413">
     <span class='ocr_line' id='line_1_21' title="bbox 403 1335 1987 1413; baseline 0.008 -26"><span class='ocrx_word' id='word_1_142' title='bbox 403 1335 519 1389; x_wconf 89' lang='lat' dir='ltr'><strong>luce</strong></span> <span class='ocrx_word' id='word_1_143' title='bbox 550 1338 743 1404; x_wconf 90' lang='lat' dir='ltr'><strong>prima,</strong></span> <span class='ocrx_word' id='word_1_144' title='bbox 771 1354 1021 1408; x_wconf 79' lang='lat' dir='ltr'><strong>equoque</strong></span> <span class='ocrx_word' id='word_1_145' title='bbox 1052 1341 1326 1407; x_wconf 85' lang='lat' dir='ltr'><strong>inscenso,</strong></span> <span class='ocrx_word' id='word_1_146' title='bbox 1359 1359 1424 1398; x_wconf 93' lang='lat' dir='ltr'><strong>eo</strong></span> <span class='ocrx_word' id='word_1_147' title='bbox 1446 1344 1536 1412; x_wconf 87' lang='lat' dir='ltr'><strong>qui</strong></span> <span class='ocrx_word' id='word_1_148' title='bbox 1586 1345 1725 1399; x_wconf 86' lang='lat' dir='ltr'><strong>forte</strong></span> <span class='ocrx_word' id='word_1_149' title='bbox 1780 1346 1987 1413; x_wconf 89' lang='lat' dir='ltr'><strong>primus</strong></span> 
     </span>
    </p>
   </div>
   <div class='ocr_carea' id='block_1_22' title="bbox 2116 1335 3681 1415">
    <p class='ocr_par' dir='ltr' id='par_1_22' title="bbox 2116 1343 3681 1415">
     <span class='ocr_line' id='line_1_22' title="bbox 2116 1343 3681 1415; baseline -0.002 -16"><span class='ocrx_word' id='word_1_150' title='bbox 2116 1345 2189 1399; x_wconf 76' lang='grc' dir='ltr'><strong>εοῦ</strong></span> <span class='ocrx_word' id='word_1_151' title='bbox 2251 1343 2688 1415; x_wconf 85' lang='grc' dir='ltr'>στρατεύματος,</span> <span class='ocrx_word' id='word_1_152' title='bbox 2741 1345 2837 1397; x_wconf 75' lang='grc' dir='ltr'>καὶ</span> <span class='ocrx_word' id='word_1_153' title='bbox 2879 1343 2945 1412; x_wconf 80' lang='grc' dir='ltr'><strong>δὴ</strong></span> <span class='ocrx_word' id='word_1_154' title='bbox 3018 1343 3115 1396; x_wconf 75' lang='grc' dir='ltr'>καὶ</span> <span class='ocrx_word' id='word_1_155' title='bbox 3160 1344 3338 1396; x_wconf 82' lang='grc' dir='ltr'>ὁπόσα</span> <span class='ocrx_word' id='word_1_156' title='bbox 3365 1344 3392 1396; x_wconf 85' lang='grc' dir='ltr'>ὁ</span> <span class='ocrx_word' id='word_1_157' title='bbox 3424 1343 3681 1412; x_wconf 73' lang='grc' dir='ltr'>βασιλεὺς</span> 
     </span>
    </p>
   </div>
   <div class='ocr_carea' id='block_1_23' title="bbox 404 1432 2006 1508">
    <p class='ocr_par' dir='ltr' id='par_1_23' title="bbox 404 1432 1983 1502">
     <span class='ocr_line' id='line_1_23' title="bbox 404 1432 1983 1502; baseline 0.009 -24"><span class='ocrx_word' id='word_1_158' title='bbox 404 1437 603 1495; x_wconf 64' lang='lat' dir='ltr'><strong>praesto</strong></span> <span class='ocrx_word' id='word_1_159' title='bbox 635 1432 946 1500; x_wconf 88' lang='lat' dir='ltr'><strong>properanti</strong></span> <span class='ocrx_word' id='word_1_160' title='bbox 976 1433 1099 1498; x_wconf 88' lang='lat' dir='ltr'><strong>fuit,</strong></span> <span class='ocrx_word' id='word_1_161' title='bbox 1134 1451 1308 1502; x_wconf 88' lang='lat' dir='ltr'><strong>usque</strong></span> <span class='ocrx_word' id='word_1_162' title='bbox 1335 1438 1400 1490; x_wconf 90' lang='lat' dir='ltr'><strong>ad</strong></span> <span class='ocrx_word' id='word_1_163' title='bbox 1432 1436 1609 1492; x_wconf 90' lang='lat' dir='ltr'><strong>forum</strong></span> <span class='ocrx_word' id='word_1_164' title='bbox 1638 1437 1983 1493; x_wconf 83' lang='lat' dir='ltr'><strong>Constantini</strong></span> 
     </span>
    </p>
   </div>
   <div class='ocr_carea' id='block_1_24' title="bbox 2116 1432 3682 1508">
    <p class='ocr_par' dir='ltr' id='par_1_24' title="bbox 2116 1436 3682 1508">
     <span class='ocr_line' id='line_1_24' title="bbox 2116 1436 3682 1508; baseline -0.003 -18"><span class='ocrx_word' id='word_1_165' title='bbox 2116 1437 2234 1490; x_wconf 64' lang='grc' dir='ltr'><strong>πατὰ</strong></span> <span class='ocrx_word' id='word_1_166' title='bbox 2266 1437 2374 1491; x_wconf 85' lang='grc' dir='ltr'><strong>τῶν</strong></span> <span class='ocrx_word' id='word_1_167' title='bbox 2420 1436 2728 1508; x_wconf 89' lang='grc' dir='ltr'>Βαρϐάρων</span> <span class='ocrx_word' id='word_1_168' title='bbox 2753 1437 3170 1505; x_wconf 78' lang='grc' dir='ltr'>ἐμηχανήσατο,</span> <span class='ocrx_word' id='word_1_169' title='bbox 3203 1436 3299 1488; x_wconf 71' lang='grc' dir='ltr'>καὶ</span> <span class='ocrx_word' id='word_1_170' title='bbox 3332 1436 3483 1498; x_wconf 81' lang='grc' dir='ltr'>ὅπως</span> <span class='ocrx_word' id='word_1_171' title='bbox 3510 1436 3682 1506; x_wconf 69' lang='grc' dir='ltr'>ἤρατο</span> 
     </span>
    </p>
   </div>
   <div class='ocr_carea' id='block_1_25' title="bbox 406 1522 2006 1599">
    <p class='ocr_par' dir='ltr' id='par_1_25' title="bbox 406 1522 1990 1597">
     <span class='ocr_line' id='line_1_25' title="bbox 406 1522 1990 1597; baseline 0.011 -31"><span class='ocrx_word' id='word_1_172' title='bbox 406 1531 726 1584; x_wconf 87' lang='lat' dir='ltr'><strong>progressus</strong></span> <span class='ocrx_word' id='word_1_173' title='bbox 756 1522 930 1590; x_wconf 86' lang='lat' dir='ltr'><strong>palam</strong></span> <span class='ocrx_word' id='word_1_174' title='bbox 971 1533 1096 1589; x_wconf 89' lang='lat' dir='ltr'><strong>est,</strong></span> <span class='ocrx_word' id='word_1_175' title='bbox 1151 1525 1257 1581; x_wconf 88' lang='lat' dir='ltr'><strong>illis</strong></span> <span class='ocrx_word' id='word_1_176' title='bbox 1309 1528 1438 1596; x_wconf 91' lang='lat' dir='ltr'><strong>ipsis</strong></span> <span class='ocrx_word' id='word_1_177' title='bbox 1477 1528 1701 1597; x_wconf 76' lang='lat' dir='ltr'><strong>insignis</strong></span> <span class='ocrx_word' id='word_1_178' title='bbox 1749 1529 1990 1583; x_wconf 79' lang='lat' dir='ltr'><strong>vestibus</strong></span> 
     </span>
    </p>
   </div>
   <div class='ocr_carea' id='block_1_26' title="bbox 2116 1522 3687 1599">
    <p class='ocr_par' dir='ltr' id='par_1_26' title="bbox 2116 1527 3687 1599">
     <span class='ocr_line' id='line_1_26' title="bbox 2116 1527 3687 1599; baseline -0.001 -19"><span class='ocrx_word' id='word_1_179' title='bbox 2116 1528 2251 1598; x_wconf 82' lang='grc' dir='ltr'>ιεκην</span> <span class='ocrx_word' id='word_1_180' title='bbox 2281 1529 2547 1599; x_wconf 75' lang='grc' dir='ltr'>λαμπράν</span> <span class='ocrx_word' id='word_1_181' title='bbox 2579 1528 2999 1589; x_wconf 70' lang='grc' dir='ltr'>πολλαπλασίαν</span> <span class='ocrx_word' id='word_1_182' title='bbox 3046 1527 3147 1598; x_wconf 79' lang='grc' dir='ltr'>τὴν</span> <span class='ocrx_word' id='word_1_183' title='bbox 3193 1527 3479 1597; x_wconf 74' lang='grc' dir='ltr'><strong>ἐκδίκησιν</strong></span> <span class='ocrx_word' id='word_1_184' title='bbox 3525 1544 3687 1593; x_wconf 79' lang='grc' dir='ltr'>ποιη·</span> 
     </span>
    </p>
   </div>
   <div class='ocr_carea' id='block_1_27' title="bbox 406 1608 2006 1688">
    <p class='ocr_par' dir='ltr' id='par_1_27' title="bbox 406 1608 1990 1675">
     <span class='ocr_line' id='line_1_27' title="bbox 406 1608 1990 1675; baseline 0.01 -16"><span class='ocrx_word' id='word_1_185' title='bbox 406 1608 729 1675; x_wconf 88' lang='lat' dir='ltr'><strong>quibuscum</strong></span> <span class='ocrx_word' id='word_1_186' title='bbox 764 1613 1089 1669; x_wconf 78' lang='lat' dir='ltr'><strong>mirabiliter</strong></span> <span class='ocrx_word' id='word_1_187' title='bbox 1118 1631 1149 1670; x_wconf 92' lang='lat' dir='ltr'><strong>e</strong></span> <span class='ocrx_word' id='word_1_188' title='bbox 1171 1617 1404 1673; x_wconf 83' lang='lat' dir='ltr'><strong>vinculis</strong></span> <span class='ocrx_word' id='word_1_189' title='bbox 1437 1620 1713 1674; x_wconf 87' lang='lat' dir='ltr'><strong>servitutis</strong></span> <span class='ocrx_word' id='word_1_190' title='bbox 1743 1620 1990 1675; x_wconf 73' lang='lat' dir='ltr'><strong>Turcicze</strong></span> 
     </span>
    </p>
   </div>
   <div class='ocr_carea' id='block_1_28' title="bbox 2116 1608 3686 1688">
    <p class='ocr_par' dir='ltr' id='par_1_28' title="bbox 2116 1617 3686 1688">
     <span class='ocr_line' id='line_1_28' title="bbox 2116 1617 3686 1688; baseline 0 -18"><span class='ocrx_word' id='word_1_191' title='bbox 2116 1618 2360 1687; x_wconf 68' lang='grc' dir='ltr'>πάμενος,</span> <span class='ocrx_word' id='word_1_192' title='bbox 2402 1620 2496 1672; x_wconf 76' lang='grc' dir='ltr'><strong>καὶ</strong></span> <span class='ocrx_word' id='word_1_193' title='bbox 2528 1618 2681 1679; x_wconf 79' lang='grc' dir='ltr'>τέλος</span> <span class='ocrx_word' id='word_1_194' title='bbox 2721 1617 2960 1687; x_wconf 78' lang='grc' dir='ltr'>ἐπέθηκε</span> <span class='ocrx_word' id='word_1_195' title='bbox 3008 1618 3104 1688; x_wconf 81' lang='grc' dir='ltr'>τὴν</span> <span class='ocrx_word' id='word_1_196' title='bbox 3138 1617 3441 1687; x_wconf 79' lang='grc' dir='ltr'>παράδοξον</span> <span class='ocrx_word' id='word_1_197' title='bbox 3489 1618 3686 1671; x_wconf 84' lang='grc' dir='ltr'>ἑαυτοῦ</span> 
     </span>
    </p>
   </div>
   <div class='ocr_carea' id='block_1_29' title="bbox 408 1699 2006 1783">
    <p class='ocr_par' dir='ltr' id='par_1_29' title="bbox 408 1699 1992 1772">
     <span class='ocr_line' id='line_1_29' title="bbox 408 1699 1992 1772; baseline 0.015 -23"><span class='ocrx_word' id='word_1_198' title='bbox 408 1699 546 1753; x_wconf 88' lang='lat' dir='ltr'><strong>liber</strong></span> <span class='ocrx_word' id='word_1_199' title='bbox 571 1715 840 1761; x_wconf 81' lang='lat' dir='ltr'><strong>evaserat.</strong></span> <span class='ocrx_word' id='word_1_200' title='bbox 874 1705 1041 1762; x_wconf 80' lang='lat' dir='ltr'><strong>Movit</strong></span> <span class='ocrx_word' id='word_1_201' title='bbox 1084 1710 1328 1767; x_wconf 87' lang='lat' dir='ltr'><strong>insuetus</strong></span> <span class='ocrx_word' id='word_1_202' title='bbox 1370 1714 1548 1768; x_wconf 88' lang='lat' dir='ltr'><strong>cultus</strong></span> <span class='ocrx_word' id='word_1_203' title='bbox 1592 1715 1703 1769; x_wconf 90' lang='lat' dir='ltr'><strong>noti</strong></span> <span class='ocrx_word' id='word_1_204' title='bbox 1755 1716 1992 1772; x_wconf 85' lang='lat' dir='ltr'><strong>hominis</strong></span> 
     </span>
    </p>
   </div>
   <div class='ocr_carea' id='block_1_30' title="bbox 2116 1699 3690 1783">
    <p class='ocr_par' dir='ltr' id='par_1_30' title="bbox 2116 1706 3690 1783">
     <span class='ocr_line' id='line_1_30' title="bbox 2116 1706 3690 1783; baseline -0.001 -18"><span class='ocrx_word' id='word_1_205' title='bbox 2116 1711 2204 1767; x_wconf 60' lang='grc' dir='ltr'><strong>πῶν</strong></span> <span class='ocrx_word' id='word_1_206' title='bbox 2229 1711 2531 1783; x_wconf 86' lang='grc' dir='ltr'>Βαρϐάρων</span> <span class='ocrx_word' id='word_1_207' title='bbox 2551 1706 2752 1781; x_wconf 74' lang='grc' dir='ltr'>φυγήν.</span> <span class='ocrx_word' id='word_1_208' title='bbox 2806 1706 2902 1774; x_wconf 73' lang='grc' dir='ltr'><strong>Οἷς</strong></span> <span class='ocrx_word' id='word_1_209' title='bbox 2925 1712 3284 1781; x_wconf 81' lang='grc' dir='ltr'>ὲπεφήμησεν</span> <span class='ocrx_word' id='word_1_210' title='bbox 3304 1711 3426 1764; x_wconf 86' lang='grc' dir='ltr'>ὅλον</span> <span class='ocrx_word' id='word_1_211' title='bbox 3456 1710 3516 1763; x_wconf 77' lang='grc' dir='ltr'><strong>τὸ</strong></span> <span class='ocrx_word' id='word_1_212' title='bbox 3544 1711 3690 1779; x_wconf 79' lang='grc' dir='ltr'><strong>πλῆ-</strong></span> 
     </span>
    </p>
   </div>
   <div class='ocr_carea' id='block_1_31' title="bbox 407 1786 2006 1875">
    <p class='ocr_par' dir='ltr' id='par_1_31' title="bbox 407 1786 1992 1875">
     <span class='ocr_line' id='line_1_31' title="bbox 407 1786 1992 1875; baseline 0.011 -30"><span class='ocrx_word' id='word_1_213' title='bbox 407 1800 577 1846; x_wconf 72' lang='lat' dir='ltr'><strong>tolam</strong></span> <span class='ocrx_word' id='word_1_214' title='bbox 608 1799 805 1862; x_wconf 80' lang='lat' dir='ltr'><strong>passim</strong></span> <span class='ocrx_word' id='word_1_215' title='bbox 837 1799 1114 1856; x_wconf 89' lang='lat' dir='ltr'><strong>civitatem</strong></span> <span class='ocrx_word' id='word_1_216' title='bbox 1165 1804 1218 1857; x_wconf 93' lang='lat' dir='ltr'><strong>in</strong></span> <span class='ocrx_word' id='word_1_217' title='bbox 1248 1786 1438 1858; x_wconf 80' lang='lat' dir='ltr'><strong>curam</strong></span> <span class='ocrx_word' id='word_1_218' title='bbox 1499 1807 1848 1875; x_wconf 84' lang='lat' dir='ltr'><strong>studiumque</strong></span> <span class='ocrx_word' id='word_1_219' title='bbox 1895 1823 1992 1863; x_wconf 90' lang='lat' dir='ltr'><strong>co-</strong></span> 
     </span>
    </p>
   </div>
   <div class='ocr_carea' id='block_1_32' title="bbox 2116 1786 3688 1875">
    <p class='ocr_par' dir='ltr' id='par_1_32' title="bbox 2116 1803 3688 1875">
     <span class='ocr_line' id='line_1_32' title="bbox 2116 1803 3688 1875; baseline -0.001 -18"><span class='ocrx_word' id='word_1_220' title='bbox 2116 1807 2218 1868; x_wconf 83' lang='lat' dir='ltr'><strong>lo;,</strong></span> <span class='ocrx_word' id='word_1_221' title='bbox 2248 1806 2344 1858; x_wconf 78' lang='grc' dir='ltr'>καὶ</span> <span class='ocrx_word' id='word_1_222' title='bbox 2372 1804 2569 1875; x_wconf 80' lang='grc' dir='ltr'><strong>μέχρις</strong></span> <span class='ocrx_word' id='word_1_223' title='bbox 2593 1804 2810 1875; x_wconf 78' lang='grc' dir='ltr'><strong>αἰθέρος</strong></span> <span class='ocrx_word' id='word_1_224' title='bbox 2836 1806 2863 1858; x_wconf 86' lang='grc' dir='ltr'>ὁ</span> <span class='ocrx_word' id='word_1_225' title='bbox 2895 1804 3089 1874; x_wconf 79' lang='grc' dir='ltr'>κρότος</span> <span class='ocrx_word' id='word_1_226' title='bbox 3111 1806 3211 1873; x_wconf 86' lang='grc' dir='ltr'>τῆς</span> <span class='ocrx_word' id='word_1_227' title='bbox 3239 1803 3517 1873; x_wconf 76' lang='grc' dir='ltr'><strong>εὐφημίας</strong></span> <span class='ocrx_word' id='word_1_228' title='bbox 3565 1804 3688 1856; x_wconf 81' lang='grc' dir='ltr'><strong>ἀνε-</strong></span> 
     </span>
    </p>
   </div>
   <div class='ocr_carea' id='block_1_33' title="bbox 406 1889 2006 1969">
    <p class='ocr_par' dir='ltr' id='par_1_33' title="bbox 406 1889 1994 1964">
     <span class='ocr_line' id='line_1_33' title="bbox 406 1889 1994 1964; baseline 0.011 -29"><span class='ocrx_word' id='word_1_229' title='bbox 406 1889 719 1953; x_wconf 76' lang='lat' dir='ltr'><strong>gnosrendi,</strong></span> <span class='ocrx_word' id='word_1_230' title='bbox 753 1890 881 1958; x_wconf 90' lang='lat' dir='ltr'><strong>quid</strong></span> <span class='ocrx_word' id='word_1_231' title='bbox 914 1892 1016 1948; x_wconf 86' lang='lat' dir='ltr'><strong>hoc</strong></span> <span class='ocrx_word' id='word_1_232' title='bbox 1050 1894 1126 1947; x_wconf 87' lang='lat' dir='ltr'><strong>rei</strong></span> <span class='ocrx_word' id='word_1_233' title='bbox 1159 1897 1521 1964; x_wconf 81' lang='lat' dir='ltr'><strong>essetquidve</strong></span> <span class='ocrx_word' id='word_1_234' title='bbox 1560 1898 1663 1952; x_wconf 89' lang='lat' dir='ltr'><strong>sibi</strong></span> <span class='ocrx_word' id='word_1_235' title='bbox 1698 1898 1859 1953; x_wconf 85' lang='lat' dir='ltr'><strong>vellet</strong></span> <span class='ocrx_word' id='word_1_236' title='bbox 1899 1907 1994 1953; x_wconf 90' lang='lat' dir='ltr'><strong>aut</strong></span> 
     </span>
    </p>
   </div>
   <div class='ocr_carea' id='block_1_34' title="bbox 2116 1889 3696 1969">
    <p class='ocr_par' dir='ltr' id='par_1_34' title="bbox 2116 1898 3696 1969">
     <span class='ocr_line' id='line_1_34' title="bbox 2116 1898 3696 1969; baseline -0.003 -17"><span class='ocrx_word' id='word_1_237' title='bbox 2116 1898 2344 1967; x_wconf 72' lang='grc' dir='ltr'>ιηλύθει.</span> <span class='ocrx_word' id='word_1_238' title='bbox 2374 1898 2563 1953; x_wconf 87' lang='grc' dir='ltr'>Ταῦτα</span> <span class='ocrx_word' id='word_1_239' title='bbox 2601 1899 2703 1969; x_wconf 74' lang='grc' dir='ltr'>μὲν</span> <span class='ocrx_word' id='word_1_240' title='bbox 2758 1899 2936 1962; x_wconf 75' lang='grc' dir='ltr'>οὕτως</span> <span class='ocrx_word' id='word_1_241' title='bbox 2965 1898 3306 1953; x_wconf 75' lang='grc' dir='ltr'>ἐτετέλεστο·</span> <span class='ocrx_word' id='word_1_242' title='bbox 3341 1898 3435 1950; x_wconf 75' lang='grc' dir='ltr'><strong>καὶ</strong></span> <span class='ocrx_word' id='word_1_243' title='bbox 3463 1898 3496 1959; x_wconf 81' lang='grc' dir='ltr'><strong>ἡ</strong></span> <span class='ocrx_word' id='word_1_244' title='bbox 3532 1899 3696 1951; x_wconf 83' lang='grc' dir='ltr'><strong>Κων-</strong></span> 
     </span>
    </p>
   </div>
   <div class='ocr_carea' id='block_1_35' title="bbox 409 1976 1996 2059">
    <p class='ocr_par' dir='ltr' id='par_1_35' title="bbox 409 1976 1996 2059">
     <span class='ocr_line' id='line_1_35' title="bbox 409 1976 1996 2059; baseline 0.013 -33"><span class='ocrx_word' id='word_1_245' title='bbox 409 1976 629 2033; x_wconf 83' lang='lat' dir='ltr'><strong>alTerret</strong></span> <span class='ocrx_word' id='word_1_246' title='bbox 666 1981 787 2035; x_wconf 87' lang='lat' dir='ltr'><strong>novi</strong></span> <span class='ocrx_word' id='word_1_247' title='bbox 820 1983 985 2038; x_wconf 88' lang='lat' dir='ltr'><strong>homo</strong></span> <span class='ocrx_word' id='word_1_248' title='bbox 1015 1985 1152 2040; x_wconf 86' lang='lat' dir='ltr'><strong>civis</strong></span> <span class='ocrx_word' id='word_1_249' title='bbox 1184 1987 1479 2049; x_wconf 84' lang='lat' dir='ltr'><strong>natalibus,</strong></span> <span class='ocrx_word' id='word_1_250' title='bbox 1524 1989 1829 2059; x_wconf 80' lang='lat' dir='ltr'><strong>insignibus</strong></span> <span class='ocrx_word' id='word_1_251' title='bbox 1864 1990 1996 2046; x_wconf 86' lang='lat' dir='ltr'><strong>Bar-</strong></span> 
     </span>
    </p>
   </div>
   <div class='ocr_carea' id='block_1_36' title="bbox 409 2070 1995 2153">
    <p class='ocr_par' dir='ltr' id='par_1_36' title="bbox 409 2070 1995 2153">
     <span class='ocr_line' id='line_1_36' title="bbox 409 2070 1995 2153; baseline 0.013 -32"><span class='ocrx_word' id='word_1_252' title='bbox 409 2070 608 2138; x_wconf 88' lang='lat' dir='ltr'><strong>barus,</strong></span> <span class='ocrx_word' id='word_1_253' title='bbox 656 2088 774 2127; x_wconf 85' lang='lat' dir='ltr'><strong>sese</strong></span> <span class='ocrx_word' id='word_1_254' title='bbox 814 2075 884 2131; x_wconf 92' lang='lat' dir='ltr'><strong>de</strong></span> <span class='ocrx_word' id='word_1_255' title='bbox 939 2076 1212 2133; x_wconf 89' lang='lat' dir='ltr'><strong>industria</strong></span> <span class='ocrx_word' id='word_1_256' title='bbox 1242 2091 1550 2143; x_wconf 87' lang='lat' dir='ltr'><strong>ostentans.</strong></span> <span class='ocrx_word' id='word_1_257' title='bbox 1585 2098 1747 2153; x_wconf 86' lang='lat' dir='ltr'><strong>quem</strong></span> <span class='ocrx_word' id='word_1_258' title='bbox 1800 2085 1995 2141; x_wconf 84' lang='lat' dir='ltr'><strong>adesse</strong></span> 
     </span>
    </p>
   </div>
   <div class='ocr_carea' id='block_1_37' title="bbox 408 2166 1998 2241">
    <p class='ocr_par' dir='ltr' id='par_1_37' title="bbox 408 2166 1998 2241">
     <span class='ocr_line' id='line_1_37' title="bbox 408 2166 1998 2241; baseline 0.01 -26"><span class='ocrx_word' id='word_1_259' title='bbox 408 2174 680 2218; x_wconf 87' lang='lat' dir='ltr'><strong>recentem</strong></span> <span class='ocrx_word' id='word_1_260' title='bbox 713 2166 782 2222; x_wconf 90' lang='lat' dir='ltr'><strong>ab</strong></span> <span class='ocrx_word' id='word_1_261' title='bbox 809 2170 1051 2224; x_wconf 80' lang='lat' dir='ltr'><strong>exercitu</strong></span> <span class='ocrx_word' id='word_1_262' title='bbox 1094 2182 1257 2241; x_wconf 87' lang='lat' dir='ltr'><strong>atque</strong></span> <span class='ocrx_word' id='word_1_263' title='bbox 1282 2175 1348 2228; x_wconf 92' lang='lat' dir='ltr'><strong>ab</strong></span> <span class='ocrx_word' id='word_1_264' title='bbox 1376 2173 1622 2240; x_wconf 78' lang='lat' dir='ltr'><strong>Augusto</strong></span> <span class='ocrx_word' id='word_1_265' title='bbox 1644 2185 1761 2230; x_wconf 90' lang='lat' dir='ltr'><strong>erat</strong></span> <span class='ocrx_word' id='word_1_266' title='bbox 1804 2177 1998 2231; x_wconf 87' lang='lat' dir='ltr'><strong>verisi-</strong></span> 
     </span>
    </p>
   </div>
   <div class='ocr_carea' id='block_1_38' title="bbox 412 2255 1992 2326">
    <p class='ocr_par' dir='ltr' id='par_1_38' title="bbox 412 2255 1992 2326">
     <span class='ocr_line' id='line_1_38' title="bbox 412 2255 1992 2326; baseline 0.009 -19"><span class='ocrx_word' id='word_1_267' title='bbox 412 2255 675 2317; x_wconf 89' lang='lat' dir='ltr'><strong>mile;de</strong></span> <span class='ocrx_word' id='word_1_268' title='bbox 696 2259 894 2326; x_wconf 89' lang='lat' dir='ltr'><strong>quibus</strong></span> <span class='ocrx_word' id='word_1_269' title='bbox 929 2277 1051 2317; x_wconf 89' lang='lat' dir='ltr'><strong>cum</strong></span> <span class='ocrx_word' id='word_1_270' title='bbox 1100 2264 1302 2318; x_wconf 89' lang='lat' dir='ltr'><strong>dudum</strong></span> <span class='ocrx_word' id='word_1_271' title='bbox 1369 2266 1499 2319; x_wconf 86' lang='lat' dir='ltr'><strong>nihil</strong></span> <span class='ocrx_word' id='word_1_272' title='bbox 1554 2277 1699 2322; x_wconf 81' lang='lat' dir='ltr'><strong>esset</strong></span> <span class='ocrx_word' id='word_1_273' title='bbox 1749 2269 1992 2323; x_wconf 82' lang='lat' dir='ltr'><strong>auditum</strong></span> 
     </span>
    </p>
   </div>
   <div class='ocr_carea' id='block_1_39' title="bbox 411 2352 1996 2428">
    <p class='ocr_par' dir='ltr' id='par_1_39' title="bbox 411 2352 1996 2428">
     <span class='ocr_line' id='line_1_39' title="bbox 411 2352 1996 2428; baseline 0.011 -31"><span class='ocrx_word' id='word_1_274' title='bbox 411 2359 663 2413; x_wconf 84' lang='lat' dir='ltr'><strong>magnum</strong></span> <span class='ocrx_word' id='word_1_275' title='bbox 699 2358 817 2403; x_wconf 87' lang='lat' dir='ltr'><strong>erat</strong></span> <span class='ocrx_word' id='word_1_276' title='bbox 848 2352 1066 2419; x_wconf 88' lang='lat' dir='ltr'><strong>publice</strong></span> <span class='ocrx_word' id='word_1_277' title='bbox 1100 2355 1429 2410; x_wconf 83' lang='lat' dir='ltr'><strong>desiderium</strong></span> <span class='ocrx_word' id='word_1_278' title='bbox 1459 2357 1511 2409; x_wconf 90' lang='lat' dir='ltr'><strong>in</strong></span> <span class='ocrx_word' id='word_1_279' title='bbox 1537 2358 1691 2423; x_wconf 84' lang='lat' dir='ltr'><strong>urbe,</strong></span> <span class='ocrx_word' id='word_1_280' title='bbox 1722 2373 1829 2428; x_wconf 87' lang='lat' dir='ltr'><strong>quo</strong></span> <span class='ocrx_word' id='word_1_281' title='bbox 1851 2360 1996 2414; x_wconf 88' lang='lat' dir='ltr'><strong>salus</strong></span> 
     </span>
    </p>
   </div>
   <div class='ocr_carea' id='block_1_40' title="bbox 408 2439 1994 2523">
    <p class='ocr_par' dir='ltr' id='par_1_40' title="bbox 408 2439 1994 2523">
     <span class='ocr_line' id='line_1_40' title="bbox 408 2439 1994 2523; baseline 0.009 -29"><span class='ocrx_word' id='word_1_282' title='bbox 408 2439 753 2508; x_wconf 83' lang='lat' dir='ltr'><strong>imperatoris</strong></span> <span class='ocrx_word' id='word_1_283' title='bbox 785 2462 983 2518; x_wconf 88' lang='lat' dir='ltr'><strong>resque</strong></span> <span class='ocrx_word' id='word_1_284' title='bbox 1012 2464 1225 2505; x_wconf 89' lang='lat' dir='ltr'><strong>summa</strong></span> <span class='ocrx_word' id='word_1_285' title='bbox 1274 2450 1393 2505; x_wconf 87' lang='lat' dir='ltr'><strong>loco</strong></span> <span class='ocrx_word' id='word_1_286' title='bbox 1439 2460 1608 2507; x_wconf 82' lang='lat' dir='ltr'><strong>esset.</strong></span> <span class='ocrx_word' id='word_1_287' title='bbox 1660 2451 1814 2507; x_wconf 87' lang='lat' dir='ltr'><strong>Brevi</strong></span> <span class='ocrx_word' id='word_1_288' title='bbox 1845 2461 1994 2523; x_wconf 65' lang='lat' dir='ltr'><strong>Tergo</strong></span> 
     </span>
    </p>
   </div>
   <div class='ocr_carea' id='block_1_41' title="bbox 2100 1992 3693 2065">
    <p class='ocr_par' dir='ltr' id='par_1_41' title="bbox 2100 1992 3693 2065">
     <span class='ocr_line' id='line_1_41' title="bbox 2100 1992 3693 2065; baseline -0.001 -18"><span class='ocrx_word' id='word_1_289' title='bbox 2100 1993 2390 2047; x_wconf 79' lang='grc' dir='ltr'>σταντίνου</span> <span class='ocrx_word' id='word_1_290' title='bbox 2423 1994 2801 2065; x_wconf 82' lang='grc' dir='ltr'>ὲνεπὲπληστο</span> <span class='ocrx_word' id='word_1_291' title='bbox 2824 1994 2938 2047; x_wconf 85' lang='grc' dir='ltr'><strong>τῶν</strong></span> <span class='ocrx_word' id='word_1_292' title='bbox 2967 1993 3064 2047; x_wconf 86' lang='grc' dir='ltr'><strong>τοῦ</strong></span> <span class='ocrx_word' id='word_1_293' title='bbox 3102 1992 3370 2063; x_wconf 74' lang='grc' dir='ltr'>βασιλέως</span> <span class='ocrx_word' id='word_1_294' title='bbox 3401 1994 3693 2063; x_wconf 83' lang='grc' dir='ltr'>κατορθω-</span> 
     </span>
    </p>
   </div>
   <div class='ocr_carea' id='block_1_42' title="bbox 2103 2084 3697 2157">
    <p class='ocr_par' dir='ltr' id='par_1_42' title="bbox 2103 2084 3697 2157">
     <span class='ocr_line' id='line_1_42' title="bbox 2103 2084 3697 2157; baseline -0.001 -18"><span class='ocrx_word' id='word_1_295' title='bbox 2103 2085 2312 2154; x_wconf 82' lang='grc' dir='ltr'>μάτων.</span> <span class='ocrx_word' id='word_1_296' title='bbox 2353 2086 2465 2140; x_wconf 75' lang='grc' dir='ltr'><strong>Καὶ</strong></span> <span class='ocrx_word' id='word_1_297' title='bbox 2492 2089 2602 2157; x_wconf 86' lang='grc' dir='ltr'>γὰρ</span> <span class='ocrx_word' id='word_1_298' title='bbox 2630 2086 2706 2149; x_wconf 86' lang='grc' dir='ltr'>ὡς</span> <span class='ocrx_word' id='word_1_299' title='bbox 2733 2085 2953 2156; x_wconf 83' lang='grc' dir='ltr'>ἀληθῶς</span> <span class='ocrx_word' id='word_1_300' title='bbox 2973 2086 3098 2139; x_wconf 85' lang='grc' dir='ltr'>ὅσον</span> <span class='ocrx_word' id='word_1_301' title='bbox 3123 2085 3225 2154; x_wconf 78' lang='grc' dir='ltr'>μὲν</span> <span class='ocrx_word' id='word_1_302' title='bbox 3265 2084 3373 2138; x_wconf 75' lang='grc' dir='ltr'><strong>ἀπὸ</strong></span> <span class='ocrx_word' id='word_1_303' title='bbox 3394 2084 3494 2153; x_wconf 83' lang='grc' dir='ltr'><strong>τῆς</strong></span> <span class='ocrx_word' id='word_1_304' title='bbox 3526 2085 3697 2155; x_wconf 85' lang='grc' dir='ltr'><strong>τύχης</strong></span> 
     </span>
    </p>
   </div>
   <div class='ocr_carea' id='block_1_43' title="bbox 2099 2175 3698 2248">
    <p class='ocr_par' dir='ltr' id='par_1_43' title="bbox 2099 2175 3698 2248">
     <span class='ocr_line' id='line_1_43' title="bbox 2099 2175 3698 2248; baseline -0.001 -18"><span class='ocrx_word' id='word_1_305' title='bbox 2099 2177 2393 2247; x_wconf 82' lang='grc' dir='ltr'>δυσχερέσι</span> <span class='ocrx_word' id='word_1_306' title='bbox 2434 2176 2760 2247; x_wconf 79' lang='grc' dir='ltr'><strong>πράγμασιν</strong></span> <span class='ocrx_word' id='word_1_307' title='bbox 2779 2176 3057 2248; x_wconf 84' lang='grc' dir='ltr'>ὡμιλήκει</span> <span class='ocrx_word' id='word_1_308' title='bbox 3093 2178 3191 2231; x_wconf 74' lang='grc' dir='ltr'><strong>καὶ</strong></span> <span class='ocrx_word' id='word_1_309' title='bbox 3226 2176 3460 2242; x_wconf 63' lang='lat' dir='ltr'><strong>amem;</strong></span> <span class='ocrx_word' id='word_1_310' title='bbox 3508 2175 3698 2244; x_wconf 76' lang='grc' dir='ltr'>ἔχουσι</span> 
     </span>
    </p>
   </div>
   <div class='ocr_carea' id='block_1_44' title="bbox 2102 2266 3697 2337">
    <p class='ocr_par' dir='ltr' id='par_1_44' title="bbox 2102 2266 3697 2337">
     <span class='ocr_line' id='line_1_44' title="bbox 2102 2266 3697 2337; baseline 0 -18"><span class='ocrx_word' id='word_1_311' title='bbox 2102 2268 2242 2337; x_wconf 80' lang='grc' dir='ltr'>πρός</span> <span class='ocrx_word' id='word_1_312' title='bbox 2286 2285 2344 2320; x_wconf 89' lang='grc' dir='ltr'><strong>τε</strong></span> <span class='ocrx_word' id='word_1_313' title='bbox 2379 2267 2545 2321; x_wconf 86' lang='grc' dir='ltr'>αὐτὸν</span> <span class='ocrx_word' id='word_1_314' title='bbox 2596 2269 2690 2321; x_wconf 78' lang='grc' dir='ltr'><strong>καὶ</strong></span> <span class='ocrx_word' id='word_1_315' title='bbox 2710 2267 2804 2323; x_wconf 67' lang='grc' dir='ltr'><strong>..τὰ</strong></span> <span class='ocrx_word' id='word_1_316' title='bbox 2848 2268 2959 2322; x_wconf 83' lang='grc' dir='ltr'>τῶν</span> <span class='ocrx_word' id='word_1_317' title='bbox 3021 2267 3305 2337; x_wconf 84' lang='grc' dir='ltr'>Ῥωμαίων</span> <span class='ocrx_word' id='word_1_318' title='bbox 3368 2266 3697 2336; x_wconf 82' lang='grc' dir='ltr'>πράγματα.</span> 
     </span>
    </p>
   </div>
   <div class='ocr_carea' id='block_1_45' title="bbox 2102 2356 3701 2431">
    <p class='ocr_par' dir='ltr' id='par_1_45' title="bbox 2102 2356 3701 2431">
     <span class='ocr_line' id='line_1_45' title="bbox 2102 2356 3701 2431; baseline -0.003 -19"><span class='ocrx_word' id='word_1_319' title='bbox 2102 2361 2201 2412; x_wconf 72' lang='grc' dir='ltr'><strong>καὶ</strong></span> <span class='ocrx_word' id='word_1_320' title='bbox 2238 2359 2374 2420; x_wconf 76' lang='grc' dir='ltr'>ὅλως</span> <span class='ocrx_word' id='word_1_321' title='bbox 2405 2361 2844 2430; x_wconf 82' lang='grc' dir='ltr'><strong>δυστυχημάτων</strong></span> <span class='ocrx_word' id='word_1_322' title='bbox 2886 2359 3086 2431; x_wconf 85' lang='grc' dir='ltr'>πλήθει</span> <span class='ocrx_word' id='word_1_323' title='bbox 3153 2361 3503 2429; x_wconf 74' lang='grc' dir='ltr'>περιερρεῖτο</span> <span class='ocrx_word' id='word_1_324' title='bbox 3534 2373 3547 2387; x_wconf 88' lang='grc'><strong>·</strong></span> <span class='ocrx_word' id='word_1_325' title='bbox 3582 2356 3701 2411; x_wconf 82' lang='grc' dir='ltr'>ἀλλ’</span> 
     </span>
    </p>
   </div>
   <div class='ocr_carea' id='block_1_46' title="bbox 2101 2450 3703 2525">
    <p class='ocr_par' dir='ltr' id='par_1_46' title="bbox 2101 2450 3703 2525">
     <span class='ocr_line' id='line_1_46' title="bbox 2101 2450 3703 2525; baseline -0.001 -21"><span class='ocrx_word' id='word_1_326' title='bbox 2101 2451 2135 2522; x_wconf 79' lang='grc' dir='ltr'>ἦ</span> <span class='ocrx_word' id='word_1_327' title='bbox 2163 2469 2226 2519; x_wconf 91' lang='grc' dir='ltr'><strong>γε</strong></span> <span class='ocrx_word' id='word_1_328' title='bbox 2255 2452 2429 2524; x_wconf 82' lang='grc' dir='ltr'>ἀρετὴ</span> <span class='ocrx_word' id='word_1_329' title='bbox 2455 2452 2649 2506; x_wconf 86' lang='grc' dir='ltr'>τούτου</span> <span class='ocrx_word' id='word_1_330' title='bbox 2680 2454 2776 2507; x_wconf 77' lang='grc' dir='ltr'>καὶ</span> <span class='ocrx_word' id='word_1_331' title='bbox 2808 2454 2870 2507; x_wconf 78' lang='grc' dir='ltr'><strong>τὸ</strong></span> <span class='ocrx_word' id='word_1_332' title='bbox 2917 2453 3224 2525; x_wconf 66' lang='grc' dir='ltr'>ἐγρηγορὸς</span> <span class='ocrx_word' id='word_1_333' title='bbox 3257 2450 3351 2506; x_wconf 76' lang='grc' dir='ltr'>καὶ</span> <span class='ocrx_word' id='word_1_334' title='bbox 3374 2450 3703 2523; x_wconf 84' lang='grc' dir='ltr'>δραστήριον</span> 
     </span>
    </p>
   </div>
   <div class='ocr_carea' id='block_1_47' title="bbox 410 2540 2006 2617">
    <p class='ocr_par' dir='ltr' id='par_1_47' title="bbox 410 2540 2001 2614">
     <span class='ocr_line' id='line_1_47' title="bbox 410 2540 2001 2614; baseline 0.003 -23"><span class='ocrx_word' id='word_1_335' title='bbox 410 2547 735 2607; x_wconf 76' lang='lat' dir='ltr'><strong>congregata</strong></span> <span class='ocrx_word' id='word_1_336' title='bbox 804 2540 1011 2596; x_wconf 90' lang='lat' dir='ltr'><strong>circum</strong></span> <span class='ocrx_word' id='word_1_337' title='bbox 1075 2558 1136 2598; x_wconf 90' lang='lat' dir='ltr'><strong>se</strong></span> <span class='ocrx_word' id='word_1_338' title='bbox 1196 2544 1440 2614; x_wconf 81' lang='lat' dir='ltr'><strong>undique</strong></span> <span class='ocrx_word' id='word_1_339' title='bbox 1495 2545 1759 2599; x_wconf 86' lang='lat' dir='ltr'><strong>concione</strong></span> <span class='ocrx_word' id='word_1_340' title='bbox 1806 2557 2001 2613; x_wconf 85' lang='lat' dir='ltr'><strong>magna</strong></span> 
     </span>
    </p>
   </div>
   <div class='ocr_carea' id='block_1_48' title="bbox 2116 2540 3705 2617">
    <p class='ocr_par' dir='ltr' id='par_1_48' title="bbox 2116 2541 3705 2617">
     <span class='ocr_line' id='line_1_48' title="bbox 2116 2541 3705 2617; baseline -0.002 -21"><span class='ocrx_word' id='word_1_341' title='bbox 2116 2544 2390 2599; x_wconf 79' lang='grc' dir='ltr'>Ιιντέϐαινε</span> <span class='ocrx_word' id='word_1_342' title='bbox 2439 2546 2535 2599; x_wconf 77' lang='grc' dir='ltr'>καὶ</span> <span class='ocrx_word' id='word_1_343' title='bbox 2590 2544 2916 2616; x_wconf 77' lang='grc' dir='ltr'>φιλονείκως</span> <span class='ocrx_word' id='word_1_344' title='bbox 2977 2541 3095 2617; x_wconf 76' lang='grc' dir='ltr'>εἶχε</span> <span class='ocrx_word' id='word_1_345' title='bbox 3123 2543 3264 2616; x_wconf 79' lang='grc' dir='ltr'>πρὸς</span> <span class='ocrx_word' id='word_1_346' title='bbox 3306 2544 3453 2599; x_wconf 76' lang='grc' dir='ltr'>ἅπαν</span> <span class='ocrx_word' id='word_1_347' title='bbox 3503 2541 3705 2596; x_wconf 83' lang='grc' dir='ltr'>δυστύ-</span> 
     </span>
    </p>
   </div>
   <div class='ocr_carea' id='block_1_49' title="bbox 412 2635 2277 2707">
    <p class='ocr_par' dir='ltr' id='par_1_49' title="bbox 412 2635 2277 2707">
     <span class='ocr_line' id='line_1_49' title="bbox 412 2635 2277 2707; baseline 0.006 -27"><span class='ocrx_word' id='word_1_348' title='bbox 412 2635 669 2694; x_wconf 89' lang='lat' dir='ltr'><strong>perpetuo</strong></span> <span class='ocrx_word' id='word_1_349' title='bbox 720 2642 1003 2688; x_wconf 87' lang='lat' dir='ltr'><strong>crescente</strong></span> <span class='ocrx_word' id='word_1_350' title='bbox 1050 2636 1456 2689; x_wconf 89' lang='lat' dir='ltr'><strong>occurrentium</strong></span> <span class='ocrx_word' id='word_1_351' title='bbox 1506 2637 1747 2706; x_wconf 89' lang='lat' dir='ltr'><strong>equitum</strong></span> <span class='ocrx_word' id='word_1_352' title='bbox 1797 2635 1999 2691; x_wconf 90' lang='lat' dir='ltr'><strong>mistim</strong></span> <span class='ocrx_word' id='word_1_353' title='bbox 2099 2655 2277 2707; x_wconf 84' lang='grc' dir='ltr'>χημα.</span> 
     </span>
    </p>
   </div>
   <div class='ocr_carea' id='block_1_50' title="bbox 409 2723 3709 2805">
    <p class='ocr_par' dir='ltr' id='par_1_50' title="bbox 409 2723 3709 2805">
     <span class='ocr_line' id='line_1_50' title="bbox 409 2723 3709 2805; baseline -0.001 -15"><span class='ocrx_word' id='word_1_354' title='bbox 409 2739 444 2790; x_wconf 79' lang='grc' dir='ltr'>ι)</span> <span class='ocrx_word' id='word_1_355' title='bbox 464 2723 776 2795; x_wconf 72' lang='lat' dir='ltr'><strong>‘dilllmque,</strong></span> <span class='ocrx_word' id='word_1_356' title='bbox 801 2729 908 2783; x_wconf 87' lang='lat' dir='ltr'><strong>alta</strong></span> <span class='ocrx_word' id='word_1_357' title='bbox 935 2731 1461 2802; x_wconf 70' lang='lat' dir='ltr'><strong>exorsnsCamytzes</strong></span> <span class='ocrx_word' id='word_1_358' title='bbox 1491 2746 1642 2798; x_wconf 89' lang='lat' dir='ltr'><strong>voce,</strong></span> <span class='ocrx_word' id='word_1_359' title='bbox 1672 2732 1794 2787; x_wconf 91' lang='lat' dir='ltr'><strong>belli</strong></span> <span class='ocrx_word' id='word_1_360' title='bbox 1817 2747 1975 2787; x_wconf 87' lang='lat' dir='ltr'><strong>casus</strong></span> <span class='ocrx_word' id='word_1_361' title='bbox 1998 2734 2285 2790; x_wconf 82' lang='lat' dir='ltr'><strong>universos</strong></span> <span class='ocrx_word' id='word_1_362' title='bbox 2353 2735 2739 2805; x_wconf 86' lang='lat' dir='ltr'><strong>fortunamque</strong></span> <span class='ocrx_word' id='word_1_363' title='bbox 2805 2734 3038 2790; x_wconf 83' lang='lat' dir='ltr'><strong>Romani</strong></span> <span class='ocrx_word' id='word_1_364' title='bbox 3092 2736 3387 2800; x_wconf 76' lang='lat' dir='ltr'><strong>exercitus,</strong></span> <span class='ocrx_word' id='word_1_365' title='bbox 3450 2733 3709 2790; x_wconf 83' lang='lat' dir='ltr'><strong>consilia-</strong></span> 
     </span>
    </p>
   </div>
   <div class='ocr_carea' id='block_1_51' title="bbox 408 2819 3701 2896">
    <p class='ocr_par' dir='ltr' id='par_1_51' title="bbox 408 2819 3701 2896">
     <span class='ocr_line' id='line_1_51' title="bbox 408 2819 3701 2896; baseline 0.005 -32"><span class='ocrx_word' id='word_1_366' title='bbox 408 2827 517 2884; x_wconf 83' lang='lat' dir='ltr'><strong>que</strong></span> <span class='ocrx_word' id='word_1_367' title='bbox 550 2819 772 2887; x_wconf 83' lang='lat' dir='ltr'><strong>Augusti</strong></span> <span class='ocrx_word' id='word_1_368' title='bbox 802 2833 866 2874; x_wconf 92' lang='lat' dir='ltr'><strong>ac</strong></span> <span class='ocrx_word' id='word_1_369' title='bbox 896 2822 1367 2890; x_wconf 88' lang='lat' dir='ltr'><strong>prndentissimam</strong></span> <span class='ocrx_word' id='word_1_370' title='bbox 1394 2823 1471 2877; x_wconf 87' lang='lat' dir='ltr'><strong>rei</strong></span> <span class='ocrx_word' id='word_1_371' title='bbox 1501 2832 1691 2880; x_wconf 88' lang='lat' dir='ltr'><strong>contra</strong></span> <span class='ocrx_word' id='word_1_372' title='bbox 1762 2822 2034 2879; x_wconf 89' lang='lat' dir='ltr'><strong>Barbaros</strong></span> <span class='ocrx_word' id='word_1_373' title='bbox 2070 2825 2323 2894; x_wconf 69' lang='lat' dir='ltr'><strong>gerendae</strong></span> <span class='ocrx_word' id='word_1_374' title='bbox 2353 2827 2619 2882; x_wconf 87' lang='lat' dir='ltr'><strong>rationem</strong></span> <span class='ocrx_word' id='word_1_375' title='bbox 2646 2867 2660 2889; x_wconf 85' lang='lat'><strong>,</strong></span> <span class='ocrx_word' id='word_1_376' title='bbox 2706 2838 2983 2896; x_wconf 84' lang='lat' dir='ltr'><strong>postremo</strong></span> <span class='ocrx_word' id='word_1_377' title='bbox 3057 2825 3302 2894; x_wconf 86' lang='lat' dir='ltr'><strong>eiusdem</strong></span> <span class='ocrx_word' id='word_1_378' title='bbox 3359 2827 3701 2896; x_wconf 82' lang='lat' dir='ltr'><strong>splendidam</strong></span> 
     </span>
    </p>
   </div>
   <div class='ocr_carea' id='block_1_52' title="bbox 410 2909 3707 2990">
    <p class='ocr_par' dir='ltr' id='par_1_52' title="bbox 410 2909 3707 2990">
     <span class='ocr_line' id='line_1_52' title="bbox 410 2909 3707 2990; baseline 0.005 -32"><span class='ocrx_word' id='word_1_379' title='bbox 410 2909 696 2963; x_wconf 77' lang='lat' dir='ltr'><strong>victoriam</strong></span> <span class='ocrx_word' id='word_1_380' title='bbox 728 2925 834 2980; x_wconf 90' lang='lat' dir='ltr'><strong>qua</strong></span> <span class='ocrx_word' id='word_1_381' title='bbox 887 2914 1321 2973; x_wconf 84' lang='lat' dir='ltr'><strong>cumulatissime</strong></span> <span class='ocrx_word' id='word_1_382' title='bbox 1361 2916 1568 2973; x_wconf 86' lang='lat' dir='ltr'><strong>ancos</strong></span> <span class='ocrx_word' id='word_1_383' title='bbox 1641 2926 1786 2973; x_wconf 89' lang='lat' dir='ltr'><strong>esset</strong></span> <span class='ocrx_word' id='word_1_384' title='bbox 1829 2916 1971 2972; x_wconf 85' lang='lat' dir='ltr'><strong>ultus</strong></span> <span class='ocrx_word' id='word_1_385' title='bbox 2004 2954 2023 2983; x_wconf 91' lang='lat'><strong>,</strong></span> <span class='ocrx_word' id='word_1_386' title='bbox 2090 2917 2600 2988; x_wconf 82' lang='lat' dir='ltr'><strong>exposuit;adjecit</strong></span> <span class='ocrx_word' id='word_1_387' title='bbox 2635 2929 2756 2987; x_wconf 88' lang='lat' dir='ltr'><strong>post</strong></span> <span class='ocrx_word' id='word_1_388' title='bbox 2810 2920 2993 2974; x_wconf 85' lang='lat' dir='ltr'><strong>omnia</strong></span> <span class='ocrx_word' id='word_1_389' title='bbox 3044 2934 3199 2973; x_wconf 90' lang='lat' dir='ltr'><strong>suam</strong></span> <span class='ocrx_word' id='word_1_390' title='bbox 3250 2919 3420 2988; x_wconf 85' lang='lat' dir='ltr'><strong>ipsius</strong></span> <span class='ocrx_word' id='word_1_391' title='bbox 3469 2917 3707 2990; x_wconf 81' lang='lat' dir='ltr'><strong>fugante</strong></span> 
     </span>
    </p>
   </div>
   <div class='ocr_carea' id='block_1_53' title="bbox 410 2998 3703 3083">
    <p class='ocr_par' dir='ltr' id='par_1_53' title="bbox 410 2998 3703 3083">
     <span class='ocr_line' id='line_1_53' title="bbox 410 2998 3703 3083; baseline 0.004 -30"><span class='ocrx_word' id='word_1_392' title='bbox 410 2998 779 3059; x_wconf 77' lang='lat' dir='ltr'><strong>Barbarorurn</strong></span> <span class='ocrx_word' id='word_1_393' title='bbox 808 3006 1040 3062; x_wconf 85' lang='lat' dir='ltr'><strong>vinculis</strong></span> <span class='ocrx_word' id='word_1_394' title='bbox 1072 3008 1579 3080; x_wconf 83' lang='lat' dir='ltr'><strong>inopinatissimam.</strong></span> <span class='ocrx_word' id='word_1_395' title='bbox 1616 3011 1775 3066; x_wconf 85' lang='lat' dir='ltr'><strong>Dedit</strong></span> <span class='ocrx_word' id='word_1_396' title='bbox 1827 3013 1893 3067; x_wconf 88' lang='lat' dir='ltr'><strong>ad</strong></span> <span class='ocrx_word' id='word_1_397' title='bbox 1925 3028 1986 3067; x_wconf 89' lang='lat' dir='ltr'><strong>ea</strong></span> <span class='ocrx_word' id='word_1_398' title='bbox 2038 3025 2203 3068; x_wconf 86' lang='lat' dir='ltr'><strong>voces</strong></span> <span class='ocrx_word' id='word_1_399' title='bbox 2233 3011 2442 3066; x_wconf 89' lang='lat' dir='ltr'><strong>indices</strong></span> <span class='ocrx_word' id='word_1_400' title='bbox 2477 3014 2656 3082; x_wconf 89' lang='lat' dir='ltr'><strong>gaudii</strong></span> <span class='ocrx_word' id='word_1_401' title='bbox 2717 3015 2954 3083; x_wconf 85' lang='lat' dir='ltr'><strong>ingentis</strong></span> <span class='ocrx_word' id='word_1_402' title='bbox 3005 3014 3294 3068; x_wconf 86' lang='lat' dir='ltr'><strong>multitudo</strong></span> <span class='ocrx_word' id='word_1_403' title='bbox 3372 3021 3522 3080; x_wconf 88' lang='lat' dir='ltr'><strong>tota;</strong></span> <span class='ocrx_word' id='word_1_404' title='bbox 3594 3013 3703 3066; x_wconf 87' lang='lat' dir='ltr'><strong>mi-</strong></span> 
     </span>
    </p>
   </div>
   <div class='ocr_carea' id='block_1_54' title="bbox 413 3092 3705 3179">
    <p class='ocr_par' dir='ltr' id='par_1_54' title="bbox 413 3092 3705 3179">
     <span class='ocr_line' id='line_1_54' title="bbox 413 3092 3705 3179; baseline 0.002 -28"><span class='ocrx_word' id='word_1_405' title='bbox 413 3104 638 3161; x_wconf 84' lang='lat' dir='ltr'><strong>stusque</strong></span> <span class='ocrx_word' id='word_1_406' title='bbox 660 3100 1112 3159; x_wconf 82' lang='lat' dir='ltr'><strong>acclamationum</strong></span> <span class='ocrx_word' id='word_1_407' title='bbox 1135 3115 1189 3161; x_wconf 91' lang='lat' dir='ltr'><strong>et</strong></span> <span class='ocrx_word' id='word_1_408' title='bbox 1215 3108 1499 3176; x_wconf 87' lang='lat' dir='ltr'><strong>plausuum</strong></span> <span class='ocrx_word' id='word_1_409' title='bbox 1558 3123 1726 3164; x_wconf 82' lang='lat' dir='ltr'><strong>sonus</strong></span> <span class='ocrx_word' id='word_1_410' title='bbox 1788 3109 1843 3164; x_wconf 90' lang='lat' dir='ltr'><strong>in</strong></span> <span class='ocrx_word' id='word_1_411' title='bbox 1884 3108 2082 3164; x_wconf 90' lang='lat' dir='ltr'><strong>coelum</strong></span> <span class='ocrx_word' id='word_1_412' title='bbox 2120 3123 2292 3178; x_wconf 86' lang='lat' dir='ltr'><strong>usque</strong></span> <span class='ocrx_word' id='word_1_413' title='bbox 2314 3107 2562 3164; x_wconf 86' lang='lat' dir='ltr'><strong>sublatus</strong></span> <span class='ocrx_word' id='word_1_414' title='bbox 2589 3117 2707 3176; x_wconf 90' lang='lat' dir='ltr'><strong>est,</strong></span> <span class='ocrx_word' id='word_1_415' title='bbox 2745 3123 2846 3164; x_wconf 91' lang='lat' dir='ltr'><strong>nec</strong></span> <span class='ocrx_word' id='word_1_416' title='bbox 2880 3109 2932 3162; x_wconf 93' lang='lat' dir='ltr'><strong>in</strong></span> <span class='ocrx_word' id='word_1_417' title='bbox 2960 3106 3081 3163; x_wconf 84' lang='lat' dir='ltr'><strong>foro</strong></span> <span class='ocrx_word' id='word_1_418' title='bbox 3111 3092 3400 3179; x_wconf 84' lang='lat' dir='ltr'><strong>gratulatio</strong></span> <span class='ocrx_word' id='word_1_419' title='bbox 3436 3106 3705 3162; x_wconf 89' lang='lat' dir='ltr'><strong>constitit.</strong></span> 
     </span>
    </p>
   </div>
   <div class='ocr_carea' id='block_1_55' title="bbox 416 3190 3707 3271">
    <p class='ocr_par' dir='ltr' id='par_1_55' title="bbox 416 3190 3707 3271">
     <span class='ocr_line' id='line_1_55' title="bbox 416 3190 3707 3271; baseline 0.002 -27"><span class='ocrx_word' id='word_1_420' title='bbox 416 3190 810 3251; x_wconf 66' lang='lat' dir='ltr'><strong>I)i:iitur‘illinc</strong></span> <span class='ocrx_word' id='word_1_421' title='bbox 864 3194 919 3249; x_wconf 91' lang='lat' dir='ltr'><strong>in</strong></span> <span class='ocrx_word' id='word_1_422' title='bbox 972 3198 1124 3252; x_wconf 92' lang='lat' dir='ltr'><strong>vicos</strong></span> <span class='ocrx_word' id='word_1_423' title='bbox 1178 3200 1326 3253; x_wconf 87' lang='lat' dir='ltr'><strong>urbis</strong></span> <span class='ocrx_word' id='word_1_424' title='bbox 1359 3202 1656 3271; x_wconf 90' lang='lat' dir='ltr'><strong>domosque</strong></span> <span class='ocrx_word' id='word_1_425' title='bbox 1684 3199 1829 3255; x_wconf 84' lang='lat' dir='ltr'><strong>fama</strong></span> <span class='ocrx_word' id='word_1_426' title='bbox 1877 3209 2141 3269; x_wconf 85' lang='lat' dir='ltr'><strong>permeat,</strong></span> <span class='ocrx_word' id='word_1_427' title='bbox 2171 3214 2453 3256; x_wconf 87' lang='lat' dir='ltr'><strong>sermones</strong></span> <span class='ocrx_word' id='word_1_428' title='bbox 2510 3216 2615 3254; x_wconf 90' lang='lat' dir='ltr'><strong>una</strong></span> <span class='ocrx_word' id='word_1_429' title='bbox 2666 3201 2718 3254; x_wconf 92' lang='lat' dir='ltr'><strong>in</strong></span> <span class='ocrx_word' id='word_1_430' title='bbox 2775 3213 2836 3255; x_wconf 87' lang='lat' dir='ltr'><strong>re</strong></span> <span class='ocrx_word' id='word_1_431' title='bbox 2902 3201 3145 3255; x_wconf 89' lang='lat' dir='ltr'><strong>omnium</strong></span> <span class='ocrx_word' id='word_1_432' title='bbox 3221 3199 3537 3270; x_wconf 82' lang='lat' dir='ltr'><strong>linguasque</strong></span> <span class='ocrx_word' id='word_1_433' title='bbox 3614 3213 3707 3253; x_wconf 90' lang='lat' dir='ltr'><strong>oc-</strong></span> 
     </span>
    </p>
   </div>
   <div class='ocr_carea' id='block_1_56' title="bbox 415 3274 3705 3362">
    <p class='ocr_par' dir='ltr' id='par_1_56' title="bbox 415 3274 3705 3362">
     <span class='ocr_line' id='line_1_56' title="bbox 415 3274 3705 3362; baseline 0.002 -25"><span class='ocrx_word' id='word_1_434' title='bbox 415 3298 665 3351; x_wconf 86' lang='lat' dir='ltr'><strong>cupans;</strong></span> <span class='ocrx_word' id='word_1_435' title='bbox 718 3286 769 3340; x_wconf 92' lang='lat' dir='ltr'><strong>in</strong></span> <span class='ocrx_word' id='word_1_436' title='bbox 830 3288 1172 3345; x_wconf 87' lang='lat' dir='ltr'><strong>celebrandis</strong></span> <span class='ocrx_word' id='word_1_437' title='bbox 1228 3292 1699 3362; x_wconf 83' lang='lat' dir='ltr'><strong>praedicandisque</strong></span> <span class='ocrx_word' id='word_1_438' title='bbox 1758 3292 2002 3350; x_wconf 85' lang='lat' dir='ltr'><strong>heroicis</strong></span> <span class='ocrx_word' id='word_1_439' title='bbox 2070 3274 2407 3347; x_wconf 83' lang='lat' dir='ltr'><strong>facinoribus</strong></span> <span class='ocrx_word' id='word_1_440' title='bbox 2433 3292 2605 3347; x_wconf 76' lang='lat' dir='ltr'><strong>Alexii</strong></span> <span class='ocrx_word' id='word_1_441' title='bbox 2659 3292 2913 3361; x_wconf 79' lang='lat' dir='ltr'><strong>Augusti.</strong></span> <span class='ocrx_word' id='word_1_442' title='bbox 3004 3291 3120 3345; x_wconf 87' lang='lat' dir='ltr'><strong>Non</strong></span> <span class='ocrx_word' id='word_1_443' title='bbox 3176 3291 3482 3346; x_wconf 88' lang='lat' dir='ltr'><strong>immerenti</strong></span> <span class='ocrx_word' id='word_1_444' title='bbox 3537 3291 3705 3345; x_wconf 83' lang='lat' dir='ltr'><strong>obve-</strong></span> 
     </span>
    </p>
   </div>
   <div class='ocr_carea' id='block_1_57' title="bbox 414 3381 3711 3456">
    <p class='ocr_par' dir='ltr' id='par_1_57' title="bbox 414 3381 3711 3456">
     <span class='ocr_line' id='line_1_57' title="bbox 414 3381 3711 3456; baseline 0.002 -24"><span class='ocrx_word' id='word_1_445' title='bbox 414 3382 599 3434; x_wconf 86' lang='lat' dir='ltr'><strong>n&#39;ebat</strong></span> <span class='ocrx_word' id='word_1_446' title='bbox 654 3390 840 3436; x_wconf 87' lang='lat' dir='ltr'><strong>tantus</strong></span> <span class='ocrx_word' id='word_1_447' title='bbox 891 3381 1087 3439; x_wconf 90' lang='lat' dir='ltr'><strong>honor.</strong></span> <span class='ocrx_word' id='word_1_448' title='bbox 1157 3382 1302 3439; x_wconf 83' lang='lat' dir='ltr'><strong>Sane</strong></span> <span class='ocrx_word' id='word_1_449' title='bbox 1363 3385 1509 3440; x_wconf 91' lang='lat' dir='ltr'><strong>enint</strong></span> <span class='ocrx_word' id='word_1_450' title='bbox 1562 3387 1607 3440; x_wconf 89' lang='lat' dir='ltr'><strong>si</strong></span> <span class='ocrx_word' id='word_1_451' title='bbox 1639 3385 1764 3456; x_wconf 83' lang='lat' dir='ltr'><strong>quis</strong></span> <span class='ocrx_word' id='word_1_452' title='bbox 1793 3393 2006 3453; x_wconf 85' lang='lat' dir='ltr'><strong>reputet</strong></span> <span class='ocrx_word' id='word_1_453' title='bbox 2035 3396 2239 3454; x_wconf 88' lang='lat' dir='ltr'><strong>quanta</strong></span> <span class='ocrx_word' id='word_1_454' title='bbox 2272 3392 2386 3440; x_wconf 87' lang='lat' dir='ltr'><strong>tum</strong></span> <span class='ocrx_word' id='word_1_455' title='bbox 2418 3386 2729 3441; x_wconf 87' lang='lat' dir='ltr'><strong>incubuerit</strong></span> <span class='ocrx_word' id='word_1_456' title='bbox 2788 3387 2841 3438; x_wconf 90' lang='lat' dir='ltr'><strong>in</strong></span> <span class='ocrx_word' id='word_1_457' title='bbox 2870 3382 3172 3439; x_wconf 80' lang='lat' dir='ltr'><strong>Romanam</strong></span> <span class='ocrx_word' id='word_1_458' title='bbox 3229 3397 3341 3439; x_wconf 84' lang='lat' dir='ltr'><strong>rem</strong></span> <span class='ocrx_word' id='word_1_459' title='bbox 3412 3383 3711 3438; x_wconf 82' lang='lat' dir='ltr'><strong>inclemen-</strong></span> 
     </span>
    </p>
   </div>
   <div class='ocr_carea' id='block_1_58' title="bbox 412 3473 3712 3547">
    <p class='ocr_par' dir='ltr' id='par_1_58' title="bbox 412 3473 3712 3547">
     <span class='ocr_line' id='line_1_58' title="bbox 412 3473 3712 3547; baseline 0 -19"><span class='ocrx_word' id='word_1_460' title='bbox 412 3473 488 3528; x_wconf 84' lang='lat' dir='ltr'><strong>tia</strong></span> <span class='ocrx_word' id='word_1_461' title='bbox 522 3473 786 3543; x_wconf 67' lang='lat' dir='ltr'><strong>lortunaa;</strong></span> <span class='ocrx_word' id='word_1_462' title='bbox 820 3477 1008 3546; x_wconf 87' lang='lat' dir='ltr'><strong>quanti</strong></span> <span class='ocrx_word' id='word_1_463' title='bbox 1038 3476 1086 3533; x_wconf 92' lang='lat' dir='ltr'><strong>ei</strong></span> <span class='ocrx_word' id='word_1_464' title='bbox 1136 3476 1470 3535; x_wconf 80' lang='lat' dir='ltr'><strong>funestorum</strong></span> <span class='ocrx_word' id='word_1_465' title='bbox 1531 3494 1756 3535; x_wconf 87' lang='lat' dir='ltr'><strong>casuum</strong></span> <span class='ocrx_word' id='word_1_466' title='bbox 1817 3476 2249 3547; x_wconf 84' lang='lat' dir='ltr'><strong>infestorumque</strong></span> <span class='ocrx_word' id='word_1_467' title='bbox 2325 3478 2701 3533; x_wconf 90' lang='lat' dir='ltr'><strong>discriminum</strong></span> <span class='ocrx_word' id='word_1_468' title='bbox 2762 3476 3229 3532; x_wconf 86' lang='lat' dir='ltr'><strong>vehementissimi</strong></span> <span class='ocrx_word' id='word_1_469' title='bbox 3278 3484 3468 3531; x_wconf 90' lang='lat' dir='ltr'><strong>contra</strong></span> <span class='ocrx_word' id='word_1_470' title='bbox 3515 3474 3712 3529; x_wconf 68' lang='lat' dir='ltr'><strong>ﬂuctus</strong></span> 
     </span>
    </p>
   </div>
   <div class='ocr_carea' id='block_1_59' title="bbox 417 3564 3711 3641">
    <p class='ocr_par' dir='ltr' id='par_1_59' title="bbox 417 3564 3711 3641">
     <span class='ocr_line' id='line_1_59' title="bbox 417 3564 3711 3641; baseline 0.001 -23"><span class='ocrx_word' id='word_1_471' title='bbox 417 3564 784 3633; x_wconf 87' lang='lat' dir='ltr'><strong>incurrerint;</strong></span> <span class='ocrx_word' id='word_1_472' title='bbox 874 3584 995 3637; x_wconf 64' lang='lat' dir='ltr'><strong>quae</strong></span> <span class='ocrx_word' id='word_1_473' title='bbox 1044 3568 1275 3640; x_wconf 86' lang='lat' dir='ltr'><strong>denique</strong></span> <span class='ocrx_word' id='word_1_474' title='bbox 1348 3573 1494 3627; x_wconf 88' lang='lat' dir='ltr'><strong>circa</strong></span> <span class='ocrx_word' id='word_1_475' title='bbox 1556 3571 1733 3641; x_wconf 91' lang='lat' dir='ltr'><strong>ipsum</strong></span> <span class='ocrx_word' id='word_1_476' title='bbox 1808 3582 2031 3638; x_wconf 90' lang='lat' dir='ltr'><strong>remque</strong></span> <span class='ocrx_word' id='word_1_477' title='bbox 2108 3569 2380 3636; x_wconf 89' lang='lat' dir='ltr'><strong>publicam</strong></span> <span class='ocrx_word' id='word_1_478' title='bbox 2411 3576 2527 3623; x_wconf 90' lang='lat' dir='ltr'><strong>toto</strong></span> <span class='ocrx_word' id='word_1_479' title='bbox 2559 3568 2899 3638; x_wconf 83' lang='lat' dir='ltr'><strong>principatus</strong></span> <span class='ocrx_word' id='word_1_480' title='bbox 2944 3568 3065 3639; x_wconf 83' lang='lat' dir='ltr'><strong>ejus</strong></span> <span class='ocrx_word' id='word_1_481' title='bbox 3148 3577 3394 3633; x_wconf 86' lang='lat' dir='ltr'><strong>tempore</strong></span> <span class='ocrx_word' id='word_1_482' title='bbox 3449 3564 3711 3621; x_wconf 80' lang='lat' dir='ltr'><strong>continuo</strong></span> 
     </span>
    </p>
   </div>
   <div class='ocr_carea' id='block_1_60' title="bbox 419 3657 3713 3732">
    <p class='ocr_par' dir='ltr' id='par_1_60' title="bbox 419 3657 3713 3732">
     <span class='ocr_line' id='line_1_60' title="bbox 419 3657 3713 3732; baseline -0.001 -19"><span class='ocrx_word' id='word_1_483' title='bbox 419 3661 659 3730; x_wconf 86' lang='lat' dir='ltr'><strong>undique</strong></span> <span class='ocrx_word' id='word_1_484' title='bbox 687 3662 959 3718; x_wconf 65' lang='lat' dir='ltr'><strong>adluxerit</strong></span> <span class='ocrx_word' id='word_1_485' title='bbox 1011 3662 1216 3718; x_wconf 88' lang='lat' dir='ltr'><strong>eluvies</strong></span> <span class='ocrx_word' id='word_1_486' title='bbox 1273 3665 1540 3719; x_wconf 89' lang='lat' dir='ltr'><strong>malorum</strong></span> <span class='ocrx_word' id='word_1_487' title='bbox 1577 3682 1591 3719; x_wconf 84' lang='lat'><strong>:</strong></span> <span class='ocrx_word' id='word_1_488' title='bbox 1631 3680 1712 3719; x_wconf 71' lang='lat' dir='ltr'><strong>ua:</strong></span> <span class='ocrx_word' id='word_1_489' title='bbox 1740 3665 1785 3718; x_wconf 92' lang='lat' dir='ltr'><strong>is</strong></span> <span class='ocrx_word' id='word_1_490' title='bbox 1836 3663 1996 3717; x_wconf 77' lang='lat' dir='ltr'><strong>facile</strong></span> <span class='ocrx_word' id='word_1_491' title='bbox 2064 3671 2288 3730; x_wconf 90' lang='lat' dir='ltr'><strong>statuet,</strong></span> <span class='ocrx_word' id='word_1_492' title='bbox 2353 3678 2695 3732; x_wconf 84' lang='lat' dir='ltr'><strong>nequaquam</strong></span> <span class='ocrx_word' id='word_1_493' title='bbox 2730 3663 2958 3718; x_wconf 85' lang='lat' dir='ltr'><strong>usitatas</strong></span> <span class='ocrx_word' id='word_1_494' title='bbox 2996 3675 3118 3716; x_wconf 90' lang='lat' dir='ltr'><strong>esse</strong></span> <span class='ocrx_word' id='word_1_495' title='bbox 3149 3660 3400 3715; x_wconf 89' lang='lat' dir='ltr'><strong>debuisse</strong></span> <span class='ocrx_word' id='word_1_496' title='bbox 3456 3659 3562 3714; x_wconf 88' lang='lat' dir='ltr'><strong>viri</strong></span> <span class='ocrx_word' id='word_1_497' title='bbox 3600 3657 3713 3711; x_wconf 78' lang='lat' dir='ltr'><strong>vir-</strong></span> 
     </span>
    </p>
   </div>
   <div class='ocr_carea' id='block_1_61' title="bbox 423 3750 3703 3825">
    <p class='ocr_par' dir='ltr' id='par_1_61' title="bbox 423 3750 3703 3825">
     <span class='ocr_line' id='line_1_61' title="bbox 423 3750 3703 3825; baseline -0.002 -17"><span class='ocrx_word' id='word_1_498' title='bbox 423 3763 602 3819; x_wconf 84' lang='lat' dir='ltr'><strong>tules;</strong></span> <span class='ocrx_word' id='word_1_499' title='bbox 660 3770 805 3820; x_wconf 91' lang='lat' dir='ltr'><strong>non,</strong></span> <span class='ocrx_word' id='word_1_500' title='bbox 869 3755 1132 3825; x_wconf 82' lang='lat' dir='ltr'><strong>inquam,</strong></span> <span class='ocrx_word' id='word_1_501' title='bbox 1162 3756 1480 3825; x_wconf 79' lang='lat' dir='ltr'><strong>prudentem</strong></span> <span class='ocrx_word' id='word_1_502' title='bbox 1518 3754 1710 3820; x_wconf 88' lang='lat' dir='ltr'><strong>illum;</strong></span> <span class='ocrx_word' id='word_1_503' title='bbox 1749 3767 1931 3807; x_wconf 86' lang='lat' dir='ltr'><strong>acrem</strong></span> <span class='ocrx_word' id='word_1_504' title='bbox 1974 3768 2038 3806; x_wconf 87' lang='lat' dir='ltr'><strong>ac</strong></span> <span class='ocrx_word' id='word_1_505' title='bbox 2127 3762 2411 3807; x_wconf 88' lang='lat' dir='ltr'><strong>strenuum</strong></span> <span class='ocrx_word' id='word_1_506' title='bbox 2463 3754 2669 3823; x_wconf 81' lang='lat' dir='ltr'><strong>vulgari</strong></span> <span class='ocrx_word' id='word_1_507' title='bbox 2723 3755 2884 3807; x_wconf 89' lang='lat' dir='ltr'><strong>modo</strong></span> <span class='ocrx_word' id='word_1_508' title='bbox 2934 3751 3204 3806; x_wconf 79' lang='lat' dir='ltr'><strong>duntaxat</strong></span> <span class='ocrx_word' id='word_1_509' title='bbox 3252 3750 3460 3816; x_wconf 86' lang='lat' dir='ltr'><strong>fuisse,</strong></span> <span class='ocrx_word' id='word_1_510' title='bbox 3509 3764 3703 3804; x_wconf 88' lang='lat' dir='ltr'><strong>verum</strong></span> 
     </span>
    </p>
   </div>
   <div class='ocr_carea' id='block_1_62' title="bbox 420 3842 3715 3914">
    <p class='ocr_par' dir='ltr' id='par_1_62' title="bbox 420 3842 3715 3914">
     <span class='ocr_line' id='line_1_62' title="bbox 420 3842 3715 3914; baseline -0.002 -12"><span class='ocrx_word' id='word_1_511' title='bbox 420 3864 630 3902; x_wconf 89' lang='lat' dir='ltr'><strong>summa</strong></span> <span class='ocrx_word' id='word_1_512' title='bbox 660 3848 979 3903; x_wconf 78' lang='lat' dir='ltr'><strong>excelluisse</strong></span> <span class='ocrx_word' id='word_1_513' title='bbox 1015 3846 1232 3900; x_wconf 89' lang='lat' dir='ltr'><strong>laudum</strong></span> <span class='ocrx_word' id='word_1_514' title='bbox 1258 3846 1484 3900; x_wconf 86' lang='lat' dir='ltr'><strong>istarum</strong></span> <span class='ocrx_word' id='word_1_515' title='bbox 1517 3845 1826 3914; x_wconf 61' lang='lat' dir='ltr'><strong>praestantia</strong></span> <span class='ocrx_word' id='word_1_516' title='bbox 1853 3884 1870 3910; x_wconf 97' lang='lat'><strong>,</strong></span> <span class='ocrx_word' id='word_1_517' title='bbox 1904 3845 1983 3899; x_wconf 91' lang='lat' dir='ltr'><strong>sic</strong></span> <span class='ocrx_word' id='word_1_518' title='bbox 2016 3846 2162 3899; x_wconf 91' lang='lat' dir='ltr'><strong>enim</strong></span> <span class='ocrx_word' id='word_1_519' title='bbox 2194 3854 2314 3899; x_wconf 86' lang='lat' dir='ltr'><strong>crat</strong></span> <span class='ocrx_word' id='word_1_520' title='bbox 2344 3859 2481 3913; x_wconf 91' lang='lat' dir='ltr'><strong>opus</strong></span> <span class='ocrx_word' id='word_1_521' title='bbox 2517 3857 2575 3898; x_wconf 90' lang='lat' dir='ltr'><strong>ut</strong></span> <span class='ocrx_word' id='word_1_522' title='bbox 2610 3854 2817 3899; x_wconf 86' lang='lat' dir='ltr'><strong>tantam</strong></span> <span class='ocrx_word' id='word_1_523' title='bbox 2870 3845 2978 3899; x_wconf 89' lang='lat' dir='ltr'><strong>vim</strong></span> <span class='ocrx_word' id='word_1_524' title='bbox 3042 3845 3409 3912; x_wconf 87' lang='lat' dir='ltr'><strong>ingruentium</strong></span> <span class='ocrx_word' id='word_1_525' title='bbox 3493 3842 3715 3912; x_wconf 88' lang='lat' dir='ltr'><strong>pericu-</strong></span> 
     </span>
    </p>
   </div>
   <div class='ocr_carea' id='block_1_63' title="bbox 427 3938 3716 4009">
    <p class='ocr_par' dir='ltr' id='par_1_63' title="bbox 427 3938 3716 4009">
     <span class='ocr_line' id='line_1_63' title="bbox 427 3938 3716 4009; baseline -0.001 -13"><span class='ocrx_word' id='word_1_526' title='bbox 427 3944 599 3997; x_wconf 90' lang='lat' dir='ltr'><strong>lorum</strong></span> <span class='ocrx_word' id='word_1_527' title='bbox 627 3943 710 3997; x_wconf 85' lang='lat' dir='ltr'><strong>vel</strong></span> <span class='ocrx_word' id='word_1_528' title='bbox 751 3942 983 3997; x_wconf 89' lang='lat' dir='ltr'><strong>consilio</strong></span> <span class='ocrx_word' id='word_1_529' title='bbox 1028 3941 1345 4005; x_wconf 86' lang='lat' dir='ltr'><strong>declinaret,</strong></span> <span class='ocrx_word' id='word_1_530' title='bbox 1396 3939 1481 3995; x_wconf 86' lang='lat' dir='ltr'><strong>vel</strong></span> <span class='ocrx_word' id='word_1_531' title='bbox 1547 3940 1729 3994; x_wconf 89' lang='lat' dir='ltr'><strong>animo</strong></span> <span class='ocrx_word' id='word_1_532' title='bbox 1797 3948 2194 4007; x_wconf 86' lang='lat' dir='ltr'><strong>perrumperet,</strong></span> <span class='ocrx_word' id='word_1_533' title='bbox 2250 3954 2374 3993; x_wconf 88' lang='lat' dir='ltr'><strong>cum</strong></span> <span class='ocrx_word' id='word_1_534' title='bbox 2424 3941 2722 4007; x_wconf 63' lang='lat' dir='ltr'><strong>prmsertim</strong></span> <span class='ocrx_word' id='word_1_535' title='bbox 2761 3939 2880 4009; x_wconf 77' lang='lat' dir='ltr'><strong>eius</strong></span> <span class='ocrx_word' id='word_1_536' title='bbox 2924 3940 3098 3993; x_wconf 88' lang='lat' dir='ltr'><strong>virtus</strong></span> <span class='ocrx_word' id='word_1_537' title='bbox 3156 3939 3423 4008; x_wconf 85' lang='lat' dir='ltr'><strong>prolicere</strong></span> <span class='ocrx_word' id='word_1_538' title='bbox 3467 3938 3716 3994; x_wconf 87' lang='lat' dir='ltr'><strong>adversis</strong></span> 
     </span>
    </p>
   </div>
   <div class='ocr_carea' id='block_1_64' title="bbox 423 4030 3709 4103">
    <p class='ocr_par' dir='ltr' id='par_1_64' title="bbox 423 4030 3709 4103">
     <span class='ocr_line' id='line_1_64' title="bbox 423 4030 3709 4103; baseline 0 -17"><span class='ocrx_word' id='word_1_539' title='bbox 423 4036 700 4089; x_wconf 76' lang='lat' dir='ltr'><strong>videretur</strong></span> <span class='ocrx_word' id='word_1_540' title='bbox 732 4074 747 4099; x_wconf 94' lang='lat'><strong>,</strong></span> <span class='ocrx_word' id='word_1_541' title='bbox 795 4033 1174 4102; x_wconf 77' lang='lat' dir='ltr'><strong>exsistereque</strong></span> <span class='ocrx_word' id='word_1_542' title='bbox 1221 4047 1439 4103; x_wconf 89' lang='lat' dir='ltr'><strong>semper</strong></span> <span class='ocrx_word' id='word_1_543' title='bbox 1500 4031 1694 4087; x_wconf 72' lang='lat' dir='ltr'><strong>fortior</strong></span> <span class='ocrx_word' id='word_1_544' title='bbox 1749 4046 1816 4085; x_wconf 83' lang='lat' dir='ltr'><strong>ex</strong></span> <span class='ocrx_word' id='word_1_545' title='bbox 1856 4031 2005 4086; x_wconf 92' lang='lat' dir='ltr'><strong>omni</strong></span> <span class='ocrx_word' id='word_1_546' title='bbox 2039 4030 2270 4085; x_wconf 68' lang='lat' dir='ltr'><strong>fortunae</strong></span> <span class='ocrx_word' id='word_1_547' title='bbox 2324 4031 2492 4098; x_wconf 89' lang='lat' dir='ltr'><strong>lucta,</strong></span> <span class='ocrx_word' id='word_1_548' title='bbox 2539 4046 2711 4102; x_wconf 89' lang='lat' dir='ltr'><strong>usque</strong></span> <span class='ocrx_word' id='word_1_549' title='bbox 2773 4033 2824 4085; x_wconf 92' lang='lat' dir='ltr'><strong>in</strong></span> <span class='ocrx_word' id='word_1_550' title='bbox 2882 4031 3135 4086; x_wconf 85' lang='lat' dir='ltr'><strong>fiduciam</strong></span> <span class='ocrx_word' id='word_1_551' title='bbox 3182 4032 3302 4101; x_wconf 83' lang='lat' dir='ltr'><strong>ejus</strong></span> <span class='ocrx_word' id='word_1_552' title='bbox 3372 4031 3487 4102; x_wconf 89' lang='lat' dir='ltr'><strong>jam</strong></span> <span class='ocrx_word' id='word_1_553' title='bbox 3561 4032 3709 4087; x_wconf 79' lang='lat' dir='ltr'><strong>ultro</strong></span> 
     </span>
    </p>
   </div>
   <div class='ocr_carea' id='block_1_65' title="bbox 426 4127 777 4181">
    <p class='ocr_par' dir='ltr' id='par_1_65' title="bbox 426 4127 777 4181">
     <span class='ocr_line' id='line_1_65' title="bbox 426 4127 777 4181; baseline -0.006 0"><span class='ocrx_word' id='word_1_554' title='bbox 426 4127 777 4181; x_wconf 67' lang='lat' dir='ltr'><strong>lacessentia}.</strong></span> 
     </span>
    </p>
   </div>
   <div class='ocr_carea' id='block_1_66' title="bbox 498 4211 2006 4290">
    <p class='ocr_par' dir='ltr' id='par_1_66' title="bbox 498 4216 2006 4290">
     <span class='ocr_line' id='line_1_66' title="bbox 498 4216 2006 4290; baseline -0.001 -17"><span class='ocrx_word' id='word_1_555' title='bbox 498 4218 764 4290; x_wconf 79' lang='lat' dir='ltr'><strong>Equidem</strong></span> <span class='ocrx_word' id='word_1_556' title='bbox 798 4218 1119 4274; x_wconf 89' lang='lat' dir='ltr'><strong>memoriam</strong></span> <span class='ocrx_word' id='word_1_557' title='bbox 1149 4217 1427 4273; x_wconf 88' lang='lat' dir='ltr'><strong>annalium</strong></span> <span class='ocrx_word' id='word_1_558' title='bbox 1484 4218 1665 4272; x_wconf 86' lang='lat' dir='ltr'><strong>animo</strong></span> <span class='ocrx_word' id='word_1_559' title='bbox 1710 4216 2006 4287; x_wconf 86' lang='lat' dir='ltr'><strong>replicans.</strong></span> 
     </span>
    </p>
   </div>
   <div class='ocr_carea' id='block_1_67' title="bbox 2116 4211 3719 4290">
    <p class='ocr_par' dir='ltr' id='par_1_67' title="bbox 2197 4211 3719 4282">
     <span class='ocr_line' id='line_1_67' title="bbox 2197 4211 3719 4282; baseline -0.001 -16"><span class='ocrx_word' id='word_1_560' title='bbox 2197 4212 2393 4266; x_wconf 71' lang='grc' dir='ltr'>Οὐδενὶ</span> <span class='ocrx_word' id='word_1_561' title='bbox 2433 4211 2544 4282; x_wconf 81' lang='grc' dir='ltr'><strong>γὰρ</strong></span> <span class='ocrx_word' id='word_1_562' title='bbox 2572 4212 2683 4265; x_wconf 83' lang='grc' dir='ltr'>τῶν</span> <span class='ocrx_word' id='word_1_563' title='bbox 2743 4211 3011 4267; x_wconf 79' lang='grc' dir='ltr'>ἀνέκαθεν</span> <span class='ocrx_word' id='word_1_564' title='bbox 3048 4211 3321 4282; x_wconf 79' lang='grc' dir='ltr'>βασιλέων</span> <span class='ocrx_word' id='word_1_565' title='bbox 3356 4211 3452 4264; x_wconf 74' lang='grc' dir='ltr'>καὶ</span> <span class='ocrx_word' id='word_1_566' title='bbox 3506 4213 3588 4276; x_wconf 71' lang='grc' dir='ltr'>εἰς</span> <span class='ocrx_word' id='word_1_567' title='bbox 3616 4212 3719 4280; x_wconf 80' lang='grc' dir='ltr'><strong>τὴν</strong></span> 
     </span>
    </p>
   </div>
   <div class='ocr_carea' id='block_1_68' title="bbox 424 4309 2008 4379">
    <p class='ocr_par' dir='ltr' id='par_1_68' title="bbox 424 4309 2008 4379">
     <span class='ocr_line' id='line_1_68' title="bbox 424 4309 2008 4379; baseline -0.001 -15"><span class='ocrx_word' id='word_1_568' title='bbox 424 4328 553 4368; x_wconf 84' lang='lat' dir='ltr'><strong>vere</strong></span> <span class='ocrx_word' id='word_1_569' title='bbox 584 4313 791 4368; x_wconf 88' lang='lat' dir='ltr'><strong>dictura</strong></span> <span class='ocrx_word' id='word_1_570' title='bbox 820 4311 951 4366; x_wconf 91' lang='lat' dir='ltr'><strong>mibi</strong></span> <span class='ocrx_word' id='word_1_571' title='bbox 975 4312 1182 4375; x_wconf 87' lang='lat' dir='ltr'><strong>videor,</strong></span> <span class='ocrx_word' id='word_1_572' title='bbox 1228 4312 1497 4366; x_wconf 89' lang='lat' dir='ltr'><strong>neminem</strong></span> <span class='ocrx_word' id='word_1_573' title='bbox 1523 4326 1711 4365; x_wconf 88' lang='lat' dir='ltr'><strong>eorum</strong></span> <span class='ocrx_word' id='word_1_574' title='bbox 1752 4309 1846 4379; x_wconf 90' lang='lat' dir='ltr'><strong>qui</strong></span> <span class='ocrx_word' id='word_1_575' title='bbox 1881 4322 2008 4364; x_wconf 90' lang='lat' dir='ltr'><strong>ante</strong></span> 
     </span>
    </p>
   </div>
   <div class='ocr_carea' id='block_1_69' title="bbox 432 4403 2010 4479">
    <p class='ocr_par' dir='ltr' id='par_1_69' title="bbox 432 4403 2010 4479">
     <span class='ocr_line' id='line_1_69' title="bbox 432 4403 2010 4479; baseline -0.001 -20"><span class='ocrx_word' id='word_1_576' title='bbox 432 4405 676 4459; x_wconf 79' lang='lat' dir='ltr'><strong>Alexinm</strong></span> <span class='ocrx_word' id='word_1_577' title='bbox 730 4404 972 4462; x_wconf 86' lang='lat' dir='ltr'><strong>habenas</strong></span> <span class='ocrx_word' id='word_1_578' title='bbox 1019 4403 1228 4474; x_wconf 88' lang='lat' dir='ltr'><strong>imperii</strong></span> <span class='ocrx_word' id='word_1_579' title='bbox 1276 4414 1597 4479; x_wconf 54' lang='lat' dir='ltr'><strong>tractarent</strong></span> <span class='ocrx_word' id='word_1_580' title='bbox 1634 4404 2010 4458; x_wconf 82' lang='lat' dir='ltr'><strong>Romanorum</strong></span> 
     </span>
    </p>
   </div>
   <div class='ocr_carea' id='block_1_70' title="bbox 429 4492 2012 4565">
    <p class='ocr_par' dir='ltr' id='par_1_70' title="bbox 429 4492 2012 4565">
     <span class='ocr_line' id='line_1_70' title="bbox 429 4492 2012 4565; baseline -0.003 -17"><span class='ocrx_word' id='word_1_581' title='bbox 429 4495 759 4565; x_wconf 82' lang='lat' dir='ltr'><strong>principum,</strong></span> <span class='ocrx_word' id='word_1_582' title='bbox 791 4501 871 4548; x_wconf 87' lang='lat' dir='ltr'><strong>tot</strong></span> <span class='ocrx_word' id='word_1_583' title='bbox 894 4502 1118 4563; x_wconf 89' lang='lat' dir='ltr'><strong>tamque</strong></span> <span class='ocrx_word' id='word_1_584' title='bbox 1151 4493 1320 4547; x_wconf 84' lang='lat' dir='ltr'><strong>variis</strong></span> <span class='ocrx_word' id='word_1_585' title='bbox 1366 4508 1532 4547; x_wconf 88' lang='lat' dir='ltr'><strong>unum</strong></span> <span class='ocrx_word' id='word_1_586' title='bbox 1582 4492 1753 4548; x_wconf 89' lang='lat' dir='ltr'><strong>fuisse</strong></span> <span class='ocrx_word' id='word_1_587' title='bbox 1803 4493 2012 4565; x_wconf 75' lang='lat' dir='ltr'><strong>incom-</strong></span> 
     </span>
    </p>
   </div>
   <div class='ocr_carea' id='block_1_71' title="bbox 428 4585 2014 4656">
    <p class='ocr_par' dir='ltr' id='par_1_71' title="bbox 428 4585 2014 4656">
     <span class='ocr_line' id='line_1_71' title="bbox 428 4585 2014 4656; baseline -0.001 -16"><span class='ocrx_word' id='word_1_588' title='bbox 428 4589 712 4641; x_wconf 89' lang='lat' dir='ltr'><strong>modorum</strong></span> <span class='ocrx_word' id='word_1_589' title='bbox 745 4588 1043 4656; x_wconf 78' lang='lat' dir='ltr'><strong>generibus</strong></span> <span class='ocrx_word' id='word_1_590' title='bbox 1089 4586 1424 4651; x_wconf 78' lang='lat' dir='ltr'><strong>exercitum,</strong></span> <span class='ocrx_word' id='word_1_591' title='bbox 1474 4587 1590 4640; x_wconf 84' lang='lat' dir='ltr'><strong>sive</strong></span> <span class='ocrx_word' id='word_1_592' title='bbox 1631 4585 2014 4655; x_wconf 77' lang='lat' dir='ltr'><strong>perplexitates</strong></span> 
     </span>
    </p>
   </div>
   <div class='ocr_carea' id='block_1_72' title="bbox 427 4677 2009 4747">
    <p class='ocr_par' dir='ltr' id='par_1_72' title="bbox 427 4677 2009 4747">
     <span class='ocr_line' id='line_1_72' title="bbox 427 4677 2009 4747; baseline -0.002 -15"><span class='ocrx_word' id='word_1_593' title='bbox 427 4683 761 4747; x_wconf 81' lang='lat' dir='ltr'><strong>negotiorum</strong></span> <span class='ocrx_word' id='word_1_594' title='bbox 810 4677 1215 4733; x_wconf 82' lang='lat' dir='ltr'><strong>inextricabiles</strong></span> <span class='ocrx_word' id='word_1_595' title='bbox 1267 4687 1504 4746; x_wconf 84' lang='lat' dir='ltr'><strong>reputes,</strong></span> <span class='ocrx_word' id='word_1_596' title='bbox 1566 4677 1681 4731; x_wconf 86' lang='lat' dir='ltr'><strong>sive</strong></span> <span class='ocrx_word' id='word_1_597' title='bbox 1732 4677 2009 4730; x_wconf 91' lang='lat' dir='ltr'><strong>hominum</strong></span> 
     </span>
    </p>
   </div>
   <div class='ocr_carea' id='block_1_73' title="bbox 426 4766 2010 4837">
    <p class='ocr_par' dir='ltr' id='par_1_73' title="bbox 426 4766 2010 4837">
     <span class='ocr_line' id='line_1_73' title="bbox 426 4766 2010 4837; baseline 0.001 -17"><span class='ocrx_word' id='word_1_598' title='bbox 426 4769 748 4837; x_wconf 86' lang='lat' dir='ltr'><strong>quibuscum</strong></span> <span class='ocrx_word' id='word_1_599' title='bbox 777 4768 852 4822; x_wconf 89' lang='lat' dir='ltr'><strong>illi</strong></span> <span class='ocrx_word' id='word_1_600' title='bbox 888 4783 974 4823; x_wconf 88' lang='lat' dir='ltr'><strong>res</strong></span> <span class='ocrx_word' id='word_1_601' title='bbox 1002 4766 1130 4833; x_wconf 75' lang='lat' dir='ltr'><strong>fuit,</strong></span> <span class='ocrx_word' id='word_1_602' title='bbox 1164 4767 1391 4831; x_wconf 83' lang='lat' dir='ltr'><strong>civium,</strong></span> <span class='ocrx_word' id='word_1_603' title='bbox 1433 4775 1810 4831; x_wconf 82' lang='lat' dir='ltr'><strong>externorum,</strong></span> <span class='ocrx_word' id='word_1_604' title='bbox 1841 4767 2010 4831; x_wconf 84' lang='lat' dir='ltr'><strong>domi,</strong></span> 
     </span>
    </p>
   </div>
   <div class='ocr_carea' id='block_1_74' title="bbox 430 4854 2015 4929">
    <p class='ocr_par' dir='ltr' id='par_1_74' title="bbox 430 4854 2015 4929">
     <span class='ocr_line' id='line_1_74' title="bbox 430 4854 2015 4929; baseline 0.002 -16"><span class='ocrx_word' id='word_1_605' title='bbox 430 4860 744 4929; x_wconf 78' lang='lat' dir='ltr'><strong>militiaeque</strong></span> <span class='ocrx_word' id='word_1_606' title='bbox 797 4859 940 4914; x_wconf 85' lang='lat' dir='ltr'><strong>feros</strong></span> <span class='ocrx_word' id='word_1_607' title='bbox 972 4875 1151 4914; x_wconf 89' lang='lat' dir='ltr'><strong>mores</strong></span> <span class='ocrx_word' id='word_1_608' title='bbox 1179 4854 1499 4915; x_wconf 83' lang='lat' dir='ltr'><strong>consideres</strong></span> <span class='ocrx_word' id='word_1_609' title='bbox 1545 4859 1882 4929; x_wconf 87' lang='lat' dir='ltr'><strong>acerbasque</strong></span> <span class='ocrx_word' id='word_1_610' title='bbox 1917 4877 2015 4916; x_wconf 86' lang='lat' dir='ltr'><strong>na-</strong></span> 
     </span>
    </p>
   </div>
   <div class='ocr_carea' id='block_1_75' title="bbox 428 4949 2013 5024">
    <p class='ocr_par' dir='ltr' id='par_1_75' title="bbox 428 4949 2013 5024">
     <span class='ocr_line' id='line_1_75' title="bbox 428 4949 2013 5024; baseline 0.003 -20"><span class='ocrx_word' id='word_1_611' title='bbox 428 4957 601 5005; x_wconf 76' lang='lat' dir='ltr'><strong>turas.</strong></span> <span class='ocrx_word' id='word_1_612' title='bbox 635 4952 814 5018; x_wconf 83' lang='lat' dir='ltr'><strong>Atque</strong></span> <span class='ocrx_word' id='word_1_613' title='bbox 864 4950 1024 5021; x_wconf 85' lang='lat' dir='ltr'><strong>hujus</strong></span> <span class='ocrx_word' id='word_1_614' title='bbox 1071 4965 1173 5021; x_wconf 84' lang='lat' dir='ltr'><strong>ego</strong></span> <span class='ocrx_word' id='word_1_615' title='bbox 1224 4949 1478 5005; x_wconf 73' lang='lat' dir='ltr'><strong>infaustae</strong></span> <span class='ocrx_word' id='word_1_616' title='bbox 1531 4950 1698 5004; x_wconf 88' lang='lat' dir='ltr'><strong>sortis</strong></span> <span class='ocrx_word' id='word_1_617' title='bbox 1748 4962 1804 5006; x_wconf 87' lang='lat' dir='ltr'><strong>et</strong></span> <span class='ocrx_word' id='word_1_618' title='bbox 1850 4955 2013 5024; x_wconf 84' lang='lat' dir='ltr'><strong>quasi</strong></span> 
     </span>
    </p>
   </div>
   <div class='ocr_carea' id='block_1_76' title="bbox 437 5040 2012 5113">
    <p class='ocr_par' dir='ltr' id='par_1_76' title="bbox 437 5040 2012 5113">
     <span class='ocr_line' id='line_1_76' title="bbox 437 5040 2012 5113; baseline 0.003 -17"><span class='ocrx_word' id='word_1_619' title='bbox 437 5042 533 5097; x_wconf 87' lang='lat' dir='ltr'><strong>fati</strong></span> <span class='ocrx_word' id='word_1_620' title='bbox 568 5040 671 5095; x_wconf 87' lang='lat' dir='ltr'><strong>mei</strong></span> <span class='ocrx_word' id='word_1_621' title='bbox 708 5042 905 5110; x_wconf 85' lang='lat' dir='ltr'><strong>patris,</strong></span> <span class='ocrx_word' id='word_1_622' title='bbox 938 5058 1050 5096; x_wconf 87' lang='lat' dir='ltr'><strong>non</strong></span> <span class='ocrx_word' id='word_1_623' title='bbox 1096 5043 1282 5113; x_wconf 82' lang='lat' dir='ltr'><strong>utique</strong></span> <span class='ocrx_word' id='word_1_624' title='bbox 1329 5043 1568 5113; x_wconf 86' lang='lat' dir='ltr'><strong>periodis</strong></span> <span class='ocrx_word' id='word_1_625' title='bbox 1605 5052 1900 5111; x_wconf 87' lang='lat' dir='ltr'><strong>astrorum,</strong></span> <span class='ocrx_word' id='word_1_626' title='bbox 1958 5058 2012 5101; x_wconf 88' lang='lat' dir='ltr'><strong>et</strong></span> 
     </span>
    </p>
   </div>
   <div class='ocr_carea' id='block_1_77' title="bbox 429 5131 2012 5193">
    <p class='ocr_par' dir='ltr' id='par_1_77' title="bbox 429 5131 2012 5193">
     <span class='ocr_line' id='line_1_77' title="bbox 429 5131 2012 5193; baseline 0.004 -6"><span class='ocrx_word' id='word_1_627' title='bbox 429 5132 483 5187; x_wconf 84' lang='lat' dir='ltr'><strong>vi</strong></span> <span class='ocrx_word' id='word_1_628' title='bbox 534 5147 733 5185; x_wconf 85' lang='lat' dir='ltr'><strong>arcana</strong></span> <span class='ocrx_word' id='word_1_629' title='bbox 784 5131 1045 5186; x_wconf 84' lang='lat' dir='ltr'><strong>natalium</strong></span> <span class='ocrx_word' id='word_1_630' title='bbox 1099 5134 1338 5189; x_wconf 83' lang='lat' dir='ltr'><strong>siderum</strong></span> <span class='ocrx_word' id='word_1_631' title='bbox 1372 5150 1631 5192; x_wconf 65' lang='lat' dir='ltr'><strong>connexa;</strong></span> <span class='ocrx_word' id='word_1_632' title='bbox 1698 5139 2012 5193; x_wconf 86' lang='lat' dir='ltr'><strong>necessitati</strong></span> 
     </span>
    </p>
   </div>
   <div class='ocr_carea' id='block_1_78' title="bbox 432 5223 2013 5298">
    <p class='ocr_par' dir='ltr' id='par_1_78' title="bbox 432 5223 2013 5298">
     <span class='ocr_line' id='line_1_78' title="bbox 432 5223 2013 5298; baseline 0.006 -22"><span class='ocrx_word' id='word_1_633' title='bbox 432 5239 627 5278; x_wconf 82' lang='lat' dir='ltr'><strong>causas</strong></span> <span class='ocrx_word' id='word_1_634' title='bbox 647 5223 996 5292; x_wconf 88' lang='lat' dir='ltr'><strong>ascripserim</strong></span> <span class='ocrx_word' id='word_1_635' title='bbox 1021 5245 1034 5280; x_wconf 91' lang='lat'><strong>:</strong></span> <span class='ocrx_word' id='word_1_636' title='bbox 1058 5225 1256 5280; x_wconf 87' lang='lat' dir='ltr'><strong>sedvel</strong></span> <span class='ocrx_word' id='word_1_637' title='bbox 1277 5225 1368 5279; x_wconf 91' lang='lat' dir='ltr'><strong>Dei</strong></span> <span class='ocrx_word' id='word_1_638' title='bbox 1387 5227 1616 5297; x_wconf 83' lang='lat' dir='ltr'><strong>sapienti</strong></span> <span class='ocrx_word' id='word_1_639' title='bbox 1639 5231 2013 5298; x_wconf 66' lang='lat' dir='ltr'><strong>providentiae,</strong></span> 
     </span>
    </p>
   </div>
   <div class='ocr_carea' id='block_1_79' title="bbox 431 5311 2012 5387">
    <p class='ocr_par' dir='ltr' id='par_1_79' title="bbox 431 5311 2012 5387">
     <span class='ocr_line' id='line_1_79' title="bbox 431 5311 2012 5387; baseline 0.003 -20"><span class='ocrx_word' id='word_1_640' title='bbox 431 5312 594 5386; x_wconf 84' lang='grc'><strong>445</strong></span> <span class='ocrx_word' id='word_1_641' title='bbox 629 5314 879 5369; x_wconf 86' lang='lat' dir='ltr'><strong>laborare</strong></span> <span class='ocrx_word' id='word_1_642' title='bbox 906 5311 1208 5367; x_wconf 78' lang='lat' dir='ltr'><strong>Romanam</strong></span> <span class='ocrx_word' id='word_1_643' title='bbox 1238 5330 1372 5381; x_wconf 89' lang='lat' dir='ltr'><strong>rem,</strong></span> <span class='ocrx_word' id='word_1_644' title='bbox 1409 5318 1551 5386; x_wconf 89' lang='lat' dir='ltr'><strong>quod</strong></span> <span class='ocrx_word' id='word_1_645' title='bbox 1596 5318 1674 5372; x_wconf 85' lang='lat' dir='ltr'><strong>sic</strong></span> <span class='ocrx_word' id='word_1_646' title='bbox 1709 5331 2012 5387; x_wconf 85' lang='lat' dir='ltr'><strong>oporteret,</strong></span> 
     </span>
    </p>
   </div>
   <div class='ocr_carea' id='block_1_80' title="bbox 427 5403 2013 5479">
    <p class='ocr_par' dir='ltr' id='par_1_80' title="bbox 427 5403 2013 5479">
     <span class='ocr_line' id='line_1_80' title="bbox 427 5403 2013 5479; baseline 0.008 -24"><span class='ocrx_word' id='word_1_647' title='bbox 427 5405 577 5474; x_wconf 84' lang='lat' dir='ltr'><strong>juste</strong></span> <span class='ocrx_word' id='word_1_648' title='bbox 600 5405 953 5475; x_wconf 87' lang='lat' dir='ltr'><strong>permittenti,</strong></span> <span class='ocrx_word' id='word_1_649' title='bbox 981 5403 1066 5460; x_wconf 84' lang='lat' dir='ltr'><strong>vel</strong></span> <span class='ocrx_word' id='word_1_650' title='bbox 1111 5405 1439 5474; x_wconf 88' lang='lat' dir='ltr'><strong>imprudenti</strong></span> <span class='ocrx_word' id='word_1_651' title='bbox 1498 5407 1836 5477; x_wconf 69' lang='lat' dir='ltr'><strong>negligentiae</strong></span> <span class='ocrx_word' id='word_1_652' title='bbox 1875 5427 2013 5479; x_wconf 66' lang='lat' dir='ltr'><strong>prae-</strong></span> 
     </span>
    </p>
   </div>
   <div class='ocr_carea' id='block_1_81' title="bbox 436 5494 2014 5574">
    <p class='ocr_par' dir='ltr' id='par_1_81' title="bbox 436 5494 2014 5574">
     <span class='ocr_line' id='line_1_81' title="bbox 436 5494 2014 5574; baseline 0.006 -25"><span class='ocrx_word' id='word_1_653' title='bbox 436 5494 746 5551; x_wconf 86' lang='lat' dir='ltr'><strong>cedentium</strong></span> <span class='ocrx_word' id='word_1_654' title='bbox 800 5497 1131 5568; x_wconf 90' lang='lat' dir='ltr'><strong>principum,</strong></span> <span class='ocrx_word' id='word_1_655' title='bbox 1184 5513 1417 5568; x_wconf 84' lang='lat' dir='ltr'><strong>quorum</strong></span> <span class='ocrx_word' id='word_1_656' title='bbox 1488 5503 1802 5556; x_wconf 85' lang='lat' dir='ltr'><strong>continuata</strong></span> <span class='ocrx_word' id='word_1_657' title='bbox 1854 5503 2014 5574; x_wconf 78' lang='lat' dir='ltr'><strong>longo</strong></span> 
     </span>
    </p>
   </div>
   <div class='ocr_carea' id='block_1_82' title="bbox 2119 4303 3720 4376">
    <p class='ocr_par' dir='ltr' id='par_1_82' title="bbox 2119 4303 3720 4376">
     <span class='ocr_line' id='line_1_82' title="bbox 2119 4303 3720 4376; baseline -0.002 -16"><span class='ocrx_word' id='word_1_658' title='bbox 2119 4306 2363 4376; x_wconf 81' lang='grc' dir='ltr'>τήμερον</span> <span class='ocrx_word' id='word_1_659' title='bbox 2384 4304 2555 4358; x_wconf 71' lang='grc' dir='ltr'>ὄντων</span> <span class='ocrx_word' id='word_1_660' title='bbox 2579 4306 2928 4375; x_wconf 82' lang='grc' dir='ltr'>πραγμάτων</span> <span class='ocrx_word' id='word_1_661' title='bbox 2947 4303 3222 4375; x_wconf 70' lang='grc' dir='ltr'>ἐπιπλοκὴ</span> <span class='ocrx_word' id='word_1_662' title='bbox 3249 4305 3345 4357; x_wconf 78' lang='grc' dir='ltr'><strong>καὶ</strong></span> <span class='ocrx_word' id='word_1_663' title='bbox 3370 4305 3648 4375; x_wconf 81' lang='grc' dir='ltr'><strong>μοχθηρία</strong></span> <span class='ocrx_word' id='word_1_664' title='bbox 3669 4305 3720 4338; x_wconf 84' lang='grc'><strong>⁸³</strong></span> 
     </span>
    </p>
   </div>
   <div class='ocr_carea' id='block_1_83' title="bbox 2121 4390 3722 4467">
    <p class='ocr_par' dir='ltr' id='par_1_83' title="bbox 2121 4390 3722 4467">
     <span class='ocr_line' id='line_1_83' title="bbox 2121 4390 3722 4467; baseline 0 -16"><span class='ocrx_word' id='word_1_665' title='bbox 2121 4396 2489 4453; x_wconf 81' lang='grc' dir='ltr'>παντοδαπῶν</span> <span class='ocrx_word' id='word_1_666' title='bbox 2564 4397 2875 4467; x_wconf 81' lang='grc' dir='ltr'><strong>ἀνθρώπων</strong></span> <span class='ocrx_word' id='word_1_667' title='bbox 2924 4398 3022 4449; x_wconf 74' lang='grc' dir='ltr'><strong>καὶ</strong></span> <span class='ocrx_word' id='word_1_668' title='bbox 3076 4398 3220 4449; x_wconf 77' lang='grc' dir='ltr'>οἴκοι</span> <span class='ocrx_word' id='word_1_669' title='bbox 3274 4399 3368 4451; x_wconf 81' lang='grc' dir='ltr'>καὶ</span> <span class='ocrx_word' id='word_1_670' title='bbox 3405 4390 3722 4467; x_wconf 76' lang='grc' dir='ltr'>θύραθεν’⁸⁶</span> 
     </span>
    </p>
   </div>
   <div class='ocr_carea' id='block_1_84' title="bbox 2121 4487 3722 4561">
    <p class='ocr_par' dir='ltr' id='par_1_84' title="bbox 2121 4487 3722 4561">
     <span class='ocr_line' id='line_1_84' title="bbox 2121 4487 3722 4561; baseline -0.001 -16"><span class='ocrx_word' id='word_1_671' title='bbox 2121 4490 2537 4561; x_wconf 84' lang='grc' dir='ltr'>προσεπέλασεν</span> <span class='ocrx_word' id='word_1_672' title='bbox 2571 4489 2647 4549; x_wconf 81' lang='grc' dir='ltr'>ὡς</span> <span class='ocrx_word' id='word_1_673' title='bbox 2729 4489 2824 4542; x_wconf 74' lang='grc' dir='ltr'>ἐπὶ</span> <span class='ocrx_word' id='word_1_674' title='bbox 2890 4487 3084 4542; x_wconf 87' lang='grc' dir='ltr'>τούτου</span> <span class='ocrx_word' id='word_1_675' title='bbox 3157 4487 3254 4541; x_wconf 88' lang='grc' dir='ltr'><strong>τοῦ</strong></span> <span class='ocrx_word' id='word_1_676' title='bbox 3313 4489 3722 4560; x_wconf 79' lang='grc' dir='ltr'>αὐτοκράτορος</span> 
     </span>
    </p>
   </div>
   <div class='ocr_carea' id='block_1_85' title="bbox 2122 4579 3722 4651">
    <p class='ocr_par' dir='ltr' id='par_1_85' title="bbox 2122 4579 3722 4651">
     <span class='ocr_line' id='line_1_85' title="bbox 2122 4579 3722 4651; baseline -0.001 -16"><span class='ocrx_word' id='word_1_677' title='bbox 2122 4582 2381 4651; x_wconf 76' lang='grc' dir='ltr'>εὕρομεν.</span> <span class='ocrx_word' id='word_1_678' title='bbox 2428 4582 2553 4634; x_wconf 76' lang='grc' dir='ltr'>Εἴτε</span> <span class='ocrx_word' id='word_1_679' title='bbox 2594 4581 2704 4650; x_wconf 83' lang='grc' dir='ltr'>γὰρ</span> <span class='ocrx_word' id='word_1_680' title='bbox 2731 4580 3120 4648; x_wconf 72' lang='grc' dir='ltr'>ἕδειπονήρως</span> <span class='ocrx_word' id='word_1_681' title='bbox 3149 4580 3468 4650; x_wconf 81' lang='grc' dir='ltr'>διατεθῆναι</span> <span class='ocrx_word' id='word_1_682' title='bbox 3490 4579 3558 4633; x_wconf 85' lang='grc' dir='ltr'>τὰ</span> <span class='ocrx_word' id='word_1_683' title='bbox 3606 4581 3722 4634; x_wconf 84' lang='grc' dir='ltr'>τῶν</span> 
     </span>
    </p>
   </div>
   <div class='ocr_carea' id='block_1_86' title="bbox 2135 4671 3725 4743">
    <p class='ocr_par' dir='ltr' id='par_1_86' title="bbox 2135 4671 3725 4743">
     <span class='ocr_line' id='line_1_86' title="bbox 2135 4671 3725 4743; baseline 0 -16"><span class='ocrx_word' id='word_1_684' title='bbox 2135 4674 2425 4740; x_wconf 79' lang='grc' dir='ltr'>Ῥωμαίων</span> <span class='ocrx_word' id='word_1_685' title='bbox 2463 4672 2600 4725; x_wconf 82' lang='grc' dir='ltr'>Θεοῦ</span> <span class='ocrx_word' id='word_1_686' title='bbox 2648 4671 3114 4743; x_wconf 82' lang='grc' dir='ltr'>παραχωροῦντος</span> <span class='ocrx_word' id='word_1_687' title='bbox 3160 4672 3337 4741; x_wconf 78' lang='grc' dir='ltr'>(οὐδὲν</span> <span class='ocrx_word' id='word_1_688' title='bbox 3384 4671 3496 4742; x_wconf 82' lang='grc' dir='ltr'>γὰρ</span> <span class='ocrx_word' id='word_1_689' title='bbox 3522 4672 3588 4724; x_wconf 86' lang='grc' dir='ltr'>ἂν</span> <span class='ocrx_word' id='word_1_690' title='bbox 3609 4674 3725 4727; x_wconf 83' lang='grc' dir='ltr'><strong>ἀπὸ</strong></span> 
     </span>
    </p>
   </div>
   <div class='ocr_carea' id='block_1_87' title="bbox 2121 4763 3724 4838">
    <p class='ocr_par' dir='ltr' id='par_1_87' title="bbox 2121 4763 3724 4838">
     <span class='ocr_line' id='line_1_87' title="bbox 2121 4763 3724 4838; baseline -0.001 -17"><span class='ocrx_word' id='word_1_691' title='bbox 2121 4770 2220 4838; x_wconf 81' lang='grc' dir='ltr'>τῆς</span> <span class='ocrx_word' id='word_1_692' title='bbox 2261 4765 2518 4838; x_wconf 73' lang='grc' dir='ltr'>ἁστρῴκς</span> <span class='ocrx_word' id='word_1_693' title='bbox 2553 4766 2865 4836; x_wconf 68' lang='grc' dir='ltr'>περιφορᾶς</span> <span class='ocrx_word' id='word_1_694' title='bbox 2911 4763 3252 4833; x_wconf 76' lang='grc' dir='ltr'>ὲξαπτοίμην</span> <span class='ocrx_word' id='word_1_695' title='bbox 3310 4764 3441 4818; x_wconf 82' lang='grc' dir='ltr'>ποτὲ</span> <span class='ocrx_word' id='word_1_696' title='bbox 3484 4766 3553 4819; x_wconf 75' lang='grc' dir='ltr'><strong>τὰ</strong></span> <span class='ocrx_word' id='word_1_697' title='bbox 3585 4768 3724 4836; x_wconf 80' lang='grc' dir='ltr'><strong>ἡμέ-</strong></span> 
     </span>
    </p>
   </div>
   <div class='ocr_carea' id='block_1_88' title="bbox 2124 4856 3721 4931">
    <p class='ocr_par' dir='ltr' id='par_1_88' title="bbox 2124 4856 3721 4931">
     <span class='ocr_line' id='line_1_88' title="bbox 2124 4856 3721 4931; baseline -0.001 -18"><span class='ocrx_word' id='word_1_698' title='bbox 2124 4878 2262 4931; x_wconf 87' lang='grc' dir='ltr'>τερα</span> <span class='ocrx_word' id='word_1_699' title='bbox 2291 4865 2330 4924; x_wconf 85' lang='grc'><strong>),</strong></span> <span class='ocrx_word' id='word_1_700' title='bbox 2400 4858 2514 4912; x_wconf 74' lang='grc' dir='ltr'>εἴτε</span> <span class='ocrx_word' id='word_1_701' title='bbox 2580 4858 2690 4911; x_wconf 84' lang='grc' dir='ltr'><strong>ἀπὸ</strong></span> <span class='ocrx_word' id='word_1_702' title='bbox 2762 4859 2864 4924; x_wconf 82' lang='grc' dir='ltr'>τῆς</span> <span class='ocrx_word' id='word_1_703' title='bbox 2932 4856 3041 4909; x_wconf 79' lang='grc' dir='ltr'><strong>τῶν</strong></span> <span class='ocrx_word' id='word_1_704' title='bbox 3135 4856 3721 4926; x_wconf 83' lang='grc' dir='ltr'>προϐεϐασιλευκότων</span> 
     </span>
    </p>
   </div>
   <div class='ocr_carea' id='block_1_89' title="bbox 2124 4948 3718 5020">
    <p class='ocr_par' dir='ltr' id='par_1_89' title="bbox 2124 4948 3718 5020">
     <span class='ocr_line' id='line_1_89' title="bbox 2124 4948 3718 5020; baseline -0.01 -13"><span class='ocrx_word' id='word_1_705' title='bbox 2124 4950 2387 5014; x_wconf 78' lang='grc' dir='ltr'>ἀϐουλίας</span> <span class='ocrx_word' id='word_1_706' title='bbox 2456 4951 2537 5013; x_wconf 80' lang='grc' dir='ltr'><strong>εἰς</strong></span> <span class='ocrx_word' id='word_1_707' title='bbox 2603 4948 2723 5003; x_wconf 83' lang='grc' dir='ltr'>τόδε</span> <span class='ocrx_word' id='word_1_708' title='bbox 2804 4949 3198 5012; x_wconf 84' lang='grc' dir='ltr'>καταστάσεως</span> <span class='ocrx_word' id='word_1_709' title='bbox 3271 4949 3339 5004; x_wconf 81' lang='grc' dir='ltr'>τὰ</span> <span class='ocrx_word' id='word_1_710' title='bbox 3412 4950 3513 5020; x_wconf 79' lang='grc' dir='ltr'>τῆς</span> <span class='ocrx_word' id='word_1_711' title='bbox 3579 4951 3718 5005; x_wconf 84' lang='grc' dir='ltr'>Ῥω..</span> 
     </span>
    </p>
   </div>
   <div class='ocr_carea' id='block_1_90' title="bbox 2125 5037 3719 5114">
    <p class='ocr_par' dir='ltr' id='par_1_90' title="bbox 2125 5037 3719 5114">
     <span class='ocr_line' id='line_1_90' title="bbox 2125 5037 3719 5114; baseline -0.001 -17"><span class='ocrx_word' id='word_1_712' title='bbox 2125 5043 2329 5114; x_wconf 79' lang='grc' dir='ltr'>μαῖκῆς</span> <span class='ocrx_word' id='word_1_713' title='bbox 2364 5041 2683 5103; x_wconf 80' lang='grc' dir='ltr'>δυναστείας</span> <span class='ocrx_word' id='word_1_714' title='bbox 2735 5038 2892 5106; x_wconf 77' lang='grc' dir='ltr'>ἔστη,</span> <span class='ocrx_word' id='word_1_715' title='bbox 2946 5037 3103 5109; x_wconf 74' lang='grc' dir='ltr'>ὄχλος</span> <span class='ocrx_word' id='word_1_716' title='bbox 3134 5039 3181 5070; x_wconf 79' lang='grc'><strong>⁸⁸</strong></span> <span class='ocrx_word' id='word_1_717' title='bbox 3215 5042 3563 5110; x_wconf 84' lang='grc' dir='ltr'>πραγμάτων</span> <span class='ocrx_word' id='word_1_718' title='bbox 3617 5044 3719 5096; x_wconf 78' lang='grc' dir='ltr'>καὶ</span> 
     </span>
    </p>
   </div>
   <div class='ocr_carea' id='block_1_91' title="bbox 2124 5131 3728 5204">
    <p class='ocr_par' dir='ltr' id='par_1_91' title="bbox 2124 5131 3728 5204">
     <span class='ocr_line' id='line_1_91' title="bbox 2124 5131 3728 5204; baseline -0.002 -16"><span class='ocrx_word' id='word_1_719' title='bbox 2124 5134 2546 5202; x_wconf 80' lang='grc' dir='ltr'>πολυκύμαντος</span> <span class='ocrx_word' id='word_1_720' title='bbox 2570 5132 2812 5203; x_wconf 80' lang='grc' dir='ltr'>τάραχος</span> <span class='ocrx_word' id='word_1_721' title='bbox 2834 5131 3055 5185; x_wconf 74' lang='grc' dir='ltr'>ἐπὶτῶν</span> <span class='ocrx_word' id='word_1_722' title='bbox 3080 5133 3288 5204; x_wconf 79' lang='grc' dir='ltr'>καιρῶν</span> <span class='ocrx_word' id='word_1_723' title='bbox 3310 5133 3409 5203; x_wconf 84' lang='grc' dir='ltr'><strong>τῆς</strong></span> <span class='ocrx_word' id='word_1_724' title='bbox 3436 5132 3728 5202; x_wconf 80' lang='grc' dir='ltr'>βασιλείας.</span> 
     </span>
    </p>
   </div>
   <div class='ocr_carea' id='block_1_92' title="bbox 2122 5222 3720 5295">
    <p class='ocr_par' dir='ltr' id='par_1_92' title="bbox 2122 5222 3720 5295">
     <span class='ocr_line' id='line_1_92' title="bbox 2122 5222 3720 5295; baseline -0.001 -15"><span class='ocrx_word' id='word_1_725' title='bbox 2122 5225 2330 5295; x_wconf 81' lang='grc' dir='ltr'>τούμοῦ</span> <span class='ocrx_word' id='word_1_726' title='bbox 2397 5224 2607 5294; x_wconf 76' lang='grc' dir='ltr'>πατρὸς</span> <span class='ocrx_word' id='word_1_727' title='bbox 2639 5222 3179 5294; x_wconf 81' lang='grc' dir='ltr'>συνελήλυθεν.Ἀμα</span> <span class='ocrx_word' id='word_1_728' title='bbox 3208 5223 3318 5295; x_wconf 78' lang='grc' dir='ltr'>γὰρ</span> <span class='ocrx_word' id='word_1_729' title='bbox 3356 5226 3498 5278; x_wconf 74' lang='grc' dir='ltr'>κατὰ</span> <span class='ocrx_word' id='word_1_730' title='bbox 3521 5226 3720 5279; x_wconf 76' lang='grc' dir='ltr'>ταύτὸν</span> 
     </span>
    </p>
   </div>
   <div class='ocr_carea' id='block_1_93' title="bbox 2123 5315 3717 5388">
    <p class='ocr_par' dir='ltr' id='par_1_93' title="bbox 2123 5315 3717 5388">
     <span class='ocr_line' id='line_1_93' title="bbox 2123 5315 3717 5388; baseline -0.002 -14"><span class='ocrx_word' id='word_1_731' title='bbox 2123 5319 2217 5373; x_wconf 73' lang='grc' dir='ltr'><strong>καὶ</strong></span> <span class='ocrx_word' id='word_1_732' title='bbox 2234 5316 2446 5386; x_wconf 69' lang='grc' dir='ltr'>Σκύθης</span> <span class='ocrx_word' id='word_1_733' title='bbox 2458 5315 2565 5371; x_wconf 79' lang='grc' dir='ltr'><strong>ἀπὸ</strong></span> <span class='ocrx_word' id='word_1_734' title='bbox 2577 5316 2809 5387; x_wconf 72' lang='grc' dir='ltr'>Βορρᾶς,</span> <span class='ocrx_word' id='word_1_735' title='bbox 2836 5316 2929 5370; x_wconf 81' lang='grc' dir='ltr'>καὶ</span> <span class='ocrx_word' id='word_1_736' title='bbox 2949 5317 3057 5369; x_wconf 73' lang='grc' dir='ltr'><strong>ἀπὸ</strong></span> <span class='ocrx_word' id='word_1_737' title='bbox 3075 5318 3174 5385; x_wconf 80' lang='grc' dir='ltr'>τῆς</span> <span class='ocrx_word' id='word_1_738' title='bbox 3198 5317 3360 5370; x_wconf 83' lang='grc' dir='ltr'><strong>Ἐσπέ</strong></span> <span class='ocrx_word' id='word_1_739' title='bbox 3368 5335 3469 5388; x_wconf 89' lang='grc' dir='ltr'>ρας</span> <span class='ocrx_word' id='word_1_740' title='bbox 3493 5318 3717 5381; x_wconf 73' lang='grc' dir='ltr'>Κελτὸς,</span> 
     </span>
    </p>
   </div>
   <div class='ocr_carea' id='block_1_94' title="bbox 2125 5407 3719 5481">
    <p class='ocr_par' dir='ltr' id='par_1_94' title="bbox 2125 5407 3719 5481">
     <span class='ocr_line' id='line_1_94' title="bbox 2125 5407 3719 5481; baseline -0.003 -15"><span class='ocrx_word' id='word_1_741' title='bbox 2125 5412 2218 5466; x_wconf 73' lang='grc' dir='ltr'><strong>καὶ</strong></span> <span class='ocrx_word' id='word_1_742' title='bbox 2270 5410 2330 5475; x_wconf 72' lang='grc' dir='ltr'><strong>ἐξ</strong></span> <span class='ocrx_word' id='word_1_743' title='bbox 2379 5409 2658 5463; x_wconf 84' lang='grc' dir='ltr'>ἀνατολῶν</span> <span class='ocrx_word' id='word_1_744' title='bbox 2719 5407 2949 5481; x_wconf 85' lang='grc' dir='ltr'>Ἰσμαὴλ</span> <span class='ocrx_word' id='word_1_745' title='bbox 2996 5410 3356 5480; x_wconf 72' lang='grc' dir='ltr'>ἐτετάρακτο,</span> <span class='ocrx_word' id='word_1_746' title='bbox 3392 5412 3563 5480; x_wconf 74' lang='grc' dir='ltr'>χωρὶς</span> <span class='ocrx_word' id='word_1_747' title='bbox 3606 5411 3719 5463; x_wconf 85' lang='grc' dir='ltr'><strong>τῶ’ν</strong></span> 
     </span>
    </p>
   </div>
   <div class='ocr_carea' id='block_1_95' title="bbox 2125 5501 3815 5574">
    <p class='ocr_par' dir='ltr' id='par_1_95' title="bbox 2125 5501 3815 5574">
     <span class='ocr_line' id='line_1_95' title="bbox 2125 5501 3815 5574; baseline -0.003 -16"><span class='ocrx_word' id='word_1_748' title='bbox 2125 5503 2235 5558; x_wconf 74' lang='grc' dir='ltr'><strong>ἀπὸ</strong></span> <span class='ocrx_word' id='word_1_749' title='bbox 2262 5502 2542 5571; x_wconf 82' lang='grc' dir='ltr'>θαλάσσης</span> <span class='ocrx_word' id='word_1_750' title='bbox 2578 5501 2865 5566; x_wconf 81' lang='grc' dir='ltr'>κινδύνων,</span> <span class='ocrx_word' id='word_1_751' title='bbox 2900 5502 3030 5554; x_wconf 77' lang='grc' dir='ltr'>ἄνευ</span> <span class='ocrx_word' id='word_1_752' title='bbox 3068 5501 3175 5554; x_wconf 85' lang='grc' dir='ltr'>τῶν</span> <span class='ocrx_word' id='word_1_753' title='bbox 3210 5502 3721 5574; x_wconf 79' lang='grc' dir='ltr'>θαλασσοκρατοῦν-</span> <span class='ocrx_word' id='word_1_754' title='bbox 3808 5532 3815 5537; x_wconf 91' lang='grc'><strong>-</strong></span> 
     </span>
    </p>
   </div>
   <div class='ocr_carea' id='block_1_96' title="bbox 439 5584 2006 5669">
    <p class='ocr_par' dir='ltr' id='par_1_96' title="bbox 439 5590 2006 5666">
     <span class='ocr_line' id='line_1_96' title="bbox 439 5590 2006 5666; baseline 0.004 -21"><span class='ocrx_word' id='word_1_755' title='bbox 439 5599 683 5661; x_wconf 86' lang='lat' dir='ltr'><strong>tempore</strong></span> <span class='ocrx_word' id='word_1_756' title='bbox 713 5590 950 5659; x_wconf 90' lang='lat' dir='ltr'><strong>incuria,</strong></span> <span class='ocrx_word' id='word_1_757' title='bbox 979 5592 1181 5647; x_wconf 88' lang='lat' dir='ltr'><strong>sensim</strong></span> <span class='ocrx_word' id='word_1_758' title='bbox 1213 5600 1268 5647; x_wconf 84' lang='lat' dir='ltr'><strong>et</strong></span> <span class='ocrx_word' id='word_1_759' title='bbox 1298 5592 1453 5664; x_wconf 85' lang='lat' dir='ltr'><strong>quasi</strong></span> <span class='ocrx_word' id='word_1_760' title='bbox 1501 5594 1753 5665; x_wconf 75' lang='lat' dir='ltr'><strong>guttatim</strong></span> <span class='ocrx_word' id='word_1_761' title='bbox 1790 5595 2006 5666; x_wconf 76' lang='lat' dir='ltr'><strong>college</strong></span> 
     </span>
    </p>
   </div>
   <div class='ocr_carea' id='block_1_97' title="bbox 2116 5584 3718 5669">
    <p class='ocr_par' dir='ltr' id='par_1_97' title="bbox 2127 5591 3718 5669">
     <span class='ocr_line' id='line_1_97' title="bbox 2127 5591 3718 5669; baseline -0.003 -16"><span class='ocrx_word' id='word_1_762' title='bbox 2127 5617 2240 5653; x_wconf 89' lang='grc' dir='ltr'>των</span> <span class='ocrx_word' id='word_1_763' title='bbox 2287 5597 2616 5669; x_wconf 87' lang='grc' dir='ltr'>Βαρϐάρων,</span> <span class='ocrx_word' id='word_1_764' title='bbox 2669 5596 2801 5651; x_wconf 84' lang='grc' dir='ltr'>ἄνευ</span> <span class='ocrx_word' id='word_1_765' title='bbox 2858 5595 2969 5650; x_wconf 82' lang='grc' dir='ltr'><strong>τῶν</strong></span> <span class='ocrx_word' id='word_1_766' title='bbox 3005 5591 3342 5665; x_wconf 67' lang='grc' dir='ltr'>πειρατικῶν</span> <span class='ocrx_word' id='word_1_767' title='bbox 3396 5591 3718 5667; x_wconf 78' lang='grc' dir='ltr'>ἀναρίθμων</span> 
     </span>
    </p>
   </div>
   <div class='ocr_carea' id='block_1_98' title="bbox 1522 5731 2665 5799">
    <p class='ocr_par' dir='ltr' id='par_1_98' title="bbox 1522 5731 2665 5799">
     <span class='ocr_line' id='line_1_98' title="bbox 1522 5731 2665 5799; baseline 0.003 -6"><span class='ocrx_word' id='word_1_768' title='bbox 1522 5732 1726 5794; x_wconf 66' lang='grc' dir='ltr'>νει-ιω</span> <span class='ocrx_word' id='word_1_769' title='bbox 1761 5731 2076 5799; x_wconf 88' lang='lat' dir='ltr'><strong>lectiones</strong></span> <span class='ocrx_word' id='word_1_770' title='bbox 2108 5754 2187 5798; x_wconf 80' lang='lat' dir='ltr'><strong>ex</strong></span> <span class='ocrx_word' id='word_1_771' title='bbox 2216 5737 2356 5799; x_wconf 90' lang='lat' dir='ltr'><strong>cod.</strong></span> <span class='ocrx_word' id='word_1_772' title='bbox 2397 5733 2665 5798; x_wconf 90' lang='lat' dir='ltr'><strong>Coislin.</strong></span> 
     </span>
    </p>
   </div>
   <div class='ocr_carea' id='block_1_99' title="bbox 409 5831 1907 5907">
    <p class='ocr_par' dir='ltr' id='par_1_99' title="bbox 409 5831 1907 5907">
     <span class='ocr_line' id='line_1_99' title="bbox 409 5831 1907 5907; baseline 0.007 -23"><span class='ocrx_word' id='word_1_773' title='bbox 409 5850 421 5856; x_wconf 87' lang='grc'><strong>·</strong></span> <span class='ocrx_word' id='word_1_774' title='bbox 495 5831 539 5865; x_wconf 82' lang='grc'><strong><em>⁸²</em></strong></span> <span class='ocrx_word' id='word_1_775' title='bbox 579 5834 928 5904; x_wconf 76' lang='grc' dir='ltr'>συνέκρουσε.</span> <span class='ocrx_word' id='word_1_776' title='bbox 1020 5838 1065 5870; x_wconf 77' lang='grc'><strong>⁸³</strong></span> <span class='ocrx_word' id='word_1_777' title='bbox 1102 5837 1404 5907; x_wconf 76' lang='grc' dir='ltr'>ἐπιπλοκὴν</span> <span class='ocrx_word' id='word_1_778' title='bbox 1439 5839 1533 5891; x_wconf 69' lang='grc' dir='ltr'><strong>καὶ</strong></span> <span class='ocrx_word' id='word_1_779' title='bbox 1583 5838 1907 5907; x_wconf 64' lang='grc' dir='ltr'>μοχθηρίαν.</span> 
     </span>
    </p>
   </div>
   <div class='ocr_carea' id='block_1_100' title="bbox 1991 5836 3179 5909">
    <p class='ocr_par' dir='ltr' id='par_1_100' title="bbox 1991 5836 3179 5909">
     <span class='ocr_line' id='line_1_100' title="bbox 1991 5836 3179 5909; baseline 0 -15"><span class='ocrx_word' id='word_1_780' title='bbox 1991 5842 2034 5876; x_wconf 71' lang='grc'>⁸⁸</span> <span class='ocrx_word' id='word_1_781' title='bbox 2071 5841 2278 5897; x_wconf 87' lang='lat' dir='ltr'><strong>Desunt</strong></span> <span class='ocrx_word' id='word_1_782' title='bbox 2300 5856 2460 5897; x_wconf 77' lang='lat' dir='ltr'><strong>voces</strong></span> <span class='ocrx_word' id='word_1_783' title='bbox 2496 5841 2591 5895; x_wconf 64' lang='grc' dir='ltr'><strong>καὶ</strong></span> <span class='ocrx_word' id='word_1_784' title='bbox 2620 5837 2763 5893; x_wconf 75' lang='grc' dir='ltr'>οἴκοι</span> <span class='ocrx_word' id='word_1_785' title='bbox 2792 5837 2886 5894; x_wconf 74' lang='grc' dir='ltr'>καὶ</span> <span class='ocrx_word' id='word_1_786' title='bbox 2918 5836 3179 5909; x_wconf 78' lang='grc' dir='ltr'>θύραθεν.</span> 
     </span>
    </p>
   </div>
   <div class='ocr_carea' id='block_1_101' title="bbox 3274 5834 3711 5906">
    <p class='ocr_par' dir='ltr' id='par_1_101' title="bbox 3274 5834 3711 5906">
     <span class='ocr_line' id='line_1_101' title="bbox 3274 5834 3711 5906; baseline -0.002 -17"><span class='ocrx_word' id='word_1_787' title='bbox 3274 5838 3318 5871; x_wconf 76' lang='grc'><strong>⁸³</strong></span> <span class='ocrx_word' id='word_1_788' title='bbox 3350 5834 3507 5906; x_wconf 78' lang='grc' dir='ltr'>ὄχλος</span> <span class='ocrx_word' id='word_1_789' title='bbox 3527 5834 3711 5898; x_wconf 76' lang='grc' dir='ltr'>πολὺς.</span> 
     </span>
    </p>
   </div>
  </div>
