4086 6404
417 355 555 422 1Ο85

1680 361 2100 427 ALEXIADIS
2131 367 2282 428 LlB.
2315 370 2474 432 XIV.

3541 369 3678 434 1086

419 469 578 531 νεῶν,
622 468 688 532 ἃς
725 470 758 542 ἡ
794 470 903 524 τῶν
937 472 1270 544 Σαρακηνῶν
1303 476 1652 531 ὲτεκτόνευσε
1690 478 1877 548 μῆνις,
1927 477 1990 539 ἃς

2101 484 2169 538 rit
2199 483 2339 539 hanc
2377 483 2484 538 vim
2533 484 2916 539 inexhaustam
2974 481 3354 554 multiplicium
3382 458 3668 538 .malorum

420 559 590 628 ἡτῶν
628 560 911 615 Ούετόνων
958 565 1328 633 συνεπλέξατο
1374 568 1682 634 πλεονεξία,
1720 571 1818 624 καὶ
1852 571 1997 624 κατὰ

415 651 518 720 τῆς
549 647 867 723 Ῥωμαῖκῆς
891 655 1168 724 βασιλείας
1195 660 1436 715 δύσνοια’
1471 663 1564 716 καὶ
1589 663 1696 732 γὰρ
1723 662 1998 730 ἐποφθαλ-

421 745 564 814 μῶσι
618 747 821 810 πάντες
855 749 1016 820 αὐτῇ.
1069 752 1233 806 Φύσει
1263 754 1372 826 γὰρ
1432 754 1566 809 οὖσα
1599 756 1851 818 δεσπότις
1887 756 1997 809 τῶν

417 835 591 888 ἄλλων
627 836 858 908 ὲθνῶνή
912 841 1160 910 βασιλεία
1212 843 1837 917 Ῥωμαίωνςὲχθρωδῶς
1883 847 1998 900 δια-

423 927 680 996 κείμενον
735 930 848 1000 ἔχει
901 935 960 985 τὸ
993 934 1200 1000 δοῦλον,
1258 939 1353 990 καὶ
1389 939 1609 992 ἐπειδὰν
1647 938 1997 1010 ὲπιδράξαιτο

416 1021 634 1091 καιροῦ,
670 1024 898 1093 φέρεται
931 1027 1086 1090 ἄλλος
1114 1029 1336 1083 ἄλλοθεν
1364 1033 1429 1085 ἐκ
1455 1032 1560 1101 γῆς
1600 1031 1696 1085 καὶ
1723 1031 1998 1101 θαλάττης

415 1107 670 1174 ἕκαστος.
715 1113 880 1171 Ἀλλὰ
913 1119 984 1172 τὰ
1033 1121 1132 1190 μὲν
1181 1121 1582 1193 πρότερονκαὶ
1615 1123 1684 1175 τὰ
1738 1122 1842 1193 τῆς
1891 1121 1998 1192 πρὸ

413 1203 574 1272 ἡμῶν
596 1204 874 1272 βασιλείας
926 1211 1268 1282 ἐλαφρότατα
1294 1211 1364 1285 ἦν
1393 1215 1485 1268 καὶ
1528 1214 1836 1285 κουφότερα
1861 1230 1875 1246 ·
1905 1216 1996 1268 ἐπὶ

413 1293 471 1397 δὲ
521 1297 726 1365 τούμοῦ
758 1301 965 1369 πατρὸς
987 1303 1104 1372 ἅμα
1133 1321 1192 1356 τε
1223 1305 1549 1376 ἐπιὸεὸἡκει
1595 1306 1686 1358 τοῦ
1713 1305 1993 1374 βασιλικοῦ

415 1391 686 1487 (Ξιρματος,
729 1391 835 1487 ’καὶ
879 1392 1042 1454 εὐθὺς
1091 1393 1558 1466 ἐπισυνέρρευσεν
1610 1397 1995 1467 ἁπανταχόθεν

413 1472 634 1524 ᾶπαντα
685 1472 755 1525 τὰ
810 1474 979 1532 δεινά.
1020 1481 1129 1533 Καὶ
1180 1484 1208 1535 ό
1260 1483 1465 1549 Κελτὸς
1520 1487 1829 1557 ἐκεκίνητο,
1899 1487 1994 1540 καὶ

413 1558 626 1612 ἐδείκνυ
648 1561 744 1614 τοῦ
768 1563 996 1635 δόρατος
1026 1570 1125 1640 τὴν
1153 1573 1362 1643 ἀκμήν·
1396 1578 1490 1629 καὶ
1517 1577 1545 1628 ό
1583 1576 1808 1650 Ἰσμαὴλ
1837 1579 1992 1644 τόξον

411 1653 664 1716 ἐνέτεινε,
684 1657 776 1709 καὶ
810 1657 871 1710 τὸ
895 1661 1203 1732 Νομαδικὸν
1235 1665 1385 1719 ἅπαν
1402 1667 1554 1732 ἔθνος
1611 1670 1706 1722 καὶ
1730 1671 1994 1726 Σκυθικὸν

409 1744 565 1808 ὅλαις
617 1749 861 1820 ἁμάξαις
913 1756 1268 1826 παμμυρίαις
1325 1760 1642 1830 ὲπέϐρισεν.
1687 1762 1830 1817 Ἀλλ’
1863 1763 1993 1828 ἴσως

409 1855 514 1905 τις,
541 1841 771 1895 ἐνταῦθα
810 1844 906 1924 τοῦ
947 1847 1104 1916 λόγου
1159 1850 1450 1920 γενόμενος
1499 1853 1593 1908 καὶ
1650 1856 1992 1927 ἐντυγχάνων

409 1932 946 2038 τιξιρωσυγγροὶμματι,Δ
968 1941 1370 2015 δεδεκασμένην
1417 1947 1561 2001 εῖποι
1596 1951 1662 2018 τῇ
1701 1952 1860 2018 φύσει
1893 1951 1992 2023 τὴν

408 2030 686 2132 γλῶσσαν.
711 2030 873 2132 ⁸Ἰζγὼ
903 2033 958 2132 δὲ
989 2034 1048 2086 οὐ
1098 2037 1172 2105 μὰ
1225 2040 1353 2102 τοὺς
1388 2039 1482 2093 τοῦ
1539 2042 1807 2112 βασιλέως
1851 2043 1992 2117 ὑπὲρ

406 2122 509 2189 τῆς
560 2122 672 2175 τῶν
711 2122 1002 2195 Ῥωμαίων
1051 2130 1404 2200 εὐδαιμονίας
1447 2133 1749 2200 κινδύνους,
1801 2136 1862 2189 οὐ
1917 2137 1993 2204 μὰ

408 2212 479 2266 τὰ
523 2213 615 2268 τοῦ
661 2217 868 2288 πατρὸς
919 2220 1214 2291 ἀθλήματα
1266 2225 1363 2277 καὶ
1410 2226 1507 2289 τὰς
1558 2230 1870 2298 συμφορὰς,
1924 2229 1991 2295 ἃς

410 2304 550 2376 ὑπὲρ
571 2307 682 2360 τῶν
702 2309 1048 2382 Χριστιανῶν
1078 2314 1395 2380 ἐπεπόνθει,
1425 2318 1526 2372 οὐκ
1553 2318 1732 2387 ἔγωγε
1761 2322 1990 2392 χαριζο-

411 2397 549 2483 μένη
574 2398 792 2470 ’τῷ-ἐμῷ
814 2405 981 2472 πατρὶ
1003 2404 1072 2457 τὰ
1101 2405 1328 2461 τοιαῦτα
1353 2409 1448 2462 καὶ
1483 2409 1627 2478 λέγω
1652 2413 1745 2466 καὶ
1768 2413 1988 2483 γράφω.

323 2534 335 2538 _
405 2482 486 2541 Ἦ
519 2507 583 2552 γε
627 2491 674 2522 ⁸⁸
719 2495 813 2546 καὶ
843 2496 951 2564 ὅπη
997 2496 1091 2551 τὸν
1125 2499 1339 2570 πατέρα
1387 2502 1760 2572 σφαλλόμενον
1797 2482 1986 2575 ίδοιμι,

407 2580 672 2649 ἄντικρυς
714 2587 810 2637 καὶ
860 2588 1190 2654 παραϐαίνω
1253 2591 1344 2644 τὸν
1384 2593 1552 2662 νόμον
1595 2593 1686 2646 τὸν
1735 2597 1987 2663 φυσικὸν,

403 2674 506 2724 καὶ
553 2675 653 2743 τῆς
686 2676 946 2744 ἀληθείας
991 2680 1275 2751 ὲξέχομαι,
1313 2684 1467 2752 φίλον
1515 2685 1618 2755 μὲν
1666 2688 1762 2742 καὶ
1797 2687 1990 2741 τοῦτον

403 2766 708 2838 ἡγουμένη,
771 2770 1031 2840 φιλτέραν
1067 2773 1123 2826 δὲ
1168 2771 1264 2842 τὴν
1299 2775 1560 2844 ἀλήθειαν
1593 2776 1812 2847 ἔχουσα.
1859 2779 1990 2848 Ἀμ-

404 2860 528 2925 φοῖν
557 2859 664 2928 γὰρ
719 2862 894 2915 ὄντοιν
919 2864 1117 2933 φίλοιν,
1153 2867 1228 2930 ὥς
1269 2867 1370 2922 πού
1404 2885 1492 2931 τις
1537 2868 1642 2939 ἔφη
1675 2870 1986 2938 φιλόσοφος,

405 2951 706 3020 κράτιστον
733 2957 1016 3027 προτιμᾷν
1052 2959 1153 3026 τὴν
1179 2959 1463 3031 ἀλήθειανο
1497 2961 1634 3015 ἀλλὰ
1663 2965 1776 3026 τοῖς
1803 2963 1986 3033 πράγ-

408 3061 579 3112 μασιν
602 3047 789 3111 αὐτοῖς
810 3050 1273 3115 ὲπακολουθοῦσα,
1300 3055 1394 3107 καὶ
1419 3057 1556 3127 μήτε
1581 3057 1983 3129 προστιθεμένη

2101 591 2222 646 qum
2267 575 2463 630 deinde
2523 577 2572 629 in
2626 586 2866 644 tempora
2921 576 3030 631 mei
3075 575 3260 644 [patris
3317 575 3678 640 redundavit;

2100 670 2321 736 quando
2356 666 2501 721 velut
2540 668 2941 737 conspirantes,
2974 684 3000 719 a
3049 667 3417 736 septentrione
3451 666 3674 734 Scytha,

2099 760 2168 813 ab
2197 774 2394 813 occasu
2447 756 2656 823 Gallus,
2699 759 2772 813 ab
2826 767 2949 813 ortu
3005 757 3202 812 lsmael
3258 757 3310 809 in
3370 756 3675 809 Romanum

2099 850 2386 917 imperium
2417 852 2588 906 coorti
2621 861 2768 916 sunt,
2796 861 2857 905 ut
2883 851 3151 904 maritima
3190 849 3408 902 interim
3437 847 3675 916 pericula

2100 943 2328 1010 sileam;
2365 944 2504 1006 illas,
2539 945 2779 1013 inquam,
2831 945 2967 997 mari
3021 941 3428 1010 praevalentium
3474 940 3678 992 Bai-ha-

2099 1049 2281 1090 rerum
2315 1036 2574 1104 piraticus
2607 1034 3031 1089 innumerahiles
3077 1048 3240 1087 naves
3285 1048 3422 1102 quas
3478 1032 3672 1099 partim

2099 1141 2254 1186 vetus
2291 1132 2685 1187 Saracenorum
2719 1133 2772 1186 in
2804 1148 2902 1188 nos
2931 1131 3116 1186 odium
3151 1139 3203 1181 et
3247 1128 3432 1182 furens
3483 1127 3558 1178 ira
3601 1125 3681 1181 fa-

2097 1225 2307 1282 bricata
2363 1235 2468 1295 est,
2519 1227 2716 1295 partim
2749 1223 3018 1280 Vetnnutn
3074 1223 3327 1286 avaritia,
3383 1235 3482 1274 nec
3542 1220 3678 1273 satis

2098 1333 2334 1387 unquam
2387 1318 2725 1372 dissimulata
2778 1317 2832 1371 in
2888 1315 3194 1369 Romanum
3245 1313 3528 1378 imperium
3592 1310 3676 1363 in-

2097 1412 2239 1464 vidia
2271 1413 2598 1466 construxit.
2630 1410 2896 1478 Quoniam
2953 1408 3096 1462 enim
3151 1407 3395 1460 Romana
3447 1419 3533 1456 res
3597 1402 3678 1454 in—

2096 1514 2343 1559 veterato
2368 1504 2532 1572 l‘juris
2583 1521 2684 1558 usu
2735 1503 3032 1556 dominium
3080 1502 3132 1554 in
3184 1507 3371 1568 gentes
3406 1495 3507 1547 late
3546 1491 3676 1546 reli-

2098 1614 2236 1668 quas
2261 1598 2490 1661 obtinet.
2521 1607 2714 1652 natura
2750 1595 2806 1649 lit
2833 1605 2892 1648 ut
2919 1609 3038 1662 eam
3086 1592 3189 1645 illa:
3222 1602 3412 1641 omnes
3443 1585 3676 1654 obliquis

2096 1691 2288 1746 limcnt
2321 1689 2524 1756 oculis;
2558 1698 2609 1744 et
2644 1686 2918 1742 communi
2951 1699 3100 1738 more
3128 1699 3190 1735 ac
3213 1679 3522 1734 conditione
3563 1692 3678 1731 ser-

2096 1784 2358 1837 vientium
2388 1780 2794 1836 dominantibus
2829 1793 3046 1845 semper
3079 1773 3443 1834 infensorum,
3473 1769 3675 1833 tacitis,

2100 1875 2144 1932 si
2177 1875 2319 1930 aliud
2354 1884 2645 1944 nequeunt,
2681 1881 3002 1928 aversentur
3041 1870 3200 1935 odiis,
3240 1867 3282 1919 si
3327 1865 3504 1931 aliqua
3553 1876 3676 1930 spes

2099 1969 2385 2032 affulserit,
2418 1971 2460 2022 si
2497 1968 2645 2022 locus
2682 1965 2895 2034 injuriae
2945 1963 3199 2033 patuerit,
3257 1957 3566 2012 facultatem
3618 1953 3672 2005 in

2097 2063 2388 2117 occasione
2421 2060 2646 2114 nocendi
2672 2057 2866 2126 cupide
2903 2055 2956 2110 iu
2991 2070 3102 2109 rem
3131 2051 3453 2114 conferant;
3483 2055 3536 2099 et
3567 2059 3676 2114 qna

2097 2151 2396 2207 latrociniis
2431 2151 2721 2204 maritimis
2743 2165 2844 2218 qua
2879 2145 3236 2202 terrestribus
3268 2139 3676 2196 incursionibus

2098 2247 2151 2300 in
2195 2245 2312 2313 ejus
2348 2258 2445 2313 pro
2494 2258 2551 2298 se
2595 2257 2821 2310 qumque
2873 2248 3192 2308 grassentur
3249 2233 3497 2288 exitium.
3552 2229 3677 2281 Scio

2094 2333 2351 2405 periculis
2412 2331 2717 2386 istiusmodi
2773 2327 3046 2382 exercitus
3103 2322 3272 2378 fuisse
3333 2317 3673 2387 principatus

2095 2428 2258 2481 etiam
2288 2439 2476 2480 eorum
2504 2423 2592 2491 qui
2629 2431 2751 2475 ante
2809 2427 3013 2490 patrem
3061 2429 3241 2470 meum
3294 2411 3374 2465 rei
3419 2409 3678 2466 Romanae

2093 2521 2304 2572 clavum
2327 2524 2648 2572 tenuerunt.
2671 2514 2869 2568 Verum
2895 2511 3172 2566 levissima
3196 2507 3246 2560 in
3271 2501 3678 2572 comparatione

2094 2620 2409 2663 nostrorum
2441 2607 2612 2661 fuisse
2641 2606 2752 2668 illa,
2784 2615 2837 2657 et
2864 2603 3023 2670 longe
3068 2596 3432 2652 tolerabiliora
3466 2602 3672 2645 certum

2093 2709 2198 2757 est.
2235 2700 2408 2754 Simul
2461 2709 2638 2752 autem
2695 2711 2849 2749 meus
2903 2707 3099 2763 parens
3131 2703 3294 2744 curru
3346 2683 3494 2752 regio
3546 2696 3676 2733 con-

2091 2807 2286 2848 scenso
2320 2791 2563 2846 habenas
2593 2789 2756 2858 cmpit
2789 2785 3002 2856 imperii
3031 2784 3269 2844 ﬂectere,
3307 2778 3522 2831 irrnunt
3548 2786 3678 2827 ecce

2093 2902 2154 2942 ac
2183 2887 2332 2939 velut
2364 2885 2492 2938 dato
2531 2883 2687 2951 signo
2741 2880 3047 2944 irrumpunt
3095 2873 3332 2942 undique
3385 2866 3544 2928 bella,
3594 2874 3680 2917 tu-

2091 2977 2319 3039 multus,
2356 2974 2494 3028 mala
2527 2989 2688 3029 omne
2723 2987 2913 3041 genus.
2949 2968 3162 3040 Etenim
3190 2973 3243 3018 et
3283 2961 3467 3016 Gallus
3497 2964 3678 3014 motus
3778 2989 3785 2996 .

2091 3070 2260 3123 hasta:
2292 3066 2570 3134 cuspidem
2595 3065 2834 3120 ostendit
2859 3080 2872 3126 ;
2899 3074 2952 3115 et
2982 3058 3174 3116 lsutael
3205 3070 3388 3110 arcum
3423 3050 3672 3110 intendit,

402 3139 542 3230 παρ’
569 3140 817 3209 ἐμαυτῆς
847 3144 986 3213 μήτε
1019 3145 1354 3214 ὑφαιροῦσα,
1410 3149 1476 3202 τὰ
1507 3149 1860 3218 ξυμπεσόντα
1889 3155 1985 3206 καὶ

2094 3171 2144 3213 et
2188 3159 2473 3213 nomadica
2509 3156 2757 3210 universa
2799 3153 3126 3224 Scytharum
3161 3162 3316 3219 gens,
3362 3159 3456 3198 sua
3495 3143 3545 3194 iu
3577 3153 3675 3192 nos
3731 3183 3748 3195 κ

400 3227 549 3296 λέγω
603 3233 699 3286 καὶ
727 3235 946 3305 γράφω.
1004 3240 1113 3292 Καὶ
1144 3240 1377 3308 ἐγγύθεν
1411 3244 1438 3294 ὁ
1493 3243 1750 3314 ἔλεγχος·
1785 3245 1846 3298 οὐ
1882 3247 1990 3317 γὰρ

402 3323 487 3385 εἰς
516 3327 806 3394 μυριοστὸν
827 3328 948 3392 ἔτος
969 3330 1157 3400 ἀνάγω
1183 3330 1244 3384 τὸ
1277 3333 1641 3405 σύγγραμμα.
1680 3337 1822 3391 Ἀλλ’
1852 3339 1990 3392 εἰσιν

399 3413 604 3478 οἵτινες
656 3419 736 3481 είς
765 3420 864 3490 τὴν
895 3424 1138 3493 τήμερον
1196 3425 1481 3495 περιόντες
1516 3428 1611 3480 καὶ
1643 3428 1734 3482 τὸν
1767 3431 1982 3501 πατέρα

398 3506 496 3559 τὸν
525 3509 658 3576 ὲμὺν
677 3512 1001 3579 ἐγνωκότες,
1031 3516 1127 3568 καὶ
1153 3517 1224 3568 τὰ
1251 3519 1375 3570 κατ’
1401 3519 1565 3572 αὑτὸν
1588 3521 1988 3590 ἀφηγούμενοι,

401 3599 498 3667 ἀφ’
519 3592 594 3652 ὧν
624 3602 720 3655 καὶ
741 3604 842 3657 οὐκ
874 3605 1033 3674 ὀλίγα
1059 3608 1156 3678 τῆς
1191 3609 1438 3680 ἱστορίας
1467 3613 1719 3666 ἐνταυθοῖ
1748 3617 1990 3688 συνηρά-

400 3709 574 3756 νιστο,
605 3694 780 3748 ἄλλων
807 3696 935 3750 ἄλλο
992 3717 1044 3752 τι
1075 3700 1454 3771 διηγουμένων
1487 3704 1582 3756 καὶ
1619 3707 1989 3775 μεμνημένων

399 3777 479 3838 ὧν
523 3785 754 3851 ἕκαστος
788 3790 969 3860 ἔτυχε,
1031 3793 1126 3846 καὶ
1161 3795 1382 3848 πάντων
1427 3797 1890 3866 ὁμοφωνούντων·
1921 3802 1990 3856 τὰ

404 3879 508 3948 μὲν
535 3880 644 3952 γὰρ
679 3882 849 3935 πλείω
876 3885 972 3938 καὶ
1004 3886 1166 3956 ἡμεῖς
1199 3887 1439 3958 συνῆμεν
1467 3891 1546 3960 τῷ
1583 3892 1752 3963 πατρὶ
1797 3895 1893 3946 καὶ
1921 3896 1986 3965 τῇ

404 3971 574 4065 μητρὶ
605 3972 994 4042 συνειπόμεθα.
1025 3977 1098 4028 Οὐ
1120 3978 1228 4048 γὰρ
1249 3974 1317 4050 ἦν
1353 3980 1411 4033 τὸ
1440 3981 1712 4054 ἡμέτερον
1744 3984 1990 4039 τοιοῦτον

399 4060 515 4119 οἷον
548 4070 863 4140 οἰκουρικὸν
899 4075 992 4126 και
1024 4074 1129 4126 ὑπὸ
1163 4077 1328 4129 σκιὰν
1358 4079 1454 4130 καὶ
1505 4081 1721 4151 τρυφὴν
1757 4083 1987 4152 στρεφό-

404 4176 589 4229 μενον·
621 4162 735 4214 ὰλλ*
767 4165 866 4233 ἐμὲ
902 4167 1011 4235 γὰρ
1055 4165 1112 4230 ἐξ
1162 4167 1341 4221 αὐτῶν
1401 4173 1730 4241 σπαργάνων
1761 4173 1987 4242 (ὄμνυμι

397 4252 494 4305 τὸν
527 4254 775 4326 ἐμαυτῆς
807 4256 942 4310 Θεὸν
974 4260 1069 4312 καὶ
1101 4259 1199 4329 τὴν
1258 4259 1470 4314 ἐκείνου
1506 4262 1785 4334 Μητέρα,)
1835 4266 1989 4318 πόνοι

389 4347 498 4404 ,καὶ
535 4346 744 4416 θλίψεις
791 4349 1105 4418 παρέλαϐον
1157 4353 1251 4404 καὶ
1286 4355 1571 4425 συμφοραὶ
1604 4360 1871 4425 συνεχεῖς,
1930 4357 1986 4409 αἱ

407 4441 506 4508 μὲν
541 4440 763 4507 ἔξωθεν,
795 4445 850 4496 att
881 4443 938 4496 δὲ
961 4445 1194 4498 οἴκοθεν.
1222 4445 1303 4500 Τὰ
1333 4448 1436 4517 μὲν
1465 4448 1574 4518 γὰρ
1607 4447 1702 4501 τοῦ
1729 4449 1989 4520 σώματος

398 4534 688 4601 ὀποδαπῶς
717 4533 865 4610 εἶχον
900 4540 1000 4593 οὐκ
1035 4540 1100 4593 ἂν
1132 4541 1369 4612 εἴποιμι,
1392 4542 1705 4612 λεγέτωσαν
1732 4544 1789 4597 δὲ
1812 4543 1988 4599 ταῦτα

400 4628 450 4680 οἱ
488 4629 616 4699 περὶ
644 4630 745 4702 τὴν
771 4635 1165 4697 γυναικωνῖτιν
1195 4635 1291 4687 καὶ
1323 4636 1804 4699 καταλεγέτωσαψ
1837 4638 1906 4690 τὰ
1932 4638 1989 4690 δὲ

402 4721 604 4786 ἔξωθεν
637 4724 731 4776 καὶ
755 4725 856 4777 ὅσα
891 4744 981 4796 μοι
1019 4727 1438 4783 συνεπεπτώκει
1469 4728 1624 4783 οῦπω
1668 4733 1759 4784 τὸν
1801 4731 1990 4800 ὄγδοον

402 4814 792 4892 ὑπερελασόιεῃ
820 4820 1036 4888 χρόνον,
1064 4819 1161 4874 καὶ
1203 4821 1366 4885 ὅσους
1393 4822 1625 4894 ἐχθροὺς
1668 4825 1700 4895 ἡ
1738 4824 1846 4878 τῶν
1891 4826 1990 4879 ἀν-

401 4905 638 4976 θρώπων
671 4927 764 4978 μοι
810 4913 976 4965 κακία
1009 4913 1453 4984 παρεδλάστησε,
1489 4915 1589 4985 τῆς
1637 4915 1989 4983 Ἰσοκράτους

400 4999 662 5071 Σειρῆνος
694 5003 891 5068 δεῖται,
915 5007 1014 5074 τῆς
1045 5006 1382 5078 Πινδαρικῆς
1415 5009 1862 5077 μεγαλοφωνίας,
1893 5011 1988 5064 τοῦ

400 5091 724 5162 Πολέμωνος
777 5093 990 5165 ῥοίζου,
1036 5099 1134 5166 τῆς
1176 5097 1481 5168 Ὁμηρικῆς
1517 5098 1859 5166 Καλλιόπης,
1893 5101 1992 5172 τῆς

401 5183 693 5254 Σαπφικῆς
725 5184 917 5256 λύρας,
952 5187 984 5256 ἦ
1015 5205 1162 5251 τινος
1199 5188 1370 5255 ἄλλης
1395 5188 1561 5258 παρὰ.
1590 5191 1797 5252 ταύτας
1827 5190 1988 5243 δυνά-

405 5292 569 5342 μεως.
591 5278 761 5331 Οὐδὲν
791 5281 900 5348 γάρ
928 5282 1045 5333 ἐστι
1071 5282 1181 5334 τῶν
1204 5282 1399 5335 δεινῶν
1429 5283 1492 5334 οὐ
1526 5283 1748 5353 μικρὸν,
1773 5283 1833 5336 οὐ
1861 5286 1987 5352 μεῖ-

401 5366 512 5431 ζον,
544 5368 646 5421 οὐκ
677 5368 930 5438 ἐγγύθεν,
968 5372 1026 5424 οὐ
1063 5371 1420 5444 πορρωτέρω,
1447 5371 1476 5424 δ
1523 5371 1600 5445 μὴ
1633 5373 1796 5437 εὐθὺς
1844 5374 1979 5428 έπέ-

401 5457 556 5526 6ρισε
591 5461 715 5514 καθ’
779 5463 956 5533 ἡμῶν·
1015 5464 1107 5517 καὶ
1159 5464 1293 5534 δῆτα
1334 5463 1431 5518 καὶ
1466 5465 1738 5536 ὑπερέσχε
1789 5466 1984 5535 σαφῶς

399 5552 458 5602 τὸ
509 5552 826 5608 κλυδώνιον·
861 5557 956 5610 καὶ
1007 5557 1196 5611 ἔκτοτε
1229 5559 1323 5612 καὶ
1372 5559 1537 5630 μέχρι
1581 5559 1678 5611 τοῦ
1729 5559 1849 5627 νῦν,
1884 5561 1981 5613 καὶ

2098 3251 2187 3305 illa
2224 3239 2463 3319 plaustra
2491 3249 2671 3302 omnia
2722 3243 3138 3300 innumerabilia
3165 3237 3423 3294 devolvit.
3464 3234 3677 3288 Prazoca

2096 3342 2341 3412 cupanda
2375 3341 2504 3394 mihi
2539 3340 2640 3393 hoc
2668 3339 2785 3392 loco
2814 3346 2898 3392 est
2931 3334 3169 3402 suspicio
3217 3329 3436 3384 lectoris
3481 3325 3673 3392 opina-

2097 3438 2197 3492 turi
2226 3437 2363 3490 forte
2394 3436 2522 3488 dum
2562 3433 2676 3486 haec
2715 3430 2856 3498 leget
2897 3428 2962 3481 ad
3008 3423 3237 3494 gratiam
3283 3419 3524 3476 scribere
3564 3427 3674 3479 me,

2094 3540 2148 3588 et.
2179 3531 2417 3598 linguam
2453 3525 2576 3579 tilia:
2611 3531 2717 3575 tam
2760 3517 2936 3586 ampla
2984 3517 3051 3569 de
3092 3523 3245 3580 patre
3295 3505 3673 3569 memorantis,

2075 3622 2228 3678 nihil
2267 3619 2370 3675 nisi
2422 3615 2651 3671 naturali
2703 3611 2909 3668 servire
2955 3607 3208 3662 charitati
3256 3605 3372 3659 sine
3424 3608 3673 3670 respectu

2091 3714 2362 3771 veritatis.
2396 3710 2514 3764 Non
2542 3707 2615 3761 ita
2642 3716 2755 3770 est;
2785 3719 2914 3764 non,
2945 3716 3040 3770 per
3075 3699 3192 3752 illas
3223 3698 3370 3764 ipsas
3397 3704 3671 3747 atrutunas

2093 3805 2451 3877 periculorum
2486 3815 2620 3870 quas
2653 3812 2748 3867 pro
2774 3794 3038 3849 felicitate
3067 3790 3324 3843 Romana:
3359 3783 3673 3854 reipublicae

2092 3898 2292 3971 pacisci
2322 3907 2598 3963 nunquam
2632 3886 2905 3944 recusavit
2933 3886 3203 3955 Augustus
3244 3895 3393 3934 mens
3440 3891 3669 3946 parens;

2094 3968 2223 4055 non,
2255 4004 2350 4060 per
2381 3987 2622 4057 ejusdem
2657 3993 2732 4036 tot
2782 3980 2868 4033 illa
2905 3977 3228 4037 certamina,
3279 3973 3400 4027 illas
3451 3968 3676 4024 calami-

2096 4097 2254 4150 tates,
2286 4096 2424 4152 quas
2472 4093 2570 4148 pro
2619 4072 2943 4129 Christianis
2981 4071 3146 4125 subiit
3175 4076 3353 4136 fatque
3387 4073 3676 4134 perpessus

2092 4182 2208 4237 est;
2241 4186 2366 4233 non,
2431 4169 2677 4236 inquam,
2731 4180 2835 4217 non
2887 4162 3001 4214 lucc
3048 4175 3146 4227 ego
3195 4156 3508 4227 gratiﬁcans
3556 4166 3675 4204 meo

2091 4263 2232 4334 patri
2266 4263 2459 4329 loquor
2493 4266 2584 4310 aut
2611 4256 2810 4310 scribo.
2842 4252 2982 4318 Quin
3018 4251 3196 4319 potius
3225 4247 3400 4302 sicubi
3452 4242 3677 4298 halluci-

2091 4365 2276 4410 natum
2324 4365 2538 4405 errasse
2587 4357 2791 4416 patrem
2835 4345 3012 4408 video,
3076 4357 3179 4396 non
3229 4337 3534 4402 dissimulo,
3568 4351 3674 4388 non

2093 4463 2288 4518 parco;
2343 4460 2444 4498 nec
2501 4443 2733 4511 migrare
2798 4449 3002 4492 naturae
3053 4435 3226 4502 legem
3278 4431 3482 4490 dubito,
3545 4429 3672 4480 dum

2095 4553 2276 4613 partes
2309 4537 2506 4608 impleo
2539 4534 2695 4588 otiicii
2727 4532 2986 4598 suscepti.
3021 4527 3242 4581 Veritati
3297 4523 3548 4578 nimirum
3582 4520 3673 4574 uni

2091 4637 2292 4695 haereo,
2341 4644 2502 4683 unam
2554 4626 2722 4680 miror
2778 4634 3108 4691 sequorque,
3174 4626 3285 4670 tota
3345 4630 3412 4669 ex
3462 4627 3569 4666 una
3610 4626 3673 4665 ea

2089 4727 2297 4796 pendeo
2323 4721 2557 4794 {Anticus
2585 4717 2772 4784 utique
2795 4721 3075 4781 est‘pater,
3102 4719 3155 4762 at
3192 4707 3418 4761 amicior
3442 4705 3673 4772 veritas;

2091 4833 2216 4872 nam
2252 4818 2303 4870 in
2347 4811 2598 4869 conﬂictu
2627 4809 2940 4869 aliectuutn,
2970 4811 3404 4873 quantaecunque
3437 4797 3676 4852 necessi-

2096 4909 2268 4965 tudini
2293 4904 2662 4974 comparanda
2715 4899 2918 4961 veniat,
2966 4897 3050 4950 fas
3100 4907 3318 4963 semper
3348 4904 3676 4960 aequumque

2094 5013 2178 5059 est
2211 5000 2504 5071 praevalere
2535 4993 2886 5068 praeferrique
2922 4989 3231 5051 veritatem,
3271 4993 3331 5040 ut
3379 4994 3528 5040 recte
3576 4983 3675 5037 alio

2094 5096 2216 5167 quis
2243 5091 2596 5164 philosophus
2647 5085 2850 5142 docuit.
2879 5084 2995 5137 Hac
3036 5096 3137 5149 ego
3172 5093 3361 5134 norma
3413 5077 3672 5146 scriptio-

2094 5207 2215 5243 netn
2265 5202 2414 5257 rego,
2469 5197 2653 5238 rerum
2699 5180 2920 5249 vestigia
2970 5187 3241 5247 gestarum
3293 5173 3346 5228 in
3396 5170 3671 5228 narrando

2090 5297 2325 5349 sequens
2357 5297 2371 5333 :
2411 5276 2547 5333 nihil
2583 5275 2797 5346 ingenio
2825 5281 3040 5340 meopte
3079 5271 3309 5340 ﬁngens,
3360 5265 3497 5320 nihil
3543 5263 3667 5319 odio

2088 5373 2334 5427 studiove
2356 5371 2560 5424 addens
2579 5378 2673 5421 aut
2693 5365 3043 5420 subtrahens.
3069 5363 3198 5428 Quae
3217 5373 3346 5414 vere
3369 5357 3665 5425 contigere,

2095 5480 2198 5521 non
2233 5478 2353 5532 quae
2381 5461 2507 5531 tingi
2535 5470 2758 5529 potuere
2791 5455 3073 5511 commode
3103 5452 3205 5507 mei
3251 5450 3388 5504 duco
3420 5447 3665 5502 muneris

2090 5557 2236 5628 loqui
2263 5565 2316 5611 et
2343 5555 2622 5616 scribere;
2673 5551 2740 5606 ab
2768 5550 2871 5604 hac
2904 5549 3005 5635 title
3049 5550 3102 5602 'si
3153 5541 3370 5607 delicio,
3399 5537 3566 5611 446
3612 5537 3663 5592 in

1422 5715 1621 5777 Varize
1653 5715 1962 5780 lectiones
1998 5735 2076 5781 ex
2113 5716 2254 5780 cod.
2320 5712 2599 5776 Coislin.

452 5837 495 5870 “
514 5841 559 5892 εἰ
582 5837 661 5892 δέ,
