4086 6400
429 381 567 452 1087
824 456 835 458 _
1739 392 1963 453 ANN/E
1994 392 2387 454 COMNEN/E
3557 395 3695 458 1088

422 511 698 567 promptu,
748 502 801 555 in
850 502 1029 557 vicino
1066 510 1150 557 est
1199 504 1348 559 unde
1397 503 1599 572 possim
1651 518 1741 557 rea
1794 502 2004 557 fraudis

2118 505 2307 575 μέχρις
2336 496 2400 555 οὗ
2436 502 2497 555 τὸ
2533 503 2879 576 σύγγραμμα
2904 506 3060 560 τουτὶ
3094 504 3292 575 γράφω
3327 507 3361 578 ἡ
3392 505 3502 559 τῶν
3556 524 3699 576 συμ-

426 591 633 659 peragi.
669 590 783 645 Non
827 595 974 646 enim
1061 594 1113 647 iu
1178 594 1360 648 detics
1418 594 1762 648 millesimum
1814 594 2011 649 abhinc

2122 596 2305 662 φορῶν
2338 595 2713 664 ἐμπορεύεταί
2748 614 2839 667 μοι
2869 597 3137 663 θάλασσα,
3191 599 3287 651 καὶ
3318 598 3451 650 ἄλλα
3484 599 3570 650 ἐπ’
3599 598 3699 652 ἄλο

425 695 625 732 aunum
664 684 979 749 scriptionis
1008 692 1151 738 retro
1185 684 1343 750 hujus
1393 693 1767 754 argumentum
1796 684 2006 753 refero;

2118 685 2230 748 λοις
2259 685 2465 738 καταλα
2478 685 2673 754 μὸάνει
2700 688 2769 739 τὰ
2801 689 3045 757 κύματα.

426 772 611 824 habito
641 775 690 825 iu
727 777 983 829 u-etttmia
1025 779 1312 843 prmseuti;
1347 793 1433 830 res
1467 793 1628 831 narro
1677 778 1777 831 sub
1814 779 1987 837 oculis
2021 789 2200 848 gestas
2233 780 2449 832 testium
2506 782 2682 835 adlmc
2743 785 3117 850 superstitum.
3187 781 3381 841 Vivont
3432 781 3702 848 hodieque

430 864 519 928 qui
550 880 727 915 meum
759 866 1032 929 viderunt,
1075 879 1402 936 cognorunt,
1451 870 1666 937 penitus
1713 879 2106 936 perspexerunt
2136 880 2379 939 patrem;
2413 872 2504 939 qui
2572 885 2659 924 res
2722 872 2838 939 ejus
2882 880 2936 925 et
2975 873 3339 926 meminerunt
3375 882 3429 923 et
3467 874 3696 939 loquun-

426 968 512 1006 tur
567 962 761 1011 adhuc.
821 958 1024 1012 Hortttn
1087 976 1186 1029 ego
1241 977 1466 1016 vererer
1514 963 1910 1017 conscientiam
1958 964 2002 1018 si
2048 963 2330 1029 fallerem;
2383 952 2523 1017 nunc
2558 973 2734 1017 metus
2760 965 2937 1019 nullus
3004 976 3090 1019 est
3138 982 3203 1019 ne
3275 968 3700 1034 reprehensores

423 1066 514 1103 eos
554 1068 663 1103 mea
704 1055 901 1106 sentiat
935 1058 1176 1108 narratio
1204 1071 1340 1123 quos
1370 1069 1620 1112 auctores
1672 1058 1725 1112 in
1758 1074 1862 1111 non
1919 1058 2108 1128 paucis
2172 1074 2237 1112 ac
2296 1056 2491 1113 fundos
2567 1060 2766 1113 habere
2819 1060 3101 1129 gloriatur.
3153 1058 3390 1114 Cernere
3451 1061 3699 1116 videlicet

423 1156 517 1205 per
550 1158 632 1193 me
671 1145 851 1197 omnia
882 1155 936 1197 et
966 1163 1301 1216 cognoscere
1336 1165 1441 1202 non
1479 1151 1662 1217 potui;
1698 1165 1869 1220 quare
1936 1150 2180 1204 defectus
2211 1153 2637 1221 ,observationis
2692 1153 2919 1206 oculatae
2986 1153 3316 1223 supplendus
3364 1154 3414 1205 iu
3476 1154 3701 1221 quibus-

422 1235 540 1285 dam
581 1234 681 1288 fuit
712 1240 991 1294 auditione
1032 1241 1190 1296 alieni
1244 1245 1564 1308 tesﬁmonii,
1627 1247 1678 1300 in
1748 1261 1855 1316 quo
1928 1254 1983 1298 et
2049 1245 2317 1301 delectum
2377 1258 2429 1301 et
2481 1247 2746 1315 judicium
2797 1248 3040 1314 adhibui,
3094 1257 3154 1302 ut
3208 1263 3301 1301 eos
3353 1246 3693 1315 pctissituttm

422 1339 637 1396 quaque
673 1330 739 1382 de
800 1344 861 1383 re
907 1332 1210 1387 audiendos
1247 1336 1522 1400 ducerem,
1577 1337 1666 1404 qui
1722 1347 1776 1391 et
1830 1337 2033 1406 alioqui
2089 1353 2282 1409 graves
2314 1347 2370 1393 et
2405 1339 2480 1393 rei
2513 1339 2685 1392 eidem
2735 1341 2863 1392 dum
2909 1347 3193 1408 gereretur
3251 1348 3547 1405 prmseutes
3602 1339 3701 1389 ad-

421 1412 760 1484 ῖιιὶεςιξιιιςθι
791 1422 1080 1478 nmltorum
1107 1427 1291 1480 talium
1322 1439 1576 1497 exceptas
1601 1429 1990 1485 aﬂirmationcs
2027 1445 2402 1500 compararem
2459 1431 2574 1499 ipsa
2637 1431 2890 1494 invicem,
2925 1430 3249 1498 collatisque
3295 1445 3359 1497 a‘c
3408 1444 3701 1499 coagmen-

422 1509 548 1557 latis
581 1509 631 1559 in
668 1526 831 1563 unum
871 1529 990 1582 quae
1026 1531 1055 1567 a
1106 1518 1336 1587 singulis
1374 1534 1719 1588 acceperam,
1768 1521 1869 1574 hoc
1901 1537 2000 1591 pro
2042 1521 2313 1576 constanti
2357 1522 2613 1577 haberem
2655 1523 2798 1591 quod
2848 1536 3117 1576 consensu
3199 1523 3443 1576 omnittm
3520 1521 3702 1605 lirmaf

421 1596 599 1651 batur.
630 1600 754 1654 Hec
789 1606 853 1658 de
879 1605 983 1660 fide
1013 1623 1190 1661 rerum
1224 1625 1360 1679 quas
1398 1610 1632 1665 Historia
1660 1612 1776 1667 haec
1806 1628 1945 1675 mea,
1978 1601 2066 1669 me
2092 1614 2338 1678 absente,
2368 1624 2552 1684 gestas
2579 1625 2861 1669 memorat.
2886 1614 2977 1670 Ea:
3008 1629 3173 1685 porro
3198 1630 3305 1669 non
3334 1615 3470 1669 adeo
3519 1615 3702 1668 multae

421 1700 569 1744 sunt.
604 1691 696 1745 Fui
736 1699 878 1749 enim
933 1717 1052 1753 cum
1106 1713 1258 1770 patre
1304 1719 1425 1758 meo
1482 1705 1706 1774 perdiu;
1766 1718 1995 1761 matrem
2019 1724 2253 1778 quoque,
2297 1724 2404 1778 quo
2447 1724 2504 1764 se
2542 1710 2631 1763 illa
2662 1724 2877 1780 cunque
2949 1708 3139 1774 ferret,
3191 1711 3453 1763 assectari
3517 1711 3695 1776 solita,

420 1776 848 1844 terunuiosarum
909 1797 1076 1850 etiam
1128 1799 1343 1856 illarum
1396 1813 1559 1873 atque
1629 1809 1988 1861 castrensium
2046 1808 2320 1863 individua
2371 1809 2868 1879 peregrinationum
2918 1823 3122 1861 comes.
3174 1806 3383 1860 Etenim
3437 1823 3540 1860 non
3618 1803 3695 1857 uti

422 1879 533 1933 fere
568 1899 664 1935 usu
687 1887 832 1937 venit
857 1892 1068 1946 caeteris
1096 1897 1291 1949 summi
1324 1898 1428 1953 loci
1463 1916 1526 1953 ac
1548 1903 1766 1968 generis
1792 1902 2009 1972 puellis,
2052 1903 2123 1956 ita
2161 1904 2291 1956 mihi
2329 1919 2546 1971 quoque
2573 1906 2624 1956 in
2660 1904 2849 1956 umbra
2887 1914 3049 1970 atque
3105 1903 3159 1955 in
3246 1901 3457 1957 deliciis
3494 1901 3692 1956 nutriri

421 1976 672 2042 Contigit,
715 1980 814 2031 sub
845 1994 1037 2050 operto
1066 1988 1233 2050 aprici
1310 1991 1459 2046 laris.
1533 1994 1638 2048 Sed
1697 2012 1781 2050 me
1831 1996 1900 2049 ab
1949 1997 2081 2063 ipsis
2113 1997 2454 2051 incuualmlis
2515 2002 2743 2066 (testem’
2794 1997 2922 2050 dicti
2988 1998 3200 2065 appello
3257 1994 3424 2047 Deum
3491 2009 3690 2060 meum,

422 2065 699 2135 ipsiusque
734 2070 981 2143 Matrem)
1028 2075 1262 2143 labores,
1314 2081 1677 2149 incommoda,
1730 2102 1989 2142 tentatum
2048 2088 2197 2143 aliter
2235 2104 2300 2143 ex
2363 2090 2483 2143 aliis
2523 2082 2807 2157 excepere;
2843 2091 3033 2155 partim
3066 2092 3406 2144 extrinsecus
3432 2090 3693 2159 appulsa,

423 2166 620 2230 partim
646 2180 709 2219 ex
745 2168 1056 2224 domesticis
1084 2182 1216 2226 orta:
1247 2177 1550 2247 principiis.
1592 2180 1722 2234 {\‘am
1777 2198 2004 2252 corpore
2045 2195 2103 2237 ut
2137 2185 2426 2248 valuerim,
2458 2200 2728 2254 quamque
2760 2186 2944 2240 multis
2979 2201 3043 2239 ac
3064 2186 3318 2253 gravibus
3382 2186 3497 2254 jam
3579 2196 3693 2241 tum

422 2257 659 2309 exercita
691 2259 793 2312 sint
851 2265 1056 2317 morbis
1107 2269 1355 2335 equidem
1415 2273 1526 2340 ipsa
1584 2292 1686 2327 nou
1730 2276 2005 2343 referam;
2052 2288 2354 2332 memorent
2386 2352 2389 2357 ἱ
2418 2293 2511 2332 eos
2542 2290 2595 2332 et
2656 2290 2975 2333 enumerent
3008 2280 3042 2334 ii
3077 2280 3167 2348 qui
3220 2280 3374 2333 nobis
3403 2295 3469 2333 ex
3512 2279 3693 2334 oliicio

423 2345 474 2397 in
505 2350 649 2414 regio
675 2363 928 2419 gyumceo
980 2358 1381 2417 ministrarnut.
1434 2363 1525 2418 His
1552 2367 1713 2434 igitur
1750 2370 1991 2430 omissis,
2038 2384 2105 2423 ne
2129 2379 2353 2424 esterua
2383 2352 2602 2439 quidem
2634 2385 2732 2440 ego
2775 2371 2861 2424 illa
2897 2371 3038 2439 potis
3099 2386 3217 2424 sum
3286 2372 3545 2438 exsequi;
3600 2379 3684 2432 Vel

422 2450 542 2500 qua)
568 2441 790 2496 adversa
823 2444 1111 2499 inciderint
1161 2450 1211 2503 in
1286 2467 1371 2505 me
1441 2458 1676 2508 nondum
1756 2472 1918 2525 supra
2001 2471 2253 2514 octavum
2286 2470 2528 2514 evcctam
2567 2462 2742 2515 astatis
2774 2477 3010 2528 annum;
3054 2463 3136 2516 vel
3186 2477 3323 2532 quos
3353 2478 3418 2517 ac
3469 2473 3699 2531 quantos

423 2528 703 2584 hominum
738 2536 939 2588 malitia
972 2538 1022 2589 in
1055 2554 1139 2594 me
1165 2540 1418 2598 inimicos
1447 2545 1825 2601 concitaverit.
1857 2544 2003 2617 Opus
2040 2550 2104 2602 ad
2145 2550 2195 2603 id
2222 2548 2441 2618 quidem
2479 2548 2643 2605 fuerit
2679 2550 2872 2604 Sirene
2905 2550 3185 2616 Isocratis,
3231 2551 3695 2620 magniloquentia

424 2619 666 2684 Pimlari,
715 2632 954 2681 tori-cute
978 2627 1287 2688 Polemonis
1327 2635 1377 2687 in
1429 2637 1656 2689 dicendo
1704 2637 1873 2705 ﬂuxu,
1936 2641 2173 2711 denique
2207 2640 2524 2715 gilomeriea
2590 2643 2855 2697 munditie
2903 2658 2967 2697 ac
3016 2646 3189 2696 nitore
3260 2643 3531 2707 dictionis,
3605 2660 3699 2705 an;

423 2714 524 2765 alia
565 2715 816 2782 quapiam
868 2721 933 2771 ad
978 2720 1112 2775 istas
1160 2725 1452 2781 accedente
1504 2727 1782 2786 facultate.
1860 2730 2013 2786 Nulla
2056 2736 2200 2789 enim
2263 2733 2473 2803 species
2539 2734 2666 2787 mali
2706 2747 2810 2797 est,
2870 2738 3044 2804 parvi,
3104 2738 3344 2806 majoris,
3396 2739 3696 2809 longinquis

424 2806 719 2874 propriuris
754 2811 895 2877 quod
936 2827 1018 2866 me
1046 2815 1225 2868 subito
1255 2816 1500 2873 incidens
1527 2837 1629 2874 non
1663 2826 1996 2891 Oppresserit
2036 2825 2332 2893 improviso
2359 2826 2616 2896 pondere.
2650 2830 2726 2881 Ac
2751 2829 2997 2880 videlicet
3025 2829 3322 2892 (fatendum
3386 2846 3469 2888 est
3523 2830 3697 2899 enim)

426 2908 720 2967 tempestas
749 2904 1039 2970 prmvalet;
1070 2916 1428 2965 etnavemet
1470 2922 1642 2967 artem
1705 2915 2059 2986 gubernantis
2100 2918 2208 2971 alte
2241 2918 2421 2973 obruit
2452 2921 2593 2974 unda
2645 2935 3014 2988 exsuperans;
3091 2940 3189 2978 nec
3239 2927 3360 2979 finis
3402 2939 3492 2982 aut
3546 2932 3700 3006 quies

426 2992 556 3047 ulla.
595 2994 734 3048 Idem
790 3012 933 3050 nunc
997 2994 1214 3067 quoque
1259 3015 1572 3069 perseverat
1607 3009 1698 3074 qui
1749 3020 1859 3060 tum
1918 3007 2020 3062 fuit
2066 3012 2187 3064 vitae
2213 3019 2367 3066 tenor
2426 3020 2479 3067 et
2544 3012 2799 3066 miseriae.
2854 3014 3019 3083 Urget
3063 3030 3234 3086 usque
3279 3021 3344 3071 ad
3394 3032 3697 3079 extremum

428 3080 640 3138 fortuna
676 3089 815 3155 quod
848 3090 1011 3154 cmpit
1042 3102 1058 3149 :
1092 3100 1143 3145 et
1178 3108 1261 3147 me
1300 3110 1442 3149 nunc
1482 3114 1603 3151 cum
1670 3100 1909 3154 maxime
1948 3102 2062 3155 haec
2134 3104 2247 3169 ipsa
2322 3105 2671 3187 meditantem
2750 3106 3124 3161 calamitatum
3204 3125 3354 3165 mare
3427 3116 3697 3181 quoddam

426 3186 737 3230 exzestuaus
758 3178 878 3230 aliis
905 3194 1067 3246 super
1089 3181 1224 3237 alios
1250 3183 1727 3243 effervescentibus
1756 3191 1999 3244 incursat
2032 3190 2305 3246 ﬂuctibus.

507 3265 613 3321 Sed
675 3279 916 3326 torrente
973 3275 1119 3328 velut
1176 3280 1412 3345 quodam
1470 3279 1704 3334 cladium
1768 3299 2007 3337 mearum

2200 3285 2359 3339 Ἀλλὰ
2379 3288 2487 3357 γὰρ
2510 3288 2700 3341 ἔλαθον
2724 3289 2803 3350 είς
2825 3289 2926 3352 τὰς
2940 3291 3186 3361 ἐμαυτῆς
3211 3296 3502 3365 συμφορὰς
3520 3316 3702 3365 παρα-

429 3357 591 3429 ionge
623 3362 898 3430 abreptam
926 3365 993 3420 de
1040 3367 1292 3423 instituto
1337 3387 1498 3427 cursu
1548 3375 1816 3431 orationis
1859 3378 2012 3443 quasi

429 3469 624 3509 navem
685 3474 826 3513 nunc
884 3464 1098 3517 domum
1158 3468 1356 3525 sentio.
1412 3467 1527 3523 Non
1592 3471 1790 3526 frustra
1852 3473 1905 3526 id
1959 3473 2014 3527 in

435 3558 667 3602 mentem
726 3553 974 3619 venerit;
1026 3562 1353 3626 retorquebo
1414 3561 1716 3630 impetum,
1780 3564 2009 3635 dirigam

432 3639 717 3707 remigium
771 3643 825 3698 in
870 3647 1128 3701 adversas
1168 3650 1362 3715 undas,
1397 3655 1693 3724 corripiant
1749 3658 2015 3715 tranando

437 3734 672 3787 medium
722 3739 977 3805 spatium,
1010 3742 1325 3811 redditaque
1379 3747 1497 3801 loco
1533 3752 1673 3804 unde
1728 3752 1835 3807 huc
1885 3754 2017 3808 sub-

432 3822 619 3890 lapsus
684 3829 804 3882 sine
848 3845 1010 3884 sensu
1066 3834 1239 3902 stylus
1289 3836 1590 3903 efﬂuxerat,
1629 3856 1901 3898 resumam
1959 3845 2013 3900 in

334 3907 343 3915 ⁸
436 3928 628 3969 manus
660 3919 801 3985 quod
828 3930 1063 3977 tractare
1087 3933 1793 3998 argumentumgcaaperant;
1832 3937 2015 3989 edam-

442 4020 546 4071 que
571 4010 763 4073 quibus
792 4016 1110 4067 auctoribus
1138 4017 1418 4072 didicerim
1446 4036 1564 4089 qum
1613 4024 1737 4078 huic
1765 4023 2015 4083 Historize

441 4100 709 4153 mandavi.
736 4102 991 4167 Quasdam
1014 4107 1176 4174 igitur
1200 4124 1409 4179 eorum,
1436 4123 1493 4167 ut
1515 4116 1779 4181 dicebam,
1805 4134 1871 4174 ex
1895 4137 2013 4177 mea

437 4186 607 4253 ipsius
665 4191 820 4251 hausi
878 4196 1174 4262 memoria,
1229 4204 1587 4269 prresentibus
1648 4221 1679 4259 a
1744 4223 1829 4263 me
1883 4210 2011 4266 olim

432 4276 595 4349 [⁸47
625 4293 877 4349 usurpata
904 4289 1171 4343 sensibus.
1212 4290 1374 4347 Bellis
1405 4310 1534 4350 vero
1558 4313 1621 4351 ac
1653 4300 1856 4367 praaliis
1887 4304 2012 4372 quia

435 4385 541 4423 non
602 4374 840 4442 interfui,
876 4393 995 4447 quae
1048 4396 1145 4449 per
1198 4397 1259 4436 ea
1315 4387 1658 4456 contigerunt
1712 4392 2015 4451 referentes

440 4467 585 4518 varie
625 4469 809 4523 varios
841 4460 1020 4524 audivi
1055 4477 1459 4541 expeditionum
1498 4484 1668 4549 patris
1704 4485 1804 4539 mei
1845 4488 2016 4542 comi-

435 4558 536 4619 tes,
570 4559 969 4628 participesque
1004 4566 1389 4635 periculorum;
1419 4570 1711 4639 taliumque
1739 4591 1840 4643 ope
1868 4579 2013 4632 velut

436 4651 788 4711 quorumdam
818 4655 1139 4719 portitorum
1164 4672 1258 4724 per
1281 4660 1711 4729 interiacentium
1743 4683 2009 4737 aquarum

437 4735 611 4800 spatia
667 4742 960 4807 reciprocis
1014 4746 1332 4811 trajectibus
1396 4750 1613 4806 litorum
1687 4735 2012 4816 commercia

439 4824 918 4896 committentium,
962 4835 1137 4891 bellici
1170 4853 1333 4895 casus
1383 4828 1546 4911 atque
1579 4860 1862 4904 successus
1912 4867 2016 4906 cm-

442 4923 662 4984 teraque
688 4927 838 4988 gesta
887 4940 1113 4997 peregre
1140 4929 1194 4985 in
1236 4948 1411 4989 meam
1442 4935 1588 4991 domi
1626 4939 1866 5007 degentis
1911 4959 2010 4999 no-

2118 3380 2424 3450 συραμένη.
2472 3379 2583 3433 Νῦν
2616 3376 2708 3434 οὖν
2731 3382 2831 3454 ἐπὶ,
2860 3382 2982 3434 νοῦν
3000 3384 3255 3452 ἐλθοῦσα,
3279 3388 3700 3460 ἐπανανήξομαι

2118 3471 2373 3541 καθάπερ
2392 3472 2664 3543 ἀνάρῤουν
2689 3475 3041 3544 ποιησαμένη
3079 3477 3175 3529 καὶ
3197 3479 3332 3548 πρὸς
3349 3480 3449 3542 τὰς
3475 3482 3700 3552 πρώτας

2116 3563 2286 3625 λαϐὰς
2306 3563 2687 3633 ἐπανέλθοιμι.
2709 3565 2790 3619 Τὰ
2817 3566 2916 3634 μὲν
2936 3563 3048 3632 οὖν,
3069 3567 3145 3630 ὡς
3181 3553 3358 3634 εἷπον,
3381 3574 3513 3643 παρ’
3531 3577 3700 3645 ἐμαυ-

2116 3655 2215 3724 τῆς
2246 3653 2375 3726 ἔχω,
2396 3654 2462 3708 τὰ
2493 3655 2551 3708 δὲ
2591 3658 2687 3708 καὶ
2713 3658 2823 3710 ἀπὸ
2852 3658 2961 3710 τῶν
2996 3652 3565 3733 ξυστραεευιίαμένων
3622 3668 3701 3738 τῷ

2116 3747 2486 3818 αὐτοκράτορι
2511 3748 2770 3811 ποικίλως
2792 3750 2922 3819 περὶ
2954 3750 3164 3804 τούτων
3201 3756 3577 3823 μανθάνουσα,
3601 3763 3698 3814 καὶ

2114 3838 2204 3891 διά
2219 3855 2383 3890 τινων
2422 3838 2715 3906 πορθμέων
2747 3839 2827 3900 είς
2857 3840 3003 3907 ἡμᾶς
3033 3839 3463 3907 διαῦισαζόντων
3488 3850 3554 3901 τὰ
3583 3852 3699 3912 τοῖς

2117 3930 2377 3998 πολέμοις
2406 3929 2813 3999 ξυμϐεϐηκότα.
2846 3931 3099 3985 Μάλιστα
3149 3932 3207 3985 δὲ
3241 3937 3338 3987 καὶ
3385 3939 3697 4010 αὐτοπροσο

2116 4023 2283 4085 ώπως
2319 4024 2451 4094 περὶ
2502 4023 2710 4076 τούτων
2739 4025 3116 4094 διηγουμένων
3173 4029 3437 4096 πολλάκις
3497 4034 3698 4104 ⁴ἤκουον

2116 4116 2209 4169 τοῦ
2234 4133 2293 4168 τε
2321 4115 2723 4186 αὐτοκράτορος
2752 4119 2846 4170 καὶ
2880 4118 3158 4188 Γεωργίου
3182 4122 3276 4174 τοῦ
3299 4124 3693 4196 Παλαιολόγου.

2128 4208 2272 4278 Ἐγὼ
2305 4209 2359 4262 δὲ
2379 4211 2473 4262 καὶ
2502 4210 2570 4262 τὰ
2594 4209 2766 4262 πολλὰ
2786 4210 2993 4263 τούτων
3015 4212 3394 4285 συνελεξάμην
3438 4220 3533 4270 καὶ
3554 4221 3695 4289 κρά-

2114 4320 2271 4356 τιστα
2290 4304 2382 4354 ἐπὶ
2397 4301 2490 4355 τοῦ
2514 4302 2653 4371 μετὰ
2678 4302 2771 4355 τὸν
2788 4302 2917 4371 ἐμὸν
2939 4305 3154 4374 πατέρα
3172 4307 3361 4376 τρίτου
3378 4308 3489 4378 (55)
3512 4314 3580 4364 τὰ
3597 4317 3700 4384 τῆς

2118 4394 2401 4464 βασιλείας
2420 4386 3003 4463 σκῆπτραδιέποντοςξ
3021 4397 3108 4449 ὅτε
3142 4399 3236 4450 καὶ
3261 4401 3412 4454 πᾶσα
3436 4404 3700 4460 κολακεία

2115 4488 2214 4541 καὶ
2235 4468 2434 4556 ψεῦδος
2464 4485 2542 4554 τῷ
2566 4485 2776 4555 πάππῳ
2800 4485 2949 4552 αὐτῷ
2969 4489 3380 4560 συναπέρῤευσε
3400 4493 3446 4525 ⁸⁷
3478 4496 3702 4552 πάντων

2115 4579 2209 4632 τὸν
2245 4577 2620 4645 ἐφιστάμενον
2654 4578 2754 4645 μὲν
2788 4575 2981 4648 θρόνον
3013 4579 3449 4648 κολακευόντων,
3484 4587 3622 4655 πρὸς
3644 4589 3701 4643 δὲ

2116 4668 2210 4722 τὸν
2253 4667 2645 4740 ὰπερρυηκότα
2678 4667 2848 4739 μηδέν
2891 4685 2946 4720 τι
3003 4669 3102 4739 μὲν
3134 4672 3374 4736 θωπείας
3426 4675 3696 4732 ἐνδεικνυ-

2123 4756 2322 4828 μένων,
2391 4757 2576 4825 γυμνὰ
2617 4755 2675 4809 δὲ
2708 4758 2777 4809 τὰ
2809 4757 3113 4827 πράγματα
3145 4760 3545 4833 διηγουμένων,
3603 4770 3697 4823 καὶ

2121 4849 2260 4901 αὐτὰ
2284 4848 2553 4915 λεγόντων
2583 4846 2771 4918 ὥσπερ
2805 4848 3124 4918 ἐσχήκασιν.
3153 4852 3291 4919 Ἐγὼ
3324 4857 3423 4924 μὲν
3448 4858 3576 4927 γὰρ,
3596 4860 3698 4921 τὰς

2120 4941 2367 5010 ἐμαυτῆς
2399 4939 2687 5010 συμφορὰς
2722 4939 3110 5013 ἀποδυρομένη
3150 4946 3296 5000 κατὰ
3318 4948 3438 5001 τόδε
3496 4950 3695 5022 καιροῦ

1497 5049 1700 5112 Variae
1733 5052 2044 5117 lectiones
2076 5073 2156 5118 ex
2185 5056 2329 5119 cod.
2370 5054 2641 5119 Coislin.

507 5136 552 5167 ἰ’
598 5136 996 5208 συεπέῤῥευσε.

1511 5216 1652 5280 Car.
1697 5219 2020 5284 Dufresnii
2047 5226 2141 5287 Du
2174 5224 2396 5303 Cangii
2430 5208 2619 5291 notae.

516 5307 631 5375 (53)
668 5307 895 5373 Τρίτου.
934 5309 1065 5365 Inde
1123 5318 1275 5380 patet
1339 5314 1550 5370 Annam
1614 5319 1679 5371 ad
1741 5319 2008 5378 Manuelis

445 5378 674 5446 Augusti
712 5386 977 5451 tempora,
1009 5378 1531 5451 viro‘superstitem,
1581 5402 1772 5442 exacto
1804 5392 1870 5442 ad
1909 5394 2006 5445 mi-

445 5450 647 5529 nimum
677 5450 858 5530 aetatis
887 5452 1251 5530 sexagesimo,
1286 5457 1455 5530 vitam
1486 5450 1826 5523 produxisse,
1859 5465 2004 5530 quod

444 5519 606 5570 etiam
635 5532 702 5592 ex
730 5518 923 5592 _Nieeta
955 5518 1248 5579 doct-mur:
1279 5518 1497 5592 quando
1517 5543 1645 5581 vero
1677 5546 1705 5581 e
1732 5518 2009 5585 viv'is'ex-

445 5590 694 5652 cesserit,
729 5589 1019 5665 incertum.
1050 5589 1547 5665 illiiusgsepnlcrum
1578 5598 1631 5650 in
1663 5597 2005 5665 Patriarcltio

445 5671 665 5729 exstare
690 5658 880 5729 scribit
907 5661 1168 5717 Martinus
1200 5658 1448 5729 Crusius,
1479 5667 1532 5719 in
1564 5667 1686 5722 Not.
1740 5670 1807 5723 ad
1860 5658 2007 5724 Hist.

437 5725 653 5807 palilia.
680 5728 1147 5807 iAnmvtinquit,
1180 5725 1479 5807 sepulcrum
1526 5739 1699 5791 adhuc
1750 5752 1922 5807 exstat
1957 5743 2015 5794 in

454 5795 645 5851 tempto
672 5795 1074 5855 Patriam/tatus
1104 5819 1136 5854 a
1174 5795 1245 5857 1):
1290 5803 1566 5866 Geslacltie
1606 5795 1925 5868 asumma}!
1954 5811 2011 5867 it!

2120 5326 2409 5392 lapideum,
2433 5344 2536 5381 non
2565 5329 2809 5383 insistens
2839 5340 3070 5406 quatuor
3099 5332 3335 5398 casibus,
3370 5351 3461 5388 sea
3493 5345 3699 5406 integro

2118 5399 2295 5456 lapide
2326 5414 2357 5449 a
2404 5408 2543 5468 terra
2569 5416 2785 5468 surgens
2829 5402 2993 5454 altius
3041 5419 3197 5468 quam
3254 5422 3457 5465 mensa,
3510 5409 3577 5457 ad
3605 5399 3701 5467 pa-

2120 5467 2298 5519 rielem
2325 5467 2528 5541 templi,
2556 5467 2691 5522 sicut
2717 5473 2943 5541 alicujus
2966 5467 3219 5525 Germani
3253 5474 3505 5537 principis
3526 5476 3700 5541 sepnl-
3766 5467 3781 5473 ’

2117 5552 2289 5609 erant,
2330 5538 2553 5609 incisam
2585 5541 2739 5592 habet
2777 5540 3031 5609 aquilam.
3067 5544 3138 5595 At
3173 5545 3314 5595 ttnde
3349 5545 3535 5599 ll‘llillil
3560 5538 3699 5599 Ger-

2123 5604 2336 5681 lttchillfv
2373 5607 2553 5681 Anna"
2574 5620 2770 5664 nostrae
2800 5604 2919 5665 esse
2949 5612 3264 5665 tumulum?
3314 5616 3492 5681 potuit
3547 5620 3694 5668 enim

2120 5688 2240 5751 esse
2270 5677 2696 5751 alteriusAnua:
2724 5698 2738 5746 ;
2767 5696 2891 5735 nam
2942 5681 3047 5738 nisi
3078 5677 3328 5738 aliunde‘
3351 5694 3587 5751 censuit,
3633 5701 3700 5740 ex

2120 5746 2189 5801 iis
2218 5748 2435 5815 probari
2468 5748 2552 5803 vix
2590 5759 2786 5816 potest.
