4086 6406
402 378 536 442 1089

1588 379 2004 440 ALEXlADlS
2042 380 2186 443 LIB.
2236 381 2389 440 XIV.

3514 376 3653 446 1090

391 489 538 556 τρεῖς
592 486 830 557 βασιλεῖς
900 487 1203 558 θρηνοῦσα,
1255 489 1346 544 τὸν
1408 490 1624 559 πατέρα
1667 492 1762 544 καὶ
1810 501 1946 544 aton

2077 502 2248 546 lttlnllt
2281 491 2678 547 commeabant.
2715 491 2946 546 Maxime
2975 500 3179 554 autem,
3214 507 3277 546 ac
3325 508 3420 560 per
3449 508 3507 546 se
3562 508 3655 547 cu-

390 581 637 648 κρὰτορα
671 579 764 632 καὶ
794 581 892 646 τὴν
935 580 1075 650 ἐμὴν
1141 581 1398 634 δεσπότιν
1459 584 1554 634 καὶ
1623 583 1835 652 μητέρα
1878 585 1971 636 καὶ

393 668 664 738 βασιλίδα,
692 671 786 722 καὶ
829 671 919 722 τὸν
967 671 1119 737 ἐμὸν,
1167 672 1348 740 οἴμοιί
1397 672 1630 742 σύζυγον
1677 676 1960 744 Καίσαρα,

389 760 708 826 ὲγγωνιὰζω
735 759 802 812 τὰ
853 761 1043 824 πολλὰ,
1078 760 1172 814 καὶ
1230 761 1455 830 βιϐλίοις
1496 765 1594 816 καὶ
1641 764 1759 832 Θεῷ
1804 781 1973 832 προσο

390 851 708 920 ανάκειμαι,
733 852 824 903 καὶ
878 853 1000 904 οὐδὲ
1043 855 1157 914 τοῖς
1187 855 1582 924 ἀφανεστέροις
1616 854 1831 916 ἐξέσται
1862 853 1972 906 τῶν

391 941 700 1008 ἀνθρώπων
724 941 851 1011 παρ’
875 942 1027 1010 ἡμᾶς
1058 944 1270 1012 φοιτᾷν,
1303 943 1377 1014 μὴ
1405 945 1490 996 ὅτι
1527 960 1590 1010 γε
1621 945 1689 996 δι’
1724 939 1797 996 ὧν
1831 961 1971 1010 μαν-

391 1033 574 1086 θάνειν
601 1034 845 1103 εἴχομεν,
871 1034 1016 1103 ἆπερ
1050 1034 1182 1102 παρ’
1207 1033 1386 1086 ἄλλων
1410 1035 1778 1102 διακηκοότες
1813 1037 1973 1101 ἐτυγ-

394 1142 580 1195 χανον,
613 1125 843 1187 καὶτοῖς
892 1123 988 1177 τοῦ
1019 1127 1229 1195 πατρὸς
1255 1126 1636 1189 οἰκειοτάτοις.
1673 1127 1769 1188 El;
1811 1144 1972 1197 τρια-

395 1217 587 1270 κοστὸν
606 1219 712 1288 γὰρ
740 1218 898 1272 τοῦτο
919 1217 1058 1284 ἔτος,
1079 1221 1153 1288 μὰ
1170 1218 1268 1282 τὰς
1291 1221 1398 1272 τῶν
1425 1221 1860 1288 μακαριωτάτων
1877 1219 1972 1270 αύ-

393 1310 744 1380 τοκρατόρων
797 1311 999 1381 ψυχὰς,
1030 1311 1132 1364 οὐκ
1164 1313 1500 1381 ἐθεασάμην,
1530 1313 1629 1364 οὐκ
1658 1308 1815 1376 εἶδον,
1873 1312 1971 1382 οὐχ

390 1401 692 1472 ὼμιλήκειν
719 1404 994 1475 ἀνθρώπῳ
1024 1405 1283 1475 πατρῴῳ,
1320 1408 1479 1458 τοῦτο
1540 1406 1638 1476 μὲν
1672 1407 1780 1457 τῶν
1845 1405 1971 1457 πολ-

389 1492 496 1545 λῶν
551 1497 1001 1566 ἁπερρυηκότων,
1049 1498 1206 1550 τοῦτο
1240 1499 1296 1550 δὲ
1364 1499 1472 1552 τῶν
1517 1498 1725 1550 πολλῶν
1778 1501 1971 1567 ἀπειρ-

391 1585 642 1654 γομὲνων
695 1587 772 1656 τῷ
801 1589 980 1657 φόϐῳ·
1034 1592 1130 1642 καὶ
1153 1589 1198 1621 ⁸⁸
1248 1589 1458 1653 τούτοις
1514 1592 1624 1660 γὰρ
1663 1593 1810 1660 ἡμᾶς
1839 1607 1972 1643 κατ-

388 1675 647 1730 εδίκασαν
713 1679 764 1730 οί
823 1679 1156 1750 κρατοῦντες
1201 1683 1315 1744 τοῖς
1403 1683 1772 1751 ἀτοπήμασι,
1834 1682 1969 1752 μηδὲ

389 1761 619 1828 θεατοῦς
647 1761 809 1832 εἶναι,
838 1768 955 1820 ἀλλ’
983 1770 1394 1839 ὲστυγημένους
1441 1773 1552 1832 τοῖς
1589 1771 1858 1824 πλείοσιν.

2077 597 2215 646 ram,
2246 599 2366 650 quae
2395 585 2641 637 viderant
2673 592 3084 651 gesserantque,
3135 598 3197 635 ac
3247 599 3474 650 quorum
3531 599 3654 651 pars

2073 689 2264 742 magna
2295 674 2529 740 fuerant,
2561 675 2759 744 saepius
2788 675 2967 727 audivi
3003 683 3385 738 memorantes,
3421 675 3654 742 impera-

2077 775 2243 818 torem
2279 767 2455 835 ipsum
2488 777 2541 821 et
2569 766 2860 834 Georgium
2893 767 3271 836 Palmolognm.
3318 767 3486 820 Porro
3536 783 3650 834 qum

2075 859 2195 911 aliis
2218 874 2248 912 e
2277 861 2503 914 testibus
2531 863 2767 930 comperi
2793 876 2976 914 eorum
3010 861 3267 929 pleraque
3300 876 3360 912 ac
3384 862 3649 928 pt'mcipua

2075 965 2300 1020 quaeque
2331 951 2522 1019 collegi
2582 953 2877 1020 imperante
2924 952 3014 1005 illo
3071 953 3159 1014 qui
3219 951 3407 1004 tertius
3458 967 3485 1002 a
3538 965 3654 1001 meo

2075 1050 2226 1108 patre
2289 1041 2587 1094 Romanam
2653 1059 2764 1095 rem
2824 1043 3144 1110 gubernarit
3192 1057 3346 1107 :quu
3406 1039 3653 1093 videlicet

2075 1142 2319 1200 tempore
2362 1135 2540 1186 omnis
2573 1135 2808 1188 adulatio
2847 1144 2898 1187 et.
2945 1133 3108 1185 lihido
3141 1133 3504 1184 adulteranzlae
3541 1145 3636 1181 ve-

2073 1224 2246 1276 ritatis
2273 1223 2324 1276 iu
2351 1226 2572 1290 gratiam
2601 1224 2860 1293 principis
2888 1224 3086 1275 dudum
3125 1221 3321 1276 mortui
3353 1222 3510 1289 plane
3532 1220 3643 1287 jam

2073 1314 2408 1368 deﬂuxerat:
2437 1317 2761 1383 intentisque
2797 1325 2853 1368 ut
2886 1317 2943 1367 fit
2967 1315 3136 1370 oculis
3167 1317 3470 1381 spebusque
3504 1327 3642 1364 cnn-

2073 1416 2281 1461 ctorum
2331 1407 2382 1460 in
2417 1419 2664 1474 nepotem
2714 1409 2860 1478 regio
2909 1419 3019 1460 tum
3082 1408 3417 1460 insistentem
3471 1405 3649 1467 solio,

2074 1497 2254 1551 nullus
2290 1499 2340 1550 in
2380 1499 2541 1552 ullius
2598 1500 2782 1552 animo
2823 1509 3102 1566 supererat
3143 1509 3317 1552 metus
3347 1505 3438 1549 aut
3468 1512 3651 1564 respe-

2057 1577 2196 1644 ctus
2227 1590 2420 1642 anxius
2458 1590 2541 1642 avi
2575 1591 2778 1658 pridem
2805 1590 3084 1654 exstincti,
3117 1590 3210 1643 sed
3247 1587 3388 1642 nuda
3441 1597 3649 1641 tantum

2073 1693 2136 1732 ac
2183 1680 2414 1748 simplex
2468 1681 2774 1748 nulliusque
2828 1690 3078 1748 suspecta
3142 1679 3248 1732 furi
3305 1679 3650 1741 recordatio;

2074 1773 2423 1840 narratioque
2455 1787 2519 1825 ex
2555 1789 2616 1825 ea
2647 1771 2817 1826 fluens
2849 1771 3188 1825 auctoritatis
3229 1770 3403 1839 plena,
3461 1786 3545 1822 res
3576 1767 3651 1820 uti

390 1870 448 1908 se
481 1859 778 1916 habuerant
806 1865 975 1931 prisca
1012 1865 1114 1918 fide
1145 1874 1562 1934 repraesentans.
1605 1866 1957 1918 Abundabam
1999 1880 2099 1934 ego
2131 1875 2306 1919 autem
2339 1869 2450 1920 otio
2502 1869 2568 1920 ad
2615 1869 2754 1922 hanc
2827 1867 3304 1933 interrogationem
3377 1867 3649 1917 seniorum

391 1952 624 2007 militum
663 1970 821 2023 quam
870 1959 1239 2013 curiosissime
1317 1959 1691 2013 factitandam.
1759 1958 2028 2025 Quoniam
2062 1961 2116 2012 in
2147 1961 2511 2014 domesticum
2543 1976 2625 2013 me
2659 1962 3141 2015 secessum'luctns
3177 1960 3454 2027 multiplex
3497 1959 3654 2012 abdi-

389 2045 538 2098 derat
596 2047 808 2116 plenam
859 2050 1027 2105 cladis
1062 2063 1116 2106 et
1150 2053 1543 2118 calamitatum;
1578 2063 1630 2106 et
1680 2068 1802 2105 cum
1853 2052 1958 2105 alia
1996 2053 2156 2118 mala,
2186 2063 2296 2106 lum
2330 2055 2488 2107 trimn
2523 2054 2680 2123 longe
2703 2054 3108 2108 carissimorum
3171 2053 3402 2119 capitum
3476 2052 3654 2120 jactu-

395 2152 509 2191 ram
547 2142 952 2196 acerbissimam
1014 2145 1229 2198 assidua
1301 2145 1685 2198 lamentatione
1743 2155 2196 2214 prosequentem;
2242 2147 2408 2213 patris
2443 2162 2632 2214 nempe
2663 2149 3023 2216 imperatoris,
3056 2146 3491 2213 matris-quoque
3543 2146 3652 2196 Au-

389 2243 584 2302 gustae,
635 2246 908 2304 postremo
958 2237 1285 2303 cliarissimi,
1337 2241 1436 2292 heu
1485 2240 1650 2292 mihi!
1709 2240 1952 2308 conjugis
1983 2237 2238 2294 Caa'saris.
2276 2241 2492 2308 Triplex
2528 2255 2611 2292 me
2640 2241 2728 2294 hic
2762 2240 2934 2293 luctus
3001 2250 3150 2293 arcet
3219 2239 3456 2307 publico,
3502 2239 3656 2290 dam-

391 2332 483 2378 nat
513 2329 767 2390 teuebris,
801 2329 882 2382 sui
916 2329 1104 2382 solatia
1149 2344 1389 2398 qurerere
1412 2331 1462 2384 in
1489 2330 1641 2384 libris
1672 2341 1723 2385 et
1751 2332 1804 2383 in
1835 2332 2224 2386 consuetudine
2268 2347 2389 2386 cum
2433 2330 2542 2384 Deo
2579 2330 2748 2400 jubet.
2811 2330 3116 2398 Ohsequor,
3163 2330 3325 2393 lateo,
3407 2340 3652 2383 incestam

390 2431 444 2474 et
478 2422 774 2476 solitariam
809 2425 858 2476 in
889 2424 1097 2492 angulis
1125 2424 1304 2478 studio
1333 2424 1631 2478 litterarum
1656 2434 1708 2477 et
1742 2425 2015 2492 religionis
2049 2427 2208 2477 vitam
2246 2426 2527 2492 impendo,
2599 2435 2706 2476 tam
2794 2439 2980 2478 severa
3035 2423 3422 2492 colloquiorum
3505 2421 3652 2488 fuga.

391 2523 449 2566 ut
483 2514 684 2567 nemini
716 2516 891 2581 p!ane,
918 2531 982 2570 ne
1001 2517 1244 2570 obscura:
1265 2517 1475 2584 quidem
1509 2517 1690 2578 sortis,
1717 2531 1779 2568 ae
1808 2526 1966 2571 sectae
2009 2517 2242 2570 latebras
2271 2515 2546 2585 professm,
2576 2518 2875 2585 ingressum
2910 2517 2976 2569 ad
3011 2531 3094 2569 me
3155 2515 3358 2569 homini
3429 2517 3652 2582 permit.

393 2614 500 2658 tam
525 2623 538 2658 :
565 2607 665 2659 nisi
695 2607 739 2662 si
771 2611 859 2676 qui
887 2617 1011 2660 sunt
1034 2623 1064 2661 a
1095 2607 1286 2676 quibus
1309 2623 1393 2661 me
1418 2623 1631 2676 sperem
1653 2608 1838 2661 audire
1861 2623 2070 2676 possem
2112 2607 2313 2676 aliquid
2334 2608 2397 2659 de
2425 2609 2587 2660 rebus
2619 2622 2751 2674 quas
2780 2605 3011 2661 meditor
3042 2605 3211 2660 Alexii
3243 2605 3485 2676 Augusti,
3512 2613 3652 2670 quod

389 2697 457 2747 ah
489 2697 694 2750 idoneis
750 2699 848 2764 ipsi
891 2699 1199 2752 auctoribus
1242 2698 1575 2765 acceperint.
1627 2696 1702 2751 Ac
1758 2714 1822 2750 ne
1890 2698 1974 2752 cui
2021 2713 2187 2767 genus
2249 2697 2436 2749 horum
2464 2698 2704 2765 ','testiuin
2741 2704 3046 2764 suspectum
3102 2700 3236 2750 forte
3314 2697 3416 2757 sit,
3470 2703 3655 2747 sancte

391 2791 649 2854 profiteor
687 2810 700 2844 :
737 2793 937 2845 nullum
970 2810 995 2845 a
1036 2809 1119 2847 me
1152 2793 1445 2848 admissum
1482 2793 1622 2846 inter
1650 2791 1772 2844 illos
1823 2805 1853 2844 c
1909 2805 2135 2843 nmnero
2180 2789 2599 2844 domesticorum
2662 2789 3007 2853 famulormn,
3061 2789 3316 2844 clientum
3388 2797 3479 2840 aut
3547 2786 3656 2838 alio

390 2887 609 2936 nomine
655 2864 1017 2939 studies-orum
1082 2886 1252 2954 patris
1299 2886 1425 2940 mei.
1475 2884 1606 2939 Juro
1663 2885 1807 2938 enim
1868 2899 1962 2951 per
2001 2883 2436 2936 beatissimorum
2469 2885 2849 2952 imperatorum
2883 2881 3090 2933 animas
3125 2880 3392 2934 neruiuem
3467 2897 3493 2932 a
3570 2894 3657 2933 me

391 2986 557 3024 unum
601 2973 715 3040 ejus
759 2975 974 3043 generis
1025 2977 1148 3029 tutis
1215 2977 1364 3030 hisce
1433 2975 1542 3042 jam
1599 2975 1755 3029 annis
1805 2972 2018 3042 triginta
2063 2975 2257 3036 visum,
2285 2984 2670 3042 conspectum,
2707 2973 2771 3026 ad
2807 2972 3133 3042 colloquium
3198 2971 3538 3025 adhibitum:
3575 2975 3657 3028 vel

388 3067 530 3133 quod
566 3065 806 3135 plerique
860 3068 1049 3120 horum
1109 3077 1302 3131 morte,
1355 3068 1803 3136 peregrinatione,
1859 3074 1953 3118 aut
2004 3065 2163 3120 simili
2197 3081 2324 3118 casu
2355 3065 2605 3134 quopiam
2672 3066 2833 3118 varia:
2880 3065 3112 3119 fortuna:
3143 3049 3342 3132 "longe
3398 3065 3520 3117 hinc
3571 3058 3658 3114 di-

391 3156 525 3223 lapsi
556 3160 830 3227 ahreptive
872 3173 1028 3226 sunt;
1057 3160 1137 3212 vel
1166 3160 1307 3228 quod
1372 3175 1557 3213 eorum
1631 3159 1827 3213 multos
1872 3175 1900 3211 a
1949 3173 2032 3210 me
2072 3158 2316 3210 adeunda
2357 3158 2410 3210 in
2438 3157 2692 3212 deteriori
2731 3171 2848 3210 mea
2879 3167 3024 3211 sorte
3081 3165 3253 3209 metus
3293 3157 3510 3226 quidam
3560 3157 3656 3208 tle-

387 3256 596 3301 terreat
629 3265 644 3301 :
675 3250 814 3315 quod
843 3250 956 3317 qui,
978 3260 1035 3303 ut
1062 3252 1352 3303 suutvices
1385 3266 1560 3303 rerum
1595 3251 1959 3304 humanarum
2030 3250 2206 3312 nobis,
2251 3249 2409 3302 hodie
2441 3248 2707 3304 submotis
2745 3248 3035 3316 plurinuun
3108 3261 3349 3316 possunt,
3390 3264 3494 3302 tam
3563 3253 3659 3303 ab-

385 3341 570 3399 surdis
606 3339 944 3406 uosjudiciis
973 3351 1268 3406 notarunt,
1297 3352 1352 3394 ut
1385 3346 1544 3410 pauci
1576 3343 1832 3414 visendos
1875 3351 1968 3396 aut
2007 3343 2248 3412 alloquio
2303 3343 2638 3410 dignandos;
2709 3341 2951 3412 plerique
3032 3343 3262 3411 publicis
3328 3346 3656 3398 aversandos

382 3440 528 3497 odiis
558 3437 891 3490 existiment.

465 3538 533 3588 'A
564 3535 620 3587 δὲ
651 3533 984 3601 συνειλόχειν
1014 3531 1114 3600 τῆς
1155 3531 1425 3601 ἱστορίας,
1452 3532 1586 3584 ἵστω
1613 3530 1766 3594 θεὸς,
1828 3531 1962 3583 ἵστω
1999 3535 2040 3590 Β

388 3633 426 3700 ἡ
461 3629 832 3698 ὕπερκόσμιος
863 3627 1063 3695 Μήτηρ
1113 3624 1278 3678 αὐτοῦ
1330 3627 1486 3693 καὶὴ
1536 3626 1644 3695 ὲμὴ
1705 3626 1970 3686 Δεσπότις

383 3723 497 3777 ἀπό
530 3739 691 3774 τινων
719 3718 1092 3785 συνελεξάμην
1127 3716 1578 3787 ξυγγραμμάτων
1610 3717 1845 3786 ἀχρείων
1876 3715 1970 3767 καὶ

384 3794 678 3869 ἁσπουδῶν
697 3813 1033 3870 παντάπασι,
1063 3810 1159 3862 καὶ
1181 3808 1452 3877 γερόντων
1475 3809 1570 3860 ἀνθ
1580 3807 1779 3878 ρώπων
1805 3824 1970 3875 στρα-

382 3907 749 3974 τευσαμένων
803 3905 925 3956 κατ’
983 3904 1159 3955 ἐκεῖνο
1221 3901 1443 3970 καιροῦ,
1497 3900 1620 3966 καθ’
1674 3900 1734 3953 ὃν
1800 3901 1969 3969 οὑμὸς

386 3998 575 4067 πατὴρ
624 4015 730 4050 των
786 3996 1085 4065 σκήπτρων
1122 3993 1413 4062 Ῥωμαίων
1446 3994 1768 4063 ἐπείληπτο,
1831 4009 1970 4062 χρη-

387 4092 649 4158 σαμένων
702 4089 760 4141 δὲ
807 4088 1117 4155 συμφοραῖς
1179 4086 1276 4138 καὶ
1340 4085 1970 4154 μετασχηματισθέντων

386 4181 500 4234 ἀπὸ
523 4181 621 4248 τῆς
659 4177 930 4246 κοσμικῆς
949 4175 1154 4245 τύρϐης
1182 4175 1293 4242 (5-5)
1337 4176 1416 4236 εὶς
1455 4173 1551 4242 τὴν
1580 4176 1690 4227 τῶν
1720 4174 1970 4242 μοναχῶν

385 4271 718 4341 γαληνιαίαν
777 4270 1136 4322 κατάστασιν.
1162 4267 1242 4319 Τὰ
1311 4266 1418 4336 γὰρ
1441 4269 1520 4327 εἰς
1569 4268 1762 4336 χεῖρας
1827 4263 1967 4333 ἐμὰς

390 4364 710 4432 ἐμπεσόντα
750 4361 1167 4428 συγγράμματα
1225 4358 1374 4410 ἁπλᾶ
1403 4357 1502 4426 μὲν
1533 4353 1674 4427 ἦσαν
1705 4357 1800 4426 τὴν
1827 4357 1970 4425 φρά-

389 4474 478 4508 σιν
509 4459 604 4507 καὶ
655 4453 964 4523 ἀπερίεργον.
1011 4451 1107 4504 καὶ
1156 4451 1254 4518 τῆς
1307 4449 1565 4520 ἀληθείας
1601 4449 1834 4518 ἐχόμενα
1873 4449 1968 4500 καὶ

385 4548 540 4600 οὐδέν
567 4565 619 4600 τι
645 4544 854 4616 κομψὸν
889 4544 1324 4612 ὲπιδεδειγμένα,
1355 4544 1475 4596 οὐδὲ
1502 4543 1788 4614 ῥητορικὸν
1807 4542 1967 4608 ὄγκον

386 4638 789 4708 ὲπισυρόμενα,
822 4637 889 4688 τὰ
954 4637 1009 4687 δὲ
1053 4635 1207 4704 παρὰ
1241 4634 1350 4686 τῶν
1398 4635 1738 4704 γεραιτέρων
1788 4633 1970 4702 ἐκδιη-

387 4735 676 4805 γούμεναο
737 4733 836 4802 τῆς
897 4731 1068 4800 αὐτῆς
1124 4725 1265 4800 ἦσαν
1331 4731 1424 4781 καὶ
1481 4728 1681 4792 λέξεως
1736 4730 1827 4780 καὶ
1851 4729 1968 4780 δια-

390 4829 543 4890 νοίας
578 4827 690 4878 τῶν
726 4821 1178 4892 συγγραμμάτων
1217 4820 1490 4888 ἐχόμενα,-
1533 4823 1626 4871 κα)⁵
1658 4819 1969 4889 ἐτεκμηρά-

392 4937 504 4990 μην
532 4918 588 4982 ἐξ
619 4916 798 4968 αὐτῶν
834 4913 934 4982 τὴν
961 4914 1060 4980 τῆς
1106 4911 1346 4979 ἱστορίας
1377 4911 1661 4980 ἀλήθειαν,
1721 4911 1967 4980 συμϐάλς

387 5011 561 5061 λουσα
607 5005 704 5058 καὶ
749 5003 1200 5072 παρεξετὰζουσα
1243 5001 1311 5052 τὰ
1352 4999 1484 5070 παρ’
1521 4999 1768 5069 ἐμαυτῆς
1831 5002 1969 5052 ἱστο-

391 5100 632 5174 ρούμενα
663 5097 797 5168 πρὸς
813 5096 884 5148 τὰ
918 5095 1046 5165 παρ’
1077 5095 1300 5146 ἐκείνων
1332 5093 1598 5160 λεγόμενα
1638 5092 1732 5144 καὶ
1755 5093 1821 5144 τὰ
1840 5094 1969 5161 παρ’

391 5192 618 5244 ἐκείνων
651 5190 786 5259 πρὸς
819 5186 887 5240 τὰ
914 5183 1041 5253 παρ’
1063 5185 1327 5251 ὲμαυτῆς,
1353 5183 1497 5252 ἆπερ
1539 5182 1675 5249 αὑτὴ
1711 5181 1771 5245 ἐξ
1801 5179 1967 5232 αὐτοῦ

391 5304 452 5339 τε
501 5284 705 5352 τούμοῦ
759 5281 961 5352 πατρὸς
999 5277 1222 5332 καὶτῶν
1253 5277 1385 5347 πρὸς
1417 5273 1625 5344 πατρὸς
1653 5273 1744 5326 καὶ
1764 5273 1968 5343 μητρὸς

2139 3528 2416 3582 Hactenus
2452 3525 2520 3580 de
2548 3525 2762 3579 illorum
2799 3522 2902 3577 fidé
2929 3539 3156 3592 quorum
3193 3524 3391 3578 auditis
3420 3540 3522 3594 ego
3570 3542 3656 3580 re-

2074 3620 2366 3673 lationibus
2391 3619 2455 3670 ad
2501 3618 2659 3686 hujus
2708 3617 3152 3685 compositionem
3205 3605 3453 3670 Historia:
3520 3633 3652 3686 pro-

2074 3711 2199 3768 feci.
2224 3712 2360 3776 Quia
2387 3725 2513 3764 vero
2537 3709 2793 3763 nonnulla
2831 3711 2990 3762 etiam
3017 3710 3082 3762 de
3108 3719 3424 3778 argumento
3455 3715 3645 3765 eodem

2073 3805 2272 3868 scripta
2310 3813 2655 3858 monumenta
2697 3803 2748 3855 in
2801 3817 2948 3856 meas
3005 3817 3193 3854 manus
3241 3812 3644 3870 pervenerunt,

2073 3895 2270 3963 quibus
2305 3909 2388 3946 me
2419 3894 2657 3962 adjutam
2690 3893 2739 3944 in
2775 3892 2876 3945 hoc
2903 3907 3065 3960 opere
3090 3888 3286 3955 fateor,
3314 3907 3656 3960 quorumth

2074 3986 2195 4040 ideo
2235 3995 2493 4052 prmstare
2531 3984 2685 4037 fidem
2722 3999 2897 4036 meum
2948 3993 3064 4045 est,
3101 3984 3264 4036 Deum
3305 3993 3472 4035 testor
3521 3997 3654 4036 con-

2072 4079 2267 4136 scinm;
2298 4087 2466 4131 testor
2499 4079 2624 4129 item
2663 4078 2860 4130 mundo
2885 4077 3222 4144 superiorem
3273 4075 3363 4127 Dei
3413 4075 3651 4139 ejusdem

2074 4169 2295 4223 Matrem
2327 4184 2390 4222 ac
2423 4185 2594 4222 meam
2627 4169 2928 4230 Dominam,
2953 4169 3123 4222 fuisse
3148 4169 3269 4220 illos
3305 4167 3653 4221 Commenta-

2075 4263 2185 4315 rios
2210 4262 2423 4330 egregie
2458 4261 2744 4326 insignitas
2797 4261 2937 4313 notis
2981 4261 3237 4312 omnibus
3269 4258 3436 4329 448
3472 4262 3652 4311 inror-

2074 4361 2246 4417 rupta:
2276 4350 2520 4402 veritatis
2541 4366 2555 4401 :
2573 4350 2770 4417 quippe
2797 4348 3068 4414 incompta
3093 4349 3443 4414 simplicuate
3469 4350 3649 4411 rudes,

2073 4438 2543 4506 snspicionemque
2594 4439 2728 4490 artis
2775 4453 2836 4488 ac
2888 4436 2992 4490 fuci
3043 4440 3148 4489 situ
3188 4445 3415 4502 quodam
3474 4441 3653 4505 prisco

2073 4531 2389 4583 refutantes.
2422 4527 2650 4582 Prorsus
2681 4511 2938 4594 ejusmodi
2960 4529 3046 4595 qui
3071 4539 3259 4580 exacte
3288 4541 3649 4596 congrui-rent

2074 4622 2314 4675 moribus
2356 4632 2662 4684 auctorum.
2697 4635 2726 4674 a
2757 4620 3149 4674 consuetudine
3182 4619 3436 4673 adulandi
3469 4629 3522 4672 et
3551 4637 3653 4672 usu

2072 4723 2327 4779 sectaque
2367 4711 2678 4764 ambitionis
2711 4711 2902 4764 aulicae
2947 4711 3352 4764 remotissimis.
3400 4710 3654 4780 Scripse-

2077 4812 2196 4857 raut
2232 4819 2327 4857 eos
2356 4803 2606 4856 videlicet
2637 4802 2737 4857 viri
2789 4813 2915 4855 natu
2949 4805 3204 4872 grandes,
3242 4812 3401 4856 aetate
3432 4818 3496 4856 ac
3527 4804 3657 4856 reli-

2077 4895 2235 4961 gione
2265 4895 2482 4960 maturi,
2511 4895 2601 4963 qui
2633 4893 2959 4963 patrislolim
2998 4893 3100 4947 mei
3134 4894 3306 4948 secuti
3365 4893 3612 4947 militiam
3643 4935 3658 4957 ,

2078 4986 2270 5040 deinde
2301 4987 2371 5040 ob
2402 5002 2560 5041 casus
2591 4988 2845 5041 adversos
2875 4989 2998 5040 vita:
3028 4986 3265 5056 pertaasi,
3301 4984 3354 5037 in
3390 4985 3658 5037 monasti-

2079 5091 2156 5130 ca:
2189 5079 2384 5146 quietis
2415 5087 2626 5147 portum
2659 5092 2688 5131 e
2715 5077 2895 5132 saeculi
2934 5077 3185 5131 fluctibus
3215 5091 3274 5129 se
3318 5083 3656 5143 receperant.

2079 5165 2245 5234 Cujus
2272 5170 2412 5222 sacri
2443 5171 2537 5222 Otii
2569 5185 2690 5222 cum
2740 5179 2948 5238 partem
2989 5170 3358 5223 decrevissent
3403 5167 3650 5218 conferre

2085 5257 2318 5326 aliquam
2352 5261 2415 5311 ad
2446 5259 2750 5314 mandanda
2779 5275 2840 5316 ea
2868 5261 3062 5316 litteris
3093 5276 3210 5330 qua:
3234 5256 3496 5313 memoria
3526 5269 3653 5322 Sug-

1419 5367 1614 5428 Varite
1641 5365 1948 5427 lectiones
1997 5384 2077 5430 ex
2107 5372 2247 5433 cod.
2277 5372 2547 5435 Coislin.

463 5485 508 5516 ⁸⁸
533 5481 685 5552 φόϐῳ
705 5480 792 5533 διὰ
822 5477 921 5550 τὴν
967 5476 1074 5530 τῶν
1107 5457 1449 5548 πραγμάτων
1479 5472 1802 5543 παλίρροιαν
1837 5487 1851 5500 ⁶
1891 5471 2006 5526 καί.

1463 5589 1598 5650 Car.
1633 5586 1959 5649 Dufresnii
1994 5587 2089 5647 Du
2122 5584 2343 5663 Cangii
2392 5565 2580 5646 nota).

470 5720 580 5784 (54)
614 5717 920 5787 Κοσμικῆς
955 5715 1196 5787 τύρέῖηςἐ
1237 5711 1524 5787 Smcularjs
1552 5711 1953 5787 tu_rb;c._Lexi-

398 5806 496 5846 con
524 5782 695 5844 Graec.
726 5782 827 5843 liis.
871 5782 938 5842 ex
991 5785 1120 5842 bibl.
1163 5782 1326 5851 Reg.,
1385 5784 1508 5838 cod.
1567 5783 1709 5839 950:
1749 5784 1960 5853 Τύρὸη,

2065 5710 2450 5780 ἀπόλαυσις,ἣ
2485 5711 2738 5780 θόρυϐος,
2768 5711 3022 5780 τάραξις.
3052 5710 3351 5780 Hesychius
3378 5726 3391 5762 :
3431 5705 3648 5774 ’Υανία,

2072 5780 2272 5853 τύρϐη,
2311 5782 2483 5852 μάχη,
2518 5781 2699 5852 ῦὸρις,
2734 5783 3040 5852 ἀγερωχία.
