4086 6400
432 369 567 436 1091
1766 337 1994 431 ANN/E
2019 369 2401 431 comem
3564 371 3707 438 1092

429 485 653 559 gerebat
694 486 957 557 temporis
988 484 1227 550 decursi,
1260 483 1475 541 dicendi
1520 499 1692 556 genus
1733 486 1999 540 adhibue-

2114 485 2228 556 ἐμοὶ
2299 484 2463 540 θείων
2506 486 2769 557 ἡκηκόειν
2816 485 3080 551 πολλάκις
3104 528 3120 554 ,
3180 488 3274 557 ἀφ’
3324 481 3402 543 ὧν
3450 489 3713 546 ἁπάντων

426 569 555 632 runt
588 576 866 632 facilitatis
894 565 1339 647 'sittiplicissintaa,
1368 580 1511 644 quod
1547 591 1741 647 pompa
1768 577 1999 632 liberum

2114 579 2170 631 τδ
2191 579 2292 649 τῆς
2334 578 2596 651 ἀληθείας
2624 579 2775 634 ἆπαν
2808 580 2972 652 σῶμα
2999 581 3486 651 συνεξυφαίνεται.

432 672 799 742 choragioque
830 671 1028 725 nudum
1061 671 1235 737 omni,
1269 670 1596 726 rhetoricum
1627 671 1778 726 illum
1808 674 2010 726 fastum
2056 688 2120 729 ac
2151 682 2417 729 tumorem
2448 674 2547 729 sub
2571 674 2757 745 iugum
2784 676 3025 732 mitteret
3090 676 3514 733 inornatissimas
3579 678 3710 733 bre-

435 768 655 834 vitatis;
691 767 1316 835 Squalorequeistoipso
1340 782 1402 822 ac
1426 766 1630 821 severis
1660 767 1810 836 rugis
1869 768 2082 837 plenam
2125 769 2503 823 auctoritatem
2552 783 2665 838 pra:
2694 785 2755 824 se
2788 768 2954 824 ferret
3001 770 3123 824 ﬁdei
3171 773 3508 839 quantaevis;
3542 782 3707 842 atque

435 862 535 915 has
563 875 663 931 ego
682 867 887 923 tamen,
926 870 1199 926 utcunque
1230 868 1437 912 tantum
1469 857 1800 912 sinceritatis
1835 858 2009 912 instar
2050 858 2235 926 specie
2284 860 2456 926 prima
2495 868 2862 914 monstrantes
2914 859 3293 924 narrationes,
3365 875 3559 917 vocare
3629 863 3700 917 ad

428 967 654 1006 examen
686 967 789 1005 non
818 951 974 1004 omisi
1009 967 1023 1005 :
1056 964 1239 1003 verum
1270 964 1333 1003 ea
1365 964 1483 1017 quae
1510 964 1539 1003 a
1608 949 1874 1019 religiosis
1940 949 2074 1005 viris
2115 950 2320 1019 scripta
2358 950 2625 1019 legebam,
2662 966 2786 1005 cum
2813 950 2881 1004 iis
2906 961 3164 1004 accurate
3191 951 3479 1006 conferens
3506 967 3628 1021 qua:
3667 969 3699 1007 a

428 1045 737 1099 senioribus
769 1044 886 1096 viva
938 1056 1068 1097 voce
1118 1042 1311 1095 tradita
1359 1057 1595 1110 praesens
1638 1042 1993 1104 audiveram,
2034 1041 2357 1111 iudagabam
2424 1042 2681 1097 omnibus
2729 1044 2975 1112 vestigiis
3023 1043 3536 1100 indubitatissimam
3601 1061 3698 1102 ve-

427 1140 664 1194 ritaiem.
712 1136 814 1192 Vix
860 1135 963 1189 alia
1011 1135 1064 1188 in
1117 1150 1299 1189 meam
1344 1134 1626 1190 referenda
1689 1137 1977 1190 Historiam
2051 1150 2282 1191 eensens
2351 1149 2512 1203 quam
2582 1147 2703 1204 qum
2744 1136 3103 1192 concordibus
3152 1138 3434 1205 utriusque
3484 1138 3703 1205 generis

430 1231 697 1297 sull'ragiis
750 1233 817 1283 ad
868 1245 1095 1285 summa:
1121 1230 1460 1284 auctoritatis
1508 1230 2004 1285 constantissimam
2049 1231 2358 1287 ﬁrmitatem
2396 1231 2718 1286 niterentur.
2754 1230 2834 1284 Ac
2862 1242 3009 1285 tanta
3038 1242 3160 1287 erat.
3224 1245 3469 1290 censurae
3532 1247 3696 1288 seve-

431 1327 566 1383 ritas
594 1326 777 1391 istius,
798 1333 942 1379 utne
966 1325 1099 1393 mihi
1125 1325 1341 1394 quidem
1372 1325 1473 1392 ipsi
1538 1324 1702 1379 nimis
1733 1324 2007 1378 crederem
2056 1341 2070 1379 :
2114 1326 2210 1380 sed
2231 1342 2293 1381 ea
2318 1342 2438 1396 quae
2469 1342 2563 1396 per
2588 1342 2673 1378 me
2703 1326 2817 1394 ipsa
2850 1340 3249 1407 compereram,
3274 1341 3415 1392 quae,
3442 1324 3690 1393 inquam,

426 1421 564 1477 meis
597 1434 696 1488 ego
736 1418 956 1472 auribus
993 1432 1025 1472 e
1074 1417 1244 1486 patris
1292 1416 1462 1486 ipsius
1497 1417 1644 1482 mei,
1678 1428 1733 1469 et
1770 1423 1878 1470 tum
1915 1428 2227 1483 patruortun
2301 1429 2411 1471 tum
2457 1416 2843 1471 avunculorum
2896 1431 3179 1480 mearum,
3253 1416 3453 1485 saepius
3520 1433 3547 1467 a
3617 1430 3706 1471 me

429 1511 628 1566 auditis
654 1506 1004 1564 relationibus
1036 1521 1418 1576 cognoveram,
1485 1507 1728 1562 studiose
1790 1522 2165 1576 compararem
2202 1522 2324 1561 cum
2364 1508 2429 1560 iis
2463 1523 2583 1577 quae
2618 1506 2727 1560 dixi
2801 1504 3021 1574 scriptis
3052 1505 3321 1575 dictisque
3387 1510 3700 1573 seniorum,

426 1618 658 1673 quorum
691 1602 853 1654 etiam
885 1600 1124 1667 ipsorum
1152 1598 1392 1653 vicissim
1425 1599 1580 1652 ﬁdem
1631 1599 1697 1651 ad
1733 1612 1865 1651 mea;
1933 1608 2038 1651 tam
2114 1597 2444 1667 incorruptis
2474 1611 2504 1651 e
2545 1595 2789 1651 fontibus
2833 1596 3043 1648 haustas
3074 1595 3278 1649 notitiis
3313 1595 3696 1648 eertitttdinem

427 1695 812 1765 explorabam;
845 1701 1007 1760 atque
1041 1691 1112 1743 ita
1140 1689 1357 1743 demum
1384 1689 1667 1759 inspectis,
1694 1690 1998 1758 perpensis,
2040 1686 2321 1744 subductis
2393 1687 2646 1742 omnibus
2673 1727 2689 1752 ,
2738 1686 3119 1756 probatissima
3174 1685 3388 1753 putictis
3455 1685 3701 1739 omnium

426 1804 655 1862 quasque
707 1788 997 1856 seligeham
1049 1798 1114 1838 ex
1166 1784 1360 1852 quibus
1417 1782 1693 1836 historicas
1755 1781 2006 1835 veritatis
2040 1794 2237 1849 corpus
2266 1782 2581 1835 universum
2626 1779 2855 1833 texendo
2888 1779 3295 1831 concinnarem.

496 1884 565 1937 At
596 1893 934 1934 resumamtts
957 1877 1008 1929 id
1040 1875 1184 1930 unde
1206 1874 1443 1941 digressa
1466 1874 1577 1942 jam
1607 1871 1815 1943 pridem
1868 1874 2015 1943 peri-
2045 1881 2088 1936 Β

430 1977 677 2046 griuatur
707 1972 901 2026 oratio.
926 1969 1241 2022 Pendebant
1271 1967 1323 2020 in
1357 1967 1834 2022 loro-Constantini
1871 1967 2017 2022 cives

431 2082 628 2137 magno
656 2062 1125 2127 circum‘undique
1151 2059 1361 2113 hiantes
1384 2074 1612 2112 numero
1656 2075 1686 2113 e
1728 2058 2003 2127 Camytzis

430 2175 524 2214 ore
543 2158 815 2211 narrantis
838 2168 987 2208 suam
1006 2167 1036 2205 e
1063 2151 1416 2206 Barbarurum
1442 2151 1633 2205 castris
1653 2150 2017 2221 lugam.caete-

431 2264 627 2317 rusque
649 2262 803 2311 suos,
827 2256 1157 2309 nostrorum,
1186 2242 1527 2312 hostiumque
1551 2257 1730 2306 casus,
1753 2246 2014 2309 etfeventa

430 2343 588 2398 nobis
616 2351 891 2408 prospera,
919 2335 1448 2405 prudentissimeque
1472 2334 1693 2388 consilia
1726 2334 2017 2403 imperato-

439 2437 513 2486 ris
541 2434 590 2484 in
628 2430 929 2484 lstIIaPlilﬁS
989 2426 1200 2492 magnis
1248 2441 1433 2480 eorum
1487 2425 1694 2481 sancita
1752 2425 2015 2482 cladibus.

431 2510 791 2592 Triutnphare
817 2521 884 2575 ad
906 2537 963 2572 ea
978 2517 1764 2590 gaudioConstantinopolitaui
1784 2533 2015 2572 concor-

431 2617 698 2682 dibusque
732 2613 874 2667 ferre
902 2613 952 2665 in
979 2612 1172 2665 caelum
1199 2610 1499 2665 vutihusae
1520 2608 1768 2663 laudibus
1786 2610 2010 2679 Augusti

431 2708 668 2761 divinam
706 2715 962 2768 mentem,
999 2712 1170 2756 artem
1199 2700 1427 2764 bellandi
1461 2700 1759 2753 mirabilem
1794 2739 1810 2763 ,
1843 2700 2015 2754 felici-

435 2809 598 2852 tatem
631 2798 945 2850 maximam.
981 2792 1116 2848 Hinc
1144 2795 1198 2846 in
1234 2808 1453 2848 omnem
1478 2790 1632 2846 eﬁ‘usi
1659 2790 2012 2859 signiﬁcatio-

434 2904 555 2944 nem
589 2887 860 2957 popularis
902 2887 1173 2949 lanitium,
1204 2885 1480 2939 deducunt
1526 2884 1884 2938 asscctatione
1930 2883 2014 2939 fe-

430 2983 569 3034 stiva
601 2979 892 3047 Catuytzen
933 2978 1183 3042 domum;
1213 2977 1506 3044 paucisque
1536 2984 1655 3044 post
1685 2974 1877 3031 diebus
1906 2991 2001 3031 ve-

438 3073 677 3125 nientem
714 3072 1099 3140 imperatorem
1152 3068 1491 3137 gratulantes
1527 3077 1856 3137 orantesque
1916 3069 2008 3122 lte-

437 3163 663 3218 tissimis
700 3156 926 3218 vocibus
951 3176 1244 3231 excepere;
1278 3160 1424 3214 illum
1458 3160 1715 3214 victorem
1750 3160 2012 3215 inelucta-

2201 1871 2345 1925 Ἀλλ’
2375 1872 2512 1942 ὅπερ
2540 1871 2748 1925 ἄνωθεν
2783 1865 2940 1925 εἶπον
2980 1871 3110 1941 περὶ
3140 1872 3237 1941 τῆς
3281 1868 3377 1924 τοῦ
3425 1871 3699 1944 Καμύτζη

2118 1964 2228 2019 τῶν
2252 1965 2556 2036 Βαρϐάρων
2569 1964 2887 2035 ἀποφυγῆς,
2906 1963 3003 2017 καὶ
3027 1962 3128 2033 τῆς
3154 1962 3288 2033 παρ’
3315 1962 3529 2015 ἐκείνου
3556 1964 3701 2034 πρὸς

2115 2059 2242 2122 τοὺς
2260 2059 2485 2121 πολίτας
2511 2057 2923 2128 δημηγορίας,”ὁ
2941 2054 3099 2124 λόγος
3127 2054 3358 2125 ὲχέσθω.
3387 2054 3448 2107 '0
3469 2054 3566 2124 μὲν
3585 2055 3700 2126 γὰρ

2114 2153 2416 2223 διηγήσατο
2440 2151 2507 2205 τὰ
2537 2151 3010 2221 συμπεπτωκότα,
3047 2149 3300 2218 καθάπερ
3325 2148 3585 2220 εἴπομεν..
3605 2151 3705 2204 καὶ

2115 2244 2218 2298 ὅσα
2251 2246 2279 2299 ό
2304 2243 2559 2312 βασιλεὺς
2584 2242 2849 2312 κατὰβῶν
2883 2241 3240 2312 Ἰσμαηλιτῶν
3263 2243 3615 2311 ὲτεχνάσατο.
3636 2243 3703 2295 υἱ

2115 2335 2173 2388 δὲ
2200 2335 2299 2405 τῆς
2340 2332 2754 2388 Κωνσταντίνου
2777 2332 3083 2402 οἰκήτορες,
3109 2331 3207 2400 μία
3236 2329 3385 2402 φωνὴ
3412 2331 3505 2384 καὶ
3519 2330 3704 2401 χεῖλος

2115 2427 2173 2481 ἓν
2207 2428 2514 2496 γεγονότες,
2546 2427 2924 2495 ἀνευφήμουν,
2946 2423 3151 2494 ὕμνουν
3174 2424 3266 2476 τὸν
3292 2424 3700 2494 αὐτοκράτορα,

2114 2519 2448 2585 ἐξεθείαζον.
2478 2518 2825 2586 ἐμακάριζον
2877 2516 2980 2586 τῆς
3013 2515 3384 2586 στρατηγίας“,
3416 2515 3517 2568 οὐκ
3551 2510 3704 2585 εἶχον

2114 2615 2262 2676 ὅπως
2288 2612 2386 2681 τὴν
2409 2611 2498 2665 ἐπ’
2534 2609 2683 2679 αὑτῷ
2702 2608 2898 2680 ἡδονὴν
2929 2610 3244 2677 κατασχεῖν.
3304 2606 3466 2660 Ἀλλὰ
3480 2606 3572 2658 τὸν
3596 2605 3704 2673 μὲν

2115 2704 2421 2775 Καμύτζην
2451 2705 2548 2756 σὺν
2581 2703 2823 2772 εὐθυμία
2848 2699 3334 2771 παραπέμψαντες
3365 2698 3548 2753 οἴκαδε
3576 2697 3704 2769 μεθ’

2113 2798 2332 2868 ἡμέρας
2395 2796 2572 2858 τινὰς,
2640 2794 2886 2864 δέχονται
2943 2792 3167 2846 καὶτὸν
3214 2793 3593 2862 αὐτοκράτορα
3620 2807 3705 2843 νι-

2114 2888 2311 2960 κητὴν,
2343 2885 2724 2959 τροπαιοῦχον,
2782 2885 3042 2955 ἀνίκητον
3090 2884 3420 2956 στρατηγὸν,
3454 2883 3701 2955 ἀήττηον

2117 2975 2378 3047 βασιλέα,
2444 2973 2707 3028 σεϐαστόν
2758 2973 3162 3043 αὐτοκράτορα.
3223 2973 3333 3026 Καὶ
3375 2972 3426 3026 οἱ
3481 2973 3578 3043 μὲν
3604 2972 3749 3041 οῦ-ι

2112 3081 2255 3130 τως.’
2289 3069 2317 3121 ὁ
2366 3066 2445 3130 δὲ,
2478 3065 2844 3135 εἰσεληλυθὼς
2885 3066 2953 3118 τὰ
3010 3065 3295 3136 βασίλεια,
3338 3064 3435 3118 καὶ
3475 3066 3698 3135 σῶστρα

2115 3158 2287 3223 θύσας
2343 3158 2464 3230 Θεῷ
2531 3163 2624 3213 καὶ
2677 3161 2744 3230 τῇ
2815 3158 3126 3230 Θεομήτορι
3185 3158 3323 3227 (55),
3374 3157 3482 3210 τῶν
3531 3158 3701 3227 συνή-

438 3257 626 3319 bilent,
668 3254 819 3309 illum
854 3265 1156 3310 erectorem
1198 3265 1521 3323 tropaeorum
1549 3252 1831 3316 invictum,
1860 3254 2007 3307 illum

2115 3252 2225 3305 θων
2285 3228 2462 3321 εἴχετο
2505 3228 2771 3323 τρόπων)
2817 3252 2944 3314 τοὺς
2992 3228 3107 3319 γὰρ
3165 3249 3366 3314 ἔξωθεν
3419 3249 3695 3319 πολέμους

437 3351 697 3405 adversus
726 3347 1054 3401 olﬁ-usiones
1082 3345 1366 3411 bellorum,
1397 3347 1614 3408 virtute,
1647 3336 1897 3408 consilio,
1929 3343 2012 3400 l'e-

438 3442 641 3498 licitate
671 3456 767 3495 sua
798 3439 1152 3505 tutissimum,
1190 3438 1383 3493 ducem
1409 3479 1426 3501 ,
1462 3437 1760 3507 principem
1783 3478 1800 3504 ,
1829 3438 2015 3507 Augu-

438 3544 607 3597 stum,
678 3533 1061 3601 imperatorem
1121 3525 1679 3596 acclamanteSulpse
1740 3544 1838 3598 per
1890 3544 2011 3583 eam

436 3639 684 3697 pompam
726 3625 1000 3691 ingressus
1056 3622 1312 3690 palatium
1338 3660 1354 3685 ,
1402 3622 1545 3676 vutis
1598 3621 1702 3676 illis
1736 3629 1790 3676 et
1821 3622 2013 3690 gratiis

437 3734 535 3787 pro
568 3719 765 3781 salute,
802 3730 901 3785 pro
933 3715 1194 3768 incolumi
1226 3715 1420 3778 reditu,
1449 3729 1547 3782 pro
1584 3729 1642 3768 re
1671 3715 1808 3769 bene
1837 3724 2009 3784 gesta,

438 3811 548 3865 Deo
561 3825 623 3863 ac
641 3808 731 3862 Dei
756 3807 907 3861 Matri
924 3822 1018 3875 per
1037 3806 1300 3860 solemnia
1314 3806 1580 3860 sacriﬁcia
1604 3806 1704 3860 rite
1725 3808 2013 3876 persolutis

435 3916 500 3956 ac
522 3899 763 3963 redditis,
788 3907 1064 3952 consuetae
1090 3898 1210 3950 vitae
1239 3906 1293 3949 et
1326 3896 1671 3951 familiarium
1695 3899 2009 3966 occupatio-

362 4016 365 4021 ·
437 4005 563 4044 sum
590 3993 973 4054 'curarnmque
1004 3996 1245 4040 tenorem
1276 3990 1583 4054 resumpsit.
1622 3986 1825 4043 Solitus
1849 3986 2014 4061 m

441 4078 698 4134 nimirum
729 4086 850 4130 erat
893 4076 1036 4145 quod
1084 4090 1113 4128 a
1162 4075 1447 4130 debellatis
1478 4079 1716 4133 externis
1745 4079 2010 4146 hostibus,

438 4187 469 4227 a
518 4178 875 4242 tyrannorum
930 4166 1314 4222 rebellionibus
1360 4168 1579 4223 domitis
1628 4178 1684 4224 et
1737 4170 2011 4245 intestinis

435 4262 794 4319 seditionibus
843 4258 1117 4329 Oppressis
1178 4259 1444 4329 reliquum
1500 4260 1734 4316 habebat
1792 4263 2006 4331 otium,

436 4358 747 4410 Universum
804 4351 1122 4421 impendere
1172 4349 1273 4417 iuri
1324 4351 1607 4417 dicundo,
1654 4354 2012 4423 inspiciendis

382 4448 664 4519 Aegibus,
689 4444 1078 4513 componendis
1105 4442 1349 4509 iudiciis,
1380 4447 1561 4498 causis
1594 4448 2008 4515 cognoscendis.

2114 3344 2626 3414 καταστησάμενος,
2691 3344 2786 3397 καὶ
2830 3343 2929 3406 τὰς
2987 3345 3096 3396 τῶν
3129 3344 3410 3413 τυράννων
3472 3342 3696 3405 στάσεις

2114 3435 2624 3505 ἀποκρουσάμενος,
2662 3436 2743 3497 εἰς
2804 3433 3139 3503 δικαστήρια
3186 3433 3283 3487 καὶ
3305 3433 3505 3502 νόμους
3552 3430 3697 3486 ἀπέ-

2114 3527 2332 3581 ϐλεπεν.
2365 3521 2474 3580 Ἦν
2497 3526 2605 3597 γὰρ
2662 3523 2795 3596 παρ’
2840 3525 3101 3596 ἑκάτερον
3156 3525 3350 3597 καιρὸν
3392 3525 3487 3579 καὶ
3542 3526 3698 3594 εἰρή-

2115 3638 2213 3689 νης
2255 3619 2351 3673 καὶ
2408 3619 2589 3690 μάχης
2635 3618 2863 3689 ἄριστος
2917 3617 3227 3687 οἰκονόμος.
3298 3618 3528 3688 Ἐκρινε
3584 3617 3696 3687 γὰρ

2114 3711 2354 3781 ὀρφανὸν
2399 3711 2496 3763 καὶ
2524 3710 2766 3763 ἐδικαίου
2798 3710 2999 3780 χήραν,
3030 3710 3127 3762 καὶ
3162 3709 3307 3763 κατὰ
3342 3710 3529 3780 πάσης
3575 3710 3696 3762 ἀδι-

2113 3802 2235 3864 uia;
2266 3801 2600 3872 δριμύτατον
2631 3800 2885 3865 ἔϐλεπεν,
2927 3794 3086 3869 όλὶγα
3111 3800 3172 3854 τὸ
3206 3802 3363 3871 σῶμα
3395 3798 3699 3854 διαναπαύ-

2113 3912 2188 3946 ων
2230 3895 2288 3946 ὲν
2326 3892 2677 3963 κυνηγεσίοις
2734 3909 2796 3946 τε
2828 3892 2924 3945 καὶ⁵
2953 3892 3197 3948 ἀνέσεσι.
3242 3894 3353 3947 Καὶ
3398 3893 3506 3962 γὰρ
3555 3892 3695 3961 μετὰ

2114 3985 2222 4038 τῶν
2252 3985 2433 4039 ἄλλων
2485 3984 2801 4054 ἐφιλοσόφει
2847 3985 2945 4037 καὶ
2991 3986 3151 4039 τοῦτο
3185 3986 3585 4057 χαλιναγωγείν
3631 3986 3696 4038 τὸ

2116 4075 2276 4145 σῶμα
2307 4077 2403 4128 καὶ
2426 4076 2839 4146 εὐαγωγότερον
2867 4077 3048 4149 ἑαυτῷ
3075 4078 3366 4149 καθιστᾷν.
3417 4077 3685 4143 Ἐξεδὶδου

2117 4168 2217 4238 μὲν
2244 4169 2351 4239 γὰρ
2383 4169 2515 4222 αὐτὸ
2543 4170 2657 4233 τοῖς
2688 4170 2877 4233 πόνοις
2912 4169 2989 4233 ὡς
3011 4171 3103 4222 ἐπὶ
3126 4170 3188 4223 τὸ
3209 4171 3461 4224 πλεῖστον
3490 4184 3507 4202 ⁶
3530 4172 3695 4223 πάλιν

2114 4263 2160 4296 ⁸⁹
2196 4264 2253 4317 δὲ
2286 4263 2680 4316 ὲπανεκαλείτο
2705 4264 2815 4316 τῶν
2843 4264 3049 4328 πόνων,
3080 4265 3176 4317 καὶ
3207 4266 3239 4335 ἡ
3273 4265 3462 4327 ἄνεσις
3517 4264 3695 4336 τούτῳ

2112 4354 2367 4426 δεύτερος
2385 4356 2565 4418 πόνος,
2596 4353 2815 4425 βιὸλίων
2847 4354 3154 4423 ἀνάγνωσις
3185 4355 3279 4408 καὶ
3305 4355 3575 4420 ἐξέτασις,
3595 4357 3697 4409 καὶ

2112 4451 2145 4521 ἡ
2171 4449 2290 4513 τοῦ,
2317 4446 2635 4516 Ἐρευνᾶτε
2661 4444 3061 4515 τὰςήΓραφὰς,
3080 4447 3540 4516 παραγγέλματος
3571 4448 3698 4499 ἐπι-

436 4535 587 4591 Uuus
628 4532 878 4586 videlicet
910 4545 1064 4599 mque
1096 4531 1306 4586 artibus
1335 4541 1387 4586 et
1427 4533 1669 4587 moribus
1712 4536 2009 4592 instructus

2119 4542 2328 4612 μέλεια.
2361 4540 2442 4593 Τὰ
2468 4541 2515 4593 δ’
2552 4534 2621 4593 αὖ
2663 4540 2963 4609 κυνηγέσια
2997 4541 3091 4592 καὶ
3128 4541 3157 4606 ἡ
3191 4539 3298 4591 ἀπὸ
3329 4540 3423 4592 τοῦ
3476 4541 3697 4610 σφαιρί-

436 4625 503 4675 ad
556 4636 711 4675 usum
763 4622 1045 4688 utriusque
1100 4621 1385 4689 temporis;
1427 4622 1598 4691 pacis,
1653 4626 1893 4694 inquam,
1945 4641 2011 4683 ac

378 4746 387 4755 ιι
437 4711 561 4765 belli
597 4722 918 4778 procuratur
970 4710 1111 4765 idem
1157 4711 1415 4779 optimus.
1465 4711 1609 4767 Acer
1652 4716 1894 4772 eximere
1925 4734 2016 4773 or-

438 4803 678 4872 phauum
712 4802 1017 4866 calumniae,
1043 4800 1132 4869 jus
1161 4801 1338 4855 viduae
1371 4803 1541 4868 tueri;
1588 4804 1849 4863 adversus
1895 4825 2016 4864 om-

439 4909 562 4948 nem
605 4893 942 4961 iniquitatem
978 4901 1133 4946 torvu
1161 4907 1377 4961 semper
1405 4904 1627 4963 aspectu
1658 4907 1711 4950 et
1744 4898 2011 4970 implaca‘

441 4984 622 5039 hiliter
655 4984 872 5038 minaci.
905 4982 1167 5052 Exiguam
1223 4986 1307 5039 his
1359 4987 1771 5044 intermiscehat
1820 5008 2010 5048 curam

321 5096 345 5111 ε
438 5074 703 5145 corporis,
734 5074 1111 5128 venationibus
1161 5083 1215 5128 et
1269 5076 1320 5131 id
1368 5092 1537 5148 genus
1594 5083 2011 5141 remissionibus

2115 4634 2231 4698 ζειν
2288 4634 2478 4687 παιδιὰ
2532 4633 2788 4704 δευτέρου
2836 4632 2998 4701 λόγου
3041 4633 3136 4686 καὶ
3168 4633 3355 4702 τρίτου
3382 4633 3588 4702 προσῆν
3618 4634 3697 4701 τῷ

2115 4725 2234 4797 ὲμῷ
2260 4726 2429 4797 πατρὶ⁸
2461 4726 2564 4788 ἕως
2601 4725 2679 4778 ἔτι
2701 4724 2962 4796 νεώτερος
2994 4721 3061 4794 ἦν
3083 4726 3207 4778 ’καὶ
3234 4724 3385 4779 οὔπω
3416 4727 3475 4779 τὺ
3505 4726 3697 4795 θηρίον

2114 4820 2151 4888 ἡ
2176 4817 2288 4872 τῶν
2314 4818 2494 4871 ποδῶν
2537 4816 2781 4879 διάθεσις
2819 4817 2971 4886 αὐτῷ
3016 4818 3464 4881 ὲπισυνεπλάκη,
3515 4817 3695 4871 καθά-

2114 4925 2219 4980 περ
2252 4909 2376 4977 ὄφις
2431 4926 2517 4973 τις
2582 4909 2799 4971 σκολιὸς
2826 4948 2841 4973 ,
2894 4908 2990 4962 καὶ
3045 4909 3178 4963 αὐτὸ
3208 4909 3274 4980 δὴ
3316 4908 3477 4973 τοῦτο
3503 4912 3564 4962 τὸ
3594 4911 3695 4977 τῆς

2119 5003 2386 5074 κατάρας,
2421 5003 2633 5056 δάκνων
2690 5001 2857 5055 αὐτοῦ
2892 5003 2995 5072 τὴν
3045 5003 3310 5074 πτέρναν.
3367 5003 3582 5069 Ἐξότου
3636 5003 3695 5057 δὲ

2119 5093 2186 5146 τὰ
2243 5095 2337 5146 τοῦ
2386 5095 2692 5164 νοσήματος
2755 5093 3039 5164 ὑπήρξατο
3077 5095 3173 5148 καὶ
3217 5095 3298 5157 εἰς
3343 5096 3528 5165 ἀκμὴν
3565 5088 3692 5165 ἧκε,

1436 5196 1637 5258 Varias
1672 5199 1985 5265 lectiones
2022 5221 2103 5266 ex
2134 5209 2276 5271 cod.
2308 5208 2581 5271 Coislin.

466 5324 510 5356 ⁸⁹
540 5322 703 5375 Deest
730 5333 830 5372 vox
859 5315 1043 5371 πάλιν.

1479 5385 1624 5453 Car.
1647 5390 1973 5454 Dufresnii
2004 5396 2101 5458 Du
2133 5397 2353 5477 Langii
2395 5405 2580 5462 noue.

506 5495 617 5563 (55)
659 5491 740 5559 Τῇ
770 5487 1400 5563 θεομήτοριηῡεῑρονοε
1448 5488 1590 5544 forte
1645 5490 2007 5561 Hodegetrim.

432 5560 522 5622 cui
554 5560 659 5620 non
698 5565 857 5617 modo
880 5560 1268 5629 Sttpplicaliant
1297 5561 1658 5632 imperatores
1694 5565 1744 5616 in
1778 5560 2003 5632 expedi-

434 5644 636 5690 tionem
675 5627 1002 5706 pruiectttt-i,'
1028 5641 1089 5706 ut
1124 5639 1204 5683 est
1221 5628 1384 5706 apud
1428 5627 1701 5706 Zonaram
1757 5644 1813 5685 et
1853 5627 2007 5706 ’δογ-

435 5706 614 5758 litzem
654 5696 706 5756 iii
740 5701 999 5756 Michaele
1028 5698 1312 5767 Theophili
1362 5696 1424 5761 ι..
1458 5702 1552 5753 sed
1605 5711 1657 5754 et
1706 5713 1828 5769 post
1877 5696 2009 5761 ade-

434 5786 578 5843 plant
627 5772 927 5843 victoriam,
991 5785 1187 5839 resque
1242 5770 1343 5822 rite
1403 5771 1643 5843 elillliut‘.
1698 5771 2001 5841 confectas,

436 5840 639 5914 gratias
686 5842 1035 5905 referebant,
1104 5849 1163 5894 ut
1208 5847 1294 5894 est
1341 5842 1479 5906 apud
1537 5840 1999 5911 Cantacuzenum,

2110 5641 2498 5709 appehaﬁune,
2561 5645 2612 5695 hi

2114 5499 2210 5577 lib.
2242 5517 2323 5561 ut.
2378 5502 2620 5577 capafit)
2651 5513 2705 5559 et
2740 5506 2847 5571 59;
2912 5505 3234 5577 Gregorium
3261 5547 3276 5571 ,
3309 5509 3403 5563 lth.
3465 5526 3538 5573 tv,
3582 5523 3689 5567 etc.

2111 5570 2298 5641 Neque
2342 5570 2485 5627 enim
2522 5575 2659 5629 bene
2713 5570 3092 5640 coniectaruvut
3149 5570 3269 5631 viri
3304 5580 3447 5633 ducti
3495 5570 3559 5633 de
3591 5586 3692 5637 hac

2691 5644 2848 5700 Notis
2878 5647 2942 5699 ad
2995 5647 3168 5700 Vitam
3246 5647 3302 5701 S.
3358 5648 3541 5705 Basilii
3603 5649 3693 5702 Ju-

2111 5713 2387 5799 nioris,_tt.
2422 5714 2513 5767 40.
2570 5710 2707 5799 Vide
2735 5717 3037 5772 Historiam
3088 5727 3333 5799 nostram
3388 5718 3689 5790 Gallo-By-

2107 5792 2251 5837 zanl.
2289 5783 2384 5839 lib.
2422 5800 2482 5849 tt,
2512 5799 2571 5839 n.
2606 5783 2660 5838 5.
