4086 6442
362 369 378 431 1
393 368 496 430 ἳ)ί)3

1589 371 2007 432 ALEXIADIS
2045 372 2194 434 LIB.
2228 372 2388 433 XIV.

3481 375 3621 444 1094

362 482 475 533 τότε
505 480 568 550 δὴ
606 479 697 532 καὶ
753 482 1078 548 γυμνασίοις
1129 479 1322 533 ἑαυτὸν
1374 459 1642 548 ἐπεδίδου,
1686 484 1783 536 καὶ
1823 487 1936 548 τοῖς

2045 500 2162 540 sese
2223 485 2506 540 obiectans
2557 499 2621 540 ac
2682 485 2934 542 reficiens
2991 487 3284 542 interdum.
3336 486 3624 543 Studiosus

359 572 676 640 ίππάσμασι
732 572 824 624 καὶ
860 575 982 638 ταῖς
1030 573 1218 636 ἄλλαις
1250 575 1512 639 παιδιαῖς,
1570 576 1940 646 παράγγελμα

361 663 514 715 τοῦτο
542 663 723 718 λαϐὼν
755 665 812 730 ἐξ
843 666 1096 735 ἰατρικῆς
1126 668 1460 735 ἐπιστήμης,
1533 667 1619 720 ἵνα
1651 669 1768 729 ταῖς
1801 685 1930 720 συνο

358 755 544 825 εχὲσιν
587 758 884 821 ίππασίαις
949 757 1261 828 διαφοροῖτό
1308 776 1360 810 τι
1400 760 1496 827 τῆς
1525 759 1941 832 καταρῥεούσης

360 847 515 917 ὕλης,
570 851 666 902 καὶ
718 849 811 903 τοῦ
869 848 1251 920 ἐπιϐρίθοντος
1341 851 1543 920 βάρους
1600 851 1937 919 κουφίζοιτο.

359 942 532 1024 ’[οῡτο
549 942 656 1013 γὰρ
687 943 746 995 τὸ
777 943 949 1006 πάθος
970 945 998 995 ὁ
1024 944 1153 1013 ἐμὸς
1177 945 1384 1012 πατὴρ,
1414 945 1664 1012 καθάπερ
1697 946 1942 1014 είρήκειν

356 1033 584 1098 ἄνωθεν,
618 1035 720 1088 οὐκ
748 1035 804 1102 ἐξ
830 1036 1022 1107 ἐτέρας
1059 1036 1238 1100 αἰτίας
1269 1035 1490 1100 ἔξωθεν,
1517 1037 1618 1090 ἀλλ
1642 1036 1655 1055 ’
1699 1037 1804 1088 ἀπὸ
1832 1037 1941 1088 τῶν

361 1125 539 1178 πόνων
590 1127 686 1181 καὶ
752 1128 1019 1197 καμάτων
1069 1127 1212 1199 ὑπὲρ
1263 1128 1366 1199 τῆς
1438 1127 1730 1198 Ῥωμαίων
1778 1129 1938 1199 δόξης

356 1217 658 1272 ἐσπάσατο.

2050 592 2190 632 unus
2218 587 2411 647 praeter
2442 587 2667 632 caeteros
2691 580 2937 648 corporis
2960 579 3275 643 domitaudi,
3312 580 3625 649 subigendi-

2049 683 2154 737 que
2196 670 2339 722 velut
2392 668 2543 723 freno
2583 672 2816 737 quodam
2867 673 3226 740 philosophia:
3271 673 3336 725 ad
3379 673 3626 741 quemvis

2051 777 2207 814 usum
2251 761 2412 816 olilcii
2447 763 2580 814 varii
2609 778 2704 831 per
2734 765 3047 817 occasiones
3078 765 3313 817 incertas
3341 766 3464 816 vitze
3493 763 3630 817 mulo

2052 853 2254 919 tiplicis
2289 856 2595 907 occursuri.
2632 854 2956 924 Plerumque
2999 857 3088 909 ille
3122 856 3340 924 quidem
3376 856 3457 907 sui
3495 863 3629 907 tem-

2046 947 2194 1011 poris
2220 946 2527 1013 viriumque
2557 957 2763 1014 partem
2801 948 3147 1014 impendebat
3184 947 3496 1007 laboribus;
3545 960 3629 998 re-

2044 1034 2220 1101 ceptui
2249 1042 2428 1087 tamen
2459 1051 2649 1088 rursus
2668 1050 2788 1088 cum
2815 1047 2932 1089 erat
2961 1051 3188 1090 necesse
3211 1054 3314 1089 non
3342 1040 3626 1088 immemor

2045 1142 2264 1188 canere,
2295 1142 2418 1180 sese
2445 1126 2556 1180 otio
2589 1127 2870 1182 refovebat
2904 1128 3316 1198 tempesﬁvomt
3345 1127 3626 1194 negotioso

2044 1220 2234 1272 eodem
2269 1218 2541 1286 utilique:
2569 1233 2691 1272 nam
2725 1219 2973 1273 remissio
2997 1221 3044 1272 ei
3081 1220 3300 1288 fatigato
3324 1219 3636 1282 laboribus,

357 1312 508 1368 labor
541 1325 658 1368 eral.
691 1317 984 1381 secundus;
1022 1330 1217 1381 nempe
1249 1315 1410 1370 lectio
1454 1315 1718 1369 librorum
1743 1356 1758 1379 ,
1812 1315 2159 1384 studiumque
2184 1325 2235 1368 et
2263 1326 2513 1368 accurata
2584 1317 2873 1384 exquisitio
2934 1317 3218 1380 dortrime,
3283 1317 3532 1382 illiusque
3597 1329 3627 1368 a

356 1404 572 1461 Christo
606 1407 838 1476 impositi
883 1408 1191 1462 observatio
1239 1409 1531 1474 prtecepti,
1575 1406 1903 1460 Scrutamim‘
1973 1407 2263 1473 scripturas
2297 1405 2335 1458 ί.
2369 1403 2555 1460 Tertio
2583 1407 2776 1461 deinde
2836 1408 2952 1460 loco
3005 1407 3329 1460 succedebat
3387 1409 3627 1472 venatio,

359 1496 487 1566 pila,
513 1498 596 1552 vel
618 1500 900 1554 domitatio
921 1513 1206 1569 equorum.
1234 1498 1330 1553 llic
1349 1500 1498 1554 orbis
1525 1500 1936 1569 occupationum
1963 1510 2080 1554 erat
2113 1500 2214 1552 mei
2249 1500 2436 1569 patris,
2475 1517 2502 1552 a
2550 1499 2836 1566 juventute
2900 1499 3178 1553 institutus
3268 1501 3438 1568 prima
3465 1515 3479 1564 ;
3532 1500 3621 1554 hic

356 1590 492 1645 ordo
521 1592 919 1659 pulcherrimus
956 1592 1291 1661 impermista
1343 1593 1690 1647 distinctione
1742 1607 2032 1647 recurrens
2124 1593 2192 1647 ab
2251 1593 2626 1662 occupatione}
2654 1591 2924 1660 praecipua
2971 1593 3036 1644 ad
3108 1592 3204 1646 has
3279 1593 3503 1646 alteram
3574 1604 3628 1648 et

355 1682 570 1736 tertiam
605 1683 655 1736 in
680 1683 1086 1737 subsecivorum
1112 1693 1416 1752 temporum
1442 1683 1735 1752 quasi‘loca
1766 1698 1934 1736 vacua
1975 1683 2317 1750 descriptus;
2358 1685 2618 1753 pulchris,
2660 1695 2712 1737 et
2747 1694 2872 1752 apto
2906 1693 3162 1738 contextu
3202 1684 3359 1756 inire
3421 1693 3627 1754 tempe-

357 1777 488 1830 ralis
520 1778 728 1832 vicibus
757 1780 1006 1833 utilitatis
1033 1779 1403 1834 multiformis.
1477 1779 1568 1834 Sic
1637 1779 1794 1843 vixit,
1827 1781 2004 1848 quoad
2049 1780 2242 1847 pedum
2293 1780 2532 1844 morbus,
2573 1781 2717 1835 velut
2749 1781 3002 1848 obliquus
3053 1796 3313 1850 serpens,
3362 1797 3522 1836 crura
3576 1785 3628 1839 ei

353 1887 493 1927 nexu
530 1871 678 1924 vario
728 1871 983 1942 impedita
1032 1873 1461 1942 comprehendit,
1502 1875 1650 1944 juxta
1689 1873 1820 1927 illud
1870 1874 1923 1927 in
2003 1873 2388 1927 maledictione
2459 1875 2730 1938 serpentis
2800 1875 3062 1940 scriptum
3092 1914 3107 1939 ,
3165 1877 3421 1928 mordens
3503 1875 3617 1928 cal-

351 1983 578 2025 eaneum
638 1969 776 2037 ejus.
839 1969 970 2022 Cum
1025 1970 1168 2024 enim
1224 1969 1500 2039 corripere
1586 1969 1733 2022 illum
1787 1969 1972 2038 cmpit,
2049 1979 2208 2037 atque
2240 1969 2571 2022 invalescere
2602 1968 2980 2022 inclementius
3009 1969 3089 2021 vis
3120 1984 3259 2022 szeva
3293 1969 3448 2022 istius
3479 1970 3630 2038 mali,

351 2079 573 2121 coactus
608 2075 690 2120 ρει.
728 2064 1012 2134 praeceptis
1045 2065 1400 2128 medicorum,
1444 2074 1498 2117 et
1549 2064 1661 2131 ipsa
1722 2066 1932 2117 ratione
1968 2063 2210 2117 scientia:
2257 2063 2392 2130 ejus.
2434 2079 2541 2116 non
2580 2063 2758 2132 ignota
2801 2062 2942 2124 sibi,
2997 2061 3276 2116 effundere
3346 2079 3466 2117 sese
3538 2065 3626 2118 iii-

350 2159 660 2227 dulgentius
693 2160 742 2210 in
780 2157 1122 2212 remissiones
1153 2168 1207 2211 et
1277 2157 1690 2211 exercitationes
1728 2159 1996 2223 corporis,
2037 2156 2421 2225 equitationes,
2451 2155 2806 2210 excursiones
2835 2154 3092 2219 ludicras,
3126 2157 3168 2210 si
3200 2153 3340 2210 forte
3382 2157 3634 2222 jactatio-

352 2252 513 2304 nibns
560 2250 678 2303 istis
735 2259 920 2318 posset
978 2250 1302 2304 residentem
1346 2249 1628 2303 humorem
1655 2289 1669 2314 ,
1725 2247 1928 2300 doloris
1969 2262 2211 2309 causam,
2247 2249 2521 2302 resolvere
2559 2262 2622 2299 ac
2662 2249 2928 2315 digerere.
2965 2246 3101 2311 Quia
3159 2249 3328 2309 enim,
3398 2259 3455 2302 ut
3519 2248 3631 2305 dixi

351 2349 620 2416 superius,
643 2343 990 2400 contentione
1019 2344 1262 2413 improba
1291 2345 1410 2398 sine
1476 2343 1636 2397 modo
1696 2346 2010 2396 continuata
2051 2344 2302 2397 laborum
2363 2358 2462 2411 pro
2503 2340 2730 2396 Romani
2775 2343 3009 2396 nominis
3060 2343 3228 2412 gloria
3257 2357 3632 2413 susceptorum

351 2456 468 2493 eam
529 2449 681 2510 pater
729 2457 880 2496 meus
928 2442 1028 2495 sibi
1085 2441 1462 2510 aegritudinem
1516 2440 1927 2504 accersiverat,
1969 2455 2188 2493 causam
2223 2439 2456 2492 habebat
2489 2440 2741 2507 sperandi
2791 2437 2907 2492 fore
2993 2447 3050 2492 ut
3097 2454 3161 2493 ea
3203 2440 3507 2506 levaretur,
3586 2457 3632 2508 si

350 2540 676 2592 contrariam
715 2538 1023 2592 institueret
1054 2539 1175 2591 vitae
1213 2539 1500 2601 rationem,
1536 2535 1997 2602 remissionesque
2031 2535 2329 2603 impensius
2360 2541 2684 2588 sectaretur.

423 2629 590 2683 Οὔπω
619 2631 862 2692 ἐνιαυτὸς
884 2623 961 2690 εἷς
1017 2628 1405 2700 παρεληλύθει,
1441 2630 1537 2682 καὶ
1558 2628 1949 2698 λογοποιουμέ-
1983 2641 2021 2693 Β

352 2741 461 2775 νων
507 2724 554 2755 °°
591 2721 848 2791 ἀκηκοὼς
891 2721 1047 2786 αὖθις
1080 2725 1211 2794 περὶ
1260 2723 1371 2775 τῶν
1407 2722 1675 2794 Κομὰνων
1705 2723 1792 2776 διὰ
1846 2723 1940 2774 τοῦ

357 2819 582 2885 Ἴστρου
649 2815 1076 2885 διαπεραίωσιν,
1139 2815 1333 2884 ὀγδόης
1395 2815 1498 2886 ἥδη
1557 2816 1942 2885 ἐπινεμήσεως

350 2906 467 2977 (56i
528 2905 934 2975 ἐφισταμένης,
989 2907 1301 2974 ἀρχομένου
1363 2903 1735 2975 φθινοπώρου,
1801 2903 1944 2957 κατὰ

355 3001 502 3069 μῆνα
541 2999 873 3068 Νοέμϐριον,
907 2997 1076 3063 ἔξεισι
1105 2998 1204 3066 τῆς
1235 2997 1511 3066 βασιλίδος
1540 2997 1650 3049 τῶν
1693 2997 1930 3061 πόλεων,

351 3093 447 3146 καὶ
478 3092 576 3155 τὰς
610 3092 874 3160 δυνάμεις
905 3091 1127 3154 ἁπάσας
1175 3092 1256 3161 (α)
1290 3090 1795 3161 μεταπεμψάμενος
1839 3107 1943 3142 κα-

350 3182 604 3253 τατίθησι
628 3183 853 3246 τούτους
887 3184 966 3246 εἷς
1014 3199 1073 3234 τε
1095 3182 1525 3235 Φιλιππούπολιν
1580 3183 1676 3235 καὶ
1720 3183 1802 3246 είς
1849 3182 1942 3234 τὸν

349 3278 646 3346 λεγόμενον
679 3276 944 3348 Περιτζὸν
975 3276 1065 3329 καὶ
1093 3275 1449 3346 Τριάόιτζαν,
1475 3277 1569 3329 καὶ
1599 3277 1678 3338 είς
1706 3275 1766 3327 τὺ
1797 3274 1942 3343 θέμα

348 3369 443 3423 τοῦ
470 3369 720 3440 Νήσου⁰¹,
753 3371 913 3440 μέχρι
940 3371 1032 3422 καὶ
1061 3369 1159 3440 τῆς
1182 3368 1488 3439 παρίστρας
1516 3367 1942 3437 Βουρανιτζόὸης

353 3460 491 3530 (57),
524 3460 838 3530 ἐπισκήψας
860 3457 1064 3526 πολλήν
1093 3475 1151 3511 τε
1200 3461 1329 3530 περὶ
1369 3459 1497 3522 τοὺς
1530 3459 1732 3521 ἵππους
1762 3459 1942 3511 αὐτῶν

351 3549 729 3602 ἐνδείκνυσθαι
753 3550 1102 3619 ἐπιμέλειαν,
1135 3549 1276 3603 ὥστε
1308 3550 1498 3612 πίονας
1543 3551 1838 3620 γεγονότας
1884 3552 1941 3603 ἐν

351 3641 534 3714 καιρῷ
571 3643 750 3713 μάχης
776 3642 1041 3697 δύνασθαι
1065 3644 1250 3714 φέρειν
1273 3644 1399 3706 τοὺς
1423 3643 1714 3706 ἐπιϐάτας.
1765 3643 1940 3705 Αὐτὸς

349 3735 438 3801 δὲ,
475 3737 616 3789 κατὰ
655 3737 752 3805 τὴν
780 3737 1209 3790 Φιλιππούπολιν
1234 3736 1344 3807 (58)
1366 3736 1746 3807 ἐνδιατρίϐων.
1776 3737 1937 3799 Πόλις

349 3828 413 3882 δὲ
441 3827 580 3899 αὕτη
619 3831 748 3900 περὶ
775 3829 874 3900 τὴν
907 3832 1006 3900 τῆς
1041 3829 1266 3901 Θρᾴκης
1294 3829 1612 3898 μεσόγειαν.
1664 3824 1839 3896 Εὖρος
1870 3831 1938 3898 τῇ

350 3923 508 3976 πόλει
545 3925 828 3995 παραρρεῖ
859 3923 996 3992 πρὸς
1032 3921 1235 3994 βορρᾶν
1261 3921 1464 3992 ἄνεμον
1512 3922 1767 3976 πνέοντα.
1827 3922 1942 3974 Ῥεῖ

354 4013 462 4083 μὲν
488 4012 598 4084 γὰρ
641 4007 796 4076 οὗτος
828 4014 938 4067 ἀπὸ
969 4013 1078 4067 τῶν
1112 4016 1368 4084 περάτων
1407 4013 1588 4067 αὐτῶν
1613 4013 1715 4082 τῆς
1757 4012 1938 4066 Ῥοδό-
1967 3997 2008 4055 C

351 4123 488 4176 πης,
537 4108 632 4161 καὶ
673 4107 877 4168 πολλὰς
938 4107 1270 4178 ποιούμενος
1311 4107 1502 4171 ἕλικας
1552 4108 1646 4162 καὶ
1680 4107 1935 4178 καμπὰς,

352 4200 698 4270 παραμείὸει
728 4216 787 4252 τε
813 4198 915 4271 τὴν
959 4198 1267 4270 Ἀδριανοῦ,
1307 4198 1518 4252 πολλῶν
1547 4201 1643 4252 καὶ
1667 4199 1846 4252 ἄλλων
1877 4200 1936 4262 ἐς

349 4288 516 4343 ταυτδ
577 4290 846 4360 ποταμῶν
908 4289 1457 4360 συνεμΰεεληκὸτων,
1515 4289 1610 4344 καὶ
1666 4289 1803 4360 περὶ
1837 4289 1937 4360 τὴν

351 4378 514 4435 Αἶνον
539 4383 694 4434 πόλιν
730 4382 1011 4435 ἐκδίδωσιν
1037 4385 1118 4442 είς
1164 4382 1264 4453 τὴν
1313 4380 1615 4434 θάλασσαν.
1665 4381 1933 4436 Φίλιππον

351 4475 407 4528 δὲ
439 4476 568 4528 ὅταν
596 4476 756 4540 εἴπω,
778 4477 836 4528 οὐ
871 4475 963 4528 τὸν
985 4474 1276 4528 Μακεδόνα
1307 4474 1453 4543 λέγω
1490 4475 1582 4528 τὸν
1607 4475 1702 4528 τοῦ
1733 4473 1940 4545 Ἀμύν-

349 4585 448 4621 τω
503 4561 770 4640 (νεωτέρα
798 4570 906 4638 γὰρ
953 4570 986 4639 ἡ
1031 4568 1191 4632 πόλις
1239 4567 1334 4621 τοῦ
1379 4567 1648 4622 Φιλίππου
1693 4568 1936 4640 τούτου),

432 4752 449 4782 ¹
483 4750 639 4818 Joan.
673 4763 727 4813 v,
757 4747 844 4804 59.

2124 2626 2368 2680 Nerulum
2389 2641 2564 2680 anuus
2584 2632 2636 2679 in
2663 2627 2764 2680 hac
2785 2627 2832 2681 ei
2852 2626 3032 2696 quiete
3046 2642 3165 2680 sese
3187 2642 3322 2680 unus
3335 2630 3632 2687 evolverat:

2029 2727 2168 2774 'cnm
2208 2735 2335 2773 ecce
2367 2719 2515 2773 illum
2551 2721 2750 2772 excitat
2797 2720 2939 2772 fama
2997 2734 3186 2772 rursus
3215 2721 3634 2788 percrehescens

2049 2827 2198 2864 novae
2261 2810 2582 2880 irruptionis
2661 2812 3023 2865 Comanorum
3097 2810 3198 2866 sub
3269 2813 3481 2866 initium
3535 2831 3634 2868 att-

2049 2906 2241 2969 tumni,
2273 2906 2510 2959 instante
2535 2913 2626 2959 aut
2655 2905 2870 2959 inemite
2898 2905 3193 2959 indictione
3221 2917 3411 2959 octava
3439 2911 3629 2962 Istrum

2048 2998 2300 3064 trajicere
2360 2999 2698 3067 paranlium.
2760 2997 2924 3052 Parat
2981 3007 3172 3052 contra
3229 3000 3632 3067 expeditionem

2049 3091 2193 3144 illico
2249 3091 2548 3160 Augustus,
2603 3099 2660 3143 et
2692 3104 2878 3143 mense
2910 3088 3201 3143 Novembri
3267 3092 3633 3158 proficiscitur

2045 3199 2110 3235 ex
2153 3182 2283 3236 urbe
2351 3182 2494 3251 regis
2525 3224 2540 3248 ,
2600 3184 3003 3251 accersitasque
3047 3182 3401 3251 undecunque
3451 3186 3634 3248 copias

2051 3273 2324 3328 Romanas
2350 3275 2632 3328 universas
2667 3273 2835 3328 certis
2891 3274 2942 3326 in
2999 3275 3324 3327 stationibus
3359 3290 3454 3344 per
3480 3276 3629 3329 illum

2047 3366 2274 3421 limitem
2304 3369 2560 3438 dispoait,
2607 3368 2743 3422 alias
2787 3367 3142 3438 l’hilippopoli
3178 3367 3471 3435 collocaris,
3500 3369 3634 3423 alias

2044 3456 2318 3513 Peritzum
2374 3470 2430 3513 et
2479 3459 2814 3518 Triadiizani
2857 3459 2999 3528 (loca
3049 3460 3129 3513 sic
3180 3459 3343 3529 dicta)
3380 3461 3632 3514 obtinere

2039 3551 2235 3618 juhcns
2266 3567 2279 3617 ;
2315 3552 2439 3606 aliis
2474 3551 2679 3606 Thema
2708 3551 2850 3621 quod
2901 3550 3029 3605 Nesi
3089 3550 3292 3605 dicitur
3320 3553 3633 3606 cusloiliena

2045 3642 2172 3696 dum
2203 3645 2503 3698 attribueus
2547 3659 2718 3712 usque
2757 3643 2826 3700 ad
2863 3643 3285 3697 Buranitzoham
3319 3644 3631 3710 contiguam

2045 3733 2181 3790 lstro
2249 3738 2436 3792 urbem
2484 3752 2548 3791 ac
2595 3739 2897 3807 regionem.
2961 3736 3219 3791 Militibus
3275 3736 3352 3791 sic
3407 3736 3461 3790 in
3514 3737 3629 3788 loca

2045 3830 2328 3882 commoda
2401 3829 2708 3885 distributis
2763 3830 2934 3884 edixit
3000 3829 3268 3884 universis
3334 3829 3635 3898 imperator

2045 3934 2234 3975 curam
2259 3935 2524 3989 equorum
2561 3931 2831 3990 gererent,
2867 3921 3170 3988 darentque
3202 3935 3444 3990 operam,
3469 3919 3634 3992 [5,50

2046 4023 2103 4067 ut
2144 4013 2179 4066 ii
2240 4014 2468 4083 pingues
2505 4021 2560 4068 et
2593 4013 2804 4067 robusti
2853 4014 2989 4068 satis
3015 4021 3220 4078 essent,
3257 4014 3322 4065 ad
3379 4013 3634 4067 ferendos

2045 4104 2135 4160 die
2167 4119 2359 4172 pugnae
2393 4105 2700 4160 decretorio
2730 4103 2981 4159 dominos
3005 4114 3277 4160 armatos.
3299 4104 3418 4172 ipse
3447 4103 3634 4173 Augu-

2047 4208 2164 4254 stus
2192 4200 2565 4254 commorandi
2600 4201 2783 4255 sedem
2820 4200 2922 4254 sibi
2957 4199 3377 4269 PhilippOpolim
3415 4199 3632 4265 delegit.

2048 4285 2145 4343 Est
2188 4303 2249 4342 ea
2305 4288 2498 4342 civitas
2548 4289 2600 4341 in
2631 4290 3049 4343 mediterraneis
3101 4287 3368 4342 Thracize.
3419 4285 3634 4341 Hebrus

2047 4394 2165 4435 eam
2203 4381 2406 4434 ﬂumen
2445 4381 2601 4435 alluit
2631 4397 2659 4434 a
2698 4382 3070 4448 septentrione
3119 4379 3309 4434 fluens.
3359 4379 3409 4432 ls
3457 4379 3635 4432 amnis

2047 4483 2202 4526 ortus
2240 4475 2308 4527 ab
2364 4476 2626 4527 extremis
2689 4472 2978 4540 Rhodopes
3034 4472 3253 4538 finibus,
3307 4472 3394 4525 ubi
3450 4470 3634 4524 multis

2048 4583 2168 4623 sese
2185 4567 2410 4623 ﬂexibus
2433 4568 2675 4623 sinuosis
2695 4567 3012 4637 obliquavit,
3039 4567 3150 4621 obit
3177 4564 3401 4620 Adriani
3421 4565 3632 4631 urbem,

1443 4842 1646 4904 Variae
1699 4842 2006 4906 lectiones
2036 4863 2115 4908 ex
2147 4845 2283 4912 cod.
2324 4845 2599 4910 Coislin.

428 4956 476 4988 ³ο
520 4947 1013 5019 λογοποιουμένην.
1101 4946 1145 4978 ’ί
1180 4943 1376 4998 Νίσου.

1397 5034 1533 5094 Car.
1569 5030 1896 5092 Dufresnii
1924 5035 2020 5094 Dn
2056 5035 2278 5114 Cangii
2317 5044 2504 5098 notae.

430 5151 544 5221 (56)
581 5147 836 5218 Ὀγδόης
863 5141 1299 5221 emit-emicrst
1328 5139 1575 5221 .Alexius
1631 5135 1932 5221 bellumnin

2045 5141 2221 5204 Anna,
2255 5142 2408 5221 dum.
2437 5141 2642 5221 scribit
2689 5139 3452 5221 Philippopolim”Kent/£82;
3501 5142 3630 5221 olim

353 5203 627 5277 (Ennianos
657 5203 876 5286 parans,
905 5231 969 5268 ex
999 5203 1132 5286 urbe
1155 5203 1523 5286 proficiscitur
1577 5221 1764 5286 Iliense
1820 5203 1934 5260 No-

354 5276 536 5347 vemb.
574 5276 707 5341 indit
729 5298 766 5340 ι.
800 5276 1007 5348 8,]ιηω
1038 5276 1185 5336 cadit
1217 5282 1268 5334 in
1307 5298 1396 5332 an.
1428 5276 1758 5348 Chndild.

433 5362 545 5431 (57)
603 5346 1097 5431 Βουριινιτζόϐης.
1132 5352 1311 5431 Malim
1348 5346 1706 5431 Βρανιζςξᾷης,
1735 5347 1800 5399 de
1831 5361 1936 5431 qua

360 5419 494 5487 urbe
528 5419 593 5482 ad
628 5419 823 5481 Istrum
859 5428 961 5480 sita
995 5419 1098 5478 non
1133 5421 1302 5476 semel
1344 5428 1508 5488 agunt
1549 5419 1848 5472 Cinnamus
1890 5427 1943 5470 ct;

358 5505 1333 5642 N'ggsbiltnaodxoxiclEadem
1381 5559 1582 5642 habent
1637 5557 1939 5642 gedrcnus,

359 5629 627 5706 Zonaras,
686 5651 740 5692 et
793 5639 909 5692 Joel
969 5638 1022 5688 in
1085 5632 1358 5701 Philippo.
1413 5629 1518 5684 Sed
1571 5629 1938 5682 hallucinatur

421 5842 492 5908 (α)
517 5843 608 5893 Htc
628 5839 793 5891 deficit
815 5841 972 5890 codex
996 5833 1367 5888 Florentianus.

2046 5223 2330 5272 vocatam;
2397 5213 2448 5264 id
2508 5212 2652 5264 enim
2711 5212 2966 5264 convenit
3031 5210 3321 5279 Philippis,
3384 5211 3630 5264 Thracia:

2045 5286 2270 5348 perinde
2305 5284 2524 5348 oppido,
2565 5281 2652 5332 cui
2685 5281 2736 5333 id
2775 5282 3010 5333 nominis
3044 5282 3271 5333 inditum
3305 5296 3334 5332 a
3390 5282 3630 5332 fontibus

2042 5353 2134 5418 qui
2173 5352 2312 5401 σίνε-η
2342 5352 2555 5414 collem,
2591 5352 2676 5403 eui
2735 5351 3124 5404 inmdilicatum
3145 5360 3247 5412 est,
3283 5351 3614 5418 scaturiunt,

2048 5415 2121 5489 uti
2157 5422 2358 5474 diSet‘te
2411 5423 2631 5474 tradunt
2683 5419 2984 5489 Appianus,
3022 5421 3115 5474 lib.
3160 5419 3334 5489 Iv__De
3367 5415 3499 5489 bello
3547 5418 3627 5489 et}

2043 5488 2178 5561 cili;
2232 5484 2837 5561 DiodorusASiculf'ct
2893 5484 3142 5546 Pletlion.
3210 5484 3345 5541 Vide
3393 5487 3518 5540 Not.
3557 5485 3622 5539 ad

2046 5557 2311 5614 Villliard.
2352 5578 2405 5615 n.
2431 5559 2558 5615 ‘258.
