4086 6394
479 338 619 404 1095

1748 333 1976 395 ΑΝΝίΕ
2016 333 2398 393 (ΣΟΜΝΕΝΛΞ

3606 334 3742 398 1096
3802 406 3811 411 ,

479 453 882 519 mullorumque
910 445 1096 503 ob‘iter
1123 458 1344 500 accessu
1393 455 1584 501 auctus
1624 445 1906 500 ﬂuviorum
1940 458 2060 499 sese

2172 440 2299 494 ὶλλὰ
2323 442 2414 495 τὸν
2460 440 2733 511 Ῥωμαῖον
2781 441 3073 509 Φίλιππον,
3106 442 3167 508 δς
3200 443 3524 515 ύπερωμίας
3575 448 3739 514 γεγο-

479 545 554 597 illi
613 540 954 597 miscentium
1007 538 1142 592 mari
1182 552 1240 592 se
1286 537 1477 591 miscet
1505 538 1571 591 ad
1600 538 1792 592 urbem
1831 536 2054 592 Eoum.

484 639 557 690 Ne
609 638 732 705 quis
782 648 944 703 porro
976 633 1250 685 mentione
1286 629 1517 698 Philippi
1551 630 1700 685 urbis
1747 631 2058 684 admonitus

478 727 785 796 Philippum
838 726 1037 790 cogitet
1089 722 1239 777 illum
1296 724 1542 791 Amynta:
1594 722 1808 787 tilium;
1866 735 2060 775 eumve

483 819 818 874 Conditorem
876 815 1034 881 hujus
1084 815 1392 880 suspicetur
1422 814 1679 867 civitatis.
1736 813 1921 884 Longe
1975 821 2061 866 est

483 910 573 963 illa
620 906 887 960 recentior
939 919 1099 973 quam
1141 913 1197 957 ut
1230 904 1347 972 ejus
1387 906 1625 973 origines
1673 905 1947 970 pertinere
1993 902 2059 955 ad

484 1003 633 1071 regni
670 998 1023 1053 Macedonum
1068 1007 1310 1063 tempora
1363 1007 1582 1065 queant.
1635 996 1916 1064 Philippus
1943 995 2060 1065 ejus

485 1106 677 1149 auctor
714 1091 990 1144 [loniaiius
1026 1088 1428 1155 illeiinperator
1452 1088 1556 1141 fuit
1589 1089 1834 1157 gigantea
1872 1104 2063 1156 proce-

486 1187 651 1240 ritate
679 1182 924 1250 corporis
955 1189 1009 1234 et
1055 1180 1247 1232 robore
1296 1180 1659 1245 respondente
1702 1179 2058 1248 magnitudini

487 1278 855 1330 membrorum
886 1274 969 1326 cui
1032 1288 1130 1340 par
1189 1271 1507 1323 sustinendo
1554 1271 1685 1323 nihil
1736 1282 1901 1323 esset.
1934 1268 2063 1335 Quae

486 1370 643 1422 hodie
671 1364 1055 1433 Philippopolis
1082 1364 1149 1416 ab
1178 1365 1276 1416 hoc
1309 1362 1553 1428 Philippo
1584 1363 1723 1416 dicta
1744 1363 1934 1416 civitas
1956 1371 2060 1425 est,

487 1472 612 1517 ante
636 1461 784 1513 illititi
814 1458 946 1510 nihil
976 1466 1093 1509 erat
1128 1455 1230 1508 nisi
1256 1454 1509 1521 Oppidum
1542 1468 1765 1522 parvum
1800 1452 2063 1507 Crenides

488 1551 826 1605 nominatum
862 1564 889 1601 ti
924 1546 1194 1614 plerisque
1220 1564 1233 1610 ;
1263 1560 1291 1597 a
1317 1543 1637 1613 quihusdam
1668 1538 1921 1599 Trimons
1950 1545 2065 1600 sive

488 1641 873 1701 Triinontium.
914 1637 1108 1692 Verum
1146 1639 1332 1690 urbem
1373 1636 1519 1705 prius
1568 1635 1836 1689 modicam
1892 1637 2063 1689 maxi-

487 1750 612 1789 mus
652 1732 740 1785 ille
770 1729 1049 1798 Philippus
1081 1730 1303 1782 structis
1336 1728 1539 1781 circum
1575 1742 1740 1795 opere
1775 1729 2062 1793 magniﬁco

488 1826 779 1889 moenibus,
812 1822 1079 1889 circisque
1106 1820 1361 1874 maximis
1392 1832 1445 1874 et
1473 1820 1595 1873 aliis
1624 1819 1675 1871 id
1710 1835 1881 1885 genus
1911 1820 2064 1873 miris

488 1918 733 1973 aediliciis
786 1916 1122 1976 decoratam,
1158 1913 1210 1964 in
1251 1927 1368 1964 eam
1416 1910 1841 1978 magnitudinem
1888 1911 2070 1963 evexit

493 2025 613 2078 qua:
649 2006 807 2060 facile
845 2004 996 2057 urbis
1048 2005 1099 2055 in
1137 1999 1371 2053 Thracia
1426 2002 1699 2073 primaria:
1748 2000 2067 2070 dignitatem

492 2110 781 2152 tueretur:
812 2097 967 2165 cujus
1010 2094 1224 2162 quidem
1262 2091 1655 2160 magnitudinis
1697 2091 1912 2145 fortuna
1952 2094 2069 2146 hel-

496 2191 670 2244 loruiii
705 2203 769 2242 ac
807 2198 1106 2254 temporum
1140 2198 1248 2237 non
1291 2198 1482 2253 parum
1519 2182 1818 2237 imminutae
1847 2185 2070 2253 vestigia

493 2283 623 2336 mihi
670 2282 961 2335 observare
997 2275 1247 2347 praesenti
1279 2274 1509 2343 Contigit
1542 2291 1556 2339 ;
1610 2290 1729 2329 cum
1787 2276 2073 2330 incidisset

2161 552 2249 588 νεν
2280 534 2439 605 ἀνὴρ,
2479 536 2570 588 καὶ
2619 538 2718 603 τὴν
2754 536 2906 606 ίσχὺν
2938 539 3033 591 καὶ
3067 538 3126 591 τὺ
3158 540 3319 607 σῶμα
3344 539 3742 601 ἀνυπόστατος.

2163 626 2444 695 Πολίχνιον
2478 626 2534 679 δὲ
2568 622 2634 698 ἦν
2668 630 2737 680 τὰ
2766 629 2959 699 πρῶτα
2988 631 3083 683 καὶ
3109 630 3217 699 πρὸ
3244 630 3533 691 Φιλίππου,
3583 635 3738 701 Κρη-

2161 718 2303 780 νίδες
2331 718 2764 788 ὀνομαζόμενον,
2809 721 2941 790 παρ’
2990 722 3146 775 ἐνίων
3181 722 3235 774 δὲ
3296 721 3558 791 Τριμούς.
3603 723 3744 775 ’Λλλ’

2162 807 2190 860 ὅ
2230 824 2288 859 τε
2351 809 2605 877 μέγιστος
2662 812 2867 873 ἐκεῖνος
2911 811 3202 873 Φίλιππος,
3235 812 3315 870 είς
3383 810 3611 880 μέγεθος
3645 812 3747 881 τὴν

2170 900 2326 951 πόλιν
2361 898 2586 971 ἐξάρας,
2636 901 2733 953 καὶ
2787 902 3213 969 περικυκλώσας
3258 903 3463 971 ταύτην
3505 904 3744 970 τείχεσι,

2165 991 2498 1061 περιϐόητον
2532 993 2643 1046 τῶν
2678 994 2735 1045 ἐν
2769 993 2961 1065 Θρᾴκῃ
2998 994 3269 1064 πεποίὴκε
3303 994 3535 1057 πόλεων,
3592 995 3746 1045 ἱππι-

2164 1083 2238 1136 κά
2267 1100 2326 1136 τε
2371 1084 2859 1152 καταστησάμενος
2912 1087 2971 1137 ἐν
3007 1084 3158 1154 αὐτῷ
3201 1085 3436 1153 μέγιστα
3468 1086 3563 1137 καὶ
3609 1084 3747 1138 ἄλλα

2164 1177 2212 1208 ⁸⁸
2248 1178 2754 1245 κατασκευάσματα
2786 1176 3071 1246 θαύματος
3103 1177 3246 1241 ἄξια,
3295 1170 3370 1229 ὧν
3413 1178 3533 1247 ἴχνη
3578 1177 3745 1229 κατέ-

2164 1267 2328 1321 λαϐον
2353 1271 2448 1321 καὶ
2473 1270 2612 1339 αὐτὴ
2660 1270 2798 1338 μετὰ
2831 1268 2924 1322 τοῦ
2967 1270 3374 1339 αὐτοκράτορος
3409 1269 3744 1339 ἐπιδεδημη-

2168 1364 2298 1415 κυῖα
2329 1361 2426 1432 τὴν
2456 1363 2613 1415 πόλιν
2641 1358 2998 1435 κατὰνχρείαν
3032 1367 3174 1420 τινά.
3224 1367 3289 1420 'll
3334 1366 3390 1420 δὲ
3422 1366 3577 1429 πόλις
3621 1367 3744 1437 τρία

2168 1452 2331 1527 λοφός
2388 1456 2536 1515 ἐστιν
2589 1455 2801 1508 ἐκείνου
2834 1457 2998 1525 λόφου
3046 1457 3521 1527 περιζωννυμένου
3578 1459 3750 1527 τείχει

2171 1525 2395 1617 μεγάλῳ
2427 1547 2522 1600 καὶ
2554 1548 2744 1619 ὑψηλῷ
2786 1564 2800 1578 ·
2823 1548 2958 1602 ὅπου
2993 1548 3048 1601 δέ
3101 1525 3235 1619 πρὸς
3266 1525 3515 1602 πεδνιὰδαε
3545 1525 3751 1602 trioa-t6-

2169 1655 2298 1691 πτει
2339 1639 2433 1692 καὶ
2465 1639 2826 1709 όμαλότητας,
2859 1640 3066 1710 τάφρος
3121 1639 3290 1710 αὐτὴν
3317 1640 3562 1710 περιθέει
3616 1640 3749 1711 παρ’
3788 1702 3803 1715 κ

2173 1730 2331 1801 Εὖρῳ
2359 1731 2606 1800 κειμένη.
2641 1733 2750 1786 Καὶ
2777 1728 2844 1802 ἦν
2869 1732 2945 1794 ὡς
2977 1731 3122 1786 ἔοικέ
3171 1749 3303 1785 ποτε
3330 1733 3485 1796 πόλις
3517 1735 3549 1802 ἡ
3584 1734 3744 1796 πόλις

2163 1821 2299 1892 αὕτη
2340 1823 2548 1893 μεγάλη
2592 1841 2650 1876 τε
2704 1826 2797 1877 καὶ
2848 1824 3010 1894 καλή.
3058 1824 3178 1893 Ἀφ’
3212 1816 3272 1877 οὗ
3304 1824 3360 1876 δέ
3390 1823 3592 1892 Ταῦροι
3649 1823 3751 1877 καὶ

2167 1914 2372 1966 Σκύθαι
2410 1916 2508 1986 τὴν
2537 1917 2692 1969 πόλιν
2724 1920 2779 1968 ἐν
2810 1920 2923 1979 τοῖς
2982 1916 3246 1970 ἀνέκαθεν
3288 1918 3498 1985 χρόνοις
3543 1918 3775 1988 ὴνδρα-“

2172 2006 2484 2071 ποδὶσαντο,
2519 2008 2599 2069 εἰς
2628 2008 2744 2059 τόδε
2776 2008 2867 2060 τοῦ
2904 2009 3185 2078 σχήματος
3222 2011 3252 2079 ἡ
3304 2008 3460 2071 πόλις
3486 2009 3749 2076 κατέστη,

2170 2098 2228 2149 ὲν
2260 2090 2302 2164 ᾧ
2337 2099 2495 2166 ἡμεῖς
2526 2099 2919 2167 κατειληφότες
2970 2099 3140 2170 αὐτὴν
3191 2101 3283 2152 ἐπί
3324 2098 3433 2152 τῶν
3463 2099 3558 2151 τοῦ
3611 2097 3749 2167 ἐμοῦ

2175 2192 2381 2260 turpi);
2417 2191 2716 2262 σκήπτρων
2746 2191 2843 2262 τὴν
2870 2192 3026 2244 πόλιν
3064 2190 3431 2263 μεγαλόπολιν
3460 2191 3537 2254 ὡς
3569 2190 3745 2253 ὅντως

2173 2283 2625 2353 ἐτεκμηράμεοα.

492 2389 653 2431 causa
712 2376 780 2427 ob
833 2386 994 2441 quam
1049 2386 1170 2423 cum
1203 2368 1531 2437 imperatore
1588 2371 1923 2439 peregrinari
1982 2388 2068 2425 me
2105 2389 2319 2444 quoque
2369 2378 2420 2430 in
2469 2377 2653 2431 urbem
2694 2377 2849 2430 istam
2884 2379 3145 2445 oportuit.
3212 2374 3426 2430 Claudit
3492 2388 3554 2426 ea
3590 2387 3751 2425 mon-

493 2480 602 2522 tem
641 2466 781 2519 intra
828 2478 886 2518 se
922 2462 1121 2541 triplici
1190 2462 1395 2515 vertice
1475 2470 1810 2529 surgentem,
1858 2464 2014 2532 cujus
2053 2466 2139 2519 illa
2183 2467 2361 2522 trilida
2426 2468 2710 2522 summitas
2765 2484 2959 2538 magno
3013 2477 3069 2522 et
3137 2468 3247 2521 alto
3303 2466 3537 2535 undique
3576 2479 3753 2519 *niuro

492 2559 748 2630 cingitur.
778 2558 908 2611 lude
954 2546 1205 2611 clementi
1237 2555 1440 2610 sensim
1482 2569 1605 2609 sese
1643 2556 1783 2610 clivo
1812 2558 2166 2626 exporrigcns
2236 2560 2441 2629 reliqua
2505 2561 2719 2625 civitas,
2797 2561 2885 2613 ubi
2938 2559 3099 2613 situm
3169 2559 3364 2613 leniter
3427 2559 3755 2623 pendenti-ui

491 2655 548 2709 in
576 2669 782 2723 :Bqttam
825 2653 937 2722 jam
973 2652 1250 2720 planitiem
1288 2650 1560 2717 deposuit,
1604 2660 1886 2705 coercetur
1916 2653 2063 2706 omni
2106 2669 2170 2708 ex
2218 2666 2372 2724 parte
2412 2656 2720 2709 ob'vallaute
2761 2654 2927 2717 fossa,
2981 2655 3112 2725 ipsis
3189 2651 3349 2707 llebri
3422 2650 3750 2718 praclliientis

492 2749 706 2801 admota
742 2744 1188 2813 ripis;specieac
1216 2740 1582 2810 descriptione
1609 2743 1764 2809 plane
1837 2742 2101 2814 Augusta,
2144 2747 2381 2815 qumtdiu
2437 2749 2656 2815 quidem
2715 2746 2956 2816 perstitit
3031 2740 3237 2815 primus
3288 2745 3408 2797 urbi
3463 2744 3746 2812 splendor,

488 2845 656 2911 prout
714 2835 986 2903 conjicere
1050 2849 1118 2888 ex
1218 2848 1281 2887 eo
1345 2833 1502 2897 licet,
1565 2834 1705 2901 quod
1766 2850 2095 2904 quamquam
2176 2840 2547 2907 superioribus
2593 2838 3218 2908 temporibusa'l‘auris
3247 2834 3592 2906 Srythisque,
3654 2834 3749 2902 qui

494 2943 614 2981 eam
645 2937 922 2997 ceperunt,
954 2925 1251 2978 deformata
1296 2924 1583 2995 plurimum
1616 2935 1717 2989 est,
1772 2925 1873 2980 illa:
1931 2928 2059 2995 ipsae
2103 2938 2281 2984 tamen
2306 2933 2630 2999 superstites
2656 2929 2896 2998 reliqitim
2927 2944 3181 2998 magnum
3247 2927 3512 2995 hodieque
3570 2927 3745 2981 instar.

494 3019 783 3090 piazl‘erunt
847 3019 1133 3088 peramplac
1182 3018 1309 3071 olim
1363 3026 1418 3071 et
1475 3032 1731 3086 perquam
1789 3030 1993 3074 ornata:
2033 3023 2287 3081 civitatis.

566 3118 831 3171 Caeterum
863 3129 983 3168 cum
1027 3113 1146 3166 aliis
1196 3128 1258 3165 ea
1297 3111 1481 3165 infelix
1512 3112 1757 3167 cladibus
1790 3129 1853 3166 ac
1893 3115 2068 3182 malis,
2103 3126 2145 3183 α

495 3220 609 3263 tum
640 3207 875 3261 adventu
930 3207 981 3256 in
1029 3204 1196 3268 ipsam
1239 3202 1597 3271 conﬂuxuquc
1627 3205 1915 3273 impiorum
1949 3206 2070 3260 fuit.

496 3300 630 3354 ΝΜ»
668 3298 738 3352 ibi
772 3307 825 3350 et
860 3295 1101 3349 Armenii
1128 3297 1281 3348 sedes
1314 3296 1638 3359 habuerunt,
1663 3304 1720 3349 et
1747 3295 1836 3364 qui
1880 3296 2075 3350 (licun-

498 3403 584 3444 tur
613 3389 866 3457 Bogoniili
892 3388 977 3458 (de
1002 3391 1197 3456 quibus
1216 3402 1510 3454 eorumque
1537 3387 1727 3442 liazresi
1756 3400 1941 3459 postea
1976 3406 2076 3447 suo

496 3491 743 3550 tempore
777 3478 1043 3548 dicemus)
1080 3490 1133 3533 et
1176 3478 1472 3532 Pauliciani
1509 3481 1750 3535 omnium
1797 3470 2076 3538 absurdis-

497 3578 632 3628 sime
663 3576 727 3625 de
760 3573 868 3627 Deo
897 3573 1216 3626 sentientes.
1251 3570 1383 3627 Pars
1409 3572 1460 3626 hi
1488 3574 1732 3643 quaedam
1761 3585 1884 3629 sunt
1910 3583 2073 3630 sectae

497 3665 843 3723 Ilanicliaicze
876 3681 903 3719 a
958 3665 1124 3719 Paulo
1178 3676 1232 3718 et
1287 3662 1493 3718 Joanne
1558 3666 1902 3719 denominata
1940 3669 2075 3735 :qui

497 3759 598 3811 viri
631 3760 736 3810 dno
772 3772 892 3811 cuin
930 3771 1039 3824 pra:
1088 3757 1298 3811 caeteris
1335 3755 1562 3810 Manetis
1588 3756 1733 3826 impii
1770 3757 2074 3825 discipulis,

499 3850 766 3905 telerrimi
812 3849 1082 3919 dogmatis
1115 3863 1321 3902 merum
1356 3862 1619 3902 venenum
1659 3850 1808 3904 nullo
1856 3852 2074 3906 mistum

498 3944 852 3998 emollitionis
895 3953 1328 4010 temperamento
1377 3957 1441 3997 ex
1490 3942 1618 3996 faece
1668 3944 1783 4012 ipsa
1834 3944 2076 4014 pestiferi

501 4034 667 4087 fontis
688 4033 1024 4096 hausissent,
1059 4040 1111 4085 et
1155 4047 1348 4085 nomen
1379 4042 1433 4086 et
1463 4048 1703 4087 errorem
1736 4035 1785 4085 in
1823 4037 1919 4089 hos
1950 4050 2079 4090 suos

499 4142 762 4195 sequaces
791 4141 854 4181 ac
889 4134 1137 4195 posteros
1167 4138 1615 4197 propagaverant.
1657 4128 1940 4198 Equidem,
1974 4130 2078 4185 nisi

501 4232 588 4271 me
627 4215 876 4269 Historiae
912 4217 1258 4285 pertexendaa
1291 4232 1450 4286 quam
1484 4217 1715 4278 institui,
1750 4234 1879 4273 cura
1918 4234 2077 4272 revo-

499 4320 667 4375 caret,
712 4308 889 4364 cﬂ‘erri
945 4308 1172 4364 forsitan
1230 4326 1314 4363 me
1373 4310 1605 4365 sinerem
1657 4311 1855 4379 impetu
1910 4312 2078 4367 animi

499 4417 788 4457 excurrere
823 4400 1051 4455 subinde
1086 4401 1372 4491 gestientis
1405 4403 1456 4457 in
1490 4402 1651 4474 451
1688 4405 2076 4459 refutationem

2263 3117 2574 3187 Ἐδυστύχει
2605 3117 2662 3170 δὲ
2687 3115 2827 3187 μετὰ
2860 3115 2966 3169 τῶν
2989 3113 3166 3169 ἄλλων
3198 3113 3291 3167 καὶ
3319 3111 3531 3166 ἀσεϐῶν
3564 3111 3760 3182 ἐπιδη-

2180 3212 2277 3281 μία
2310 3209 2544 3263 πολλῶν·
2588 3205 2870 3278 Ἀρμένιοι
2900 3223 2956 3259 τε
2981 3207 3088 3275 γὰρ
3109 3204 3446 3274 διενείμαντο
3480 3202 3575 3273 τὴν
3600 3201 3759 3256 πόλιν

2175 3302 2399 3371 ταύτην,
2427 3302 2522 3353 καὶ
2548 3300 2599 3351 οἱ
2620 3299 2906 3369 λεγόμενοι
2929 3295 3260 3366 Βωγόμιλοι,
3287 3295 3415 3365 περὶ
3438 3286 3512 3347 ὧν
3529 3292 3758 3364 ὕστερον

2178 3397 2273 3449 καὶ
2303 3395 2485 3448 αὐτῶν
2518 3392 2612 3446 καὶ
2640 3391 2741 3461 τῆς
2779 3389 2988 3445 τούτων
3029 3388 3292 3457 αἱρέσεως
3337 3388 3570 3455 ἐροῦμεν
3614 3384 3762 3438 κατὰ

2177 3488 2390 3556 καιρὸν,
2425 3487 2520 3539 καὶ
2545 3484 2609 3556 δὴ
2639 3484 2734 3539 καὶ
2777 3484 2826 3536 οί
2856 3480 3219 3536 δυσθεώτατοι
3246 3478 3626 3538 Παυλικιάνοι,
3657 3476 3762 3541 τῆς

2176 3578 2525 3648 Μανιχαῖκῆς
2551 3575 2868 3630 ἁποσπάδαι
2904 3576 3290 3644 τυγχάνοντες,
3324 3574 3387 3625 ἐκ
3416 3570 3628 3625 Παύλου
3662 3570 3761 3623 καὶ

2189 3673 2437 3727 Ἰωάννου
2464 3672 2596 3742 (59),
2619 3672 2694 3738 ὠς
2732 3675 2823 3726 καὶ
2856 3669 3094 3739 τοῦνομα
3145 3669 3319 3736 λέγει,
3378 3665 3762 3736 γεγενημένοι,

2177 3766 2228 3819 οἳ
2251 3767 2348 3835 τῆς
2374 3766 2630 3829 ἀσεϐείας
2656 3764 2750 3819 τοῦ
2785 3765 3062 3826 Μάνεντος
3100 3761 3541 3832 ἐπισπασάμενοι
3572 3759 3753 3829 ἄκρα-

2178 3874 2293 3923 τον,
2322 3861 2434 3919 τοῖς
2485 3858 2580 3910 ἀπ’
2622 3855 2851 3910 ἐκείνων
2897 3854 3355 3925 μεταδεδώκασιν.
3412 3849 3762 3919 Ἢὸουλόμην

2181 3948 2278 4001 οὖν
2310 3946 2371 3999 τὸ
2402 3946 2580 4014 δόγμα
2612 3947 2721 3998 τῶν
2776 3944 3099 4014 Μανιχαίων
3152 3942 3478 4012 ἐπιδραμεῖν
3511 3940 3606 3993 καὶ
3635 3955 3764 3991 συν⁶

2179 4039 2596 4109 εσπειραμένως
2645 4036 2973 4102 ἀναπτύξαι,
3052 4036 3275 4106 προσέτι
3329 4033 3631 4086 σπουδάσαι
3694 4049 3757 4085 τε

2178 4130 2277 4200 τὴν
2311 4131 2625 4200 ἀνατροπὴν
2671 4126 2778 4181 τῶν
2820 4127 3142 4180 ἁθεωτάτων
3185 4125 3474 4195 δηγμάτων
3512 4123 3756 4177 τούτων’

2113 4266 2121 4276 .
2180 4224 2294 4279 ἀλλ’
2324 4223 2439 4293 ἅμα
2472 4224 2571 4292 μὲν
2603 4222 2775 4275 εἰδυῖα
2800 4220 2881 4273 ὅτι
2909 4219 3076 4273 πᾶσιν
3125 4222 3242 4272 ἐστι
3286 4217 3691 4286 καταγέλαστος
3719 4220 3753 4287 ἡ

2179 4314 2286 4368 τῶν
2311 4312 2627 4383 Μανιχαίων
2660 4310 2893 4379 αἵρεσις,
2941 4307 3057 4377 ἅμα
3092 4306 3149 4360 δὲ
3195 4309 3287 4361 καὶ
3320 4306 3456 4376 πρὸς
3484 4307 3582 4377 τὴν
3614 4308 3760 4359 ἱστο-

2185 4405 2307 4476 ρίαν
2354 4403 2779 4467 ἐπισπεύδουσα,
2829 4401 3072 4470 παρίημι
3119 4394 3244 4462 τοὺς
3296 4401 3440 4453 κατὰ
3474 4399 3678 4452 τούτων
3713 4402 3762 4433 ⁸³

498 4494 913 4547 ιιιερρτιιιιίῑίιιηι
962 4490 1203 4547 istorum
1247 4495 1585 4562 dogtnatuni.
1645 4497 1961 4567 Quanquam
2018 4508 2071 4553 et

2177 4498 2454 4567 ἐλέγχους.
2484 4498 2596 4550 Καὶ
2644 4494 2816 4556 ἄλλως
2843 4492 2900 4544 δὲ
2944 4494 3003 4544 οὐ
3037 4493 3145 4545 τῶν
3193 4493 3294 4560 τῆς
3349 4491 3625 4561 ἡμετέρας
3656 4492 3763 4544 αὐ-

500 4585 618 4637 aliae
651 4584 781 4637 mihi
810 4597 1023 4652 quoque
1061 4592 1187 4637 sunt
1221 4582 1340 4651 ejus
1366 4585 1733 4639 meditationis
1764 4588 2077 4643 omittenda:

500 4690 698 4727 causan
736 4674 918 4728 Prima
947 4676 1090 4743 quod
1126 4689 1337 4729 summo
1364 4675 1503 4744 apud
1532 4688 1724 4729 omnes
1747 4677 1802 4732 in
1832 4688 2077 4733 contem-

500 4777 591 4833 pio
625 4775 727 4831 est,
762 4768 981 4834 risuque
1017 4766 1180 4837 vulgo
1222 4781 1286 4821 ac
1333 4766 1507 4832 sibilis
1558 4767 1867 4836 exploditur
1898 4769 2075 4826 Mani-

501 4855 774 4910 chaeorum
806 4856 1055 4913 haaresis.
1092 4859 1278 4913 Altera
1310 4858 1450 4926 quod
1483 4873 1600 4911 eam
1647 4864 2075 4931 oppugnantium

2184 4590 2280 4661 λῆς
2316 4591 2498 4660 μόνον,
2532 4586 2669 4641 ἀλλὰ
2714 4585 2808 4639 καὶ
2836 4584 3001 4638 αὐτὸν
3039 4579 3157 4637 οῖδα
3185 4582 3276 4635 τὸν
3314 4584 3435 4636 καθ’
3472 4582 3628 4651 ήμῶν
3668 4583 3761 4636 λε-

2184 4683 2490 4754 λυττηκὸτα
2549 4678 2858 4750 Πορφύριον
2909 4677 2965 4729 ἐν
3030 4675 3244 4729 πλείοσι
3301 4674 3618 4743 κεφαλαίοις
3675 4675 3761 4737 εἰς

2184 4776 2414 4830 ἀτοπίαν
2460 4772 2659 4844 πολλὴν
2719 4769 3111 4840 συνωθήσαντα
3162 4767 3223 4822 τὸ
3276 4768 3386 4821 τῶν
3436 4766 3761 4838 Μανιχαίων

2185 4862 2425 4933 φλύαρον
2475 4862 2675 4931 δόγμα,
2728 4857 3285 4930 ὲπιστημονικώτατα
3341 4860 3470 4929 περὶ
3517 4861 3624 4911 τῶν
3662 4857 3761 4912 δύο

1520 4998 1740 5071 ,Variaa
1768 5000 2079 5065 lectiones
2109 5019 2188 5065 ex
2216 5004 2360 5065 cod.
2394 5004 2669 5067 Coislin.

595 5125 639 5155 ”
671 5120 783 5175 at?
829 5120 990 5177 ἄττα.
1050 5123 1099 5155 ’⁸
1137 5124 1249 5178 τόν.

1526 5235 1666 5297 Car.
1700 5236 2031 5299 Dufresnii
2065 5240 2164 5299 Du
2194 5235 2415 5315 Cangii
2449 5244 2634 5300 notua.

581 5359 689 5429 (59)
738 5358 840 5411 Ἐκ
863 5356 1107 5411 Παύλου
1141 5356 1238 5411 καὶ
1275 5354 1569 5429 Ἰωάννου.
1622 5358 1703 5429 De
1728 5359 2067 5412 Pauliclano-

505 5447 625 5484 ruin
661 5427 865 5498 origine
895 5438 946 5480 et
971 5437 1189 5498 auctore
1212 5427 1404 5481 similia
1437 5440 1657 5498 narrant
1685 5427 1967 5483 Balsainon
2000 5430 2066 5482 ad

507 5515 704 5554 canon.
741 5496 806 5552 ἰν
834 5499 1021 5568 synodi
1063 5496 1310 5559 Nicaeum,
1345 5504 1397 5548 cl
1422 5496 1718 5559 Cedt'etitls,
1772 5514 1894 5567 pag.
1938 5500 2065 5552 432.

510 5570 675 5622 Porro
704 5567 869 5622 Anna
905 5567 1249 5620 Pauliciauos
1310 5568 1609 5636 appellatos
1658 5569 1793 5621 \elle
1837 5569 2072 5631 videtur,

506 5640 774 5692 vocabulo
800 5654 863 5689 ex
897 5637 1062 5691 Paulo
1091 5649 1144 5689 et
1174 5638 1382 5691 Joanne
1417 5636 1685 5699 conlecto,
1718 5639 1874 5705 quasi
1926 5637 2078 5691 Παῦ-

505 5709 588 5760 λοι
640 5711 734 5761 καὶ
785 5706 1004 5761 Ίάννοι.
1066 5706 1156 5761 Sic
1204 5709 1366 5762 etiam
1400 5705 1641 5759 Zonaras
1686 5709 1737 5760 iii
1770 5707 2077 5760 Mii-liaele:

508 5780 664 5832 Κατὰ
696 5778 791 5847 τὴν
853 5777 1027 5846 Ἐῴαν
1078 5776 1134 5830 δὲ
1178 5777 1237 5831 τὸ
1284 5776 1395 5832 τῶν
1445 5778 1759 5845 Μανιχαίων
1788 5777 1990 5847 πλῆθος
2014 5773 2083 5847 ἦν

2170 5360 2333 5439 πολὺ,
2363 5358 2413 5411 οἳ
2442 5361 2537 5439 καξι
2561 5359 2948 5439 ἀγροικότερον
2974 5364 3126 5439 παρά
3154 5365 3250 5418 τοῦ
3280 5366 3564 5439 δημώδους
3592 5369 3756 5439 ὄχλου

2170 5429 2485 5506 καλοῦνται,
2515 5430 2579 5481 ἐκ
2637 5429 2887 5506 ίιαύλους-
2914 5433 3009 5485 καὶ
3045 5429 3293 5489 Ἰωάννου
3332 5429 3438 5506 ’τῆς

3510 5442 3760 5494 κλήσεως

2174 5458 2485 5493 κιΛυυννυιι,
2515 5458 2579 5481 ut
2637 5458 2848 5484 ιιαυΛυυ
2915 5458 3009 5485 και
3065 5458 3293 5489 Ιωαννου
3339 5458 3438 5506 της
3510 5458 3759 5508 κλησεως

2174 5499 2562 5568 συγκειμένοις
2593 5502 2804 5563 αὐτοῖς.
2847 5501 2957 5555 llos
2986 5519 3118 5558 :Ptas
3160 5507 3383 5561 inferior
3434 5506 3759 5565 Publicium:

2184 5571 2533 5632 nominavit"
2575 5573 2847 5625 interdum
2887 5572 3265 5640 Populicauos,
3301 5587 3357 5627 ut
3414 5576 3752 5633 Viltliardui-

2188 5655 2311 5703 nus,
2345 5657 2396 5692 ii.
2446 5640 2708 5716 2ll8,_q_ui
2756 5643 3151 5716 illosupariter
3202 5644 3759 5716 Philippopolitanum

2192 5719 2421 5790 tractum
2448 5711 2751 5790 incoluisse
2785 5706 2995 5790 scribit.
3037 5713 3110 5765 De
3144 5715 3297 5772 hisce
3324 5706 3608 5775 llaereuisis
3635 5725 3762 5790 plu-

2194 5780 2347 5833 ribus
2376 5781 2584 5847 cgiiuus
2617 5782 2681 5835 ad
2713 5778 2856 5836 hunc
2881 5782 3221 5852 scriptorem.
