4086 6410
332 292 469 359 109⁸⁷
1562 290 1974 356 ALEXIADIS
2003 295 2152 354 LIB.
2195 293 2352 356 XIV.
3453 289 3590 353 1098

332 405 521 477 ἀρχῶν
580 403 1044 475 ἐπισκεψάμενον.
1089 405 1151 458 Ei
1197 405 1290 459 καὶ
1342 406 1374 476 ἡ
1426 408 1696 478 μοναρχία
1737 407 1945 476 τούτῳ,

1972 429 1987 470 ι
2016 404 2249 474 falsique
2283 405 2442 475 plane
2463 418 2528 462 ac
2558 403 2737 460 delirii
2777 404 3219 462 convincendum
3252 406 3585 477 scriptorum

329 500 412 561 εἰς
449 499 548 568 τὴν
589 496 942 568 Πλατωνικὴν
986 497 1149 553 ἑνάδα
1174 498 1208 568 ἢ
1245 500 1338 551 καὶ
1396 497 1456 550 τὸ
1488 497 1547 550 ἒν
1588 497 1718 562 τοὺς
1768 498 1904 552 ἀνα-

2018 497 2193 553 atlluit
2215 497 2370 568 copia
2397 496 2638 568 ;quippe
2665 511 2791 552 cum
2823 513 2930 554 non
2957 513 3077 553 eam
3109 498 3286 555 solum
3313 497 3595 570 religionis

330 587 700 658 γινώσκοντας
737 588 1038 654 ἀναγκάζει
1084 589 1377 657 συνάγειν·
1441 589 1602 660 ἡμεῖς
1646 588 1753 657 γὰρ
1805 605 1904 658 μο-

2018 589 2256 644 cultores
2283 599 2480 645 nostra:
2515 589 2616 644 viri
2655 589 2956 646 doctissimi
2993 588 3308 646 victricibus
3345 592 3597 660 disputa-

331 678 564 749 ναρχίαν
615 681 901 749 τιμῶμενο
938 681 1060 750 ούχὶ
1099 679 1164 733 ἓν
1198 680 1494 749 πρόσωπον
1545 679 1904 750 περιγράφει.

2019 679 2257 735 tionibus
2291 680 2712 750 proscripserint
2745 697 2759 734 :
2789 681 2888 735 sed
2917 680 3080 735 homo
3106 696 3324 750 quoque
3359 682 3509 738 rabie
3539 683 3595 738 in

332 772 470 824 om
501 771 562 823 τὸ
597 771 656 824 ἓν
705 771 768 824 τὸ
815 771 1104 834 Πλάτωνος
1149 769 1196 803 ⁸⁸
1247 769 1672 840 προσηκάμεθα.
1713 767 1909 822 Ton-rei

2021 785 2120 824 nos
2188 770 2475 826 instinctus
2532 770 2858 841 implacabili
2927 769 3304 842 Porphyrius,
3361 773 3480 844 ejus
3546 775 3598 829 in

328 865 392 917 τδ
438 863 570 934 παρ’
625 864 885 934 Ἕλλησιν
935 865 1216 937 ἄρρητον,
1269 865 1362 917 καὶ⁸
1419 863 1548 933 περὶ
1607 861 1906 924 Χαλδαίους

2018 860 2294 930 plerisque
2365 861 2635 930 capitibus
2713 861 3107 915 absurditatem
3185 863 3595 917 insanissimam

334 956 649 1028 ἀπόρρητον
673 973 688 988 ο
725 957 998 1026 ἐξαρτῶσι
1037 957 1145 1027 γὰρ
1171 953 1336 1009 αὑτοῦ
1370 953 1569 1017 πολλάς
1605 954 1700 1007 καὶ
1738 953 1906 1016 ἄλλας

2018 953 2350 1022 coargucrit,
2410 955 2536 1008 dum
2592 953 2986 1024 principiorum
3034 955 3346 1010 dualilatcm
3380 956 3598 1009 invictis

335 1047 510 1116 ἀρχάς
538 1048 848 1115 ἐγκοσμίως
876 1065 934 1100 τε
965 1047 1059 1101 καὶ
1090 1046 1498 1116 ύπερκοσμίως.

2021 1045 2178 1112 plane
2209 1045 2538 1113 argumentis
2571 1044 2850 1100 confutat:
2889 1047 3031 1101 ultra
3061 1064 3223 1118 gyros
3249 1048 3339 1103 ille
3374 1048 3593 1118 quidem

341 1139 391 1188 in
437 1138 536 1188 hoc
574 1138 690 1204 ipso
725 1144 971 1200 evectus,
1000 1137 1145 1206 quod
1176 1137 1246 1191 ita
1278 1152 1345 1188 ex
1419 1135 1708 1189 Platonica:
1778 1133 1981 1189 schola:
2021 1135 2234 1202 placitis
2276 1145 2482 1190 natura:
2511 1137 2712 1191 divina:
2751 1139 3012 1194 unitatem
3053 1140 3268 1199 astruit;
3313 1150 3368 1194 ut
3405 1154 3598 1209 perso-

338 1245 529 1282 narum
570 1227 822 1284 Trinitati
856 1231 1056 1284 nullum
1093 1221 1358 1299 relinquat
1389 1229 1564 1284 locum
1601 1244 1614 1282 :
1653 1244 1775 1283 eum
1815 1242 1914 1282 nos
1954 1228 2349 1282 contendamus
2373 1228 2494 1283 istis
2525 1228 2824 1284 rationibus
2856 1245 2988 1286 sane
3012 1231 3204 1285 validis
3265 1229 3400 1286 effici
3462 1213 3598 1284 nihil

344 1323 488 1374 aliud
572 1337 733 1390 quam
806 1324 1114 1378 necessario
1178 1323 1569 1378 admittendam
1651 1322 1863 1375 unicam
1902 1328 2147 1373 natumut
2215 1320 2330 1375 sive
2380 1321 2670 1376 essentiam
2740 1323 3082 1393 principem;
3135 1324 3358 1378 min’me
3415 1332 3596 1377 tamen

337 1421 596 1472 continuo
647 1434 893 1489 personae
926 1420 1088 1474 unius
1127 1421 1283 1489 quasi
1357 1419 1562 1472 ambitu
1637 1417 2212 1472 circuntsrrihemlam.
2304 1416 2409 1472 Sed
2461 1427 2514 1472 et
2564 1417 2668 1471 alia
2740 1419 2932 1488 dogma
2983 1420 3122 1474 istud
3165 1421 3230 1471 de
3285 1420 3597 1474 momrebia

341 1513 712 1576 l'latonicum,
806 1513 1022 1567 arcanis
1087 1513 1398 1569 Grzecornm
1456 1520 1510 1567 ct
1567 1511 1944 1566 Chaldaeorum
1983 1509 2182 1563 litteris
2241 1525 2304 1564 ac
2359 1511 2633 1580 myderiis
2713 1511 2993 1575 traditum,
3052 1527 3296 1566 errormn
3347 1513 3600 1566 admistio

336 1603 582 1660 infamat.
623 1605 858 1659 Eatenus
897 1605 1147 1660 videlicet
1191 1615 1398 1661 rectum
1431 1607 1481 1659 id
1533 1615 1613 1660 est
1637 1605 1907 1660 duntaxat
1943 1615 2211 1672 quatenus
2277 1604 2542 1658 unitatem
2598 1604 2848 1672 principii
2905 1606 3145 1674 supremi
3198 1606 3355 1660 fateri
3430 1607 3597 1676 cogit.

337 1698 403 1750 At
436 1714 552 1765 quae
577 1698 774 1752 deinde
803 1715 864 1752 ex
896 1698 1069 1766 primo
1096 1698 1248 1766 quasi
1293 1714 1548 1767 expansa:
1624 1699 1992 1768 producuntur
2037 1696 2292 1752 fabulosa'
2322 1697 2491 1750 Series
2521 1697 2748 1750 aliorum
2778 1712 2844 1752 ex
2888 1697 3010 1751 aliis
3040 1709 3313 1767 aptorum,
3345 1715 3408 1752 (ι
3437 1714 3602 1769 seque

336 1790 563 1843 invicem
603 1789 950 1857 pendentium
994 1791 1420 1860 principiorum,
1460 1791 1600 1844 intra
1644 1789 1901 1844 mundum
1943 1796 1997 1840 et
2025 1802 2189 1856 supra
2239 1787 2495 1840 mundum
2541 1786 2782 1841 infinitos
2819 1796 3008 1842 mutuo
3070 1788 3336 1859 implexos
3407 1805 3602 1848 causa-

333 1902 452 1940 rum
517 1884 732 1937 ordines
785 1884 1212 1944 contexentinm,
1279 1883 1412 1935 nihil
1466 1883 1608 1936 aliud
1659 1880 1903 1950 profecto
1941 1894 2288 1948 quamuugze
2312 1887 2460 1934 sunt.

419 1975 580 2030 Ἀλλὰ
614 1975 833 2037 τούτους
857 1974 919 2043 δὴ
948 1974 1073 2037 τοὺς
1111 1975 1217 2026 ἀπὸ
1247 1974 1546 2038 Μάνεντος,
1573 1974 1667 2027 καὶ
1703 1973 1912 2026 Παύλου
1950 1979 1992 2032 Β

1988 2010 1992 2025 .
2093 1970 2292 2025 Verum
2339 1972 2405 2022 ad
2459 1968 2800 2024 Paulicianos
2853 1970 3172 2024 veniendum
3229 1981 3336 2028 est.
3371 1971 3436 2028 Πί
3472 1987 3601 2046 erg"

336 2069 431 2123 καὶ
497 2065 770 2126 Ἰωάννου,
820 2063 929 2116 τῶν
997 2063 1099 2133 τῆς
1150 2062 1480 2134 Καλλινέκης
1542 2062 1916 2133 ἀγριωτέρους

2026 2069 2325 2116 sectatores
2359 2059 2609 2126 Manetis,
2639 2061 2732 2114 sed
2754 2075 2787 2114 a
2811 2059 2977 2113 Paulo
2999 2070 3049 2114 et
3079 2059 3286 2116 Joanne
3317 2062 3603 2120 Callinices

334 2158 494 2217 ὂντας
535 2157 632 2216 τὰς
684 2152 908 2223 γνώμας
949 2153 1042 2205 καὶ
1076 2152 1262 2222 ὠμοὺς
1303 2153 1398 2205 καὶ
1455 2153 1650 2224 μέχρις
1682 2152 1917 2222 αἵματος

2027 2150 2153 2204 ﬁliis
2191 2151 2264 2220 (a)
2302 2149 2366 2203 ad
2405 2151 2732 2220 peculiarem
2766 2151 3055 2220 quemdam
3099 2159 3380 2224 magisque
3412 2169 3607 2212 eorun-

335 2246 855 2309 διακινδυνεύοντας,
880 2245 907 2297 ὁ
943 2247 997 2296 ἐν
1026 2242 1340 2314 βασιλεῦσιν
1373 2245 1581 2307 ἐκεῖνος
1609 2243 1917 2313 θαυμάσιος

2010 2255 2232 2305 ,ηιοοειη
2261 2239 2494 2294 instituti
2535 2240 2818 2295 furorem:
2875 2240 3123 2296 homines
3168 2245 3368 2314 alioqui
3418 2245 3515 2301 feri
3547 2261 3605 2304 et

347 2337 601 2410 Ἰωάννης
638 2339 666 2390 ὁ
697 2336 1016 2407 Τζυμισκῆς
1049 2335 1161 2406 (60)
1195 2334 1420 2406 πολέμῳ
1469 2335 1704 2407 νικήσας
1746 2331 1908 2396 ἐξαν-

2025 2333 2360 2401 sanguinarii
2411 2333 2502 2404 qui
2559 2351 2716 2390 suum
2765 2337 3066 2392 aliorumve
3097 2353 3345 2392 cruorem
3376 2339 3603 2396 fundere

337 2429 805 2503 δραποδισάμενος
859 2431 922 2480 ὲκ
973 2430 1070 2498 τῆς
1126 2428 1335 2493 Ἀσίας,
1379 2425 1590 2481 ἐκεῖθεν
1649 2424 1756 2478 ἀπὸ
1804 2423 1915 2476 τῶν

2023 2426 2161 2480 nihil
2198 2427 2348 2495 pensi
2395 2427 2682 2482 admodum
2722 2427 2985 2484 haberent
3020 2446 3034 2483 :
3091 2446 3188 2483 nec
3233 2430 3336 2484 isto
3370 2441 3464 2486 aut
3492 2431 3601 2487 alio

338 2525 605 2582 Χαλύϐων
663 2526 759 2580 καὶ
808 2527 913 2579 τῶν
983 2521 1362 2593 Ἀρμενιακῶν
1421 2520 1623 2584 τόπων,
1687 2522 1768 2581 εἷς
1816 2515 1914 2587 τὴν

2025 2519 2217 2586 quovis
2235 2530 2377 2574 metu
2397 2521 2466 2574 ab
2484 2519 2590 2575 ullo
2622 2521 2860 2578 audaciae
2882 2539 3080 2595 genere
3100 2534 3504 2589 revocarentur,
3535 2540 3566 2578 e
3591 2545 3603 2573 ι

338 2620 560 2690 Θρᾴκην
593 2619 1038 2688 μετήνεγκε,καὶ
1073 2621 1140 2669 τὰ
1171 2616 1302 2684 περὶ
1332 2613 1430 2684 τὴν
1469 2611 1908 2665 Φιλιππούπολιν

2023 2613 2444 2682 periculosiores
2469 2630 2576 2683 quo
2601 2615 2840 2682 pericula
2864 2619 3195 2684 spernebant
3211 2630 3429 2668 omnia:
3462 2616 3603 2670 bello

339 2710 654 2776 αὐλίζεσθαι
689 2709 1140 2778 κατηνάγκασενο
1177 2704 1295 2775 ἅμα
1345 2701 1444 2772 μὲν
1494 2701 1604 2756 τῶν
1639 2703 1914 2773 ἑκρυμνο-

2029 2713 2206 2759 tamen
2241 2705 2429 2758 domiti
2463 2720 2526 2760 ac
2575 2705 2735 2774 plane
2781 2705 3054 2776 subjugati
3102 2721 3224 2761 eum
3278 2704 3508 2762 fuissent
3535 2709 3604 2760 ab

336 2803 516 2858 τάτων
545 2803 592 2834 ⁸⁸
622 2801 804 2854 πυλῶν
863 2803 957 2854 καὶ
1015 2797 1292 2870 φρουρίων
1321 2796 1356 2850 ἃ
1401 2797 1653 2864 κατεῖχον
1711 2811 1914 2864 τυραν·

2025 2798 2117 2852 illo
2148 2798 2346 2869 inclyte
2395 2797 2608 2853 Joanne
2654 2800 2943 2863 Tzimisea,
2996 2816 3062 2854 ex
3114 2799 3240 2853 Asia
3284 2800 3481 2869 captivi
3532 2803 3602 2857 ab

337 2896 558 2958 νιῶντες
593 2895 925 2963 ἀπαγαγεῖν,
960 2893 1076 2963 ἅμα
1113 2892 1170 2944 δὲ
1203 2892 1296 2943 καὶ
1323 2890 1573 2958 φύλακας
1607 2889 1914 2956 ἐπιστήσας

2025 2892 2216 2946 eodem
2241 2890 2388 2946 ducti
2423 2901 2571 2954 snnt,
2613 2901 2666 2946 et
2705 2893 2774 2946 ab
2797 2891 2904 2946 illis
2949 2892 3248 2965 Chalybum
3283 2913 3419 2960 quas
3455 2897 3604 2960 prius

338 2988 781 3057 ἁσςραλεστάτους
816 2985 920 3038 τῶν
955 2983 1240 3037 Σκυθικῶν
1278 2982 1502 3036 ἐκείνων
1548 2978 1911 3050 διεκδρομῶν,

2024 2983 2344 3038 obtinebant
2397 2984 2641 3050 sedibus,
2679 2985 2919 3056 locisque
2951 2985 3292 3042 Armeniacis
3330 2989 3381 3042 in
3434 2988 3602 3042 Thra-

339 3081 406 3146 ἃς
451 3081 767 3150 ύποσύχνως
817 3079 922 3132 ὑπὸ
971 3077 1276 3150 Βαρϐάρων
1333 3078 1466 3130 τάπὶ
1509 3077 1733 3148 Θρᾴκης
1787 3077 1916 3127 ἐπε-

2024 3073 2163 3128 ciam
2218 3073 2518 3137 transtulit,
2565 3088 2630 3128 ae
2675 3076 2818 3130 circa
2875 3073 3287 3148 PhilippOpolim
3334 3079 3602 3134 domicilia

338 3175 524 3228 πόνθει
583 3171 790 3243 χωρία·
835 3168 1264 3240 ὑπερϐαίνοντες
1293 3170 1403 3238 γάρ
1450 3167 1519 3220 τὰ
1569 3169 1753 3236 τέμπη
1818 3163 1914 3218 τοῦ

2027 3165 2192 3237 ﬁgere
2221 3167 2422 3237 cacgit,
2471 3169 2678 3223 duabus
2735 3169 2802 3223 de
2850 3169 3050 3226 causis.
3104 3169 3347 3226 Primum
3399 3183 3460 3228 ut
3489 3187 3607 3238 quae

335 3264 510 3334 Αἴμου
546 3263 643 3326 τὰς
691 3259 797 3313 ὑπὸ
822 3259 1031 3313 τούτων
1063 3259 1108 3291 ’⁸
1149 3256 1406 3321 πεδιάδας
1448 3255 1801 3326 κατέτρεχον.
1849 3253 1912 3308 Ὀ

2025 3256 2176 3325 prius
2234 3257 2544 3311 insidebant
2594 3257 2832 3313 claustra
2883 3257 3141 3328 imperii,
3205 3260 3608 3318 arces'natura

335 3362 380 3415 δ’
409 3328 582 3429 Ᾰῖμος
621 3349 774 3418 οὗτος
807 3355 931 3426 ὅρος
975 3353 1090 3406 ἐστὶ
1141 3353 1488 3424 μακρότατον
1539 3348 1682 3404 κατᾶ
1735 3341 1948 3418 γραμ·¹

1987 3335 2421 3404 Ῡηιιιιιίιίεείιηοε
2479 3359 2532 3403 et
2583 3363 2789 3415 manu;
2855 3365 2920 3405 ne
2976 3351 3285 3408 obtinerent
3345 3354 3600 3422 amplius,

343 3454 452 3524 μὴν
513 3447 859 3520 παράλληλον
882 3449 948 3518 τῇ
1015 3445 1245 3516 Ῥοδόπη
1308 3443 1581 3511 κείμενον.
1655 3441 1919 3511 ’Λρχεται

2023 3456 2280 3496 earmnve
2335 3441 2529 3496 fiducia
2571 3442 2636 3496 ad
2675 3442 3000 3500 rebelliones
3032 3447 3348 3514 cogitandas
3399 3448 3605 3501 anima-

343 3549 445 3619 μὲν
489 3545 598 3600 ἀπὸ
639 3543 730 3599 τοῦ
765 3541 1015 3606 Εὐξείνου
1052 3543 1254 3595 Πόντου
1295 3539 1356 3592 τὺ
1406 3538 1531 3608 ὅρος
1589 3536 1682 3590 καὶ
1723 3535 1920 3607 μικρὸν

2024 3541 2230 3586 rentur.
2269 3529 2473 3586 Deinde
2509 3543 2568 3586 ut
2592 3547 2769 3602 genus
2805 3533 3080 3590 hominum
3145 3539 3380 3594 ferreum
3433 3541 3603 3595 cuivis

341 3638 701 3712 παραμειὸων
731 3639 856 3697 τοὺς
882 3634 1260 3704 καταράκτας,
1293 3631 1489 3702 μέχρις
1530 3629 1712 3683 αὐτῶν
1757 3628 1920 3680 Ἰλλυ-

2022 3620 2195 3676 labori
2238 3638 2300 3676 ae
2333 3623 2576 3693 periculo
2630 3640 2728 3694 par
2774 3627 3034 3682 adversus
3085 3629 3224 3684 feros
3269 3630 3500 3685 maxime
3541 3647 3606 3688 ac

339 3732 512 3802 ρικῶν
544 3732 740 3800 διήκει.
787 3724 957 3796 Οἶμαι
999 3724 1044 3776 δ’
1077 3725 1162 3778 ὃτι
1211 3723 1308 3776 καὶ
1351 3717 1786 3788 διακοπτόμενον
1841 3715 1920 3786 τῷ

2023 3715 2372 3769 vehementes
2439 3714 2766 3778 Scytharum
2822 3718 3048 3772 subinde
3105 3715 3396 3776 Thraciam
3461 3721 3605 3778 infe-

353 3819 709 3891 Ἀδριαντικῴ
740 3818 993 3885 πελάγει,
1025 3815 1189 3868 πάλιν
1219 3814 1299 3876 εἰς
1344 3810 1646 3878 ἀντιπέραν
1684 3807 1918 3879 ἤπειρον

2023 3805 2284 3860 stantiqu
2329 3807 2582 3862 incursus
2629 3811 2984 3881 objiceretur,
3037 3812 3333 3868 securitate
3392 3813 3609 3890 imperii

342 3911 741 3980 ἀναλαμϐάνει,
770 3911 862 3962 καὶ
896 3909 1089 3978 μέχρις
1126 3904 1307 3959 αὐτῶν
1347 3905 1648 3974 Ἑρκυνίων
1692 3898 1918 3970 δρυμῶν

2026 3911 2134 3951 non
2161 3898 2378 3969 exigua,
2402 3901 2547 3970 quod
2579 3899 2691 3968 jam
2716 3901 2871 3958 limes
2904 3901 2996 3957 ille
3024 3903 3410 3958 vexatissimus
3445 3919 3605 3974 pares

342 4003 701 4071 ἀποτελευτᾷ,
731 3999 1074 4069 ἑκατέρωθεν
1110 3996 1167 4048 δὲ
1210 3995 1320 4048 τῶν
1349 3993 1679 4067 καταρῤύων
1723 3991 1772 4044 τ’
1818 3989 1918 4043 αύ-

2026 3989 2443 4058 aggressoribus
2464 3990 2786 4047 defensores
2816 4003 3028 4058 nactus,
3062 3993 3318 4064 deinceps
3346 3996 3607 4051 adversus

339 4096 436 4150 τοῦ
471 4096 639 4150 πολλὰ
689 4095 785 4146 καὶ
839 4091 1220 4146 πλουσιῑὺτατα
1263 4087 1392 4158 ἔθνη
1434 4087 1676 4156 νέμεται.
1731 4083 1923 4136 Δακῶν

2027 4092 2190 4133 omne
2226 4080 2527 4146 periculum
2561 4082 2772 4136 abunde
2802 4082 3054 4136 firmatus
3101 4083 3402 4140 videretur.
3448 4083 3609 4141 Mise-

345 4185 446 4255 μὲν
474 4185 641 4238 ὄντων
677 4179 1056 4253 βορειοτέρων,
1092 4179 1188 4230 καὶ
1234 4177 1342 4228 τῶν
1372 4175 1628 4247 Θρακῶν,
1663 4171 1918 4226 νοτιωτέ-

2026 4183 2144 4221 rum
2191 4184 2322 4223 sane
2372 4177 2531 4224 antea
2587 4171 2640 4224 in
2684 4171 2899 4225 modum
2939 4172 2994 4225 in
3030 4173 3302 4241 perpetuis
3330 4183 3480 4228 metu
3515 4183 3607 4229 aut

346 4294 456 4347 ρων
508 4276 564 4329 δὲ
601 4273 836 4345 Θρᾳκῶν
870 4289 930 4325 τε
983 4269 1163 4324 αὐτῶν
1195 4269 1289 4321 καὶ
1335 4265 1686 4321 Μακεδόνων.
1721 4263 1923 4317 Τοῦτον

2028 4258 2169 4314 malo
2224 4257 2470 4314 Thraciae
2533 4261 2692 4316 urbes
2742 4276 2806 4317 ae
2849 4263 3028 4332 populi
3091 4263 3392 4320 conﬂictari
3449 4279 3609 4321 erant

341 4367 434 4420 τὸν
459 4362 628 4437 Αἷμον
653 4362 1016 4433 διαπερῶντες
1037 4362 1085 4414 οἱ
1111 4357 1361 4427 Νομάδες
1389 4355 1596 4410 Σκύθαι
1626 4354 1770 4408 κατὰ
1795 4352 1923 4414 τοὺς

2027 4349 2168 4404 soliti
2196 4367 2212 4416 ;
2250 4367 2370 4405 cum
2415 4351 2637 4406 Barbari
2671 4363 2932 4423 angustas
2963 4351 3130 4407 "acini
3163 4355 3330 4410 valles
3375 4357 3605 4412 subinde

341 4459 607 4514 ἀνέκαθεν
633 4459 858 4528 χρόνους
910 4454 1078 4524 πρινὴ
1125 4450 1222 4504 τοῦ
1267 4449 1508 4514 ’Δλεξίου
1549 4447 1609 4500 τὸ
1649 4448 1780 4519 δόρυ
1828 4447 1923 4498 καὶ

2028 4440 2486 4510 transgredientes
2505 4443 2559 4494 in
2582 4441 2882 4496 uberrimas
2903 4441 3017 4512 ejus
3042 4444 3329 4512 provincia:
3357 4445 3605 4516 planities

342 4556 392 4607 οἱ
455 4552 641 4606 πολλοὶ
693 4549 906 4618 ἀγῶνες
965 4549 1046 4610 εἰς
1108 4543 1487 4614 πανωλεθρίαν
1548 4542 1921 4611 κατήνεγκαν,

2028 4531 2234 4602 ingenti
2281 4549 2505 4588 numero
2548 4532 2725 4601 effusi,
2775 4534 3150 4590 crudelissime
3191 4538 3373 4591 omnia
3420 4547 3603 4592 vasta-

345 4644 690 4715 πανστρατιᾷ
717 4642 816 4712 τὴν
863 4637 1158 4710 Ῥωμαίων
1193 4636 1494 4707 ἡγεμονίαν
1538 4633 1796 4695 ἐκάκουν,
1827 4632 1924 4686 καὶ
1954 4684 1958 4715 1

1992 4633 2171 4715 irent.
2229 4623 2322 4678 Est
2373 4625 2459 4680 hic
2508 4624 2723 4681 "mutus
2772 4641 2930 4682 mons
2985 4626 3335 4697 longissimus
3395 4631 3482 4686 cui
3538 4633 3605 4686 ad

355 4682 690 4715 ..νυν-...τ
727 4682 812 4712 ..μ
880 4682 1152 4710 -..την
1199 4682 1487 4707 -..η--.-ω
1539 4682 1561 4687 -

347 4737 581 4807 μάλιστα
623 4736 721 4795 τάς
763 4733 1098 4802 ὲγγυτέρους
1145 4730 1354 4794 πόλεις,
1396 4722 1471 4782 ὧν
1503 4724 1855 4799 προύκάθητο
1891 4683 1960 4795 ἡ]

1992 4690 2002 4738 ’
2025 4713 2338 4784 parallelant
2381 4715 2580 4769 lineam
2616 4717 2829 4787 objaeet
2855 4682 3140 4788 Rhodope.
3168 4719 3356 4789 Incipit
3384 4682 3605 4776 ali—En:

347 4806 515 4883 πάλαι
574 4825 1016 4898 πολυθρύλλητος
1065 4819 1515 4882 Φιλιππούπολις.
1563 4818 1620 4873 '0
1673 4819 1731 4871 δὲ
1789 4816 1921 4880 TC:-

2024 4808 2154 4864 xino
2182 4806 2376 4864 Ponto.
2407 4808 2545 4864 Ilinc
2579 4809 2670 4864 ubi
2715 4821 3018 4865 cataractas
3051 4814 3296 4881 proxime
3345 4814 3607 4882 prmteriit

348 4922 550 4992 μισκῆς
593 4919 849 4986 Ἰωάννης
901 4916 1030 4978 τοὺς
1076 4915 1141 4966 ὲκ
1178 4913 1222 4944 ⁸⁷
1261 4910 1608 4980 Μανιχαῖκῆς
1656 4907 1924 4980 αἱρέσεως

2025 4903 2162 4958 flexu
2218 4911 2371 4957 vasto
2429 4919 2602 4972 usque
2645 4903 2698 4958 in
2764 4904 2939 4973 ipsum
2997 4902 3267 4974 Illyricum
3341 4906 3603 4962 excurrit.

345 5013 678 5082 ἀντιμάχους
731 5011 862 5082 ἡμῖν
897 5010 1270 5078 ποιησάμενος
1303 5005 1649 5074 συμμάχους,
1679 5000 1828 5054 κατά
1858 5015 1923 5066 γε

2027 4994 2168 5060 Quin
2191 4994 2352 5048 etiam
2387 4992 2551 5064 452
2607 4993 2842 5060 videtur,
2893 4994 3037 5050 velut
3067 4994 3442 5064 interpellatus
3473 5010 3604 5061 pan-

344 5105 416 5156 τὰ
445 5103 608 5168 ὅπλα,
659 5099 991 5171 ἀξιομάχους
1025 5097 1286 5168 δυνάμεις
1321 5098 1431 5158 τοῖς
1483 5094 1678 5165 νομάσι
1711 5090 1924 5153 τούτοις

2029 5085 2195 5138 lulum
2233 5085 2450 5139 incursu
2484 5086 2652 5140 maris
2695 5083 2980 5154 Adriatici,
3010 5097 3102 5142 aut
3133 5087 3311 5158 potius
3359 5087 3460 5142 sub
3492 5084 3604 5156 ejus

1386 5209 1586 5271 νοτία)
1619 5207 1932 5269 lectiones
1960 5219 2038 5264 ex
2063 5199 2204 5262 cod.
2235 5196 2505 5260 Coislin.

430 5321 477 5354 ”
503 5320 565 5373 τδ
587 5318 683 5372 τοῦ
715 5318 1025 5381 Πλάτωνος.
1106 5316 1152 5347 ’⁸
1187 5311 1592 5385 ὲρρηνοτάτων.
1669 5311 1716 5341 ⁹⁶
1743 5307 1954 5363 τοῦτον.
2027 5303 2073 5334 ’⁷
2097 5304 2161 5355 ὲκ
2187 5301 2303 5372 τῆς.

1376 5431 1517 5492 Car.
1548 5423 1876 5491 Dufresnii
1903 5424 2001 5484 Du
2041 5417 2260 5498 Canin
2299 5426 2484 5480 notae.

422 5537 533 5610 (60)
574 5536 638 5592 ὀ
673 5535 1025 5606 Τζυμισκῆς.
1065 5534 1307 5588 Zonaras
1354 5546 1407 5586 et
1451 5531 1648 5601 Glyras
1691 5531 1744 5585 in
1789 5525 2000 5582 Alexio.

415 5698 486 5764 (a)
508 5697 634 5748 Vide
655 5696 936 5751 Cedrenum
963 5709 1074 5758 pag.
1101 5692 1191 5741 452
1211 5691 1294 5742 ed.
1319 5690 1422 5752 Reg

713 5786 979 5846 Parnm.
1014 5757 1129 5842 an.
1169 5780 1422 5838 cxx“.

3205 5757 3283 5818 35
