4086 6414
451 295 587 361 1099

1736 293 1959 355 ΑΝΝΑΕ
2001 290 2380 353 (ῚΟΜΝΕΝᾹΞ

3582 288 3721 352 1100

442 414 694 469 ﬂuctibus
728 413 864 467 clam
900 413 1280 480 continuatus,
1340 428 1619 484 emergere
1659 412 1784 466 inde
1831 414 2025 466 iterum

2153 408 2370 472 εκύοαις
2430 406 2723 477 ἀντίστησε
2782 406 2847 472 ⁸⁸,
2882 406 2973 459 καὶ
3029 404 3090 458 τὸ
3140 403 3393 458 ἐντεῦθεν
3446 402 3554 459 ἀπὸ
3606 404 3724 459 τῶν

446 507 499 558 in
552 507 835 559 adversam
889 505 1262 561 continentem
1296 546 1310 570 ,
1382 515 1544 575 atque
1596 504 1649 559 in
1707 505 2031 575 Hercyniam

445 611 619 668 usque
654 597 721 652 ad
753 598 962 658 silvam,
990 597 1242 669 iugorum
1287 608 1543 668 perpetua
1578 596 1718 652 serie
1760 604 2031 665 porrecta,

447 691 536 743 vix
599 690 814 744 tandem
884 691 956 744 ibi
1019 692 1289 744 desinere.
1352 689 1524 743 Porro
1576 688 1831 755 utrinque
1889 690 2032 741 circa

450 782 654 834 fluenta
684 781 844 849 hujus
868 782 1042 837 amnis
1064 782 1245 837 multa:
1273 782 1584 852 eaedemque
1607 780 2035 848 opulentissimre

445 883 638 941 gentes
698 874 964 928 habitant.
1022 873 1151 927 Daci
1209 888 1239 927 a
1306 874 1722 943 septemtrione,
1788 874 1914 925 item
1980 880 2037 925 et

448 963 686 1018 Thraces
724 982 735 1017 :
774 980 802 1017 a
854 965 1078 1019 meridie
1123 980 1251 1019 vero
1308 963 1546 1020 Thraces
1607 966 1766 1018 iidem
1823 980 2034 1020 necnon

447 1055 788 1111 Maredoues.
825 1056 976 1109 Hunc
1005 1056 1246 1111 liminum
1280 1059 1743 1129 transgredientes
1779 1060 2037 1113 nomades

453 1147 669 1217 Scytha:
701 1140 1077 1216 superioribus
1118 1148 1478 1217 temporibus,
1514 1151 1733 1216 quando
1764 1163 1857 1201 cos
1897 1163 2035 1201 nun-

440 1238 578 1305 .dum
608 1239 785 1293 Alexii
820 1244 975 1295 hasta
1008 1257 1104 1312 per
1135 1240 1306 1295 multa
1363 1241 1601 1311 pericula
1630 1242 2036 1309 certaminaque

449 1330 500 1380 in
536 1344 848 1398 supremam
909 1335 1122 1387 tandem
1177 1332 1469 1402 perniciem
1501 1333 2037 1402 internecionemqne

454 1423 812 1490 compulerat,
842 1426 1013 1478 vastis
1051 1435 1103 1479 et
1151 1424 1641 1479 innumerabilibus
1676 1425 1841 1478 totius
1870 1438 2036 1492 pepu-

451 1513 740 1569 losissima:
774 1518 1075 1587 conjurattc
1128 1517 1306 1585 gentis
1366 1517 1418 1570 in
1476 1515 1776 1570 Romanam
1837 1524 2036 1570 terram

448 1605 781 1661 exercitibus
837 1608 1047 1673 effusis,
1102 1616 1215 1663 tum
1273 1606 1409 1661 alias
1465 1606 1676 1675 imperii
1727 1604 2041 1676 amigehant

2138 501 2405 555 πλειόνων
2455 498 2822 569 καταδρομῶν
2854 498 3158 552 ἀνέπνευσε
3204 498 3272 551 τὰ
3320 498 3429 550 τῶν
3486 497 3724 554 πόλεων.

2133 598 2194 648 Οἱ
2223 596 2407 664 μέντοι
2434 594 2731 664 Μανιχαίοι
2760 591 2919 662 φύσει
2950 592 3106 655 ὅντες
3135 590 3411 662 ἐλεύθεροι
3447 592 3539 644 καὶ
3583 592 3725 644 ἀνυ·
3763 581 3777 591 ’

2136 688 2417 751 πότακτοι,
2474 688 2535 741 τὸ
2585 685 2775 750 εἰωθὸς
2834 686 3070 751 ἐποίουν,
3118 691 3214 738 καὶ
3255 685 3335 747 είς
3396 684 3494 753 τὴν
3553 684 3727 751 φύσιν

2133 778 2506 848 ἀνέκαμπτον.
2537 779 2692 831 Πᾶσα
2723 778 2833 848 γὰρ
2875 779 2906 848 ἡ
2938 776 3375 839 Φιλιππούπολις
3424 775 3565 844 πλὴν
3604 776 3723 827 67.5-

2134 889 2247 938 γων
2279 871 2448 924 ὄντων
2471 871 2790 942 Μανιχαίων
2820 872 2889 935 ⁸⁸,
2917 871 3027 923 τῶν
3056 887 3113 922 τε
3139 870 3324 923 αὐτόθι
3378 868 3732 940 Χριστιανῶν

2134 963 2483 1033 ἐτυράννουν,
2528 963 2622 1017 καὶ
2651 964 2721 1017 τὰ
2751 963 2953 1016 τούτων
2990 960 3292 1031 διήρπαζον
3321 962 3496 1031 μικρὰ
3538 979 3715 1029 φρον-

2133 1055 2439 1125 τίζοντεςῆ
2480 1056 2634 1109 οὐδὲν
2674 1056 2784 1109 τῶν
2828 1055 3316 1124 ἀποστελλομένων
3359 1053 3509 1123 παρὰ
3567 1054 3733 1121 βασι-

2134 1147 2291 1212 λέως.
2340 1148 2554 1216 Ηΰξανε
2580 1150 2763 1207 τοίνυν
2791 1152 2887 1204 καὶ
2919 1151 2988 1204 τὰ
3031 1150 3217 1217 κύκλῳ
3244 1148 3735 1211 Φιλιππουπόὶεως

2136 1239 2337 1305 πάντα,
2376 1236 2520 1313 ἦσαν
2552 1243 2844 1313 αίρετικοί.
2883 1243 3241 1296 Συνεισέϐαλε
3274 1242 3329 1295 δὲ
3371 1242 3467 1294 καὶ
3511 1239 3725 1315 τούτοις

2134 1332 2319 1404 ἕτερος
2350 1334 2600 1404 ποταμὸς
2628 1336 2655 1387 ὁ
2681 1334 2789 1387 τῶν
2835 1335 3142 1405 Ἀρμενίων
3190 1333 3303 1405 (6i)
3338 1332 3605 1402 ἁλμυρὸς,
3636 1332 3734 1382 καὶ

2136 1426 2297 1489 ἄλλος
2326 1426 2437 1481 ἀπὸ
2466 1426 2577 1479 τῶν
2604 1427 2995 1500 θολερωτάτων
3034 1427 3231 1499 πηγῶν
3288 1426 3577 1488 Ἰακώϐου,
3614 1426 3731 1477 Καὶ

2136 1512 2205 1589 ἦν
2257 1519 2333 1582 ὡς
2379 1518 2521 1573 οὕτω
2585 1536 2647 1588 γε
2702 1520 2889 1589 φάναι,
2921 1521 3108 1575 κακῶν
3162 1522 3424 1575 ἁπάντων
3491 1517 3733 1584 μισγάγ-

2141 1610 2348 1663 κεια¹·
2402 1612 2502 1665 καὶ
2547 1609 2617 1665 τὰ
2670 1612 2767 1682 μὲν
2817 1612 3066 1683 δόγματα
3115 1612 3435 1682 διεφώνουν,
3489 1609 3740 1677 συνεφὼ-

452 1706 656 1762 partes,
697 1708 809 1751 tum
844 1700 1047 1754 vicinas
1083 1700 1384 1770 praesertim
1429 1699 1576 1754 illius
1622 1698 1808 1752 limitis
1853 1698 2036 1764 urbes,

2153 1719 2268 1756 rouv
2296 1702 2353 1756 δὲ
2393 1705 2514 1766 ταῖς
2550 1704 2942 1769 ἀποστασίαις,
2972 1705 3022 1758 οἱ
3051 1704 3200 1760 ἄλλοι
3228 1706 3346 1767 τοῖς
3376 1702 3734 1771 Μινιχαίοις.

447 1802 678 1855 quarum
723 1792 977 1861 princeps
1036 1807 1100 1847 ac
1156 1791 1306 1847 velut
1359 1791 1678 1861 metropolis
1736 1791 2035 1846 habebatur
2075 1792 2443 1851 famosissima
2476 1796 2568 1851 illa
2601 1798 2875 1867 quondam
2943 1796 3360 1867 Philippopolis.
3439 1793 3590 1859 Quod
3612 1807 3742 1847 cum

448 1882 912 1939 animadverteret
969 1883 1270 1941 'l‘zimisces
1340 1884 1578 1941 Joannes
1646 1882 2067 1939 Manichaeorum
2145 1887 2200 1941 in
2274 1887 2404 1944 Asia
2461 1891 2656 1956 victor,
2716 1900 2772 1945 ut
2836 1873 3146 1945 hominibus
3198 1890 3549 1945 nihilominus
3611 1887 3747 1941 feris

449 1989 609 2040 quam
660 1976 877 2049 Scythae
931 1978 1032 2049 ipsi
1082 1987 1261 2045 erant,
1295 1993 1361 2033 ex
1415 1977 1626 2034 infestis
1688 1977 1934 2035 hostibus
1985 1979 2040 2033 in
2080 1981 2257 2036 socios
2303 1982 2441 2039 fidos
2492 1986 2913 2051 commutandis,
2975 1985 3283 2056 perutiliter
3326 1982 3626 2055 periculum
3689 1975 3745 2025 ill

449 2068 710 2121 auxilium
766 2078 1050 2137 verteret;
1118 2070 1358 2125 decrevit
1390 2070 1707 2124 societatem
1764 2084 2040 2123 armorum
2084 2071 2349 2127 duntaxat
2387 2088 2509 2128 cum
2540 2076 2608 2131 iis
2659 2077 2797 2131 inire
2847 2076 2939 2146 qui
2996 2090 3175 2146 prava:
3244 2076 3508 2131 doctrinae
3582 2084 3749 2143 atque

449 2163 691 2232 perfidiae
736 2163 1106 2220 obstinatione
1159 2164 1507 2226 dissidentes.
1555 2163 1799 2218 translati
1841 2165 1893 2219 in
1935 2164 2224 2221 Thraciam
2271 2178 2327 2224 et
2360 2167 2774 2242 Philippopolim
2826 2188 2856 2227 a
2897 2173 3117 2228 sedibus
3158 2173 3367 2242 patriis,
3428 2187 3527 2243 pro
3590 2188 3749 2227 muro

448 2255 710 2325 deinceps
760 2269 825 2311 ac
866 2254 1118 2324 praesidio
1172 2254 1267 2309 toti
1314 2254 1364 2309 ei
1418 2255 1712 2325 provincia:
1770 2255 2034 2311 fuerunt:
2078 2256 2226 2311 haud
2255 2258 2417 2313 dubie
2452 2271 2638 2328 postea
2678 2263 2948 2332 reSpirare
2974 2264 3102 2318 visae
3129 2278 3157 2316 a
3230 2263 3508 2319 continuis
3574 2264 3750 2319 ferme

458 2347 567 2401 illis
600 2347 798 2417 quibus
825 2352 985 2400 antea
1014 2345 1322 2401 conculcari
1359 2356 1476 2400 erat
1512 2345 1670 2400 solita
1727 2346 2146 2405 excursionibus
2215 2350 2604 2409 Barbarorum.
2678 2352 2875 2412 Verum
2945 2366 3006 2409 ut
3063 2357 3177 2412 fere
3229 2357 3288 2412 fit
3334 2358 3442 2412 cito
3489 2359 3555 2412 ad
3596 2358 3749 2427 inge-

459 2443 611 2496 nium
669 2442 858 2509 patriae
922 2439 1338 2496 consuetudinis
1414 2438 1605 2494 Coloni
1687 2444 2046 2511 transportati
2127 2445 2365 2503 rediere.
2450 2446 2802 2504 Contumacis
2860 2460 3065 2506 natura:
3140 2446 3385 2506 homines
3445 2460 3499 2505 et
3558 2452 3748 2505 animo

460 2532 684 2587 indocili
739 2532 1011 2602 parendi;
1062 2532 1274 2587 feroces
1346 2532 1412 2587 ad
1464 2531 1578 2589 haec
1654 2542 1708 2587 et
1760 2534 2115 2603 prtevalentes
2188 2536 2417 2605 viribus,
2470 2540 2696 2595 audacia
2757 2556 2976 2611 quoque
3042 2544 3353 2597 abundante
3413 2543 3616 2597 sensim
3690 2542 3745 2596 in

450 2628 734 2697 indigenas
762 2626 912 2681 cives
942 2626 1334 2697 PhilippOpolis
1363 2625 1707 2682 Christianos
1738 2642 1847 2681 non
1881 2628 1954 2681 ita
1981 2630 2179 2686 multos
2220 2631 2483 2705 (maxima
2515 2648 2639 2702 pars
2672 2631 2951 2688 Manichaei
2983 2634 3164 2705 erant)
3188 2636 3423 2703 grassari
3459 2634 3750 2706 tyrannide

448 2728 759 2791 cmperunt,
795 2719 1138 2790 diripereqim
1187 2727 1352 2788 atque
1404 2718 1735 2787 opprimere,
1773 2735 1960 2789 parum
1996 2730 2091 2778 aut
2127 2722 2257 2779 nihil
2291 2726 2530 2780 curando
2564 2742 2685 2796 qua:
2714 2726 2944 2780 subinde
2993 2730 3061 2781 ab
3102 2727 3428 2797 imperatore
3492 2730 3749 2783 mandata

451 2817 791 2879 ferebantur,
826 2816 1139 2869 continendi
1168 2829 1289 2870 sese
1322 2816 1373 2868 in
1406 2813 1602 2880 ofﬁcio,
1634 2827 1688 2871 et
1732 2814 1799 2870 ab
1844 2814 2044 2884 injuria
2082 2821 2355 2875 cessandi.
2382 2819 2499 2875 Tali
2533 2822 2889 2891 usurpatione
2925 2821 3076 2889 regni
3152 2823 3457 2891 cujusdam,
3525 2825 3752 2892 impune

450 2909 654 2966 florens
674 2919 843 2975 secta,
870 2923 1099 2964 numero
1130 2908 1290 2962 etiam
1320 2924 1419 2977 per
1450 2908 1570 2963 illas
1611 2908 1862 2979 regiones
1894 2908 2319 2965 celebrabatur:
2357 2912 2494 2968 adeo
2564 2924 2623 2968 ut
2689 2912 2943 2967 lizeretica
2988 2912 3098 2967 late
3168 2914 3351 2968 omnia
3420 2914 3565 2969 circa
3605 2914 3754 2970 Phi—

450 3007 768 3077 lippopolim
827 3012 1034 3069 essent,
1092 3005 1512 3073 augescentibus
1564 3005 1817 3060 videlicet
1869 3004 2019 3059 velut
2058 3005 2113 3061 in
2161 3004 2277 3061 solo
2324 3008 2477 3063 uberi
2516 3008 2707 3078 primis
2768 3007 2873 3061 illis
2938 3007 3065 3060 olim
3114 3006 3416 3077 deportatis
3486 3024 3553 3063 ex
3612 3009 3745 3065 Asia

455 3098 779 3153 seminibus.
816 3093 1036 3150 Alliuxit
1087 3096 1154 3149 ad
1208 3093 1439 3149 eluviem
1496 3092 1778 3149 ftediorem
1847 3104 1903 3151 et
1968 3093 2115 3152 aliud
2155 3101 2427 3168 peramari
2467 3099 2645 3157 laticis
2688 3101 2841 3171 quasi
2882 3101 3105 3164 fiumen,
3141 3100 3522 3155 Armeniorum
3556 3112 3749 3166 secta;

457 3207 671 3248 necnon
724 3190 871 3245 aliud
924 3197 1191 3258 prteterea
1244 3202 1309 3241 ex
1363 3187 1801 3243 lutulentissimis
1855 3185 2045 3243 Jacobi
2090 3187 2356 3256 fontibus,
2388 3192 2462 3246 ita
2491 3199 2716 3247 utesset
2751 3193 2837 3247 hic
2865 3193 3110 3261 quaedam
3170 3193 3496 3246 continentia
3570 3193 3750 3245 malo-

464 3302 614 3351 rum,
650 3294 704 3339 et
747 3279 1305 3352 inquinatissimarum
1376 3280 1618 3334 sordium
1685 3294 1858 3349 prono
1884 3279 2124 3350 undique
2162 3279 2306 3336 ﬂuxu
2341 3284 2737 3338 corrivatarum
2775 3283 3122 3339 fmtidissima
3170 3284 3221 3338 in
3255 3283 3363 3338 imo
3393 3283 3750 3341 commistio;

451 3382 727 3435 hazresum
759 3374 1066 3430 colluvione
1091 3373 1455 3437 diversarum,
1489 3373 1853 3443 dogmatibus.
1902 3371 2166 3439 dissonis,
2224 3376 2567 3431 contumacia
2650 3377 2946 3443 concordi,
2999 3390 3163 3431 unam
3255 3376 3310 3431 in
3395 3391 3746 3432 communem

460 3474 610 3529 velut
640 3470 885 3525 cloacam
924 3473 1275 3534 restagnanlc
1311 3464 1527 3520 rebellis
1556 3464 1882 3532 impietatis.

530 3564 735 3621 Contra
788 3562 931 3616 hanc
982 3558 1201 3613 mistam
1255 3557 1431 3611 aciem
1478 3556 1725 3611 fanatica:
1786 3556 2051 3626 perfidiae,
2084 3560 2131 3622 ο

466 3674 572 3714 non
602 3669 879 3725 corporea:
930 3651 1107 3707 solum
1154 3648 1367 3705 militia:
1432 3649 1658 3716 peritus,
1717 3648 2055 3719 spirituales,

467 3750 662 3819 quibus
693 3751 855 3803 etiam
892 3744 1149 3815 pollebat,
1198 3741 1434 3795 bellandi
1484 3751 1633 3795 artes
1697 3756 1851 3796 meus
1903 3752 2058 3811 pater

460 3842 643 3899 omnis
699 3839 916 3912 generis
976 3837 1244 3892 bellorum
1311 3834 1539 3889 idoneus
1597 3832 1895 3901 imperator
1961 3848 2056 3885 cx-

466 3934 711 4002 plicans,
759 3929 1023 3999 quosdam
1080 3927 1131 3979 in
1186 3923 1515 3978 deditionem
1570 3922 1689 3976 sine
1732 3922 1781 3975 vi
1831 3937 2057 3990 compu-

467 4027 551 4087 lit,
613 4021 874 4092 quosdam
938 4032 1113 4087 pugna
1173 4014 1524 4083 subjugavit:
1595 4028 1702 4082 quo
1779 4012 1834 4065 in
1894 4026 2057 4081 opere

468 4129 597 4170 vere
648 4127 845 4181 magno
890 4109 1027 4164 etin
1083 4106 1278 4177 primis
1328 4104 1651 4173 apostolico,
1705 4103 1870 4156 multa
1933 4103 2060 4156 tulit

466 4208 702 4273 fecitque
758 4204 995 4258 aunixiis
1057 4200 1253 4253 robore
1300 4207 1450 4261 toto,
1511 4195 1595 4249 vir
1654 4195 1909 4250 nimirum
1966 4212 2060 4264 pa-

468 4299 611 4355 tiens
662 4299 800 4352 idem
844 4311 908 4348 ac
955 4293 1111 4347 fortis
1143 4308 1170 4344 a
1206 4304 1314 4359 quo
1348 4289 1552 4342 nullum
1590 4286 1836 4358 profecto
1886 4303 2058 4358 quan-

471 4389 673 4445 tumvis
726 4385 924 4451 varim,
983 4383 1143 4438 modo
1195 4395 1337 4436 verae
1410 4379 1584 4433 laudis
1638 4395 1807 4449 genus
1861 4379 2055 4432 abfuit.

461 4478 631 4552 453
678 4479 962 4547 Quodnam
1020 4475 1164 4529 enim
1227 4473 1445 4527 tandem
1481 4470 1899 4524 commendandi
1946 4470 2061 4537 ejus

469 4578 848 4641 argumentum
878 4566 1117 4634 requirat
1142 4558 1453 4632 quispiam?
1514 4560 1651 4612 Num
1717 4559 1782 4612 ad
1827 4559 2057 4614 bellicos

472 4660 685 4715 labores
733 4659 933 4729 segnis,
970 4656 1036 4711 ad
1079 4652 1316 4726 pericula
1352 4652 1658 4719 prmliurum
1724 4652 1964 4715 timidus,
1996 4650 2062 4705 ad

470 4752 678 4807 ηιιιὶιὶιὶαξ
720 4758 901 4823 partes
954 4756 1210 4817 artesque
1255 4743 1565 4798 incuriosus
1598 4751 1691 4794 aut
1722 4741 2064 4811 imparatus?

471 4842 541 4895 At
571 4842 693 4911 quis
719 4855 784 4895 eo
818 4839 1132 4895 bellicosior
1161 4836 1251 4905 qui
1282 4834 1559 4892 Orientem
1624 4847 1760 4885 unus
1790 4832 2062 4886 Occiden-

2245 3552 2386 3606 Ἀλλ’
2416 3553 2443 3606 ὅ
2473 3569 2537 3621 γε
2571 3552 2753 3623 πατὴρ
2785 3552 2915 3623 ἐμὸς
2952 3553 3045 3605 καὶ
3068 3551 3451 3621 αὐτοκράτωρ,
3479 3552 3571 3605 καὶ
3601 3553 3751 3624 πρὸς

2160 3646 2385 3709 τούτους
2422 3647 2523 3717 τὴν
2550 3646 2958 3715 στρατιωτικὴν
3000 3642 3169 3697 αὑτοῦ
3199 3644 3565 3714 πολυπειρίαν
3597 3646 3750 3701 ἀντι·

2165 3737 2360 3803 τάξας,
2392 3738 2521 3799 τοὺς
2553 3736 2651 3806 μὲν
2678 3737 2854 3806 ἀμαχὶ
2880 3736 3215 3804 συνειλήφει,
3245 3736 3371 3798 τοὺς
3395 3734 3452 3789 δὲ
3486 3738 3581 3790 καὶ
3613 3739 3759 3807 μετᾶ

2166 3828 2345 3897 μάχης
2368 3826 2826 3896 ἠνδραποδίσατο·
2859 3821 2973 3878 οἷον
2996 3826 3041 3878 δ’
3075 3826 3208 3879 αὐτὸ
3230 3826 3276 3879 δ’
3300 3826 3453 3895 ἔρεξε
3487 3827 3582 3881 καὶ
3622 3827 3755 3899 ἔτλη

2162 3918 2429 3991 καρτερὸς
2450 3918 2587 3987 ἀνὴρ
2611 3920 2847 3989 πρᾶγμα
2889 3919 3059 3980 ὄντως
3093 3919 3190 3969 καὶ
3221 3919 3756 3976 ὰποστολικῶτατον.

2164 4009 2231 4063 Τί
2277 4009 2387 4081 γὰρ
2436 4009 2502 4062 ἄν
2533 4026 2615 4072 τις
2653 4009 2841 4061 τοῦτον
2874 4010 2972 4062 οὐκ
3004 4011 3312 4064 ἐπαινέσειε
3340 4028 3354 4076 ;
3396 4011 3633 4080 Πότερον
3667 4011 3754 4064 ὅτι

2166 4101 2296 4171 περὶ
2326 4099 2424 4164 τὰς
2471 4100 2809 4170 στρατηγίας
2840 4100 3059 4170 ἀμελῶς
3099 4097 3249 4171 εἶχες
3289 4102 3398 4155 Καὶ
3448 4104 3556 4172 μὴν
3597 4102 3764 4156 Ἀνα-

2163 4194 2324 4264 τολὴν
2378 4194 2471 4245 καὶ
2520 4192 2684 4245 Δύσιν
2739 4193 3024 4263 ἐπλήρωσε
3085 4194 3194 4246 τῶν
3252 4195 3760 4265 στρατηγημάτων.

2177 4283 2319 4338 Ἀλλ’
2355 4287 2438 4337 ὅτι
2465 4284 2591 4345 τοὺς
2621 4283 2816 4352 λόγους
2841 4284 2971 4354 περὶ
3016 4285 3219 4353 φαῦλον
3255 4276 3424 4337 ἐτίθει
3463 4303 3476 4350 ;
3513 4288 3619 4338 Καὶ
3651 4287 3765 4357 μὴν

2163 4374 2240 4437 ὡς
2273 4374 2451 4437 οὐδεὶς
2474 4374 2634 4437 ἄλλος
2660 4375 2793 4445 περὶ
2826 4374 2926 4443 τὴν
2965 4374 3114 4427 θείαν
3146 4376 3370 4445 Γρσφὴν
3398 4375 3758 4437 ἐσπουδάκει,

2166 4466 2241 4528 ὡς
2269 4468 2365 4518 καὶ
2395 4465 2496 4535 τὴν
2521 4465 2770 4534 γλῶτταν
2801 4465 3057 4537 διαθῆξαι
3111 4468 3248 4537 πρὸς
3284 4468 3380 4530 τὰς
3411 4468 3520 4519 τῶν
3548 4469 3763 4536 αἱρετι-

2166 4556 2279 4609 κῶν
2326 4556 2680 4627 συμπλοκὰς,
2712 4559 2808 4610 καὶ
2858 4556 3022 4625 μόνος
3058 4553 3215 4622 οὗτος
3247 4559 3391 4611 ὅπλα
3438 4560 3531 4611 καὶ
3567 4559 3765 4625 λόγους

2167 4648 2389 4720 ἀνέμιξε
2419 4664 2430 4676 ·
2461 4649 2558 4702 καὶ
2590 4652 2704 4713 τοῖς
2734 4650 2833 4720 μὲν
2860 4650 3047 4714 ὅπλοις
3075 4652 3201 4713 τοὺς
3234 4651 3558 4722 Βαρόἀρους
3582 4652 3763 4715 ἐνίκα,

2168 4743 2280 4803 τοῖς
2331 4741 2386 4795 δὲ
2436 4742 2618 4809 λόγοις
2670 4741 2956 4814 ἐχειροῦτο
2984 4743 3114 4805 τοὺς
3144 4744 3448 4806 ἀντιθέους,
3482 4743 3670 4813 ὥσπερ
3706 4744 3766 4795 δὲ

2171 4833 2293 4885 τότε
2344 4834 2612 4888 καὶκατὰ
2660 4834 2983 4905 Μανιχαίων
3027 4834 3351 4899 ὲξώπλιστο,
3390 4834 3765 4902 ὰποστολικὴν

477 4908 697 5002 temque
730 4931 1066 4987 facinoribus
1110 4927 1347 4982 heroicis
1377 4935 1431 4980 et
1466 4923 1778 4978 militarium
1818 4924 2051 4977 omnium

2177 4925 2300 4978 dumi.
2335 4928 2710 4997 στρατηγικῆς
2741 4926 3140 4998 ἀναδεξάμενος
3171 4927 3438 4995 ἀγωνίαν.
3478 4927 3588 4979 Καὶ
3621 4924 3768 4993 ἔγω-

476 5033 702 5086 laudbm
734 5029 1057 5084 certissimis
1086 5024 1329 5095 implevit
1359 5023 1495 5077 docu
1508 5019 1744 5074 mentis?
1777 5018 2061 5074 Desidere-

474 5134 565 5177 tur
598 5122 649 5176 in
674 5135 743 5177 eo
777 5118 999 5173 forsitan
1031 5117 1197 5171 animi
1229 5115 1440 5170 cultura
1468 5112 1814 5180 studiumque
1850 5111 2056 5165 doctri-

2175 5033 2238 5085 γε
2267 5017 2459 5071 τοῦτον
2488 5020 2943 5089 τρισκαιδέκατον
2977 5020 3044 5073 ἂν
3071 5020 3371 5074 ἀπόστολον
3398 5017 3758 5087 όνομάσαιμι.

2177 5108 2374 5161 Καίτοι
2432 5110 2578 5172 τινὲς
2630 5112 3028 5180 Κωνσταντίνῳ
3083 5111 3160 5180 τῷ
3215 5110 3435 5182 μεγάλῳ
3490 5108 3646 5163 τοῦτο
3699 5108 3764 5161 τὸ

1535 5250 1738 5313 Variae
1779 5248 2090 5312 lectiones
2110 5266 2206 5328 ,ex
2237 5252 2379 5312 cod.
2406 5248 2679 5312 Coislin.

545 5384 593 5417 ”
622 5384 944 5450 ἀπέστησε.
1017 5380 1062 5409 ⁸⁸
1091 5377 1242 5442 ὄντες
1265 5380 1579 5448 Μανιχαίοι.
1656 5376 1672 5406 ⁸
1708 5375 2067 5445 μισγάγγεια.

1522 5496 1661 5557 Car.
1698 5490 2032 5554 Dufresnii
2067 5492 2168 5554 Du
2200 5489 2427 5570 Cangii
2462 5498 2649 5553 noue.

554 5627 668 5699 (61)
708 5624 1158 5699 Ἀρμενίῳνεῡο
1182 5621 1455 5699 A__rmcni_is
1488 5619 1781 5699 Thraciam
1808 5617 2057 5699 incolen-

478 5690 1148 5768 tibus'agi't'Gotol'redus
1197 5693 1495 5768 Monachus
1694 5690 1907 5768 Pantal.
1961 5703 2053 5768 an.

486 5756 749 5825 1189.ϋῖ
782 5768 1045 5825 Jacobitis
1107 5766 1272 5821 multa
1322 5764 1523 5820 habent
1564 5761 1804 5817 .lacobus
1843 5762 1909 5814 de
1964 5756 2054 5811 Vi-

1018 5882 1045 5902 ε

2169 5620 2366 5744 triarii),
2400 5618 2617 5703 Mirams
2656 5620 2711 5674 iu
2756 5618 2924 5675 Notit.
2964 5618 3081 5672 orb.
3133 5616 3334 5671 Chriil.
3384 5613 3763 5681 ﬂnaresmius,

2169 5700 2223 5744 et
2261 5706 2289 5744 a
2319 5707 2352 5744 tt
2390 5706 2613 5744 nassmt.

2169 5700 2223 5745 et
2261 5700 2352 5745 alii
2390 5700 2613 5761 passim.
