4086 6408
522 297 658 361 nos
706 301 710 305 ‘
1822 282 2046 344 ANK/t3
2090 284 2109 343 t

2212 280 2467 342 lNEN/E
3654 271 3794 341 1104

518 411 649 463 tiam
680 410 859 466 noctis
889 405 1197 463 custodiam
1229 400 1487 458 continuo
1513 404 1794 453 vacantem
1872 393 1963 447 uni
2036 392 2111 445 rei
2136 408 2163 460 ,;
2208 390 2518 445 audientem
2592 385 2854 442 nimirum
2916 383 3356 457 patientissime,
3420 397 3486 441 ac
3547 382 3796 441 vicissim

516 506 881 575 alloqueutem
934 518 1070 574 quos
1130 500 1361 557 subinde
1415 494 1736 553 accersebat
1810 491 2093 546 erroribus
2132 486 2449 556 implicitos.
2482 485 2561 541 lbi
2594 498 2691 542 eos
2721 485 2952 541 docebat
2977 486 3138 541 tidem
3167 494 3398 550 rectam,
3470 483 3543 539 ibi
3609 484 3799 555 pravi-

518 608 683 653 tatem
715 599 987 654 haereseos
1016 595 1260 666 ipsorum
1286 592 1503 647 invictis
1564 584 1901 660 argumentis
1967 581 2292 638 confutabat
2339 580 2807 650 convincebatque
2860 578 3306 637 ineluctabiliter.
3396 576 3639 633 Aderant
3711 576 3800 633 vel

516 702 686 749 testes
720 691 803 746 vel
833 690 1114 759 adjutores
1142 684 1388 757 praeclari
1439 682 1622 752 operis
1686 677 2013 738 Eustratius,
2044 683 2100 730 et
2137 674 2333 730 Nicetis
2366 675 2621 737 antistes,
2655 673 2741 727 vir
2767 682 2822 727 et
2849 674 3024 729 sacris
3052 684 3107 727 et
3175 674 3421 729 externis
3486 673 3800 728 cumulatus

514 786 740 851 litteris,
783 783 1065 856 praestanti
1092 796 1222 836 vero
1269 777 1611 849 potissimum
1668 773 1877 842 pollens
1925 768 2327 840 colloquiorum
2394 782 2459 824 ae
2519 780 2910 837 congressnum
2991 767 3451 822 conserendorum
3518 767 3801 831 facultate,

521 881 660 936 adeo
700 882 919 951 quidem
951 890 1009 933 ut
1043 877 1095 930 in
1130 875 1232 929 ista
1290 870 1628 941 disceptandi
1656 883 1839 924 coram
1868 868 2194 921 dexteritate
2227 864 2435 929 vivida,
2522 864 2792 934 copiaque
2847 864 3183 932 disputandi,
3234 878 3329 918 eos
3401 864 3566 918 etiam
3645 875 3805 919 ante-

517 973 741 1027 celleret
760 972 853 1043 qui
879 971 932 1025 in
965 967 1199 1023 Zenonis
1226 966 1463 1036 porticu,
1494 973 1587 1017 aut
1650 960 1916 1014 Academi
1982 958 2174 1027 spatiis
2214 958 2319 1012 hoc
2357 973 2525 1011 unum
2558 967 2669 1012 tota
2702 956 2811 1011 vita
2848 957 3197 1011 meditantur.
3250 955 3361 1010 Nec
3393 957 3509 1025 ipse
3551 957 3804 1014 videlicet

514 1064 702 1117 deerat
752 1059 1278 1130 Pbilippopolitauus
1327 1055 1791 1124 archiepiscopus.
1849 1049 1956 1104 Sed
1996 1058 2124 1103 ante
2162 1064 2352 1104 omnes
2378 1059 2434 1103 et
2459 1065 2566 1119 prae
2584 1049 2838 1103 omnibus
2859 1064 3025 1102 unum
3055 1048 3356 1116 imperator
3380 1048 3483 1101 sibi
3513 1051 3580 1102 ad
3650 1051 3794 1103 hanc

513 1170 748 1225 pugnam
777 1152 1208 1209 commilitonem
1240 1149 1561 1203 auxiliare-tu
1647 1144 1972 1212 adiunxerat
2038 1140 2402 1211 Nicephorum
2460 1157 2639 1196 meum
2690 1141 2962 1195 Czesarem
2992 1158 3006 1194 ι
3032 1140 3201 1212 454
3232 1156 3393 1209 quem
3466 1141 3708 1209 iusserat
3744 1146 3798 1197 in

512 1249 706 1304 divinis
740 1249 894 1305 libris
919 1250 1055 1304 bene
1084 1249 1197 1319 iam
1233 1258 1388 1301 antea
1420 1255 1717 1308 versatum,
1753 1240 2009 1310 colligere
2035 1242 2102 1294 ad
2146 1251 2467 1310 praesentem
2517 1256 2675 1294 usum
2730 1242 3040 1310 habereque
3092 1241 3143 1293 iu
3218 1250 3470 1309 promptu
3541 1253 3709 1310 atque
3748 1241 3797 1294 iu

513 1352 759 1414 tempore
781 1358 1077 1415 suggerere
1108 1339 1418 1394 testimonia
1444 1350 1725 1393 sacrorum
1748 1334 2095 1389 oraculorum
2136 1349 2260 1403 quae
2284 1344 2469 1405 aperte
2506 1336 2845 1389 revincendis
2907 1334 3519 1405 l’hiIippopolitauornm
3592 1339 3804 1391 errori-

514 1441 614 1495 bus
663 1446 786 1508 apta
840 1448 1045 1492 essent.
1082 1433 1314 1488 Fructus
1362 1432 1571 1487 exstitit
1614 1444 1793 1498 operae
1859 1442 2129 1499 magnus:
2209 1428 2457 1497 plurimis
2533 1426 2952 1483 Manichaeorum
3025 1428 3323 1496 pertinacia
3401 1437 3457 1482 et
3522 1431 3795 1484 dubitatio

513 1532 693 1586 omnis
721 1540 968 1600 exempta
998 1539 1100 1584 est.
1135 1528 1287 1582 Ibant
1328 1524 1571 1596 persuasi
1607 1537 1770 1576 exuto
1804 1537 1990 1576 errore
2022 1520 2089 1575 ad
2139 1520 2478 1587 sacerdotes,
2532 1521 2679 1575 etab
2709 1520 2775 1575 iis
2805 1527 3025 1589 peccata
3060 1520 3203 1574 ultro
3272 1520 3371 1589 ipsi
3404 1536 3498 1574 sua
3569 1523 3807 1582 fatentes

515 1622 947 1689 damnautesque
1021 1620 1187 1674 divini
1260 1616 1512 1687 baptismi
1603 1616 1809 1669 ﬁebant
1859 1615 2176 1685 participes.
2218 1612 2416 1668 Multos
2443 1621 2623 1667 tamen
2657 1614 2840 1667 videre
2869 1623 2986 1668 erat
3028 1613 3493 1681 eodemtempore
3544 1629 3803 1681 perversa

512 1714 818 1769 constantia
853 1729 1034 1767 veram
1086 1710 1227 1765 illaut
1277 1720 1331 1764 et
1379 1717 1623 1764 sanctam
1658 1706 2092 1763 Machabzeorum
2133 1707 2484 1773 aunulantes,
2546 1706 2657 1761 imo
2710 1716 3052 1775 superantes.
3114 1705 3331 1759 Etenim
3401 1715 3456 1759 ut
3550 1707 3623 1760 illi
3703 1724 3805 1777 pro

515 1822 670 1862 sacra
705 1806 999 1876 divinaque
1053 1803 1333 1872 religione,
1386 1803 1457 1855 ita
1524 1801 1579 1855 hi
1631 1816 1731 1869 pro
1799 1814 1899 1854 suo
1968 1799 2178 1854 nefario
2218 1813 2405 1854 errore
2429 1799 2867 1869 proiiugnabant,
2904 1809 3213 1867 perstantes
3242 1799 3294 1853 in
3323 1815 3411 1863 eo,
3458 1802 3807 1869 proferentes

511 1900 839 1970 quinetiam
892 1897 1249 1953 auctoritates
1284 1906 1337 1948 et
1369 1893 1672 1950 sententias
1708 1892 1971 1947 librorum
2065 1891 2372 1946 divinorum
2447 1892 2646 1962 quibus
2705 1907 2866 1946 suum
2925 1892 3247 1961 tiiSptttabile
3306 1893 3510 1947 tirmari
3610 1897 3807 1965 dogma

511 1994 826 2051 credebant.
853 1990 1056 2046 Verum
1092 1999 1145 2044 ct
1180 1989 1371 2043 hormu
1414 1987 1686 2056 plerisque
1717 1986 1878 2040 istam
1941 1986 2004 2039 ad
2038 1994 2345 2040 extremum
2404 1985 2802 2040 contumaciam
2869 1987 3201 2054 quotidianae
3290 1988 3644 2046 allocutiones
3686 1994 3797 2045 im-

513 2087 781 2156 peratoris
816 2096 872 2140 et
906 2085 995 2139 illa
1068 2083 1299 2139 miseros
1350 2081 1673 2136 admonendi
1744 2079 2179 2150 adhortandique
2219 2081 2759 2149 perseverantissime
2806 2081 3046 2150 dignatio
3077 2083 3298 2152 eripuit,
3346 2094 3402 2137 ut
3446 2084 3558 2152 iam
3594 2096 3648 2141 et
3683 2106 3810 2144 cre-

509 2181 659 2244 dere,
690 2190 745 2235 et
779 2194 938 2235 sacro
964 2178 1291 2246 baptismate
1342 2173 1544 2229 initiari
1591 2174 1826 2229 convicti
1864 2173 2086 2237 vellent,
2132 2182 2295 2242 atque
2329 2174 2473 2227 ultro
2496 2185 2820 2241 poscerent;
2853 2190 3085 2243 quorum
3113 2172 3262 2229 salus
3320 2179 3534 2233 abunde
3596 2196 3797 2248 magna

510 2282 589 2329 tot
650 2274 898 2329 laborum
950 2285 1165 2327 merces
1210 2268 1458 2341 Augusto
1496 2268 1818 2333 videbatur;
1895 2266 2136 2336 tantique
2217 2266 2292 2320 illi
2362 2275 2482 2320 erat
2538 2267 3133 2323 mrumnosissimorum
3194 2283 3585 2337 congressuum
3640 2288 3808 2326 exor-

510 2363 637 2418 bere
671 2364 827 2435 longa
857 2361 1039 2425 taedia,
1072 2358 1204 2413 solis
1232 2358 1299 2413 ab
1330 2366 1523 2414 exortu
1556 2360 1732 2428 primo
1760 2358 1826 2411 ad
1870 2354 2352 2427 profundissimam
2420 2359 2620 2427 stepius
2690 2368 2905 2414 noctem
2954 2358 3291 2427 durantium,
3342 2376 3370 2414 a
3460 2363 3656 2432 quibus
3734 2381 3806 2421 ne

511 2457 773 2512 memoria
799 2458 1016 2526 quidem
1064 2473 1187 2512 eum
1262 2469 1357 2513 aut
1424 2457 1725 2512 necessitas
1798 2455 2023 2510 curandi
2099 2453 2332 2509 avellere
2376 2455 2625 2525 Corporis
2670 2465 2903 2525 poterat,
2945 2466 3088 2511 totos
3138 2458 3461 2527 plerumque
3506 2459 3805 2529 impastum

508 2548 627 2603 dies
655 2549 708 2603 in
739 2549 845 2603 illis
879 2549 1338 2604 fastidiosissimis
1384 2549 1583 2619 iurgiis
1629 2559 2094 2618 perseverantem,
2137 2546 2299 2616 idque
2342 2562 2439 2617 per
2491 2558 2683 2602 aestum
2717 2550 2818 2603 sub
2848 2549 2962 2603 sole
2997 2549 3234 2616 ardenti,
3271 2565 3395 2603 nam
3459 2550 3561 2605 ista
3628 2553 3805 2607 collo-

508 2644 634 2719 quia
663 2644 717 2699 in
750 2642 1019 2698 subdivali
1054 2641 1411 2698 tabernaculo
1451 2643 1672 2697 ﬁebant.

585 2735 721 2791 Dum
784 2733 903 2788 haec
936 2734 1175 2786 maxime
1230 2741 1498 2801 geruntur
1550 2742 1605 2785 et
1664 2735 1954 2786 verborum
1998 2730 2178 2790 ltocA

513 2826 759 2896 praelium
785 2831 950 2890 atque
977 2823 1251 2876 rationum
1288 2836 1411 2875 cum
1455 2820 1772 2876 Manichteis
1808 2820 2001 2875 initum
2049 2821 2101 2873 in

516 2916 938 2989 ﬂagrantissima
969 2914 1358 2969 commissione
1387 2922 1510 2981 est,
1550 2914 1770 2983 quidam
1815 2927 1945 2968 ecce
1975 2927 2105 2967 cur-

515 3010 686 3065 riculo
710 3007 778 3063 ab
808 3006 946 3062 Istro
968 3007 1197 3061 veniens
1230 3005 1519 3076 traiecisse
1556 3006 1773 3060 nuntiat
1804 3005 2099 3061 Comanos.

518 3102 737 3170 ltumpit
774 3100 841 3154 ad
870 3115 991 3155 eam
1034 3114 1220 3154 vocem
1249 3100 1548 3169 imperator
1576 3115 1758 3156 moras
1793 3116 2007 3166 omnes,
2050 3110 2103 3155 et

518 3195 822 3249 Danubium
871 3208 1064 3250 versus
1087 3192 1363 3263 extemplo
1416 3202 1619 3258 movet,
1678 3195 1976 3263 assumptis
2015 3209 2107 3248 ra-

516 3287 648 3355 ptim
678 3302 816 3357 quos
849 3285 990 3341 forte
1020 3285 1169 3341 circa
1201 3300 1262 3342 se
1291 3286 1481 3341 habuit
1515 3286 1806 3341 militibus.
1854 3284 1989 3341 Cum
2022 3286 2108 3339 his

515 3394 729 3433 summa
788 3377 1067 3433 celeritate
1114 3392 1267 3445 usus,
1299 3378 1548 3447 pervenit
1593 3377 1682 3432 ille
1732 3379 1949 3447 quidem
1993 3380 2103 3432 cito

517 3470 782 3543 Bidyneu,
830 3480 1084 3526 cteterutu
1118 3470 1228 3525 illic
1279 3479 1339 3525 ut
1370 3481 1690 3541 speraverat
1738 3486 1846 3525 non
1893 3472 2101 3540 reperit

518 3565 810 3619 liarbaros.
843 3561 1112 3617 Nimirum
1146 3562 1199 3617 hi
1242 3572 1463 3632 accepta
1496 3561 1643 3616 fama
1669 3570 1893 3617 strenue
1916 3574 2107 3616 contra

518 3658 666 3725 ipsos
702 3656 954 3712 vadentis
991 3655 1220 3726 Augusti
1259 3653 1492 3725 traiecto
1521 3656 1717 3709 iterum
1752 3669 1913 3709 amne
1937 3665 2111 3708 retro-

519 3758 829 3804 cesseraut.
868 3747 968 3802 llic
1009 3751 1309 3815 imperator
1354 3757 1696 3817 segregatam
1751 3761 1816 3801 ex
1855 3747 2110 3801 omnibus

519 3841 692 3906 copiis
727 3841 922 3895 lectam
958 3840 1180 3894 fortiqu
1219 3853 1440 3893 manum
1506 3839 1586 3892 ire
1614 3846 1737 3907 post
1769 3837 1989 3905 fugaces
2025 3842 2114 3908 iu-

522 3932 634 3983 het.
662 3927 972 3983 Transeunt
999 3928 1195 3983 Istrum
1230 3927 1308 3981 illi
1342 3937 1395 3982 et
1422 3928 1598 3983 tribus
1628 3927 1821 3982 diebus
1857 3931 2108 3983 totidem-

524 4033 631 4087 que
660 4018 913 4072 nOctibus
945 4032 1156 4071 summa
1190 4017 1239 4070 vi
1286 4017 1473 4072 hostes
1503 4016 1730 4071 insecuti
1767 4019 1984 4071 tandem
2016 4035 2109 4074 eos

2288 2728 2378 2780 ’Ev
2406 2726 2517 2794 ὅσῳ
2544 2725 2806 2778 δὲταῦτα
2839 2725 3099 2791 ἐτελεῖτο,
3139 2727 3235 2779 καὶ
3278 2728 3309 2798 ἠ
3365 2726 3562 2799 λογικὴ
3614 2730 3806 2799 ἐκείνη

2214 2820 2354 2892 μετά
2386 2819 2496 2872 τῶν
2530 2819 2852 2888 Μανιχαίων
2889 2822 3274 2889 συνεκροτεῖτο
3323 2820 3550 2890 ἅμιλλα,
3589 2822 3811 2891 φθάσας

2210 2932 2300 2978 τις
2342 2913 2451 2967 ἀπὸ
2484 2912 2579 2966 τοῦ
2614 2911 2828 2982 Ἴστρου
2879 2912 2979 2983 τὴν
3004 2913 3113 2965 τῶν
3158 2914 3432 2983 Κομάνων
3487 2916 3811 2985 ἀπήγγελλε

2208 3003 2625 3075 διαπεραίωσιν.
2670 3002 2729 3055 '0
2784 3003 2842 3056 δὲ
2889 3002 3146 3073 βασιλεὺς
3201 3006 3275 3073 μὴ
3336 3005 3614 3075 μελλήσας
3663 3008 3812 3073 ὅλως

2211 3098 2349 3174 πρὸς
2400 3099 2491 3152 τὸν
2545 3097 2808 3150 Δάνουὸιν
2836 3097 3060 3167 ἤλαυνε,
3102 3100 3214 3161 τοῖς
3246 3099 3605 3169 περιτυχοῦσι
3637 3118 3812 3170 στρα-

2210 3192 2437 3253 τιώταις
2474 3191 2957 3260 συγχρησάμενος,
2990 3190 3086 3242 καὶ
3116 3190 3216 3260 τὴν
3242 3190 3470 3262 Βιδύνην
3498 3191 3609 3261 (61)
3634 3211 3810 3246 κατα-

2210 3284 2395 3339 λαϐὼν
2426 3284 2520 3337 καὶ
2551 3284 2679 3346 τοὺς
2711 3282 3037 3352 Βαρϐάρους
3073 3282 3148 3352 μὴ
3178 3283 3431 3351 εὑρηκώς
3451 3300 3463 3313 ·
3524 3285 3811 3353 προέφθα-

2213 3394 2312 3429 σαν
2346 3377 2453 3446 γὰρ
2482 3375 2580 3446 τὴν
2611 3372 2706 3427 τοῦ
2733 3374 3137 3445 αὐτοκράτορος
3169 3374 3382 3428 ἔλευσιν
3415 3376 3811 3446 μεμαθηκνῖτες

2212 3469 2290 3529 εἰς
2340 3467 2587 3521 τούπίσω
2645 3466 3011 3537 διαπερᾶσαι·
3064 3472 3411 3540 παραχρῆμα
3460 3470 3812 3540 στρατιώτας

2211 3562 2499 3629 γενναίους
2542 3559 2966 3630 ἁποδιελόμενος
3018 3562 3117 3630 τὴν
3168 3563 3279 3615 τῶν
3334 3562 3642 3635 Βαρϐάρων
3684 3564 3813 3617 ἐπι-

2211 3653 2395 3720 δίωξιν
2424 3653 2745 3724 ἐπέτρεψεν.
2768 3654 2831 3705 Οἱ
2861 3652 2916 3705 δέ
2947 3655 3183 3706 κατόπιν
3213 3655 3420 3707 τούτων
3449 3657 3804 3727 παραχρῆμα

2213 3747 2447 3817 ἤλαυνον
2496 3748 2586 3800 τὸν
2632 3747 2848 3816 Ἴστρον
2885 3746 3320 3817 διαπεράσαντες
3374 3749 3469 3802 καὶ
3517 3750 3612 3802 ἐπὶ
3655 3751 3809 3820 τρισὶ

2213 3837 2504 3901 διώκοντες
2534 3838 2921 3909 νυχθημέροις.
2974 3840 3126 3892 Ἐπεὶ
3158 3840 3288 3903 τοὺς
3326 3842 3616 3911 Κομάνους
3642 3842 3811 3895 ἐθεά-

2216 3948 2399 3994 σαντο,
2448 3932 2515 3983 δι’
2545 3925 2620 3984 ὧν
2669 3933 3008 4000 ἐπεφέροντο
3069 3931 3322 4002 σχεδιῶν,
3364 3933 3457 3986 τὸν
3490 3935 3670 3987 ἐκεῖσε
3708 3935 3809 3988 τοῦ

2217 4020 2535 4084 Δανούὸεως
2565 4020 2760 4092 ῥέοντα
2814 4021 3060 4092 ποταμὸν
3097 4021 3567 4092 διαπεράσαντες,
3620 4026 3810 4095 ἄπρα-

524 4108 712 4165 vident
743 4109 1034 4179 quemdam
1077 4106 1217 4162 ultra
1255 4108 1559 4162 Danubium
1594 4107 1857 4163 fluentem
1902 4111 2109 4164 ratibus

2218 4128 2338 4164 κτοι
2392 4112 2531 4185 πρὸς
2583 4111 2675 4165 τὸν
2723 4112 3106 4185 αὐτοκράτορα
3156 4115 3593 4186 ἐπανέστρεψαν.
3640 4118 3698 4171 '0
3747 4119 3812 4170 δὲ

523 4216 662 4269 quas
711 4201 965 4256 ferebant
1007 4215 1193 4255 secum
1237 4200 1522 4271 traiecisse
1576 4198 1832 4265 ﬂuvium;
1869 4217 1988 4271 qua:
2022 4216 2108 4257 res

520 4308 616 4347 eos
645 4293 824 4346 redire
851 4292 917 4345 ad
955 4291 1340 4360 imperatorem
1374 4293 1561 4346 irritos
1588 4293 1700 4360 spei
1731 4293 2017 4363 compulit.
2060 4291 2110 4347 ls

521 4386 621 4438 etsi
655 4385 885 4440 moleste
936 4384 1096 4449 tulit,
1139 4400 1244 4438 non
1301 4383 1471 4439 fuisse
1517 4386 1893 4454 deprehensos
1931 4404 1956 4437 a
1993 4386 2110 4439 suis

522 4476 853 4532 exercitibus
883 4476 1152 4546 fugientes
1199 4475 1491 4541 Barbaros,
1551 4485 1729 4530 tamen
1773 4478 1824 4530 in
1870 4478 2112 4532 vicIOriw

524 4580 676 4637 parte
715 4570 1021 4623 numeravit
1075 4566 1258 4638 fugam
1312 4568 1459 4622 illam
1503 4567 1673 4636 ipsam
1714 4568 1950 4623 hostium
1993 4571 2108 4625 sola

524 4662 713 4727 proml
761 4659 904 4716 fama
948 4662 1310 4730 repulsorum,
1374 4660 1669 4716 accedente
1698 4664 2000 4731 prmsertim
2040 4665 2109 4718 ad

526 4754 658 4805 tueri
686 4754 960 4808 cumulum
993 4769 1054 4809 ea
1089 4753 1435 4825 expeditione
1477 4751 1606 4807 facti
1641 4755 1989 4810 traductione
2031 4767 2111 4810 tot

531 4846 809 4898 hominum
842 4861 872 4899 a
907 4845 1113 4900 nefaria
1139 4843 1560 4899 Manichaeorum
1586 4843 1776 4899 haeresi
1812 4847 1874 4899 ad
1907 4858 2109 4901 rectam

527 4951 767 4990 nostram
804 4948 859 4991 et
905 4954 1092 4992 sanam
1127 4938 1309 4991 fidem.
1359 4937 1450 4991 Bis
1497 4936 1662 5006 igitur
1694 4939 1869 4992 victor
1901 4951 1953 4992 et
1987 4952 2104 4994 tro-

527 5046 640 5097 νέω
668 5031 869 5098 duplici
904 5045 1107 5099 erceto,
1169 5031 1342 5085 ΜιθΓο
1404 5030 1454 5084 vi
1516 5046 1792 5084 armorum
1843 5031 2106 5087 adversus

531 5123 816 5187 Barbaros,
870 5122 1044 5177 altero
1088 5123 1439 5179 contentione
1469 5122 1855 5192 disputationis
1888 5124 2107 5193 religio-

528 5210 758 5266 sissima:
816 5211 1081 5266 adversus
1120 5209 1283 5282 455
1328 5211 1636 5277 haereticos,
1689 5210 2103 5282 Philippopolim

2212 4204 2466 4274 βασιλεὺς
2517 4204 2715 4276 fr.qu
2775 4207 2874 4277 μὲν
2923 4207 3006 4259 ὃτι
3060 4207 3137 4279 μὴ
3185 4210 3613 4281 κατελήφθησαν
3650 4215 3811 4282 παρὰ

2209 4300 2319 4351 τῶν
2371 4300 2797 4369 στρατευμάτων
2840 4299 2888 4352 οἱ
2932 4301 3226 4371 Βάρῦαροι,
3278 4303 3427 4372 ὅμως
3479 4304 3662 4372 μέντοι
3711 4307 3811 4357 καὶ

2209 4389 2370 4442 τοῦτο
2401 4390 2565 4459 μέρος
2606 4389 2764 4459 νίκης
2796 4394 3062 4459 ἡγήσατο.
3096 4394 3178 4445 ὅτι
3214 4392 3272 4456 ἐξ
3302 4395 3471 4463 ἀκοῆς
3504 4395 3601 4447 καὶ
3633 4394 3810 4463 μόνης

2210 4482 2336 4544 τοὺς
2382 4481 2704 4551 Βαρδάρους
2754 4483 2968 4547 ἀπῶσε,
3007 4486 3101 4535 καὶ
3146 4484 3228 4536 ὅτι
3268 4486 3499 4549 πολλοὺς
3552 4486 3661 4538 τῶν
3698 4488 3816 4539 ἀπὸ

2212 4574 2307 4641 τῆς
2362 4573 2710 4643 Μανιχαῖκῆς
2763 4573 3029 4643 αἱρέσεως
3082 4576 3162 4638 εἰς
3192 4575 3291 4645 τὴν
3323 4577 3601 4645 ἡμετέραν
3641 4578 3818 4647 μετήο

2212 4680 2371 4730 νεγκε
2399 4664 2602 4726 πίστιν,
2626 4651 2849 4719 διπλοῦν
2874 4666 3219 4735 στησάμενος
3238 4669 3524 4737 τρόπαιον,
3545 4669 3641 4722 καὶ
3661 4686 3764 4723 κατ
3781 4673 3813 4722 ﬁt

2212 4753 2519 4829 Βαρϐάρων
2540 4758 2648 4810 ἀπὸ
2670 4760 2777 4811 τῶν
2814 4758 3017 4825 ὅπλων,
3055 4763 3147 4813 καὶ
3182 4763 3327 4815 κατὰ
3370 4762 3478 4816 τῶν
3510 4762 3820 4833 αἱρετικῶν

2211 4848 2319 4900 ἀπὸ
2359 4850 2469 4902 τῶν
2509 4851 2921 4905 εὐσεϐεστάτων
2958 4853 3156 4922 λόγων.
3202 4856 3590 4927 Ὑποστρέψας
3624 4856 3819 4909 τοίνυν

2216 4939 2311 4991 καὶ
2344 4936 2501 5003 αὖθις
2525 4945 2604 5003 εἰς
2633 4941 3086 5011 Φιλιππούπολιν,
3127 4949 3220 5001 καὶ
3257 4950 3455 5018 μικρὸν
3497 4948 3815 5002 διαναπαύ-

2220 5048 2317 5092 σας
2357 5032 2569 5094 ἐαυτὸν,
2625 5034 2785 5086 πάλιν
2810 5035 3034 5101 ἀγώνων
3058 5040 3251 5108 εἵλετο.
3278 5042 3381 5093 Τὸν
3420 5040 3526 5110 γάρ
3552 5059 3631 5093 τοι
3664 5044 3817 5094 Κου-

2218 5124 2410 5177 λέοντα
2443 5126 2537 5177 καὶ
2585 5126 2677 5178 τὸν
2719 5127 3004 5191 Κούσινον,
3040 5136 3134 5184 καὶ
3171 5132 3261 5183 τὸν
3298 5135 3389 5186 ἐπὶ
3442 5133 3651 5197 τούτοις
3686 5135 3819 5187 Φῶ-

2220 5216 2331 5282 λον,
2368 5215 2568 5285 ἄνδρας
2610 5220 2923 5288 προστάτας
2964 5223 3062 5292 τῆς
3110 5225 3462 5295 Μανιχαῐκῆς
3510 5228 3813 5296 αἱρέσεως.

528 5308 818 5361 revertitur
882 5307 1084 5376 ibique,
1133 5308 1342 5361 modica
1387 5307 1568 5377 quiete
1614 5317 1796 5374 capta,
1850 5309 2106 5378 applicuit

2221 5307 2330 5361 Kal.
2360 5306 2429 5360 τὰ
2466 5308 2566 5377 μὲν
2615 5310 2754 5364 ἄλλα
2806 5315 2946 5367 κατὰ
2997 5314 3127 5379 τοὺς
3184 5316 3382 5382 ἄλλους
3438 5320 3815 5389 Μανιχαίους,

1574 5420 1777 5482 Variae
1811 5422 2126 5485 lectiones
2179 5440 2254 5484 ex
2283 5422 2424 5485 cod.
2471 5423 2745 5487 Coislin.

598 5524 619 5555 ³
654 5517 721 5593 ἦν
750 5520 897 5577 ἰδεῖν.

1597 5636 1739 5700 Car.
1774 5635 2109 5698 Dufresnii
2151 5638 2250 5698 Du
2286 5636 2507 5718 Cangii
2543 5651 2733 5705 noue.

598 5739 713 5811 (6.1)
753 5739 1032 5809 Βιδύνηιο.
1064 5739 1282 5810 liidyoze
1317 5747 1517 5795 mentio
1555 5746 1635 5794 est
1668 5739 1807 5805 apud
1838 5737 2108 5792 Zonaram
2145 5749 2197 5794 et
2236 5737 2526 5809 Scylitzem
2552 5743 2605 5798 in
2643 5743 3064 5818 Bulgaroctono,
3093 5760 3146 5807 et
3179 5749 3425 5809 Suidam.
