4086 6430
302 445 440 511 1105

1490 458 1903 520 ALEXlADlS
1944 462 2095 523 LIB.
2133 463 2289 525 XIV.

3422 455 3560 521 1106

299 561 507 625 δεινοὺς
538 560 594 614 δὲ
632 562 887 632 ἐνςτῆναι
917 567 982 638 τῇ
1019 566 1232 624 ἑαυτῶν
1267 570 1587 643 κακοδοξίᾳ,
1612 575 1710 627 καὶ
1740 574 1879 644 πρὸς

1995 591 2173 631 rursus
2203 576 2442 631 animum
2474 576 2540 631 ad
2598 574 2926 630 Maniclueos
2981 574 3210 643 repetita
3270 584 3560 631 concerta-

300 653 363 705 τὸ
421 654 713 723 πεισθῆναι
776 655 959 725 λόγοις
1006 660 1429 733 ἀδαμαντίνους,
1487 666 1767 735 σπαράξαι
1822 666 1880 719 δὲ

303 742 447 795 οεῐον
499 745 702 811 λόγιον,
760 748 856 799 καὶ
920 753 1274 821 κακοσχόλως
1299 754 1450 825 αύτῷ
1498 755 1750 809 ἐκλαϐεῖν
1804 757 1884 818 είς

302 834 616 906 ὑπερϐολὴν
668 839 1033 910 εὐμηχάνους.
1094 844 1330 907 Τούτους
1386 848 1882 919 μεταπεμπόμενος

301 927 425 980 καθ’
460 929 677 1001 ἡμέραν
703 933 942 1005 ἑκάστην
975 936 1113 1005 πρὸς
1133 938 1333 1003 αὐτοὺς
1356 942 1448 995 τὸν
1502 941 1723 1007 λογικὸν
1756 960 1884 996 συν-

299 1022 526 1091 εκράτει
552 1027 572 1056 ³
610 1025 865 1094 πόλεμον,
903 1028 999 1081 καὶ
1030 1025 1098 1100 ἦν
1134 1031 1262 1084 ἰδεῖν
1301 1033 1486 1101 ἀγῶνα
1515 1035 1758 1089 διπλοῦν·
1787 1036 1880 1089 τοῦ

305 1113 408 1181 μὲν
443 1113 707 1183 βασιλέως
736 1116 889 1182 ὅπως
922 1120 1171 1188 σωθετεν,
1208 1124 1303 1177 καὶ
1342 1126 1550 1197 σφόδρα
1587 1128 1884 1196 ὑπεραγωσι

300 1202 607 1273 νιζόμενον,
639 1208 750 1260 τῶν
780 1209 826 1261 δ’
870 1212 1026 1276 ὅπως
1081 1215 1367 1284 νικήσειαν
1400 1216 1706 1288 λεγομένην
1768 1220 1884 1272 Κα-

298 1294 497 1364 δμείαν
528 1299 1095 1367 διαφιλονεικούντων.
1151 1307 1372 1361 Ἐστᾶσι
1420 1311 1520 1379 μὲν
1566 1310 1675 1381 γὰρ
1713 1311 1806 1364 καὶ
1834 1311 1886 1363 oi

297 1388 454 1457 τρεῖς
498 1388 763 1460 θήξαντες
816 1394 1084 1465 ἀλλήλους
1134 1399 1389 1470 καθάπερ
1445 1400 1588 1453 συῶν
1647 1402 1882 1468 ὀδόντες,

298 1478 397 1530 καὶ
435 1480 561 1543 τοὺς
606 1480 800 1550 λόγους
833 1486 927 1538 τοῦ
991 1488 1403 1562 αὐτοκράτορος
1458 1495 1517 1546 ὲν
1558 1495 1634 1565 νῷ
1667 1495 1885 1567 ἔχοντες

298 1569 634 1641 διατέμνειν.
669 1576 777 1628 Καὶ
824 1578 989 1643 εἴτις
1020 1581 1113 1635 τὸν
1159 1582 1427 1638 Κούσινον
1472 1587 1769 1656 ὲξέφευγεν
1797 1590 1886 1643 ἐν·

300 1680 512 1729 στάσις,
554 1667 759 1739 ταύτης
791 1672 818 1723 ό
850 1673 1103 1727 Κουλέων
1126 1676 1586 1747 ἀντελαμόάνετο,
1614 1684 1708 1735 καὶ
1740 1683 1883 1754 ἀμη-

296 1758 595 1826 χανοῦντος
650 1762 1005 1829 Κουλέοντος,
1056 1770 1083 1820 ό
1130 1769 1311 1834 Φῶλος
1382 1771 1539 1835 αὖθις
1629 1775 1886 1839 ἀντεξαν-

299 1849 507 1915 ίττατο,
560 1852 592 1922 ἦ
644 1853 737 1907 καὶ
780 1857 918 1927 πρὸς
976 1859 1077 1922 τὰς
1131 1861 1419 1927 βασιλικὰς
1452 1865 1747 1934 προτάσεις
1791 1868 1886 1920 καὶ

298 1941 606 2011 ὑποφορὰς,
639 1947 787 2017 ἄλλῳ
830 1950 926 2002 σὺν
955 1952 1044 2004 ἐπ’
1074 1953 1222 2023 ἄλλῳ
1249 1956 1270 1986 ⁸
1304 1955 1583 2027 ἠγείρετο,
1625 1957 1882 2028 καθάπερ

300 2031 540 2102 μέγιστα
605 2037 829 2108 κύματα
898 2044 992 2096 ἐπὶ
1058 2046 1318 2115 μεγάλοις
1386 2048 1882 2120 καταλαμϐάνοντα

300 2124 568 2196 κύμασιν.
626 2131 689 2185 '0
748 2133 807 2185 δὲ
868 2136 1230 2210 αὐτοκράτωρ
1268 2139 1370 2203 τὰς
1428 2140 1613 2204 πάσας
1672 2142 1883 2196 τούτων

296 2216 540 2273 διαλύων
593 2222 670 2286 ὡς
718 2225 869 2280 ίστδν
912 2230 1164 2300 ἀράχνης
1215 2232 1518 2297 ἐνστάσεις,
1564 2234 1882 2305 ὲπέρῤαπτε

299 2310 404 2379 μὲν
437 2313 599 2376 εὐθὺς
631 2316 741 2370 τῶν
765 2319 1095 2389 ἀκαθάρτων
1142 2323 1211 2378 τὰ
1257 2324 1526 2395 στόματα.
1568 2327 1657 2388 Ὠς
1684 2326 1742 2379 δὲ
1781 2327 1880 2379 πέ-

299 2416 496 2456 πεικεν
526 2405 799 2476 οὐδαμῶς,
854 2410 1009 2474 τέλος
1062 2414 1385 2485 ἀπειρηκὼς
1431 2416 1569 2484 πρὸς
1618 2415 1720 2485 τὴν
1773 2414 1884 2469 τῶν

304 2493 520 2566 ἀνδρῶν
572 2499 779 2555 τούτων
823 2504 1144 2577 ἠλιθιότητα
1195 2508 1517 2577 προπέμπει
1545 2507 1773 2570 τούτους
1805 2510 1887 2571 εἰς

302 2586 404 2656 τὴν
435 2588 688 2657 βασιλίδα
715 2594 891 2662 πόλιν,
920 2597 1109 2651 ἑστίαν
1137 2600 1678 2671 ἀποκληρωσάμενος
1700 2600 1887 2662 αὐτοῖς

300 2679 399 2744 τὰς
435 2683 565 2753 περὶ
590 2685 651 2737 τὸ
685 2686 830 2755 μέγα
855 2689 1123 2743 παλάτιον
1145 2692 1515 2763 περιδρόμους
1542 2695 1706 2756 στοᾶς
1740 2692 1874 2761 (65}-

1991 673 2136 725 tione
2166 670 2233 725 ab
2260 684 2446 726 errore
2480 670 2850 725 deducendos.
2876 667 3057 722 Facile
3089 668 3366 737 principes
3394 676 3562 724 secta:

1991 764 2153 818 tetius
2183 772 2341 818 erant
2369 762 2595 824 Culeon.
2623 761 2878 826 Cusinus,
2910 769 2963 816 et
2991 760 3215 823 Pholus,
3249 776 3355 815 non
3390 759 3566 814 solum

1988 855 2420 923 pertinacissima
2467 854 2682 926 ingenia
2717 863 2992 922 concepta
3031 852 3187 907 istius
3236 852 3523 924 pravitatis
3551 890 3567 915 ,

1991 966 2177 1005 verum
2211 951 2377 1007 etiam
2441 949 2773 1004 auctoritate
2831 958 2995 1017 alque
3040 946 3253 1001 artibus
3306 946 3568 999 instructa

1986 1044 2237 1099 omnibus
2260 1043 2380 1112 ejus
2410 1042 2801 1111 persuadendae
2833 1040 3327 1112 propagandaeque.
3381 1038 3567 1106 Itaque

1988 1139 2042 1191 in
2080 1137 2147 1191 iis
2177 1137 2513 1206 praecipuum
2554 1141 2911 1198 momentum,
2979 1132 3033 1186 in
3088 1131 3174 1186 his
3220 1129 3364 1183 haud
3407 1126 3572 1182 dubie

1988 1231 2055 1283 ad
2088 1242 2403 1283 successum
2433 1227 2635 1297 negotii
2668 1228 2834 1281 totius
2878 1224 2991 1294 spei
3024 1224 3189 1278 cardo
3220 1220 3561 1276 vertebatur.

1989 1323 2059 1375 At
2092 1321 2253 1376 iidem
2284 1321 2387 1375 viri
2424 1334 2533 1390 prae
2565 1319 2809 1383 caeteris,
2845 1326 2903 1372 ut
2934 1316 3196 1381 diximus,
3254 1313 3397 1367 affixi
3432 1326 3573 1381 prte-

1985 1413 2242 1484 judicatis
2299 1410 2666 1481 opinionibus,
2700 1408 2850 1466 surdi
2883 1408 2949 1463 ad
2984 1406 3211 1472 monita,
3242 1406 3308 1459 ad
3342 1418 3575 1473 persua-

1988 1504 2169 1558 siones
2200 1502 2558 1567 adamantini,
2606 1501 2735 1571 quin
2786 1500 2950 1556 etiam
2984 1498 3037 1554 in
3071 1498 3214 1554 ultro
3260 1496 3573 1552 lacessenda

1990 1596 2387 1665 lacerandaque
2420 1593 2669 1649 doctrina
2713 1608 2869 1659 sana,
2915 1590 3129 1648 cavillis
3193 1587 3483 1644 malitiosis
3520 1595 3578 1642 et

1990 1685 2190 1741 astutis
2259 1686 2576 1757 argutisque
2641 1684 2993 1754 sophismatis
3075 1680 3574 1739 calumniosissime

1991 1779 2236 1843 verbosi,
2269 1780 2479 1849 sperari
2524 1779 2612 1833 vix
2639 1777 2896 1834 sinebant
2927 1781 3070 1847 quod
3102 1774 3403 1846 optandum
3433 1779 3573 1827 erat.

1989 1874 2291 1943 Aggressus
2334 1872 2687 1927 nihilominus
2740 1871 2991 1928 homines
3039 1870 3316 1940 Augustus
3364 1874 3471 1930 est,
3521 1872 3578 1919 et

1990 1980 2112 2019 cum
2161 1964 2228 2018 iis
2274 1963 2520 2032 quotidie
2580 1963 2648 2017 ad
2716 1977 2774 2017 se
2823 1961 3037 2018 vocatis
3104 1958 3573 2015 concertationem

1989 2054 2229 2125 suscepit
2260 2069 2443 2110 aerem
2495 2062 2551 2109 et
2584 2052 2673 2108 diu
2708 2053 3001 2122 ancipitem
3036 2048 3255 2104 obnixis
3295 2046 3576 2113 utrimque

1987 2148 2184 2204 studiis
2211 2146 2659 2202 contendentium
2684 2161 2698 2198 :
2722 2160 2844 2200 cum
2878 2144 3176 2214 imperator
3198 2140 3416 2211 quidem
3439 2134 3576 2191 nihil

1991 2237 2094 2293 sibi
2124 2238 2333 2292 faceret
2363 2236 2557 2306 reliqui
2590 2236 2656 2290 ad
2683 2251 2906 2291 omnem
2965 2249 3153 2289 curam
3196 2244 3580 2299 summumque

1991 2338 2244 2386 conatum
2286 2328 2650 2398 persuadendi
2687 2327 2916 2396 perditis
2946 2335 3007 2382 ut
3035 2325 3171 2383 salvi
3198 2340 3319 2380 esse
3349 2322 3568 2386 vellent,

1986 2423 2065 2477 illi
2116 2431 2304 2477 contra
2334 2420 2550 2477 stolidis
2579 2420 2851 2476 renisibus
2909 2418 3170 2474 indomita
3200 2416 3572 2472 obstinatione

1986 2516 2040 2569 in
2068 2514 2274 2568 furioso
2299 2527 2419 2568 sese
2452 2512 2680 2568 consilio
2708 2512 3026 2582 respuendae
3061 2511 3255 2566 salutis
3275 2509 3576 2565 oblirman-

1986 2616 2069 2662 tes
2124 2604 2255 2660 totis
2309 2604 2699 2659 incumbebant
2755 2605 2963 2659 viribus
3015 2605 3081 2658 ad
3129 2603 3397 2658 funestam
3458 2603 3564 2656 sim

1990 2708 2226 2763 vereque
2270 2691 2566 2748 Cadmeam
2615 2694 2900 2749 victoriam
2950 2693 3355 2764 reportandam.
3397 2689 3574 2746 Ferox

296 2788 398 2845 per
421 2787 480 2828 se
510 2778 737 2845 quisque
764 2780 1188 2838 additamentum
1226 2786 1463 2840 audacia:
1490 2801 1555 2841 ex
1585 2788 1863 2841 consortio
1900 2794 2091 2841 mutuo
2117 2787 2423 2842 sumebant.
2466 2785 2572 2841 Res
2601 2787 2671 2841 ab
2705 2787 2771 2841 iis
2799 2787 3162 2842 communiter
3226 2796 3285 2840 ut
3344 2801 3374 2839 a
3442 2801 3575 2841 con-

297 2864 634 2932 spirantibus
660 2870 1070 2943 conjuraiisque
1098 2875 1423 2945 gerebatur;
1457 2893 1556 2933 nec
1582 2880 1875 2933 retundere
1915 2878 2154 2932 contenti
2199 2877 2449 2933 salubres
2485 2878 2830 2946 imperatoris
2862 2879 3023 2941 ictus,
3051 2877 3216 2931 etiam
3281 2892 3458 2947 usque
3520 2877 3573 2931 in

298 2955 553 3016 fiduciam
588 2962 729 3019 ultro
767 2966 1078 3022 incessendi
1123 2969 1388 3025 tollebant
1455 2971 1668 3026 animos
1734 2971 2009 3042 religionis
2038 2970 2192 3039 juxta
2236 2970 2650 3041 majestatisque
2680 2980 3108 3040 contemptores.
3188 2968 3378 3025 Nullus
3459 2968 3572 3037 jam

298 3051 561 3123 Principis
590 3068 897 3127 respectus.
944 3060 1161 3115 lrritata
1192 3077 1364 3132 usque
1400 3065 1451 3117 in
1482 3064 1687 3119 rabiem
1743 3064 2087 3119 contumacia
2119 3064 2481 3117 reverentiam
2518 3064 2750 3119 vicerat.
2828 3061 3012 3117 Palam
3078 3064 3135 3117 in
3198 3077 3263 3118 os
3318 3063 3578 3132 procaci-

300 3153 387 3199 ter
420 3144 869 3217 interpellabatur
896 3152 1174 3223 Augustus
1199 3155 1539 3224 loquens,ab
1568 3158 1875 3213 inhumanis
1918 3173 2025 3213 non
2059 3158 2244 3212 minus
2276 3173 2434 3227 quam
2485 3158 2685 3226 impiis,
2725 3159 2814 3226 qni
2842 3157 2989 3211 velut
3025 3156 3078 3210 in
3122 3165 3277 3213 arcto
3362 3172 3393 3212 a
3470 3169 3569 3210 ve-

302 3241 592 3297 natoribus
643 3242 781 3302 forte
809 3249 1131 3318 deprehensi
1180 3262 1499 3319 spumantes
1584 3254 1702 3324 apri
1771 3254 1963 3310 dentes
2002 3255 2271 3310 acuebant
2312 3266 2497 3309 mutuo
2522 3266 2579 3311 et
2610 3254 2663 3309 in
2691 3268 2885 3310 omnes
2937 3252 3208 3308 inferendi
3252 3268 3466 3308 morsus
3495 3266 3587 3307 oo-

300 3332 554 3389 easiones
585 3337 886 3400 inhiabant.
916 3342 1015 3398 Ubi
1050 3345 1260 3401 dixerat
1286 3345 1522 3402 Cusinus
1551 3349 1695 3416 quod
1731 3347 1883 3404 furor
1961 3356 2312 3420 suggesserat
2365 3349 2432 3401 ad
2485 3348 2899 3403 convellendam
2956 3347 3381 3417 disputationem
3469 3350 3583 3401 Au-

302 3427 472 3497 gusti,
530 3430 674 3499 quod
731 3431 820 3487 ille
878 3436 1138 3491 omiserat
1194 3438 1479 3507 supplebat
1533 3439 1698 3495 Culeo
1732 3457 1747 3493 :
1780 3442 1883 3496 hoc
1959 3456 2182 3511 quoque
2215 3442 2333 3511 ipso
2359 3441 2652 3501 exhausto,
2690 3439 2915 3505 Pholus,
2950 3440 3107 3509 quasi
3154 3439 3373 3506 utrique
3454 3456 3577 3492 sur.-

301 3527 667 3612 οθηιιινίθῑυξ,
710 3543 899 3585 recens
953 3546 1188 3607 pugnam
1244 3535 1567 3603 capessebat
1605 3552 1619 3588 :
1655 3536 1726 3591 ita
1793 3546 1884 3591 aut
1966 3537 2231 3591 adversus
2295 3534 2641 3603 imperatoris
2675 3533 3120 3589 ratiocinationes
3142 3543 3320 3587 certas
3355 3542 3409 3587 et
3444 3534 3583 3599 peti-

305 3615 487 3671 tiones
538 3618 912 3676 ineluctabiles
957 3623 1047 3677 alii
1100 3639 1260 3694 super
1309 3627 1444 3681 alios
1491 3642 1612 3683 sese
1649 3629 1878 3683 invicem
1924 3629 2304 3683 inseendentes
2327 3626 2620 3681 resilientis
2676 3625 2990 3695 pertinacia:
3057 3624 3252 3680 ﬂuctus
3316 3636 3585 3679 errestna‘

304 3723 450 3768 rent.
516 3717 593 3772 Ac
648 3716 804 3772 facile
835 3718 1111 3789 Angustus
1155 3722 1372 3790 quidem
1450 3724 1710 3793 quidquid
1761 3724 1833 3777 illi
1902 3723 2258 3777 obtenderent
2310 3718 2551 3774 dililabat
2619 3719 3014 3787 cverrcbatque
3056 3731 3154 3771 ceu
3205 3715 3386 3770 futiles
3451 3732 3579 3770 ara-

316 3824 543 3862 nearum
579 3809 736 3875 telas,
770 3813 955 3879 sicque
1000 3814 1316 3867 obstruehat
1340 3830 1432 3869 ora
1463 3815 1695 3886 impura.
1728 3816 1999 3869 Caeterum
2026 3814 2120 3869 ubi
2152 3813 2532 3883 loquacitatem
2593 3809 2701 3864 fuci
2788 3808 2901 3878 jam
2959 3807 3139 3863 omnis
3198 3806 3455 3876 impotem
3524 3811 3577 3861 in

305 3902 585 3957 silentium
613 3903 969 3972 compulerat,
1003 3914 1110 3958 tota
1146 3907 1389 3961 restabat
1421 3909 1472 3961 in
1501 3908 1654 3963 duris
1718 3909 1917 3964 animis
1998 3906 2330 3975 pervicacia,
2363 3903 2622 3959 dedoceri
2674 3902 2861 3971 utique
2908 3915 3143 3955 renuens
3175 3913 3393 3955 errores
3418 3900 3584 3954 etiam

307 3997 611 4052 convictos.
644 3998 740 4051 Hic
772 4010 1035 4066 pertaesus
1084 4003 1406 4057 stoliditatis
1466 4004 1745 4058 hominum
1781 4007 2057 4077 Angustus
2085 4004 2274 4059 deduci
2304 4018 2400 4058 eos
2428 4015 2540 4071 prae
2625 4014 2685 4055 se
2730 3999 2886 4067 jubet
2963 3998 3017 4053 in
3094 3997 3285 4053 urbem
3348 3998 3575 4066 regiam,

311 4094 583 4161 assignata
615 4094 745 4160 ipsis
783 4095 1115 4150 habitatione
1174 4099 1225 4152 in
1255 4100 1554 4167 porticibus
1588 4117 1709 4170 qua:
1739 4104 1886 4157 circa
1931 4118 2184 4171 magnum
2223 4100 2489 4170 palatium
2519 4106 2666 4151 sunt.

386 4182 462 4234 Οὐ
525 4183 630 4253 μὴν
674 4182 878 4254 ἄουρος
934 4186 1286 4239 παντάπασιν
1334 4183 1402 4257 ἦν
1454 4191 1502 4241 εἰ
1536 4190 1634 4240 καὶ
1672 4189 1891 4251 τούτους

2078 4190 2169 4244 Sic
2212 4191 2262 4242 in
2305 4202 2544 4257 praesens
2581 4186 2729 4240 ﬁnita
2764 4184 2845 4239 vel
2891 4185 3070 4254 potius
3108 4184 3421 4239 intermissa
3462 4198 3586 4238 cum

311 4276 444 4337 τοὺς
471 4277 735 4345 ἀρχαίους
772 4277 966 4346 λόγους
1000 4278 1078 4348 τῷ
1127 4280 1269 4343 τέως
1298 4281 1398 4334 ούκ
1431 4282 1724 4351 ὲθήρασεν,
1779 4283 1897 4337 ἀλλ’

315 4369 530 4438 ἡμέρας
566 4371 803 4436 ἑκάστης
855 4372 1105 4442 προσῆγε
1143 4372 1284 4440 Θεῷ,
1340 4374 1475 4427 ὅπου
1525 4374 1623 4445 μὲν
1679 4375 1900 4438 ἑκατὸν,

315 4461 453 4511 ὅπου
482 4460 538 4512 δὲ
575 4463 669 4513 καὶ
697 4461 923 4527 πλείους
953 4463 1063 4515 τῶν
1097 4464 1294 4517 ἑκατόν
1321 4480 1334 4495 ο
1370 4466 1444 4528 ὠς
1483 4466 1903 4535 συμποσοῦσθαι

317 4552 448 4614 τούς
479 4558 563 4605 “re
616 4554 1143 4624 προτεοηραμένους
1183 4558 1276 4610 καὶ
1322 4558 1450 4621 τοὺς
1491 4559 1587 4612 νῦν
1641 4560 1745 4613 ὑπὸ
1798 4562 1901 4629 τῆς

319 4643 513 4695 τούτου
540 4642 792 4713 γλώττης
825 4646 1165 4710 ἑαλωκότας,
1198 4649 1279 4710 είς
1305 4648 1504 4718 μυρίας
1529 4650 1625 4702 καὶ
1653 4650 1902 4719 χιλιάδας

318 4734 532 4803 ἀνδρῶν
564 4735 1057 4807 πολυαριθμήτων.
1099 4737 1211 4791 Καὶ
1241 4738 1291 4790 τί
1319 4738 1427 4809 γὰρ
1458 4739 1539 4792 δεῖ
1567 4738 1749 4807 λέγειν
1807 4742 1902 4793 καὶ

318 4825 622 4895 διατρίϐειν
658 4829 787 4895 περὶ
817 4822 891 4881 ὧν
927 4832 958 4898 ὴ
996 4828 1263 4899 σύμπασα
1316 4832 1614 4899 οἰκουμένη
1670 4832 1902 4884 ἐπίστα-

320 4937 436 4980 ται,
472 4919 567 4970 καὶ
627 4921 905 4990 μάρτυρές
947 4924 1053 4974 εἰσι
1098 4922 1194 4975 καὶ
1235 4923 1494 4993 nomen;
1544 4925 1641 4977 καὶ
1693 4925 1901 4989 Δύσι;;

325 5012 517 5074 Πόλεις
549 5012 658 5080 γὰρ
688 5013 817 5067 ὅλας
848 5014 942 5065 καὶ
977 5014 1162 5085 χώρας
1192 5018 1313 5079 ταῖς
1348 5015 1720 5074 παντοδαπαῖς
1755 5018 1906 5088 αἱρέ-

325 5121 445 5156 σεσι
481 5104 907 5174 κεκρατημένας
956 5105 1317 5177 πολυτρόπως
1367 5110 1448 5171 εἰς
1496 5108 1593 5178 τὴν
1629 5109 1905 5181 ἡμετέραν

322 5193 613 5264 ὀρθόδοξον
668 5197 977 5267 μετήνεγκε
1025 5196 1239 5253 πίστιν.
1291 5200 1431 5263 Τοὺς
1469 5201 1569 5269 μὲν
1609 5200 1677 5253 τά
1709 5200 1902 5270 πρῶτα

2004 4283 2088 4336 his
2124 4281 2297 4333 tribus
2333 4279 2587 4331 tractatio
2632 4289 2754 4330 est:
2786 4278 2837 4329 in
2867 4277 3066 4344 quibus
3101 4286 3374 4343 utcunque
3405 4278 3585 4344 perdi-

2005 4373 2146 4425 disse
2176 4370 2436 4439 hacteuns
2465 4367 2625 4421 verba
2662 4376 2715 4420 et
2749 4381 2971 4435 operam
3001 4367 3277 4434 Augustus
3309 4365 3453 4421 visus
3481 4376 3588 4432 est,

2001 4480 2105 4519 non
2143 4472 2322 4517 tamen
2358 4460 2546 4514 irritus
2577 4458 2650 4512 illi
2696 4457 2851 4512 labor
2902 4456 3082 4512 omnis
3128 4457 3393 4525 spiritalis
3428 4457 3588 4527 hujus

2004 4572 2068 4613 ac
2099 4556 2365 4626 religiosa:
2396 4553 2700 4607 venationis
2750 4551 2933 4622 periit.
2972 4550 3210 4621 Singulis
3236 4551 3438 4605 etenim
3470 4550 3589 4606 die—

2003 4651 2105 4706 bus
2135 4648 2528 4705 reeonciliabat
2566 4648 2674 4701 Deo
2705 4646 2994 4701 hmreticos
3028 4645 3298 4700 interdum
3340 4653 3588 4710 centum,

2002 4758 2389 4812 nonnunquam
2420 4741 2639 4811 plures;
2672 4741 2806 4795 adeo
2839 4748 2921 4804 ut,
2950 4738 2994 4793 si
3019 4739 3142 4807 quis
3169 4753 3330 4792 unam
3359 4738 3411 4792 in
3435 4754 3587 4794 sum-

2006 4852 2146 4891 mam
2185 4834 2431 4891 conferat
2459 4843 2566 4887 tam
2597 4848 2691 4887 eos
2730 4832 2822 4902 qui
2856 4831 3025 4902 priori
3071 4832 3298 4900 Augusti
3345 4845 3589 4885 commo-

1990 4930 2220 4989 ratione
2248 4945 2379 4983 voce
2414 4929 2586 4998 ipsius
2615 4942 2678 4981 ac
2714 4927 2895 4993 lingua
2944 4926 3188 4995 persuasi
3225 4926 3590 4995 resipuernnt,

2006 5038 2167 5089 quam
2199 5036 2334 5090 quos
2379 5020 2430 5074 in
2475 5008 2651 5075 reditu
2686 5027 2976 5088 resumpta:
3006 5018 3402 5090 disputationes
3439 5017 3590 5088 ejus-

2002 5112 2126 5167 dem
2170 5110 2339 5183 456
2374 5111 2717 5165 deduxerunt
2768 5108 2835 5162 ab
2883 5121 3091 5172 errore,
3138 5106 3299 5161 facile
3339 5107 3393 5162 in
3421 5107 3588 5161 multa

2015 5203 2182 5257 millia
2222 5218 2286 5257 ac
2315 5203 2588 5272 tnyriailas
2619 5210 2904 5256 excrescat
2929 5215 3211 5255 numerus.
3248 5198 3419 5271 Cujus
3451 5199 3589 5253 allir«

1397 5314 1598 5377 Variae
1634 5314 1943 5378 lectiones
1981 5332 2059 5377 ex
2083 5318 2224 5379 coJ.
2260 5316 2528 5379 Coislin.

403 5415 425 5445 ³
453 5416 792 5486 συνεκρότει.
870 5422 891 5455 δ
920 5416 1072 5472 ἄλλο.

1414 5507 1555 5568 Car.
1597 5507 1923 5571 Dufresnii
1952 5512 2048 5571 Dn
2086 5513 2305 5591 Cangii
2343 5520 2532 5577 noue.

401 5608 510 5677 (65)
553 5606 953 5684 Περιδρᾴμους
981 5606 1188 5684 στοάς.
1219 5604 1467 5661 Porticus
1500 5607 1891 5684 palatinorum.

2018 5612 2300 5684 lario‘rnm,
2324 5630 2550 5684 quarum
2573 5616 2817 5669 meminit
2835 5614 3128 5670 Chronicou
3155 5614 3589 5671 Afexandrimtm.

327 5680 561 5742 bien'es,
606 5680 658 5731 in
703 5678 898 5746 quibus
926 5679 1270 5733 exi-ubabant
1323 5678 1631 5747 praetoriani
1686 5678 1906 5743 milites,

327 5752 395 5801 ad
431 5750 590 5818 regia:
620 5758 673 5800 et
712 5749 1074 5819 imperatoris
1118 5748 1286 5819 ipsius
1337 5746 1636 5819 custodiam
1689 5747 1908 5811 delecti,

328 5833 465 5888 quas
489 5817 996 5888 eli-ganticarmiue
1046 5817 1339 5887 descripsit
1386 5818 1675 5885 Corippns,
1717 5820 1809 5888 lib.
1850 5834 1907 5872 Ill

328 5886 405 5943 De
436 5886 681 5942 laudibus
712 5886 936 5942 Juslini.
967 5888 1071 5943 llas
1103 5886 1245 5943 inter
1278 5900 1431 5945 erant
1460 5888 1703 5957 porticus
1738 5887 1908 5943 Schu-

2023 5698 2116 5738 an.
2145 5682 2352 5738 Justin.‘
2383 5685 2418 5739 5
2447 5703 2460 5751 ;
2493 5688 2737 5738 excubita
2770 5687 2823 5738 in
2859 5686 3169 5737 universum
3210 5685 3371 5737 dictae
3403 5698 3589 5736 omnes

2022 5751 2264 5819 Zonarm,
2295 5752 2332 5808 S
2367 5756 2542 5824 ylixzae
2578 5766 2632 5809 et
2662 5754 2892 5819 Codino,
2934 5757 2987 5805 in
3020 5753 3167 5821 Orig.
3205 5751 3355 5824 CP.;
3378 5755 3561 5824 exculti

2010 5826 2172 5889 ιυνίιι,
2201 5822 2406 5879 auctori
2437 5827 2508 5881 de
2539 5826 2729 5879 exsilio
2760 5825 2818 5877 S.
2855 5825 3067 5877 Martini
3098 5824 3197 5876 PP.
3236 5823 3363 5877 Vide
3391 5838 3441 5892 p.
3467 5822 3569 5877 ιυι
