4086 6400
430 418 570 485 Ῑιί3

1725 417 1917 477 ALEX
1931 416 1999 475 [A
2013 416 2132 475 DIS
2170 418 2313 478 LIB.
2354 418 2479 483 XV.

3536 408 3685 477 illi

428 536 614 604 τηγῶν
656 533 758 605 τὴν
808 534 1041 606 μελέτην
1083 533 1443 605 ποιουμένων,
1477 535 1533 586 ὲν
1574 530 1652 599 τῷ
1701 530 1904 600 μεταξύ
1952 528 2001 580 τὲ

2118 531 2355 583 nondum
2388 530 2524 585 satis
2560 538 2765 601 paratae
2808 544 2871 585 ac
2920 528 3251 585 conﬁrmatae
3295 525 3552 597 perﬁdia).
3599 528 3682 580 Ab

431 627 663 696 σύνηθες
690 625 914 697 ἄλγημα
942 627 1049 681 τῶν
1075 627 1250 681 ποδῶν
1276 626 1476 695 συνέϐη
1507 624 1587 694 τῷ
1616 622 2001 690 αὐτοκράτορι,

428 718 524 768 καὶ
545 717 807 786 δυνάμεις
831 716 1206 785 ἁπανταχόθεν
1231 716 1332 786 μὲν
1356 716 1668 785 συνέρρεον,
1705 712 1841 766 ἀλλὰ
1865 709 2006 763 κατὰ

429 809 702 877 στράγγα,
753 809 849 860 καὶ
894 810 995 862 οὐκ
1043 809 1259 879 ἁθρόον,
1297 808 1384 861 διὰ
1428 810 1488 859 τὸ
1538 808 1724 877 πόρρω
1765 823 1866 857 που
1908 803 2006 863 τὰς

430 901 583 966 σφῶν
606 898 745 953 εἶναι
768 901 1057 971 πατρίδας.
1099 902 1164 953 Ἣ
1182 901 1238 953 δέ
1264 918 1326 968 γε
1357 900 1515 968 ὀδύνη
1544 901 1774 965 ἀπεῖργε
1792 894 2003 958 τοῦτον,

428 993 490 1042 οὐ
538 991 632 1043 τοῦ
681 993 1045 1062 προκειμένου
1094 993 1258 1061 μόνου
1309 992 1549 1060 ἅψασθαι
1602 986 1825 1047 σκοποῦ,
1870 985 2005 1037 ἀλλὰ

430 1084 525 1136 καὶ
565 1083 661 1136 τοῦ
703 1084 940 1153 βαδίζειν
975 1083 1192 1146 ἁπλῶς,
1230 1085 1322 1136 καὶ
1362 1081 1624 1150 κλινήρης
1658 1077 1732 1130 ὢν
1767 1076 1965 1146 ἤχθετο
1988 1114 2003 1136 ο

429 1173 491 1225 οὐ
525 1174 780 1227 τοσοῦτον
809 1175 897 1227 διά
921 1174 1019 1243 τὴν
1043 1174 1152 1226 τῶν
1186 1174 1361 1226 ποδῶν
1386 1170 1773 1242 περιωδυνίαν,
1806 1168 2005 1219 ὁπόσον

430 1261 519 1314 διὰ
564 1263 662 1332 τὴν
710 1263 978 1330 ἀναϐολὴν
1016 1263 1111 1316 τοῦ
1152 1263 1290 1316 κατὰ
1328 1264 1434 1314 τῶν
1479 1260 1780 1330 Βαρϐάρων
1817 1256 2002 1326 ἔργου.

430 1353 545 1405 Οὐκ
597 1354 854 1406 ἐλάνθανε
906 1354 1078 1407 ταῦτα
1123 1355 1214 1407 τὸν
1259 1354 1533 1423 βάρϐαρον
1581 1349 2003 1412 Κλιτζιασολᾶν.

434 1442 625 1495 Ἔνθεν
680 1461 761 1496 τοι
809 1446 897 1497 καὶ
940 1447 1325 1517 ἀμεριμνήσας
1367 1446 1426 1497 τὸ
1472 1445 1644 1514 παρὸν
1666 1443 1764 1513 τὴν
1825 1440 2007 1493 Ἀσίαν

429 1533 650 1586 ἅπασαν
709 1534 974 1606 ἐληῖζετο.
1031 1538 1259 1599 ἑπτάκις
1312 1536 1452 1589 κατὰ
1504 1536 1610 1586 τῶν
1660 1531 2006 1602 Χριστιανῶν

429 1622 698 1692 ἐκδρομὰς
742 1627 1149 1695 ποιησάμενος·
1193 1629 1287 1681 καὶ
1328 1629 1434 1696 γὰρ
1470 1626 1593 1678 οὐδέ
1630 1642 1757 1678 ποτε
1794 1625 1887 1677 ἐπὶ
1919 1639 2005 1676 το·

429 1714 621 1767 σοῦτον
654 1716 714 1768 τὸ
742 1718 903 1784 ἄλγος
936 1720 1112 1771 ἐκεῖνο
1155 1719 1245 1772 τὸν
1291 1719 1671 1789 αὐτοκράτορα
1718 1716 2003 1786 κατέσχεν.

442 1806 538 1859 Ἐκ
569 1808 954 1878 διαστημάτων
988 1811 1095 1881 γὰρ
1130 1812 1360 1883 μακρῶν
1396 1812 1620 1881 προτοῦ,
1661 1810 2005 1880 ἐπερχομένη

427 1901 606 1973 τούτῳ
641 1906 674 1974 ἡ
712 1907 865 1969 νόσος
896 1908 957 1961 οὐ
994 1901 1319 1978 περιοδικῶς
1353 1907 1413 1959 τὸ
1461 1907 1715 1976 τηνικάδε
1757 1907 2006 1975 ἀπήντη-

432 2010 551 2059 σεν,
601 1996 734 2049 ἀλλὰ
775 2000 1003 2069 συνεχὴς
1052 1997 1142 2072 ἦν,
1198 2003 1291 2054 καὶ
1330 2000 1667 2071 ἐπαλλήλους
1700 1998 1829 2062 τοὺς
1866 2016 2008 2068 παρ-

428 2085 702 2157 οξυσμοὺς
734 2091 929 2145 ἐδίδου.
984 2092 1148 2146 Ἀλλὰ
1189 2093 1345 2147 τοῦτο
1385 2093 1448 2147 τὸ
1490 2094 1661 2157 πάθος
1707 2093 2005 2164 πρόσχημα

429 2178 607 2233 ἐδόκει
635 2184 747 2244 τοῖς
781 2184 910 2254 περὶ
932 2184 1024 2237 τὸν
1052 2185 1455 2249 Κλιτζιασθλᾶν
1480 2187 1786 2255 νοσήματος
1809 2186 1870 2238 οὐ
1904 2185 2005 2254 μέν

426 2286 509 2322 τοι
548 2270 785 2339 νόσημα,
819 2272 934 2326 ἀλλ’
958 2274 1116 2337 ὄκνος
1150 2276 1246 2328 καὶ
1280 2275 1523 2346 ῥᾳθυμία
1550 2274 1749 2341 ἔξωθεν
1783 2276 2004 2345 περιϐε-

426 2357 669 2431 ϐλημένη
710 2362 808 2431 τὴν
842 2363 1158 2432 ποδαλγίαν,
1199 2366 1495 2419 καιδτεῦθεν
1529 2366 1701 2421 πολλὰ
1741 2367 2002 2431 πολλάκις

426 2452 809 2516 ἀπέσκωπτον.
842 2457 945 2510 κάν
965 2459 1082 2520 ταῖς
1116 2457 1309 2526 μέθαις
1349 2461 1452 2511 κάν
1476 2461 1584 2521 τοῖς
1618 2459 1802 2522 πότοις
1832 2458 2002 2512 καθά›

426 2560 535 2614 περ
567 2544 856 2613 αὐτοφυεῖς
909 2549 1171 2619 ῥήτορες,
1200 2549 1487 2619 ἠθοποιίας
1526 2552 1627 2617 τῆς
1673 2550 1785 2603 τῶν
1824 2549 2003 2602 ποδῶν

425 2634 621 2704 ὀδύνης
649 2636 742 2691 τοῦ
766 2638 1167 2709 αὐτοκράτορος
1190 2641 1239 2692 oi
1265 2640 1541 2712 Βάρϐαροι
1568 2641 1865 2694 ἐποιοῦντο.
1895 2642 2005 2694 Καὶ

426 2729 721 2800 κωμῳδίας
751 2730 964 2799 ἐγίνετο
995 2734 1270 2803 πρόφασις
1295 2736 1325 2802 ὴ
1366 2734 1473 2786 τιῖιν
1510 2732 1687 2786 ποδῶν
1713 2733 1965 2803 ἀλγηδών
1986 2749 1999 2762 ⁶

427 2821 695 2890 πρόσωπα
719 2822 827 2893 γὰρ
854 2823 1058 2893 ίατρῶν
1092 2841 1151 2877 τε
1188 2826 1282 2877 καὶ
1308 2826 1416 2879 τῶν
1451 2827 1581 2894 περὶ
1612 2830 1701 2877 τὸν
1729 2824 2003 2893 αὐτοκρά-

425 2928 560 2980 τορα
578 2913 1021 2984 διαπονουμένων
1043 2916 1409 2986 ὑποκρίνοιτο.
1443 2918 1538 2971 καὶ
1564 2919 1726 2971 αὐτὸν
1748 2918 1885 2987 δῆτα
1914 2918 2003 2970 τὸν

429 3006 651 3074 βασιλέα
700 3008 782 3069 εἰς
837 3008 899 3061 τὸ
944 3008 1111 3078 μέσον
1162 3010 1501 3078 παράγοντες
1539 3012 1633 3063 καὶ
1677 3009 2003 3079 ἀναθέμενοι

427 3097 518 3149 ἐπὶ
550 3096 740 3160 κλίνης
768 3097 1131 3168 προσπαίζειν
1154 3099 1326 3170 ᾤοντο
1346 3141 1362 3165 ,
1397 3102 1491 3153 καὶ
1516 3102 1608 3153 ἐπὶ
1633 3101 1857 3163 ταύταις
1884 3103 2003 3162 ταῖς

2108 621 2211 675 hoc
2238 622 2454 677 decreto
2505 633 2645 678 totus
2695 623 2924 676 vertitur
2952 621 3017 675 ad
3047 621 3229 690 copias
3269 617 3536 690 cogendas
3565 631 3683 683 qua!

2107 713 2248 767 bello
2276 716 2512 770 maximo
2540 731 2747 769 summa
2778 715 2828 769 vi
2861 714 3095 785 gerendo
3126 711 3455 768 suﬂicereut.
3505 708 3685 763 Missis

2109 804 2273 871 igitur
2314 807 2380 860 ad
2410 818 2599 877 gentes
2626 807 2831 861 vicinas
2862 805 3172 860 hominibus
3204 803 3431 866 idoneis,
3487 800 3680 869 partim

2108 907 2362 967 corrogat
2385 899 2584 953 auxilia
2610 898 2880 953 sociorum
2903 939 2919 961 ,
2952 896 3150 965 partim
3199 896 3447 949 mercede
3471 892 3678 946 condu-

2107 998 2250 1042 ctam
2286 990 2533 1043 militiam
2565 991 2791 1043 advocat
2827 988 3109 1057 plurimam
3139 1024 3155 1050 ,
3190 984 3351 1039 simul
3398 983 3679 1051 proprium

2108 1082 2411 1135 exercitum
2447 1085 2803 1150 undecunque
2834 1082 2899 1135 ad
2935 1096 2992 1134 se
3023 1079 3249 1147 colligit.
3289 1078 3523 1131 Ducibus
3554 1090 3681 1127 am-

2098 1172 2300 1229 rbarum
2336 1174 2565 1243 partium
2603 1176 2680 1229 sic
2717 1174 2979 1229 adversus
3009 1187 3127 1226 sese
3166 1172 3396 1225 invicem
3430 1169 3683 1236 utrinque

2112 1269 2451 1335 parantibus,
2486 1270 2671 1323 revisit
2717 1270 3098 1339 imperatorem
3143 1266 3424 1319 fatniliaris
3484 1262 3680 1331 pedum

2111 1358 2268 1414 dolor
2304 1378 2317 1415 :
2355 1375 2476 1415 cum
2506 1376 2614 1430 quo
2644 1362 2765 1413 dum
2808 1360 2897 1414 ille
2944 1357 3311 1418 conﬂictatur,
3343 1355 3686 1409 continebant

2111 1454 2309 1506 sensim
2341 1461 2394 1505 ct
2418 1454 2572 1522 quasi
2610 1453 2861 1521 guttatim
2920 1451 3080 1515 iussae
3133 1448 3420 1503 convenire
3466 1446 3633 1511 copiae
3666 1459 3684 1497 :

2111 1560 2210 1598 nec
2241 1560 2420 1597 moras
2452 1546 2720 1613 castigare
2747 1544 2875 1597 lenti
2910 1541 3106 1611 negotii
3139 1538 3473 1593 aut"omniuo
3494 1552 3687 1603 urgere

2113 1636 2449 1705 propositum
2508 1635 2700 1691 morbo
2758 1635 3051 1703 implicitus
3110 1631 3357 1693 dillicili,
3425 1644 3489 1683 ac
3544 1628 3685 1694 quod

2112 1725 2309 1793 plantis
2376 1726 2627 1781 insistere
2703 1732 2866 1793 atque
2936 1724 3142 1791 ingredi
3217 1720 3488 1789 nequiret,
3549 1720 3689 1771 lecto

2114 1820 2421 1874 necessario
2444 1820 2634 1874 aﬂlxus
2656 1821 2788 1875 satis
2815 1819 3111 1886 imperator
3140 1822 3368 1884 poterat.
3394 1811 3685 1882 Egritudo

2114 1925 2275 1979 porro
2328 1912 2738 1965 decumbentem
2798 1909 2947 1963 illum
2996 1907 3158 1961 animi
3212 1905 3490 1960 molestior
3523 1918 3685 1972 quam

2110 2003 2353 2070 corporis
2376 2003 2631 2073 angebat.
2664 2001 2879 2056 Homini
2932 2001 3078 2055 enim
3127 1998 3531 2059 studiosissimo
3579 1995 3689 2050 rei-

2109 2094 2338 2163 publicae
2384 2094 2616 2149 toleratu
2667 2092 2880 2148 facilior
2936 2092 3093 2160 longe
3149 2088 3435 2143 videbatur
3491 2086 3686 2157 pedum

2111 2185 2264 2241 dolor
2295 2186 2638 2256 quantasvis,
2671 2200 2833 2253 quam
2871 2183 3060 2239 dilatio
3082 2181 3448 2252 expeditionis
3496 2193 3687 2232 neces-

2108 2278 2269 2333 sarias
2315 2278 2367 2333 in
2407 2277 2675 2333 Barbaros
2741 2277 2883 2331 bono
2939 2274 3151 2346 publico
3200 2283 3488 2343 susceptae.
3545 2270 3686 2325 Nihil

2110 2372 2300 2424 horum
2335 2368 2988 2425 latuit~ClitziaSIhlanem
3014 2367 3314 2419 Turcorum
3347 2364 3685 2434 principem;

2109 2461 2293 2531 itaque
2328 2462 2374 2517 is
2408 2463 2474 2516 ab
2508 2462 2834 2531 imperatore
2888 2459 3104 2513 interim
3167 2471 3412 2520 securus,
3470 2454 3688 2508 ell‘usis-

2106 2557 2242 2612 sime
2271 2565 2435 2609 totam
2463 2554 2764 2608 latrociniis
2796 2551 3089 2605 infestabat
3110 2548 3316 2612 Asiam,
3351 2555 3559 2614 septem
3590 2560 3687 2613 per

2108 2650 2157 2704 id
2188 2661 2399 2717 tempus
2424 2648 2648 2701 diversis
2673 2646 2725 2701 in
2748 2644 3089 2699 Christianos
3112 2639 3509 2695 incursionibus
3531 2652 3687 2707 gras-

2107 2752 2277 2796 satus.
2314 2739 2550 2808 Tempus
2600 2738 2717 2806 eius
2753 2736 2926 2790 furori
2986 2734 3152 2789 dabat
3212 2731 3423 2801 longius
3466 2728 3685 2783 morbus

2107 2832 2473 2901 imperatoris,
2515 2845 2622 2900 quo
2659 2830 2746 2883 ille
2783 2838 2910 2882 tunc
2958 2826 3193 2880 atrocius
3242 2820 3686 2892 pertinaciusque

2107 2939 2267 2992 quam
2302 2937 2528 2991 usquam
2572 2920 2707 2975 alias
2746 2928 2982 2973 tentatus
3021 2926 3126 2971 est.
3162 2913 3297 2968 Cum
3324 2916 3466 2967 enim
3491 2929 3555 2966 ex
3598 2912 3686 2965 iu-

2110 3015 2346 3070 tervallis
2368 3024 2523 3067 antea
2547 3012 2811 3067 duntaxat
2840 3010 3011 3064 redire
3032 3009 3259 3079 languor
3281 3005 3684 3068 consuevisset,

2110 3117 2236 3162 tunc
2264 3106 2380 3157 sine
2414 3102 2812 3157 intermissione
2857 3100 2961 3155 ulla
2999 3101 3260 3156 continuo
3288 3099 3432 3153 illum
3477 3098 3683 3165 alliige-

425 3188 665 3248 παιδιαῖς
687 3189 859 3255 γέλως
884 3192 995 3253 τοῖς
1016 3191 1315 3263 Βαρϐάροις
1346 3195 1549 3263 ἐπῆρτο
1572 3192 1757 3255 πολύς.
1786 3192 1862 3246 Οὐ
1898 3194 2001 3262 μὴν

2113 3201 2203 3253 hat
2269 3211 2430 3251 sensu
2504 3193 2749 3257 doloris,
2808 3193 3149 3261 augescentis
3221 3192 3441 3262 quidem
3520 3189 3686 3243 certis

427 3284 686 3341 ἐλάνθανε
717 3285 893 3340 ταῦτα
925 3286 1019 3340 τὸν
1053 3289 1453 3359 αὐτοκράτορα,
1487 3289 1782 3343 κάντεῦθεν
1810 3288 1969 3359 ἠρεθί

426 3376 554 3440 ζετο
597 3377 732 3444 πρὸς
774 3379 870 3448 τὴν
914 3380 1034 3431 κατ’
1061 3379 1242 3431 αὐτῶν
1285 3380 1465 3449 μάχην
1505 3379 1706 3446 μᾶλλον
1733 3379 1999 3448 παμφλά-

428 3469 588 3531 ζοντα
612 3470 703 3522 τοῦ
727 3470 925 3539 θυμοῦ.
957 3473 1029 3524 Οὐ
1062 3471 1195 3524 πολύ
1222 3471 1358 3524 τὸέν
1385 3472 1537 3542 μέσῳ
1559 3472 1651 3522 καὶ
1684 3472 2000 3537 κουφισθεὶς

424 3559 522 3627 τῆς
573 3559 790 3628 ὀδύνης,
835 3560 935 3629 τῆς
983 3561 1353 3631 προκειμένης
1404 3562 1719 3630 ὁδοιπορίας
1774 3562 1988 3629 εἴχετοο

422 3654 522 3720 τήν
552 3668 610 3704 τε
646 3651 891 3720 Δάμαλιν
925 3652 1281 3723 διαπεράσας,
1308 3654 1399 3707 καὶ
1426 3655 1517 3706 τὶν
1548 3653 1861 3721 άναμεταξὺ
1898 3655 1997 3706 Κι-

424 3744 583 3813 sum}.
613 3745 846 3815 αἰγιαλῷ
873 3746 1342 3816 διαπλωῖσάμενος
1372 3746 1637 3816 πορθμὸν,
1662 3748 1754 3800 καὶ
1773 3747 1868 3816 τὴν
1894 3749 1995 3799 Κι-

426 3837 597 3889 ϐωτὶν
637 3837 982 3901 καταλαϐὼν,
1018 3839 1231 3891 ἐκεῖθεν
1271 3841 1348 3901 είς
1381 3841 1440 3892 τὸ
1473 3840 1743 3895 Λοπάδιον
1776 3841 1998 3906 ἄπεισι,

426 3929 525 3998 την
558 3919 665 4007 τῶν
697 3930 994 3997 ταγμάτων
1031 3932 1381 4002 ἐκδεχόμενος
1413 3934 1629 3999 ἄφιξιν,
1672 3934 1765 3987 καὶ
1802 3934 2001 3987 ὁπόσον

430 4022 817 4092 μισθοφορικὸν
853 4023 1258 4092 μετεπέμπετο.
1305 4024 1479 4077 Ἐπὰν
1513 4025 1569 4077 δὲ
1609 4024 1998 4093 συνεληλύθει-

427 4130 526 4165 σαν
567 4112 841 4177 ἆπαντες,
884 4113 1103 4183 ἀπάρας
1140 4112 1353 4165 ἐκεῖθεν
1388 4114 1483 4167 σὺν
1515 4114 1667 4178 ὅλαις
1701 4116 2000 4186 δυνάμεσι,

424 4203 487 4256 τὸ
548 4204 640 4256 τοῦ
699 4204 867 4275 κυροῦ
927 4205 1206 4275 Γεωργίου
1266 4204 1678 4275 καταλαμϐάνει
1741 4208 2002 4276 φρούριον

424 4296 595 4367 ἀγχοῦ
628 4298 729 4366 τῆς
759 4301 825 4368 τῇ
866 4298 1071 4368 Νικαίςι
1103 4298 1490 4369 παρακειμένη
1524 4298 1689 4372 λίμνῃ
1718 4299 2003 4370 διακείμε-

424 4408 513 4442 νον
536 4408 549 4421 ο
582 4390 817 4444 κακεῖθα
848 4390 887 4424 ¹⁹
915 4392 996 4455 εἰς
1024 4392 1283 4445 Νίκαιαν.
1313 4387 1444 4444 Εἶτα
1474 4391 1559 4444 διὰ
1584 4392 1752 4462 τριῶν
1777 4393 2001 4463 ἡμερῶν

423 4478 577 4544 αὖθις
613 4482 947 4553 ὑποστρέφει
984 4483 1136 4535 ἐνθεν
1174 4482 1271 4552 τῆς
1303 4500 1366 4551 γε
1407 4482 1497 4536 τοῦ
1527 4484 1795 4537 Λοπαδίου
1832 4486 2001 4555 γεφύ-

429 4590 549 4642 ρας,
587 4575 679 4625 καὶ
718 4572 1135 4643 στρατοπεδεύει
1175 4575 1318 4625 κατὰ
1353 4572 1448 4644 τὴν
1480 4574 1672 4644 βρύσιν
1700 4574 1793 4627 τοῦ
1828 4594 2002 4645 καρυ-

424 4666 561 4715 κέωε
611 4665 975 4733 καλουμένην,
1027 4663 1171 4716 οὕτω
1216 4664 1373 4730 δόξαν
1424 4666 1592 4734 αὐτῷ,
1654 4666 1740 4719 ἵνα
1794 4671 1854 4719 τὸ
1904 4670 2001 4738 μὲν

425 4757 741 4824 στράτευμα
786 4740 1050 4824 πρότερρν
1091 4755 1175 4808 διὰ
1216 4755 1313 4823 τῆς
1355 4754 1599 4825 γεφύρας
1639 4758 1999 4825 διαϐιϐάσας,

423 4849 476 4895 ἐν
514 4846 784 4914 ἐπικαίρῳ
822 4846 971 4905 τόπῳ
1000 4848 1099 4907 τὰς
1128 4846 1330 4915 σκηνάς
1366 4848 1602 4916 πήξηται
1625 4886 1639 4911 ,
1672 4844 1792 4919 κᾷθ’
1829 4850 2000 4915 οὓτως

422 4941 514 4987 καὶ
566 4938 727 4996 αὐτὸς
783 4938 809 4987 ὁ
862 4937 1221 5009 αὐτοκράτωρ
1264 4938 1354 4991 διὰ
1393 4939 1493 5007 τῆς
1537 4940 1706 5009 αὐτῆς
1754 4942 2002 5012 γεφύρας

423 5028 647 5078 διελθὼν
688 5030 824 5095 μετὰ
858 5028 1057 5090 παντὸς
1087 5027 1181 5081 τοῦ
1224 5029 1633 5099 στρατεύματος
1662 5031 1761 5099 τὴν
1795 5031 2004 5100 βασιλι-

423 5124 523 5189 κὴν
549 5122 817 5190 καταθείη
846 5123 1074 5192 σκηνήν.
1105 5125 1167 5176 Οἱ
1189 5124 1244 5177 δὲ
1274 5124 1716 5194 μηχανικώτατοι
1742 5126 1999 5196 Τοῦρκοι,

426 5218 488 5263 τα
518 5216 659 5264 κατὰ
691 5213 787 5283 τὴν
816 5216 943 5283 περὶ
974 5215 1099 5277 τούς
1128 5217 1404 5284 πρόποδας
1424 5218 1531 5269 τῶν
1553 5218 1880 5283 Λεντιανῶν,
1907 5221 2003 5272 καὶ

422 5304 519 5371 τῆς
551 5301 695 5355 οὕτω
728 5304 1070 5373 καλουμένης
1102 5305 1491 5375 Κοτοιραικίας
1518 5308 1872 5379 διακειμένην
1904 5327 2002 5362 πε-

426 5394 583 5446 διαδα
617 5395 954 5463 ληϊζόμενοι,
994 5395 1120 5447 ἐπεὶ
1162 5397 1261 5465 τὴν
1302 5404 1399 5449 τοῦ
1444 5400 1850 5470 αὐτοκράτορος
1881 5401 2007 5456 κατ’

427 5487 607 5539 οὐτῶν
646 5488 1057 5556 μεμαθήκεισαν
1087 5488 1294 5556 ἔφοδον,
1330 5490 1829 5558 ἑκδειματωθέντες
1864 5512 2007 5567 παρ-

425 5585 661 5641 αυτίκα,
725 5584 963 5651 πυρσοὺς
1022 5583 1380 5651 παμπόλλους
1446 5585 1695 5653 ἀνῆψαν,
1751 5589 2002 5642 ἐντεῦθεν

426 5672 729 5739 φαντασίαν
768 5676 880 5736 τοῖς
923 5675 1091 5744 ὁρῶσι
1137 5677 1399 5745 στρατιᾶς
1438 5676 1639 5746 πολλῆς
1667 5678 1999 5749 παρέχοντες

2106 3290 2452 3359 accessibus;
2519 3302 2795 3357 nunquam
2864 3295 3044 3339 tamen
3112 3285 3187 3337 ita
3242 3281 3566 3337 remittentis
3630 3289 3688 3335 ut

2099 3383 2332 3437 liberum
2359 3379 2623 3441 molestia,
2658 3378 2741 3433 vel
2766 3377 2929 3432 rebus
2957 3377 3204 3431 idoneum
3235 3375 3486 3443 gerendis
3523 3372 3688 3425 relin-

2103 3483 2295 3545 queret
2318 3475 2642 3543 Augustum.
2662 3470 2866 3524 Interea
2894 3478 3090 3539 prazter
3116 3470 3389 3525 licentiam
3411 3463 3685 3535 pradandi

2102 3568 2266 3622 etiam
2302 3565 2587 3619 cavillaudi
2612 3578 2797 3618 ausam
2830 3578 2979 3615 mora
3008 3570 3153 3614 tanta
3176 3559 3567 3617 Clitziastltlani
3592 3559 3688 3613 da-

2102 3663 2217 3717 bat.
2253 3659 2376 3714 llazc
2398 3667 2518 3713 erat
2549 3657 2750 3726 passim
2802 3656 2904 3726 ipsi
2946 3655 3170 3724 ejusque
3229 3652 3420 3708 aulicis
3459 3650 3685 3706 materia

2101 3769 2435 3818 sermonum,
2455 3748 2788 3823 praetendere
2820 3748 3200 3816 imperatorem
3226 3759 3353 3800 vero
3385 3743 3565 3798 timori
3601 3741 3683 3796 fa-

2104 3863 2247 3902 mam
2270 3846 2581 3898 mendarem
2601 3841 2792 3905 morbi,
2816 3854 2977 3909 quem
2999 3839 3117 3893 ideo
3133 3838 3411 3892 simularet
3429 3845 3485 3889 ut
3499 3850 3687 3892 socor-

2106 3942 2207 3997 dia:
2244 3949 2404 4008 atque
2431 3936 2659 4008 ignavia:
2688 3934 2965 3989 infamiam
3003 3931 3373 3997 lucrifaceret;
3429 3938 3593 3997 atque
3626 3929 3686 3983 in

2105 4050 2225 4090 eam
2253 4030 2579 4086 sententiam
2607 4029 2771 4083 multa
2812 4028 2954 4082 salse
2981 4025 3119 4080 inter
3138 4023 3349 4093 patinas
3380 4021 3687 4091 calicesque

2104 4126 2263 4198 46],
2291 4122 2634 4189 jOCabanlttr,
2670 4121 2827 4175 faceti
2866 4118 3111 4172 homines
3139 4115 3411 4172 videlicet.
3450 4127 3513 4168 ac
3544 4112 3689 4167 velut

2105 4214 2504 4283 extemporauei
2543 4212 2787 4266 rhetores
2821 4208 3105 4278 exquisitis
3151 4207 3338 4275 ﬁguris
3394 4205 3685 4274 podagram

2108 4306 2453 4376 imperatoris
2507 4301 2876 4357 celebrabant.
2934 4299 3072 4365 Quin
3121 4298 3283 4351 etiam
3335 4295 3513 4350 scenis
3564 4308 3683 4348 eam

2111 4396 2313 4450 dabant
2360 4401 2735 4461 argumentum
2766 4390 2981 4445 fabulie.
3016 4386 3460 4442 Producebantur
3498 4397 3687 4452 perso-

2111 4490 2218 4543 nati
2294 4487 2527 4551 medici,
2599 4486 2877 4554 longmque
2954 4483 3189 4552 ipsorqu
3259 4477 3687 4533 consultationes

2108 4583 2171 4636 dc
2223 4579 2561 4649 imperatoris
2614 4577 2839 4639 morbo,
2890 4585 3001 4628 tum
3035 4572 3477 4626 administrorum
3529 4567 3687 4623 fami-

2102 4670 2314 4724 liarium
2353 4666 2610 4735 obsequia
2638 4664 2702 4718 ad
2735 4663 3004 4716 theatrum
3042 4661 3141 4715 sub
3165 4660 3311 4713 larva
3338 4657 3685 4724 ludebautttr;

2102 4777 2202 4816 nec
2256 4763 2443 4814 deerat
2495 4760 2607 4826 ipse
2665 4755 2947 4810 simulatus
3003 4754 3301 4822 imperator
3353 4765 3475 4805 cum
3541 4749 3686 4804 lecto

2102 4854 2285 4909 illatus
2328 4852 2380 4905 in
2443 4848 2681 4904 medium
2730 4856 2784 4901 et
2828 4846 2938 4900 risu
2980 4842 3369 4914 procacissimo
3407 4841 3687 4897 traductus

2102 4944 2389 4999 otiantium
2438 4942 2827 4996 Barbarorum.
2885 4934 3282 4990 Referehantur
3313 4934 3379 4987 ad
3434 4930 3681 4988 Alesium

2104 5038 2218 5091 haec
2249 5036 2361 5103 ipsa
2384 5075 2398 5095 ,
2426 5031 2946 5098 exsuscitabautque
2987 5042 3204 5099 gravem
3243 5026 3414 5096 ipsius
3460 5027 3596 5080 iram
3628 5033 3685 5078 et

2100 5128 2446 5195 cupiditatem
2478 5124 2850 5178 vehementem
2879 5117 3210 5174 ulciscenda:
3233 5133 3398 5184 quam
3447 5118 3681 5187 primum

2102 5220 2216 5274 acri
2250 5233 2425 5288 pugna
2480 5215 2845 5270 contumeliae.
2883 5211 3067 5266 Rediit
3116 5210 3408 5279 aliquando
3435 5206 3685 5262 valetudo

2103 5312 2293 5365 melior
2337 5308 2575 5377 expetita
2606 5305 2788 5358 Iandiu
2822 5343 2837 5369 ,
2892 5312 2988 5357 aut
3017 5310 3165 5358 certe
3217 5302 3291 5355 ita
3337 5315 3396 5355 se
3422 5297 3687 5352 relaxavit

2104 5402 2278 5463 dolor,
2310 5408 2368 5453 ut
2415 5396 2693 5468 proposito
2752 5395 2935 5449 itineri
2985 5394 3245 5447 mandare
3298 5404 3359 5446 se
3406 5389 3683 5457 Augustus

2105 5500 2307 5563 posset.
2335 5489 2587 5556 Trajecto
2612 5487 2772 5557 igitur
2806 5485 3082 5553 Bosphoro
3115 5497 3177 5535 ac
3206 5484 3327 5534 sinu
3357 5478 3498 5549 quod
3524 5477 3675 5532 illinc

2107 5585 2357 5641 Cibotum
2404 5588 2549 5635 recta
2602 5575 2848 5647 pergenti
2906 5571 3380 5628 transmittendum
3413 5567 3676 5634 occurrit,

2111 5672 2506 5737 transfretato;
2560 5669 2865 5737 castrisque
2906 5666 3083 5721 obiter
3131 5665 3184 5721 iu
3232 5661 3467 5733 ipsoillo
3500 5658 3684 5714 littore

1498 5795 1700 5857 Varite
1747 5795 2054 5862 lectiones
2089 5817 2167 5861 ex
2200 5797 2348 5861 cod.
2381 5791 2647 5855 Coisliu.

499 5869 542 5898 ¹⁰
586 5868 859 5925 κάκεῖθεν,
