4086 6404
446 405 592 472 1115

1750 418 1976 480 ΑΝΝίΕ
2009 419 2394 482 (ΣΟΜΝΕΝᾸΕ

3559 408 3700 479 1116

441 528 635 582 Ciboto
662 528 808 586 dicto
851 532 1061 601 positis,
1105 535 1247 591 ultra
1279 553 1509 609 pergens
1539 537 1839 609 Lopadium
1886 557 2019 595 con-

2125 539 2287 606 τάχα.
2321 536 2430 590 Καὶ
2455 534 2504 587 oi
2531 533 2631 603 μὲν
2653 531 2854 603 πυρσοὶ
2879 530 2972 585 τὸν
2992 530 3134 599 ἀέρα
3163 509 3415 594 ἐξέκαιον
3445 529 3539 582 καὶ
3571 529 3701 581 πολ-

444 621 614 673 :endit
689 621 835 676 lento
906 627 1072 694 gradu
1129 646 1142 682 :
1195 628 1324 682 dare
1398 631 1663 699 siquidem
1731 632 2020 699 oportebat

443 711 674 778 Spatium
721 717 1073 772 conveniendi
1125 721 1206 773 sui
1244 721 1448 776 militia:
1474 722 1712 790 undique
1745 725 1810 775 ad
1840 723 2017 792 ipsum

447 803 744 858 cnttﬂnenti
772 846 787 869 ,
823 815 927 860 tam
967 808 1223 864 Romanae
1244 854 1258 875 ,
1292 828 1452 881 quam
1482 829 1542 868 ex
1577 814 1739 868 sociis
1772 815 2020 883 gentibus

447 897 696 951 mercede
728 900 1043 968 conductas;
1077 903 1219 956 hanc
1248 905 1392 959 enim
1422 917 1474 961 et
1508 909 1679 974 ipsam
1709 909 2018 962 universam

447 989 514 1038 ad
570 1005 688 1043 sese
748 991 1006 1046 festinare
1067 996 1326 1062 jusserat.
1381 998 1739 1070 Congregatis
1800 1003 2016 1055 tamlem

444 1081 728 1142 omnibus,
766 1082 1003 1152 Lopadio
1053 1099 1228 1140 movet
1255 1105 1376 1142 cum
1408 1099 1520 1144 toto
1561 1091 1800 1144 exercitu
1826 1131 1841 1153 ,
1866 1101 1918 1145 et
1955 1090 2021 1144 ad

443 1173 623 1225 domni
677 1175 890 1244 Georgii
923 1194 1102 1232 arcem
1138 1186 1402 1246 pervenit,
1431 1200 1593 1253 prope
1631 1185 1810 1238 lacum
1832 1185 2023 1240 Nicma

439 1260 624 1313 sitam.
652 1260 784 1314 llinc
821 1262 1050 1318 Nicaeam
1085 1269 1271 1333 intrat,
1321 1286 1556 1338 moxque
1603 1272 1731 1324 inde
1773 1281 2016 1328 retroce-

439 1351 572 1404 deus
599 1353 791 1409 itinere
845 1357 1006 1409 tridui
1038 1370 1213 1414 castra
1253 1364 1607 1417 communivit
1637 1365 1772 1419 citra
1804 1377 2020 1434 pontem

443 1440 702 1508 Lopadii,
750 1447 815 1498 ad
868 1447 1071 1503 fontem
1123 1453 1280 1522 vulgo
1307 1455 1506 1508 dictum
1561 1455 2016 1524 Ctmdimenlarii,

441 1532 641 1592 quibus
669 1534 720 1585 in
759 1538 952 1590 castris
1001 1541 1233 1606 priorem
1286 1553 1490 1610 partem
1521 1549 1828 1602 excercitus
1862 1560 2025 1617 ponte

443 1624 820 1679 transmissam
855 1640 979 1696 apte
1008 1645 1070 1684 ac
1097 1641 1212 1684 tuto
1245 1635 1550 1691 collocavit.
1577 1638 1694 1707 Ipse
1744 1656 2024 1710 regressus

440 1726 540 1777 per
568 1725 781 1780 pontem
809 1723 1056 1774 eunnlem
1081 1725 1146 1776 ad
1171 1737 1376 1790 partem
1402 1727 1626 1782 alteram
1650 1747 1773 1785 cum
1803 1733 2024 1802 reliquis

437 1805 692 1860 oinnibus
742 1812 985 1864 consedit
1037 1815 1245 1883 copiis,
1302 1821 1630 1890 pra’cipunm
1672 1824 1814 1877 haud
1863 1825 2025 1878 dubie

440 1898 647 1953 militia:
706 1902 869 1956 robur
922 1906 1126 1961 habens
1161 1924 1369 1966 secum.
1425 1913 1642 1967 Interim
1676 1916 2018 1971 callidissimi

439 1986 626 2053 Turci,
661 1993 752 2058 qui
824 2005 952 2051 tunc
1021 1998 1297 2067 planitiem
1353 2004 1419 2057 ad
1476 2006 1687 2062 radices
1753 2009 2019 2064 montium

440 2079 822 2138 Lcutianorum
874 2102 925 2142 et
961 2091 1103 2145 circa
1154 2094 1330 2149 locum
1367 2097 1718 2154 Cotzeraciam
1773 2112 2020 2158 vocatum

439 2171 549 2227 late
585 2189 862 2242 patentem
893 2182 1366 2256 depraedabantur,
1397 2192 1486 2246 ubi
1519 2194 1585 2248 de
1617 2194 1814 2250 infesto
1851 2197 2022 2266 impe-

437 2271 637 2324 ratoris
693 2274 744 2327 in
778 2275 925 2342 ipsos
979 2279 1215 2335 adventu
1258 2285 1517 2339 certiores
1546 2284 1672 2340 facti
1716 2297 1878 2351 sunt,
1913 2303 2019 2342 non

438 2377 606 2428 parvo
631 2376 775 2419 metu
803 2383 1086 2439 concepto,
1119 2390 1284 2446 pyras
1307 2378 1612 2431 excitarunt
1653 2379 1809 2450 longe
1837 2381 2022 2449 plures

435 2468 597 2520 quam
657 2473 754 2526 pro
819 2476 1045 2517 numero
1101 2465 1370 2537 modoque
1438 2478 1780 2534 castrorum,
1837 2480 1896 2526 ut
1949 2474 2020 2526 ita

436 2545 623 2611 procul
676 2549 1015 2605 intuentibus
1045 2554 1407 2612 multitudinis
1453 2560 1688 2629 ingentis
1727 2563 2020 2618 ttsrrillca'm

433 2633 697 2693 oll'rrcnt
751 2642 1010 2709 speciem.
1071 2644 1453 2714 Spei-taculum
1515 2659 1636 2704 erat
1687 2651 2020 2708 luculentum

435 2727 680 2781 ibt-eruo
713 2731 1188 2791 innumerabilium
1217 2739 1326 2793 late
1352 2743 1546 2797 caelum
1595 2743 2020 2813 incendentium;

439 2833 539 2871 nec
590 2821 816 2876 deerant
871 2840 1060 2894 parum
1119 2839 1465 2899 eXpertorum
1518 2847 1549 2888 e
1599 2836 1801 2889 nostris
1845 2836 2024 2904 plures

435 2912 529 2977 qui
589 2915 849 2968 tt-rricnlo
917 2918 1062 2972 inani
1132 2935 1629 2982 commoverentur.
1715 2928 1831 2982 Non
1893 2944 2026 2985 sane

437 2999 494 3054 in
525 3001 608 3057 his
655 3005 930 3076 Angustus
963 3011 1053 3078 qui
1112 3015 1290 3082 primo
1342 3017 1580 3074 diluculo
1613 3021 1678 3074 ad
1714 3021 2024 3090 praedictam

437 3092 741 3162 planitiem,
799 3099 878 3154 illi
923 3101 1035 3169 jam
1085 3118 1302 3174 pontem
1363 3117 1708 3183 transgresso
1750 3115 2024 3179 citimam,

435 3198 559 3238 cum
591 3189 762 3257 copiis
785 3198 1099 3263 contendit,
1141 3200 1400 3267 majorem
1455 3204 1506 3256 in
1538 3206 1754 3260 modum
1804 3206 2027 3274 cupiens

437 3276 647 3334 Turcos
687 3299 751 3337 eo
799 3286 850 3339 in
907 3288 1026 3344 loco
1063 3291 1491 3361 deprehendere.
1547 3295 1743 3352 Verum
1794 3298 1867 3353 illi
1915 3301 2032 3368 qui,

435 3374 685 3428 accensis
740 3378 929 3435 multis
981 3383 1228 3451 ignibus,
1264 3387 1398 3441 nihil
1461 3389 1565 3443 nisi
1620 3389 1755 3444 falso
1798 3389 2034 3447 ludibrio

437 3465 638 3518 morari
669 3465 878 3538 hostes,
903 3483 957 3526 et
979 3473 1119 3545 fugze
1139 3479 1372 3547 spatium
1397 3491 1513 3533 arte
1538 3479 1702 3534 l‘nrari
1725 3483 2031 3551 volnerant,

437 3563 661 3613 strenue
698 3563 932 3619 consilio
975 3582 1072 3622 suo
1133 3571 1238 3633 nsi,
1290 3587 1438 3640 spem
1493 3574 1838 3641 imperatoris
1897 3584 2031 3631 tunc

2121 628 2248 690 λοῦς
2273 626 2382 680 τῶν
2411 626 2658 696 ἀπείρων
2679 624 3058 693 ἔξεδειμάτουν
3081 639 3097 655 ο
3123 621 3216 676 τδν
3238 618 3295 674 δὲ
3319 619 3704 690 αὐτοκράτορα

2121 719 2302 782 ιθρόει
2335 719 2543 770 τούτων
2575 716 2749 770 οὐδέν.
2783 717 3045 769 Κακεῖνοι
3080 713 3182 782 μὲν
3213 716 3311 784 τὴν
3341 711 3490 765 λείαν
3521 713 3704 766 πᾶσαν

2121 811 2215 864 καὶ
2238 811 2362 871 τοὺς
2385 807 2757 880 δορυαλώτους
2780 807 3179 876 ἀναλαϐόμενοι
3201 804 3426 875 ᾤχοντο.
3453 803 3622 866 Αὐτὸς
3644 803 3703 855 δὲ

2125 903 2265 957 κατά
2308 903 2368 955 τὸ
2401 901 2748 972 περίορθρον,
2795 900 2932 971 πρὸς
2976 898 3074 966 τὴν
3097 897 3200 967 ἤδη
3252 898 3436 949 ἐκεῖσε
3475 895 3706 948 πεδιάδα

2123 994 2417 1065 ἠπείγετο,
2477 993 2724 1046 σπεύδων
2781 991 2947 1044 αὐτοῦ
3009 1007 3114 1042 που
3175 987 3401 1050 τούτους
3460 985 3708 1055 καταλή-

2121 1087 2358 1156 ψεσθαιο
2417 1084 2533 1138 ἀλλ’
2583 1085 2894 1153 ἀστοχήσας
2943 1081 3044 1151 τῆς
3091 1080 3291 1147 ἄγρας,
3334 1076 3432 1130 καὶ
3471 1077 3707 1138 πολλοὺς

2128 1177 2328 1245 μᾶλλον
2377 1175 2488 1228 τῶν
2558 1174 2850 1240 Ῥωμαίων
2903 1171 2984 1224 ἔτι
3039 1170 3382 1241 ἐμπνέοντας
3427 1166 3707 1236 εὑρηκὼς,

2125 1267 2340 1330 πολλοῖς
2364 1267 2420 1320 δὲ
2442 1269 2538 1320 καὶ
2562 1266 2774 1336 νεκρῶν
2803 1265 3050 1334 σώμασιν
3079 1260 3477 1333 ἐντετυχηκὼς,
3507 1260 3708 1331 ἤχθετο

2124 1361 2201 1423 ὡς
2243 1361 2410 1422 εἰκὸς,
2461 1361 2557 1412 καὶ
2598 1359 2757 1430 ἤθελε
2799 1361 2897 1428 μὲν
2931 1359 3168 1411 διώκειν.
3214 1355 3356 1408 Ἀλλ’
3387 1355 3476 1408 ἵνα
3521 1352 3596 1422 μὴ
3645 1351 3711 1405 τὸ

2125 1453 2236 1504 πᾶν
2270 1449 2509 1521 ἀπολέσῃ
2540 1449 2786 1520 θήραμα,
2827 1451 2902 1520 μὴ
2941 1447 3171 1502 δυνατοῦ
3202 1446 3354 1509 ὄντος
3383 1442 3477 1497 τοῦ
3504 1441 3710 1504 παντὸς

2127 1543 2558 1614 στρατεύματος,
2613 1542 2741 1604 τοὺς
2786 1540 3088 1609 φεύγοντας
3133 1538 3301 1604 ὀξέως
3346 1533 3708 1598 καταλαϐεῖν,

2125 1634 2346 1706 χάρακα
2373 1634 2473 1703 μὲν
2495 1631 2661 1686 αὑτοῦ
2682 1649 2786 1684 που
2808 1649 2874 1684 πε
2881 1631 2938 1698 pi.
2958 1631 3017 1682 τὸ
3045 1627 3390 1698 Ποιμανηνδν
3407 1628 3708 1695 πήγνυται,

2125 1726 2224 1780 καὶ
2275 1726 2623 1796 παραχρῆμα
2687 1724 3094 1792 ἀπολεξάμενος
3168 1718 3453 1788 γενναίους
3516 1717 3710 1784 ψιλοὺς

2129 1815 2487 1887 στρατιώτας,
2515 1816 2612 1887 τὴν
2639 1815 2915 1881 ὲπιδίωξιν
2936 1815 3044 1867 τῶν
3069 1811 3370 1881 Βαρϐάρων
3395 1808 3708 1879 ἐπιτρέπει,

2062 1901 2101 1954 Β
2132 1909 2505 1981 παραγγείλας
2533 1911 2679 1972 ὅπως
2703 1909 2810 1979 χρὴ
2833 1895 3306 1980 ὲπιπορὲύσασθαι
3330 1907 3456 1966 τοὺς
3483 1900 3712 1955 ἀλάστο-

2133 2019 2255 2072 ρας.
2288 2002 2351 2056 Οἱ
2380 2001 2437 2054 δὲ
2468 1998 2692 2061 τούτους
2714 2001 3013 2071 ὲφθακότες
3043 1999 3124 2062 εἷς
3162 2015 3288 2053 τινα
3317 1997 3481 2050 τόπον
3506 1991 3712 2047 nam;

2130 2094 2412 2165 ὲγχωρίως
2445 2093 2851 2162 ὀνομαζόμενον
2894 2092 3034 2162 μετά
3066 2091 3168 2160 τῆς
3207 2090 3358 2149 λείας
3398 2088 3578 2156 πάσης
3615 2085 3714 2136 καὶ

2127 2187 2237 2238 τῶν
2279 2185 2658 2256 δορυαλὼτων,
2707 2187 2783 2248 ὼς
2819 2183 2930 2254 πῦρ
2967 2183 3089 2236 κατ’
3141 2182 3322 2236 αὐτῶν
3369 2180 3544 2233 ἵενται
3570 2191 3586 2209 ο
3613 2189 3714 2228 και

2129 2279 2332 2332 αὐτίκα
2363 2279 2654 2341 πλείστους
2687 2277 2786 2346 μὲν
2831 2277 3107 2346 μαχαίρας
3146 2274 3310 2345 ἔργον
3353 2272 3712 2342 ἐποιήσαντο,

2131 2370 2307 2432 ἐνίους
2335 2368 2390 2421 δὲ
2417 2368 2826 2438 ζωγρήσαντες,
2861 2366 2959 2419 καὶ
2983 2365 3082 2438 τὴν
3109 2365 3260 2418 λείαν
3289 2364 3467 2418 πᾶσαν
3498 2361 3714 2415 ἐκεῖθεν

2131 2461 2534 2533 ἀναλαϐόμενοι
2574 2459 2714 2530 μετὰ
2749 2460 2909 2529 νίκης
2957 2459 3216 2528 λαμπρᾶς
3252 2456 3390 2526 πρὸς
3421 2458 3514 2508 τὸν
3547 2454 3716 2506 αὑτο-

2133 2557 2375 2627 κράτορα
2408 2551 2732 2622 ἐπανῆλθον.
2776 2551 3016 2614 Τούτους
3045 2550 3452 2618 ἀποδεξάμενος
3491 2546 3584 2599 καὶ
3614 2545 3718 2614 τὴν

2131 2648 2375 2717 παντελῆ
2426 2646 2538 2698 τῶν
2581 2643 2859 2714 πολεμίων
2912 2643 3122 2713 φθορὰν
3167 2640 3426 2710 ἐγνωκὼς
3471 2638 3609 2708 πρὸς
3652 2638 3718 2690 τὸ

2132 2736 2402 2791 Λοπάδιον
2429 2737 2792 2808 ἐπανέρχεται
2813 2749 2827 2763 ·
2863 2734 3004 2788 κεῖθι
3043 2735 3100 2788 δὲ
3135 2731 3588 2803 παραγενόμενος
3616 2729 3718 2782 καλ⁵

2136 2830 2310 2899 μῆνας
2337 2832 2486 2899 τρεῖς
2507 2829 2662 2892 ὅλους
2693 2828 3132 2899 ἐγκαρτερήσας,
3156 2827 3216 2880 τὸ
3247 2825 3349 2896 μέν
3374 2842 3457 2878 τοι
3485 2823 3554 2878 δι’
3581 2823 3716 2877 ἀνι)⁴

2131 2922 2288 2992 δρίαν
2317 2923 2428 2975 τῶν
2455 2923 2522 2976 δι’
2549 2919 2623 2975 ὧν
2656 2921 2847 2991 ἔμελλε
2871 2921 3102 2976 διελθεῖν
3135 2920 3321 2990 μερῶν
3351 2917 3572 2990 (θέρους
3601 2914 3714 2984 γὰρ

2133 3011 2252 3081 ὥρα
2301 3011 2508 3081 παρῆν,
2561 3011 2714 3083 καὶὴ
2764 3012 2897 3066 ἀλέα
2935 3009 3233 3081 ἀφόρητος)
3259 3025 3272 3040 ⁸
3309 3009 3370 3062 τὸ
3410 3007 3470 3062 δὲ
3516 3007 3614 3060 καὶ
3649 3005 3714 3058 τὸ

2137 3104 2305 3174 μήπω
2329 3104 2542 3172 φθάσαν
2562 3102 2657 3156 τοῦ
2681 3103 3076 3175 μισθοφορικοῦ
3103 3101 3517 3174 στρατεύματος
3543 3101 3718 3153 ἀπεκ-

2135 3197 2446 3268 δεχόμενος,
2475 3198 2616 3251 ἐπὰν
2641 3198 2697 3251 δὲ
2723 3198 2964 3261 ἅπαντες
2987 3195 3330 3269 ἀθροισθεῖεν
3358 3195 3495 3258 ἐκεῖ,
3521 3191 3716 3257 ἐξανα-

2081 3296 2106 3320 ⁴
2139 3293 2292 3356 στὰς,
2323 3290 2469 3346 ἅπαν
2494 3292 2554 3344 τὸ
2588 3291 2868 3345 ὁπλιτικὸν
2903 3293 3209 3361 τηνικαῦτα
3241 3289 3384 3343 κατά
3419 3286 3516 3351 τὰς
3548 3288 3719 3354 ἀκρο-

2135 3383 2329 3452 λοφίας
2371 3384 2466 3439 τοῦ
2524 3385 2803 3454 Ὀλύμπου
2847 3384 3246 3453 καταθέμενος,
3291 3383 3387 3436 καὶ
3419 3381 3529 3434 τῶν
3570 3379 3719 3433 οὕτω

2133 3481 2483 3552 καλουμένων
2523 3480 2835 3549 Μαλάγνων
2885 3481 3048 3534 αὑτὸν
3091 3481 3187 3534 τὸν
3236 3479 3375 3551 ἀέρα
3417 3477 3531 3550 (69)
3581 3491 3720 3527 κατ’

2132 3571 2316 3627 ἑλαϐε.

437 3645 654 3712 quidem
707 3650 952 3711 frustrati
997 3669 1145 3715 sunt.
1194 3659 1425 3730 Reperta
1479 3665 1742 3719 duntaxat
1779 3665 2018 3719 recentia
2086 3663 2426 3720 crudelitatis
2478 3664 2778 3719 barbaricae
2839 3664 3103 3733 vestigia;
3187 3661 3456 3731 spirantes
3515 3659 3717 3714 adhuc.

447 3739 542 3793 sed
599 3745 834 3802 conlecti
904 3750 1222 3808 vulneribus
1279 3754 1650 3812 Romanorum
1688 3758 1850 3814 isthic
1903 3759 2124 3829 plurimi
2172 3757 2508 3821 visebantur,
2564 3756 2726 3829 462
2789 3757 3093 3812 occisorum
3135 3769 3350 3826 quoque
3394 3753 3553 3825 paulo
3591 3761 3720 3807 ante

437 3833 702 3890 cadavera
747 3843 1111 3898 occursabant
1163 3861 1364 3913 passun
1412 3864 1430 3903 :
1503 3849 1699 3918 quibus
1763 3851 1926 3906 rebus
1994 3851 2235 3908 clemens
2294 3851 2520 3920 Augusti
2592 3851 2804 3905 animus
2850 3849 3035 3904 dolore
3113 3850 3451 3920 pungebatur
3521 3853 3716 3912 tanto,

437 3937 699 3992 quantum
730 3947 794 3986 ex
835 3946 1027 3989 uetera
1061 3938 1160 3992 viri
1191 3943 1584 3996 consuetudine
1613 3955 1778 4013 atque
1809 3945 2008 4001 innatae
2045 3945 2432 4002 misericordiae
2456 3944 2758 3999 visceribus
2828 3943 3059 4014 qulsque
3112 3945 3349 4013 prudens
3415 3943 3720 3998 aestimator

437 4017 726 4092 intelliget.
775 4025 851 4080 Ac
911 4030 1178 4097 gestiebat
1229 4034 1446 4100 quidem
1506 4036 1724 4089 animus
1783 4035 2025 4106 fugitivis
2073 4037 2376 4092 latronibus
2431 4034 2753 4104 supplicium
2829 4034 3119 4089 admovere
3172 4035 3586 4103 persequendo:
3619 4035 3717 4089 sed

439 4113 777 4173 celeritatem
830 4136 932 4188 qua
992 4137 1053 4178 ea
1117 4141 1204 4180 res
1275 4131 1464 4197 egebat
1539 4132 1776 4186 universi
1836 4143 1943 4188 tcta
1999 4131 2159 4186 simul
2212 4130 2381 4186 moles
2436 4132 2713 4186 exercitus
2777 4145 2878 4185 non
2935 4135 3172 4200 caperet.
3238 4129 3316 4185 Ne
3365 4130 3547 4200 igitur}
3603 4145 3714 4187 non

441 4207 619 4278 aliqua
679 4213 872 4268 sa'tem
925 4219 1121 4284 prurdaa
1178 4235 1304 4287 pars
1365 4223 1749 4292 insequentnm
1791 4227 2031 4280 studium
2073 4225 2465 4292 comprehensa
2530 4225 2837 4288 solaretur,
2892 4224 3003 4281 illic
3095 4224 3311 4294 quidem
3381 4225 3498 4294 ipse
3590 4241 3716 4281 cum

441 4306 684 4361 exercitu
720 4309 916 4364 vallum
961 4314 1104 4366 circa
1169 4315 1557 4372 Pannanennm
1630 4318 1743 4390 ﬁgit
1794 4337 1810 4376 :
1864 4330 2118 4374 caeterum
2171 4319 2437 4374 delectam
2505 4335 2572 4375 ex
2635 4319 2804 4389 copiis
2860 4323 3112 4378 omnibus
3163 4323 3405 4378 virorum
3487 4319 3715 4375 fortium

436 4399 627 4456 leviter
656 4415 986 4460 armatorum
1023 4407 1256 4462 alacrem
1312 4427 1527 4464 manum
1561 4426 1853 4480 preperare
1888 4421 2006 4482 post
2039 4409 2312 4467 Barbaros
2336 4411 2505 4480 jubet,
2567 4414 2851 4481 prmceptis
2901 4417 3219 4469 instructam
3308 4417 3578 4471 accuratis
3643 4415 3714 4469 de

435 4500 639 4566 Optima
702 4503 910 4582 ratione
973 4505 1321 4574 aggrediendi
1383 4508 1743 4577 vincendique
1807 4509 2176 4578 deprehensos
2224 4509 2407 4564 hostes
2466 4510 2723 4577 perﬁdos.
2783 4509 2889 4564 Eos
2969 4517 3138 4567 nostri
3204 4521 3568 4582 assequuntur
3644 4515 3714 4568 ad

440 4597 727 4664 quemdam
791 4575 966 4654 locinn
1052 4599 1426 4667 indigenarum
1514 4602 1693 4672 lingua
1762 4613 2012 4658 vocatum
2085 4605 2276 4670 Cellia,
2325 4605 2501 4674 praeda
2552 4617 2780 4660 onustos
2848 4608 3100 4662 universa
3134 4591 3303 4679 quam
3345 4619 3712 4679 corraserant,

439 4696 494 4741 et
552 4690 886 4757 captivorum
944 4707 1080 4760 quos
1137 4709 1201 4748 ex
1257 4695 1402 4747 omni
1455 4711 1617 4763 quam
1671 4705 2021 4751 vastaverant
2057 4697 2276 4766 regione
2316 4699 2528 4754 vinctos
2573 4713 2733 4767 quam
2818 4701 3460 4768 plurimosotrahebant,

439 4785 494 4832 et
521 4782 766 4836 custodia
807 4783 1132 4852 impeditos;
1165 4785 1309 4838 nulla
1386 4785 1629 4843 irruendi
1683 4791 2152 4855 mora,llammeo
2217 4791 2419 4861 impetu
2492 4793 2547 4846 in
2596 4792 2744 4861 ipsos
2805 4794 3075 4860 involant;
3107 4795 3368 4862 plurimos
3433 4796 3710 4857 occidunt.

440 4873 704 4941 quosdam
729 4876 878 4930 vivos
911 4879 1166 4948 capiunt,
1230 4881 1406 4945 praeda
1477 4883 1622 4934 Ollllli
1691 4894 1905 4953 recepta
1967 4885 2260 4954 splendidae
2293 4896 2569 4956 compotes
2616 4889 2855 4943 victoriae
2910 4888 2975 4942 ad
3027 4889 3406 4957 imperatorem
3459 4892 3710 4945 redeunt.

444 4968 669 5036 Excepit
701 4985 793 5024 eos
825 4971 914 5026 ille
943 4982 1001 5026 ut
1032 4972 1122 5026 tali
1157 4982 1399 5039 tempore
1451 4977 1527 5026 sic
1560 4975 1784 5029 meritos
1810 4978 2114 5044 oportebat;
2151 4995 2213 5032 ac
2250 4978 2359 5046 jam
2425 4981 2551 5035 inde
2612 4981 2824 5034 firmata
2881 4995 2999 5049 Spe,
3058 4983 3270 5051 plenam
3338 4983 3478 5036 haud
3551 4983 3714 5039 dubie

440 5059 732 5117 victoriam
758 5062 1736 5135 internecioneBarbarorumintegra
1785 5070 2051 5138 cogitans,
2089 5069 2382 5141 Lopadium
2435 5074 2767 5140 revertitur,
2833 5072 3016 5143 ibique
3081 5084 3188 5130 tres
3267 5087 3408 5130 totos
3502 5074 3714 5146 quievi;

1524 5180 1669 5242 Car.
1699 5181 2029 5246 Dufresnii
2065 5185 2159 5248 Du
2194 5186 2415 5265 Cangii
2451 5192 2638 5251 notas.

524 5299 637 5380 (69)
681 5299 864 5369 Ἀέρα.
897 5299 1040 5356 Sunt
1069 5301 1158 5380 qui
1184 5313 1372 5371 putant
1408 5317 1588 5380 aerem
1623 5305 1724 5359 hoc
1747 5304 1866 5360 loco
1888 5305 2024 5360 nihil
2058 5305 2103 5361 D
2135 5308 2210 5361 De
2254 5309 2422 5363 tardis
2450 5309 2840 5380 fossionibus,
2882 5325 3001 5380 cap.
3036 5310 3089 5374 1,
3123 5311 3177 5363 in
3217 5326 3392 5365 aerem
3440 5311 3708 5366 meliorem

449 5373 597 5427 aliud
648 5385 769 5450 esse
816 5386 980 5450 quam
1037 5374 1323 5450 aeris_aut
1371 5375 1495 5450 caeli
1547 5380 1908 5450 temperiem;
1942 5388 2026 5450 _t_tt
2129 5381 2376 5433 transire.
2445 5379 2640 5434 Verum
2709 5373 2842 5448 quin
2913 5373 3054 5436 hanc
3108 5382 3356 5448 protinus
3415 5382 3710 5450 amplectar

448 5442 759 5519 sensussit,
802 5441 1072 5519 Alexinm,
1123 5443 1213 5511 qui
1270 5443 1558 5519 plurimum
1621 5446 1723 5499 iter
1753 5461 1850 5514 per
1877 5445 2025 5499 arida
2129 5449 2478 5515 sententiam,
2537 5441 2866 5519 vetant-qua:
2894 5467 3018 5505 mox
3073 5441 3392 5518 sequuntur,
3459 5441 3706 5506 Alexium

3547 4705 3713 4759 ductu
3791 4693 3794 4695 Δ

449 5511 588 5578 loca,
631 5512 1061 5582 fragrantissitna
1112 5511 1338 5579 aestate,
1370 5514 1698 5580 confecerat,
1751 5511 1881 5568 aestu
1944 5532 2029 5569 re-

454 5583 642 5643 misso.
677 5581 742 5636 ad
767 5581 1140 5653 Malagnorum
1196 5587 1476 5653 oppidum,
1500 5599 1558 5640 se
1592 5586 1906 5648 contulisse,
1939 5585 2028 5639 ubi

451 5667 547 5722 aer
626 5652 976 5707 hauriebatur
1055 5652 1242 5721 purior
1315 5665 1371 5708 et
1449 5656 1818 5722 temperatior.
1891 5655 2027 5709 Galli

451 5721 717 5793 dicerent.
763 5722 945 5777 Alexis
996 5724 1103 5778 vim
1159 5727 1381 5790 prendre
1413 5724 1534 5777 l‘m’r
1562 5721 1676 5778 'des
1727 5724 2021 5793 Malagnes,

453 5791 776 5844 l‘lntmhus
830 5794 972 5863 σπᾷν
1029 5795 1123 5846 τὸν
1174 5795 1313 5863 ἀέρα
1361 5793 1598 5862 scripsit.
1659 5791 1908 5863 haurire,
1937 5795 2022 5848 vel

455 5874 679 5930 carpere
709 5877 888 5916 aerem
917 5862 932 5930 ς
965 5863 1161 5921 Caelius
1199 5862 1523 5934 Aurelianus
1555 5864 1871 5930 Siccieusis,
1902 5862 1936 5916 Ι.
1974 5877 2023 5917 ιγ

2129 5519 2290 5574 simul
2353 5535 2532 5594 aerem
2584 5521 2761 5594 attigit
2818 5520 2929 5594 (τδν
2956 5522 3095 5594 ἀέρα
3151 5522 3514 5594 καταλαϐεἶνλ
3557 5522 3707 5593 regia

2131 5605 2356 5644 monere
2394 5591 2581 5657 missa,
2618 5591 3035 5659 imperatricem'
3059 5593 3434 5646 accersivisse.
3471 5592 3606 5646 Vide
3626 5591 3705 5646 Van

2131 5661 2198 5731 a_d
2247 5659 2417 5714 Annze
2449 5673 2703 5731 intentem
2767 5659 2927 5714 faciat
2967 5661 3135 5731 locus
3189 5660 3461 5731 Procopii,
3511 5664 3607 5718 lib.
3662 5677 3704 5716 tt

2136 5729 2210 5800 De
2245 5731 2394 5800 (Bdif.
2426 5730 2653 5794 Ιιιειὶη..
2690 5744 2812 5797 cap.
2840 5731 2891 5791 l.
2925 5730 3014 5784 ubi
3059 5729 3208 5788 urbis
3249 5729 3416 5788 Daras
3458 5747 3641 5789 muros
3669 5747 3701 5786 a

2135 5797 2440 5857 Justiniano
2466 5801 2794 5856 instauratos
2819 5801 3101 5857 describit.
