4086 6406
453 395 595 465 1117
1725 415 2143 482 ALEXIADIS
2195 424 2341 487 LIB.
2368 428 2501 489 XV.
3570 422 3711 493 1118

446 529 663 571 menses
715 518 1025 577 occasionis
1072 530 1403 578 momentum
1467 534 1814 595 exspectans.
1860 531 2034 586 Causa
2075 536 2365 591 cunctandi
2417 544 2536 592 erat
2563 534 2780 607 duplex.
2811 536 2972 594 Prior
2993 536 3221 594 ariditas
3293 537 3536 595 locormn
3614 552 3715 606 per

444 623 566 677 quae
606 610 669 664 ad
701 608 911 667 Turcos
962 621 1175 669 motnro
1220 618 1588 671 necessarium
1624 618 1728 673 iter
1758 629 1910 679 erat:
1944 637 2032 679 res
2070 639 2285 696 semper
2321 628 2701 695 incommoda,
2738 629 2975 686 maxime
3034 639 3215 684 autem
3280 627 3705 700 ﬂagrantissima

443 710 656 767 testate,
710 717 831 772 quae
879 713 1008 759 tunc
1078 716 1371 776 tempestas
1429 710 1694 765 exurebat
1755 712 1952 767 caelum
2038 715 2360 774 intolerabili
2413 735 2615 789 vapore
2672 721 2807 777 solis
2868 722 3254 777 ardentissimi.
3315 721 3500 775 Altera
3567 725 3713 791 quod

442 797 683 849 nondum
722 812 909 851 omnes
959 800 1127 866 copia:
1182 802 1430 855 mercede
1498 802 1778 858 conductae
1858 805 2272 875 convenissent,
2358 826 2586 876 quarum
2670 822 2856 881 partes
2945 810 3064 866 aliae
3119 811 3353 867 subinde
3404 823 3527 881 post
3581 814 3715 865 alias

443 895 559 942 toto
591 887 682 941 illo
712 897 1042 955 exspectata:
1087 891 1260 956 spatio
1291 895 1786 959 congregabantur,
1832 893 1905 948 Ut
1953 895 2185 964 primum
2213 914 2272 954 se
2332 904 2540 956 remisit
2604 913 2790 967 aestus,
2853 912 2908 956 et
2953 911 3099 957 totus
3166 903 3341 957 adfuit
3401 907 3699 966 exercitus,

444 984 738 1049 imperator
783 996 1000 1049 gravem
1037 992 1370 1036 armaturam
1421 986 1729 1039 universam
1781 983 1994 1056 Olympi
2030 1002 2296 1061 occupare
2355 993 2484 1065 juga
2526 1004 2691 1063 atque
2719 996 2957 1051 insidere
3014 996 3204 1065 jussit.
3267 994 3388 1066 ipse
3440 997 3715 1069 Malagno-

445 1090 558 1125 rum
600 1084 898 1126 extremam
933 1073 1103 1140 ips'tm
1132 1088 1283 1128 oram
1323 1077 1515 1132 tenuit.

514 1164 626 1233 Τῆς
667 1165 723 1217 δὲ
762 1162 1034 1231 βασιλίδος
1067 1166 1212 1218 κατὰ
1246 1168 1343 1236 τὴν
1382 1168 1693 1237 ΙΙρίγκιπον
1723 1170 1838 1241 (70)
1872 1173 2019 1227 αὐλι·

2206 1173 2598 1229 Diversabatur
2637 1190 2734 1244 per
2784 1175 2836 1229 id
2873 1186 3084 1243 tempus
3137 1176 3452 1242 imperatrix
3500 1176 3552 1229 in
3596 1175 3717 1230 loco

442 1258 699 1325 ζομένης,
729 1256 796 1308 't'v’
823 1256 938 1326 ἔχοι
971 1260 1103 1329 ῥᾷον
1135 1259 1346 1313 ἐκεῖθεν
1377 1264 1445 1315 τὰ
1478 1264 1608 1332 περὶ
1634 1263 1729 1317 τοῦ
1757 1267 2031 1338 αὐτοκρά-

438 1363 599 1415 τορος
643 1346 942 1415 μανθάνειν
978 1352 1109 1417 περὶ
1144 1351 1208 1403 τὸ
1238 1351 1510 1405 Λοπάδιον
1540 1354 1932 1419 ἐπανελθόντος
1953 1398 1967 1423 ,
2001 1359 2031 1412 ὁ

443 1438 695 1508 βασιλεὺς
729 1439 847 1507 ἅμα
879 1440 955 1509 τῷ
982 1441 1073 1492 τὸν
1104 1442 1243 1513 ἀέρα
1278 1445 1648 1511 καταλαϐεῖν,
1682 1446 1772 1501 διὰ
1802 1448 1897 1501 τοῦ
1932 1449 2030 1519 βα-

441 1531 651 1582 σιλικοῦ
696 1532 967 1601 μονήρους
1023 1535 1449 1603 μεταπέμπεται
1481 1537 1581 1607 τὴν
1621 1538 1939 1606 Αὐγοῦσταν
1966 1541 2029 1594 τδ

442 1625 539 1693 μὲν
560 1641 644 1687 τι,
677 1628 769 1677 καὶ
797 1626 859 1678 τὸ
890 1625 1054 1695 ἄλγος
1088 1627 1439 1699 ὑφορώμενος
1472 1631 1560 1684 ἀεὶ
1593 1631 1702 1685 τῶν
1736 1633 1935 1697 ποδῶν,
1966 1634 2028 1688 τὸ

436 1722 493 1774 δέ
524 1740 576 1775 τι
603 1724 697 1774 καὶ
725 1725 853 1783 τοὺς
888 1739 953 1777 συ
966 1726 1504 1797 μπαρομαρτοῦντας
1526 1728 1676 1798 αὐτῷ
1702 1730 1813 1782 τῶν
1836 1732 2028 1796 ἐγκολ-

437 1818 581 1870 πίων
603 1817 812 1887 ἐχθρῶν
836 1818 1045 1885 δεδιὼς,
1070 1820 1162 1873 διὰ
1183 1820 1283 1890 τὴν
1306 1821 1481 1892 ἄκραν
1503 1822 1676 1892 αὐτῆς
1704 1823 1833 1893 περὶ
1862 1823 2026 1877 αὑτὸν

436 1909 787 1978 ἐπιμέλειαν,
809 1911 907 1964 καὶ
935 1911 995 1963 τὸ
1017 1911 1512 1980 ἀγρυπνικὼτατον
1528 1913 1705 1983 ὄμμα.
1728 1914 1896 1967 Οὔπω
1910 1915 2027 1984 τρί-

437 2020 503 2071 τη
532 2001 816 2071 παρῆλθεν
851 2003 1059 2073 ἡμέρα,
1098 2005 1194 2058 καὶ
1225 2004 1254 2057 δ
1275 2004 1428 2076 παρὰ
1465 2006 1556 2058 τὸν
1594 2005 1876 2076 βασιλικὸν
1910 2023 2026 2060 κοι-

436 2095 700 2147 τωνίσκον
748 2096 1149 2166 ἀσχολούμενος
1191 2098 1335 2151 κατὰ
1376 2099 1437 2151 τὸ
1487 2099 1813 2172 περίορθρον
1851 2100 2025 2154 ἐλθὼν

437 2190 608 2259 ἀγχοῦ
633 2190 726 2243 τοῦ
753 2191 1036 2259 βασιλικοῦ
1062 2193 1364 2262 σκίμποδος
1391 2195 1660 2265 εἱστήκει.
1703 2194 1765 2248 Ἠ
1784 2196 1839 2250 δὲ
1872 2196 2023 2265 βασί-

439 2281 602 2335 λισσα
630 2281 1028 2348 διυπνισθεῖσα,
1062 2285 1158 2337 καὶ
1182 2285 1371 2338 τοῦτον
1402 2285 1738 2356 θεασαμένη,
1763 2289 2023 2359 Τούρκων

436 2376 569 2444 ἡμῖν
599 2374 787 2444 ἔφοδον
817 2378 1183 2445 ἀπαγγέλλειν
1217 2377 1345 2447 ἔφη.
1375 2379 1483 2431 Τοῦ
1507 2380 1562 2433 δέ
1592 2382 1725 2451 περὶ
1771 2382 1833 2435 τὸ
1873 2381 2021 2435 οὕτω

437 2464 777 2535 καλούμενον
822 2465 918 2519 τοῦ
967 2467 1244 2536 Γεωργίου
1276 2468 1539 2539 φρούριον
1588 2470 1890 2538 ἐφθακέναι
1933 2471 2022 2524 λέ-

438 2574 649 2624 γοντος,
680 2557 1013 2626 κατεσίγασε
1058 2557 1249 2613 τοῦτον
1290 2560 1322 2628 ἡ
1362 2559 1578 2629 βασιλὶς
1600 2563 1665 2631 τῇ
1697 2560 1867 2631 χειρὶ,
1930 2561 2017 2613 ἵνα

438 2650 515 2719 μὴ
564 2650 653 2702 τὸν
707 2650 1089 2721 αὐτοκράτορα
1126 2652 1405 2723 διυπνίσῃ.
1468 2652 1528 2706 '0
1558 2652 1614 2706 δὲ
1666 2656 1725 2706 ἐν
1760 2654 2019 2721 αίσθήσει

434 2740 545 2794 τῶν
590 2740 904 2812 λεγομένων
951 2741 1196 2811 γεγονὼς
1243 2744 1339 2796 ἐπὶ⁸
1380 2744 1563 2813 ταύτῷ
1591 2746 1860 2815 ,σχήματι
1923 2748 2019 2800 καὶ

432 2831 663 2902 γνώμης
688 2832 825 2896 τέως
861 2829 950 2904 ἦν.
993 2834 1334 2903 Ἀνίσχοντος
1364 2835 1421 2887 δὲ
1444 2834 1539 2887 τοῦ
1570 2836 1722 2907 ἡλίου
1758 2836 1893 2906 πρὸς
1919 2838 2021 2900 τὰς

436 2926 692 2996 συνήθεις
710 2927 976 2997 ἐργασίας
1008 2928 1280 2997 ἐτράπετο
1309 2929 1430 2990 ὅλος
1453 2929 1552 2997 τῆς
1574 2928 1766 2982 τούτου
1800 2947 2021 3001 προμη-

434 3020 585 3084 θείας
626 3020 889 3088 γεγονώς.
919 3020 1088 3074 Οὔπω
1120 3022 1281 3091 τρίτη
1310 3021 1592 3093 παρῆλθεν
1614 3022 1732 3092 ὥρα
1761 3026 1857 3078 καὶ
1900 3025 2021 3078 ἔτεα

437 3130 530 3183 ρος
556 3112 764 3166 ἐκεῖθεν
797 3112 1123 3168 καταλαϐὼν
1163 3114 1407 3181 ἐγγίζειν
1434 3115 1535 3185 ἥδη
1555 3115 1678 3179 τοὺς
1701 3116 2021 3187 Βαρϐάρους

432 3205 642 3272 ἐλεγεν.
713 3206 778 3259 Ἦ
818 3205 873 3258 δὲ
925 3206 1402 3275 αὑτοκρατόρισσα
1455 3206 1537 3259 ἐτι
1593 3209 1895 3279 συμπαρῆν
1941 3209 2020 3280 τῷ

430 3297 817 3367 αὐτοκράτορι,
843 3298 1099 3350 δειλιῶσα
1152 3298 1273 3367 μὲν,
1306 3299 1381 3360 ὡς
1428 3298 1595 3362 είκδς,
1635 3300 1931 3369 ἐξικομένη
1962 3302 2019 3354 δέ

430 3372 581 3457 ὅμως
614 3390 716 3457 τῆς
744 3390 957 3442 ἐκείνου
1015 3387 1266 3458 γνώμης.
1326 3390 1499 3443 Ἐπὰν
1526 3390 1583 3443 δέ
1612 3391 1748 3460 πρὸς
1794 3392 2021 3462 ἄριστον

428 3484 478 3535 οἱ
512 3482 751 3552 βασιλεῖς
780 3483 1084 3549 ἐπείγοντο,
1108 3483 1297 3553 ἕτερος
1316 3484 1645 3555 ᾑμαγμένος
1667 3485 2018 3552 καταλαϐὼν,

438 3574 803 3645 προσουδίσας
860 3578 974 3637 τοῖς
1034 3576 1163 3628 ποσὶ
1215 3575 1310 3627 τοῦ
1370 3576 1795 3647 αὐτοκράτορος,
1827 3579 2020 3632 ἐαυτὸν

434 3666 576 3736 ὑπὲρ
601 3666 847 3736 κεφαλῆς
880 3665 974 3719 τὸν
1001 3666 1249 3719 κίνδυνον
1285 3667 1541 3720 ἵστασθαι
1570 3668 1867 3736 ἐπώμνυτο
1908 3669 2018 3722 τῶν

434 3760 737 3828 Βαρϐάρων
776 3761 876 3829 ἤδη
906 3758 1444 3829 καταλαμϐανόντων
1470 3761 1538 3815 “.
1573 3760 1630 3813 Ὀ
1657 3761 1715 3813 δὲ
1750 3763 2019 3831 αὐτοκράο

2135 1267 2224 1333 qui
2276 1265 2563 1334 PfillCllllls
2610 1268 2849 1330 dicitur.
2887 1277 3195 1335 opportuno
3248 1268 3313 1321 ad
3369 1269 3716 1337 accipiendos

2132 1358 2362 1413 subinde
2392 1360 2613 1414 nuntios
2660 1373 2691 1413 a
2722 1358 2985 1428 Lopadio,
3016 1360 3104 1414 ubi
3126 1359 3290 1414 multo
3313 1402 3327 1425 ,
3356 1370 3413 1413 ut
3444 1360 3712 1427 diximus,

2135 1460 2413 1518 tempore,
2493 1459 2778 1520 postquam
2860 1466 2926 1507 eo
2982 1452 3184 1513 rediit,
3259 1452 3552 1520 imperator
3631 1464 3716 1507 est

2130 1553 2401 1597 moratus.
2436 1540 2606 1597 Simul
2654 1557 2786 1612 ergo
2831 1557 2892 1597 se
2945 1542 3015 1597 ad
3045 1543 3188 1598 istud
3238 1543 3381 1610 quod
3427 1542 3536 1595 dixi
3590 1557 3716 1610 pro-

2129 1635 2385 1690 montorii
2420 1645 2585 1704 caput
2636 1649 2898 1706 oramque
2947 1635 3192 1689 ultimam
3242 1634 3379 1689 mari
3441 1635 3712 1687 admotam

2130 1727 2410 1782 transtulit
2447 1726 2764 1797 Augustus,
2816 1727 3070 1796 expedita
3108 1726 3236 1781 inde
3285 1727 3432 1781 illico
3489 1742 3714 1781 monere

2129 1824 2277 1888 regia
2308 1819 2713 1889 imperatricem
2761 1820 2814 1874 in
2847 1834 2974 1874 arce
3010 1820 3358 1874 commodum
3394 1820 3671 1874 maritima
3692 1858 3709 1881 ,

2128 1929 2287 1982 quam
2318 1913 2480 1967 modo
2505 1914 2905 1967 nominavimus
2934 1913 3218 1983 degentem
3255 1912 3322 1966 ad
3376 1927 3436 1968 se
3464 1912 3715 1967 invitavit

2129 2006 2327 2077 duplici
2380 2006 2445 2062 de
2474 2020 2640 2061 eausa
2704 2024 2717 2060 :
2770 2007 3003 2075 primum
3061 2013 3121 2060 ut.
3174 2006 3459 2075 ingruente
3518 2006 3711 2073 pedum

2128 2103 2319 2155 morbo
2372 2098 2529 2167 cujus
2579 2113 2861 2153 accessum
2938 2098 3284 2166 suspectabat
3356 2097 3531 2151 solitis
3590 2097 3709 2164 ejus

2127 2191 2382 2246 fomentis
2430 2200 2487 2246 et
2543 2191 2825 2245 curatione
2890 2189 2996 2243 lida
3054 2190 3353 2253 levaretur;
3406 2188 3601 2242 deinde
3653 2199 3711 2240 ιιι

2125 2283 2368 2351 ejusdem
2438 2283 2554 2339 acri
2625 2283 2933 2339 excubante
3002 2282 3282 2351 vigilantia
3363 2282 3714 2337 inimicorum

2126 2376 2227 2445 ipsi
2286 2376 2580 2445 perniciem
2634 2374 2973 2430 molientium
3037 2374 3229 2441 quales
3302 2373 3447 2427 circa
3475 2387 3533 2426 se
3590 2388 3713 2424 ver-

2124 2469 2235 2523 sari
2290 2468 2506 2523 assidue
2558 2467 2772 2536 aliquos
2824 2467 2930 2520 alia
2964 2466 3091 2520 licet
3143 2465 3328 2519 omnia
3392 2463 3712 2518 simulantes

2127 2576 2232 2616 non
2267 2560 2574 2630 ignorabat,
2630 2560 2921 2613 insidiosos
2981 2558 3215 2626 impetus
3272 2565 3604 2626 przevertere
3647 2570 3712 2609 ac

2122 2654 2231 2709 vim
2269 2652 2543 2708 declinare
2573 2660 2778 2721 posset.
2818 2649 3065 2705 Nondum
3121 2649 3301 2704 triduo
3333 2664 3435 2703 una
3468 2649 3709 2713 fuerant,

2122 2763 2245 2802 cum
2305 2760 2434 2800 ecce
2481 2744 2714 2799 cubiculi
2779 2744 2913 2813 regii
2979 2742 3268 2808 praefectus
3317 2741 3554 2795 diluculo
3624 2742 3712 2794 in-

2123 2855 2346 2910 gressus
2397 2853 2564 2907 prope
2612 2837 2810 2892 lectum
2890 2839 3255 2904 Augustorum
3322 2834 3496 2888 stetit.
3562 2831 3709 2887 Con-

2124 2934 2339 3001 spirata
2359 2932 2633 2987 hominem
2652 2930 2779 2999 vigil
2811 2938 2922 2982 tum
2954 2928 3223 2997 Augusta,
3254 2927 3474 2997 Nempe,
3511 2928 3709 2997 inquit.

2123 3024 2430 3079 Terrorum
2490 3022 2768 3077 incursum
2810 3021 2966 3075 nobis
3005 3018 3170 3091 463
3219 3019 3459 3074 nuntias.
3497 3019 3577 3073 Ad
3599 3020 3714 3074 haec

2122 3116 2212 3170 ille
2269 3115 2579 3185 pervenisse
2633 3114 2744 3183 jam
2776 3128 2870 3167 eos
2899 3111 3190 3167 atlirmavit
3244 3112 3311 3168 ad
3361 3128 3542 3168 arcem
3595 3128 3714 3182 quae

2124 3223 2153 3260 ιι
2204 3206 2441 3275 Georgio
2483 3220 2679 3259 nomen
2724 3205 2904 3259 habet.
2955 3203 3108 3258 Talia
3142 3204 3412 3259 dicentem
3470 3207 3713 3274 Angusta

2124 3313 2318 3354 manus
2346 3297 2503 3369 signo
2526 3306 2707 3352 tacere
2731 3297 2914 3366 jussit,
2938 3312 3002 3351 ne
3023 3297 3407 3363 imperatorem
3424 3297 3710 3351 excitaret.

2122 3390 2422 3445 Audirerat
2482 3389 2572 3443 ille
2621 3399 2803 3443 tamen
2850 3404 2971 3457 qurc
3029 3388 3169 3442 dicta
3233 3388 3477 3451 fuerant,
3523 3403 3712 3443 verum

2122 3480 2380 3551 quoniam
2434 3488 2623 3549 parata
2676 3479 3006 3548 provisaque
3046 3476 3282 3532 habebat
3315 3478 3536 3542 omnia,
3572 3478 3714 3533 nihil

2122 3577 2215 3632 illo
2268 3579 2461 3629 nuntio
2499 3576 2746 3629 turbatus
2792 3588 2891 3642 pro
2953 3588 3051 3628 sua
3097 3572 3255 3627 solita
3316 3572 3625 3626 conStantia
3657 3572 3711 3626 in

2122 3670 2308 3741 quiete
2353 3684 2419 3724 ac
2446 3667 2619 3722 somni
2650 3666 2999 3720 simulatione
3028 3664 3286 3735 perstitit.
3318 3664 3445 3718 Sole
3494 3664 3710 3718 demum

2122 3763 2334 3818 oriente
2363 3761 2642 3818 consuetis
2676 3759 3128 3828 occupationibus
3157 3757 3247 3811 ubi
3291 3755 3607 3825 perfunctus
3630 3768 3716 3810 est

428 3867 544 3917 τωρ
594 3849 760 3911 εὐθὺς
814 3850 916 3919 τὴν
966 3850 1105 3920 πρὸς
1156 3850 1218 3904 τὸ
1264 3850 1559 3913 Βυζάντιον
1612 3851 1871 3905 ἐπάνοδον
1920 3855 2019 3925 τὴν

2127 3855 2577 3925 tranquillissime
2608 3868 2760 3908 more
2792 3852 3129 3920 quotidiana.
3162 3850 3230 3903 ad
3268 3848 3708 3917 procurationem

432 3943 945 4013 αὐτοκρατόρισσαν
992 3943 1317 4013 ἐπέτρεψεν.
1386 3945 1449 3997 Ἠ
1490 3944 1549 3997 δέ
1595 3945 1914 4015 πτοηθεῖσα,
1959 3949 2019 4000 ἐν

436 4038 625 4104 μυχοῖς
678 4034 906 4105 καρδίας
948 4035 1098 4106 ὅμως
1141 4034 1255 4107 εἶχε
1298 4036 1392 4090 τὸν
1435 4037 1626 4106 φόϐον,
1655 4040 1749 4092 καὶ
1776 4040 1903 4093 οὔτε
1927 4040 2019 4093 λό-

428 4146 545 4195 γοις
576 4127 698 4180 οὔτε
739 4129 987 4196 σχήμασι
1028 4126 1222 4181 τοῦτον
1260 4130 1566 4197 ἐνζφαινεν.
1610 4131 1859 4200 ’Δνδρεία
1908 4133 2020 4205 γὰρ

428 4224 523 4273 καὶ
554 4222 821 4288 στάσιμος
855 4215 992 4271 οὖσα
1025 4221 1123 4287 τὴν
1183 4220 1356 4289 φρένα
1383 4223 1643 4291 καθάπερ
1683 4224 1715 4290 ἡ
1743 4223 1894 4290 παρὰ
1921 4225 2020 4276 Σο·

426 4313 703 4382 λομῶντος
762 4314 818 4364 ἐν
866 4313 1214 4379 Παροιμὶαις
1251 4313 1566 4381 ὑμνουμένη
1622 4315 1805 4383 ἐκείνη
1859 4314 2016 4382 γυνὴ,

424 4406 486 4454 οὐ
520 4402 856 4469 γυναεκῶδές
888 4420 937 4453 τι
980 4401 1289 4465 ἐνεδείξατο
1343 4405 1437 4454 καὶ
1466 4402 1706 4471 ἀθαρσὲς
1742 4398 1892 4471 ἦθος,
1930 4398 2018 4456 οἷα

426 4497 493 4547 τὰ
528 4496 694 4548 πολλὰ
725 4496 824 4558 τὰς
854 4496 1122 4561 γυναῖκας
1170 4496 1388 4565 ὁρῶμεν
1422 4495 1745 4565 πασχούσας
1791 4498 2017 4551 ἐπειδάν

428 4607 478 4641 τι
510 4589 746 4656 φοϐερὸν
783 4587 1087 4642 ἀκούσωσι.
1116 4588 1226 4640 Καὶ
1254 4588 1388 4641 αὐτὸ
1409 4589 1466 4641 τὸ
1496 4589 1697 4660 χρῶμα
1718 4593 2021 4661 κατηγορεῖ

425 4685 523 4751 τῆς
556 4684 739 4751 ψυχῆς
779 4682 879 4750 τὴν
912 4678 1136 4741 δειλίαν,
1189 4682 1285 4733 καὶ
1324 4680 1588 4751 συχνάκις
1633 4683 2018 4737 ἀνακωκύουσι

426 4778 621 4846 γοερὸν
674 4775 865 4839 ὥσπερ
932 4778 994 4827 ἐκ
1040 4773 1135 4827 τοῦ
1183 4774 1372 4845 σχεδὸν
1423 4776 1619 4840 αὐταῖς
1667 4776 1780 4831 τῶν
1826 4778 2019 4833 δεινῶν

428 4870 826 4936 ἐφεστηκότων.
857 4867 1000 4919 Ἀλλ’
1022 4868 1123 4937 ἦγε
1152 4866 1363 4935 βασιλὶς
1382 4870 1588 4937 ἐκείνη,
1610 4868 1717 4922 κᾶν
1734 4869 2014 4937 ἐδεδοίκει,

427 4966 555 5031 περὶ
587 4961 663 5027 τῷ
696 4960 1062 5029 αὐτοκράτορι
1096 4958 1371 5022 ἐδεδοίκει,
1398 4960 1471 5027 μή
1507 4975 1561 5011 τι
1602 4960 1748 5030 πάθῃ
1791 4960 2017 5029 ἄτοπον,

426 5052 697 5119 δευτέρως
752 5049 807 5101 δὲ
865 5048 996 5115 περὶ
1051 5050 1251 5117 ἑαυτῆς
1317 5049 1646 5120 ἐπεφόϐητο.
1690 5051 1764 5103 Οὐ
1826 5053 2016 5104 τοίνυν

432 5144 611 5209 εκείνη
664 5141 788 5192 κατ’
835 5142 1013 5191 ἐκεῖνο
1044 5140 1239 5209 καιροῦ
1300 5141 1524 5205 ἀνάξιόν
1566 5159 1619 5193 τι
1666 5142 1764 5210 τῆς
1817 5142 2016 5196 ἑαυτοῦ

2124 3947 2468 4003 attentiorem
2504 3943 2763 4000 instantis
2802 3942 2929 3998 belli
2962 3951 3133 3995 totum
3159 3938 3688 3994 convertitanimum

2124 4045 2269 4096 [lora
2326 4040 2563 4095 nondum
2606 4037 2805 4092 abhinc
2860 4036 3016 4089 tertia
3099 4034 3334 4088 ﬂuxerat
3393 4047 3518 4085 cum
3578 4030 3716 4085 alius

2125 4148 2418 4188 accurrens
2448 4131 2670 4186 nuntius
2707 4128 3147 4198 appropinquare
3190 4125 3457 4180 Barbaros
3484 4125 3711 4191 grctnlit.

2123 4226 2252 4279 Erat
2313 4224 2491 4278 adhuc
2551 4238 2671 4275 cum
2733 4222 3062 4290 imperatore
3119 4218 3470 4287 imperatrix,
3516 4232 3717 4286 pavens

2122 4315 2341 4387 quidem
2389 4315 2556 4385 (quod
2591 4316 2643 4367 in
2678 4313 2906 4367 muliere
2937 4312 3027 4365 tali
3062 4320 3309 4380 tempore
3337 4326 3494 4364 nemo
3533 4325 3717 4378 repre-

2124 4410 2321 4463 hendet
2350 4419 2441 4462 aut
2473 4403 2820 4473 mirabitur),
2854 4412 3111 4458 caeterum
3167 4402 3514 4455 tentulatione
3547 4415 3714 4468 gene-

2125 4517 2248 4556 rosa
2281 4501 2500 4553 virtutis
2537 4497 2789 4567 Augusti,
2826 4504 3029 4552 tnetntn
3062 4495 3110 4548 vi
3143 4494 3343 4548 mentis
3372 4494 3711 4561 opprimrns.

2122 4594 2436 4649 Ponebatur
2466 4590 2729 4659 Augustis
2765 4603 2951 4642 mensa
2999 4587 3302 4656 pransuris,
3329 4588 3548 4655 quando
3576 4585 3717 4640 alius

2121 4700 2248 4740 ecce
2276 4683 2386 4738 alto
2409 4682 2651 4736 anhelitu
2680 4681 2881 4734 sudore
2917 4680 3142 4732 madens
3173 4681 3238 4731 ad
3266 4676 3352 4732 Av
3370 4678 3508 4747 gusti
3550 4676 3719 4747 pedes

2122 4780 2241 4833 solo
2292 4788 2453 4846 caput
2498 4776 2694 4838 allidit,
2740 4772 3067 4841 juratusquc
3108 4770 3344 4825 aﬂirtnat
3388 4772 3720 4840 jamjamque

2122 4871 2410 4926 imminere
2470 4868 2791 4936 periculum,
2847 4879 2968 4919 esse
3015 4865 3161 4917 enim
3198 4864 3249 4916 in
3286 4864 3534 4930 proximo
3582 4861 3719 4916 Bar-

2124 4964 2306 5016 barus.
2361 4961 2455 5014 llic
2491 4961 2788 5028 imperator
2837 4956 3127 5011 confestim
3163 4957 3407 5025 expediri
3456 4959 3715 5023 Augusta

2125 5055 2354 5105 reditum
2410 5050 2727 5120 Byzantium
2786 5062 2971 5102 versus
3017 5046 3190 5112 jubet.
3251 5044 3393 5111 Quid
3451 5045 3537 5097 illa
3599 5053 3715 5098 tum

2125 5147 2350 5200 haberet
2400 5144 2606 5208 animi,
2640 5141 2800 5195 facile
2830 5140 2929 5193 sibi
2957 5139 3188 5208 quisque
3219 5146 3396 5207 potest
3426 5136 3716 5204 subjicere.

438 5233 806 5302 γενναιότητος
869 5231 1183 5297 ἐπεπόνθει,
1232 5233 1349 5285 ἀλλ’
1402 5233 1703 5304 ἐχωρίζετο
1767 5233 1869 5303 μὲν
1927 5235 2019 5287 τοῦ

2134 5237 2338 5291 Tamen
2381 5251 2602 5290 omnem
2633 5234 2920 5287 tumultum
2952 5233 3169 5301 agi'atte
3197 5231 3401 5286 mentis
3431 5232 3501 5284 ita
3533 5230 3721 5286 cordis

1518 5350 1717 5412 Varia:
1756 5349 2069 5413 lectiones
2101 5370 2176 5413 ex
2206 5353 2338 5413 cod.
2388 5350 2659 5411 Coislin.

498 5454 540 5485 ”
570 5448 1234 5521 ἐπικαταλαμϐανὸντιιιν.

1523 5537 1667 5599 Car.
1701 5536 2038 5598 Dufresnii
2070 5539 2165 5598 Du
2203 5537 2427 5615 Ca-igii
2464 5546 2653 5599 nota).

495 5650 607 5719 (70)
656 5649 815 5702 Κατὰ
846 5648 959 5713 τὴν
1007 5644 1349 5719 nrt/ratast”.
1402 5638 1491 5691 Sic
1557 5648 1788 5719 vocatur
1831 5638 2005 5719 insula

422 5710 681 5793 Byizttititt
714 5733 759 5769 rt
814 5710 1156 5793 Chalcedona.
1191 5714 1599 5793 \'l:'i!l:|,ml'|lli|lll
1636 5710 1877 5793 pluribus
1905 5712 2002 5793 del:-

424 5778 613 5846 5t7rtbit
650 5788 878 5851 lelius,
910 5789 1000 5840 ιιι).
1038 5802 1092 5839 ιιι
1123 5783 1185 5835 de
1217 5781 1370 5847 Bosp.
1406 5778 1620 5841 Tltrar..
1654 5795 1776 5848 cop.
1806 5778 1889 5831 15.
1944 5779 1999 5833 In

427 5879 489 5918 ea
548 5861 718 5916 insula
791 5858 1114 5912 tttunastet'in
1176 5854 1376 5920 aliquot
1430 5861 1705 5903 rx~ttttrta
1776 5851 2001 5904 tradunt

2115 5641 2433 5703 (ἷιιιΙιειιιιε,
2506 5639 2789 5703 Zonaras,
2848 5641 3207 5700 Atia~l:tsius,
3270 5636 3470 5692 Paulus
3539 5636 3713 5698 Diam.

2117 5712 2214 5766 lib.
2269 5726 2444 5771 XXIII;
2492 5711 2706 5764 Nicctas
2740 5714 2751 5760 i
2780 5713 3013 5778 aphlago
3051 5712 3103 5765 iu
3145 5708 3262 5764 Vita
3299 5708 3491 5779 lgnatii
3529 5706 3706 5762 Patris

2113 5782 2726 5850 (λιιι-1οιιιὶιιιιροὶὶιῖιιιι,
2756 5796 2808 5834 et
2846 5780 2963 5833 alti.
