4086 6418
365 411 508 475 Ill'9
1671 421 1894 482 ANNAZ
1920 417 2305 480 COMNENBE
3483 405 3630 478 “20

362 525 578 593 penitus
609 526 850 582 abditum
900 530 1266 597 penetralibus
1309 529 1611 592 continuit,
1677 532 1818 586 nulla
1873 542 1931 585 ιιι

2058 526 2442 597 ιὺτοκράτορος
2475 520 2725 586 ἄκουσα,’
2755 522 2851 575 καὶ
2895 521 3077 575 πυκνὰ
3136 521 3624 592 περιστρεφομένη

365 628 536 682 usque
577 614 629 669 in
657 631 866 685 vocem,
914 630 1124 688 gestum
1194 631 1451 676 nutumve
1497 622 1661 676 ullum
1707 623 1946 689 trepida-

2058 617 2182 687 πρὸς
2211 617 2422 669 ἐκεῖνον
2475 615 2572 668 καὶ
2618 613 2771 683 θαμὰ
2819 613 3278 683 προσϐλέπουσαι
3329 615 3479 683 ὅμως
3528 615 3630 683 μὲν

368 703 531 758 tionis
569 706 767 762 indicia
798 712 1100 776 prodierint
1131 729 1145 776 ;
1182 713 1308 780 quin
1346 714 1528 782 potius
1555 714 1704 767 vultu
1740 713 1946 766 fronte-

2058 727 2126 762 τοι
2190 708 2516 761 συντείνασα
2566 706 2770 775 ἑαυτὴν
2810 706 2907 759 καὶ
2955 702 3068 758 οἷον
3102 706 3408 766 τονὼσασα,
3469 706 3631 773 μόγις

367 807 474 861 que
521 811 585 851 ac
616 806 754 852 statu
786 801 1029 869 corporis
1059 800 1442 856 firmitudinem
1485 801 1693 855 virilem
1748 812 1943 855 erecta:

2058 801 2334 870 ἑπηλλάγη
2375 799 2472 852 τοῦ
2518 800 2808 869 βασιλέως,
2869 799 3127 852 κάκεῖθεν
3160 798 3448 852 καταϐᾶσα
3495 796 3637 866 πρὸς

372 886 566 938 mentis
643 896 698 941 et
768 903 950 943 veram
1007 891 1362 946 imitationem
1429 893 1571 945 illius
1631 893 1860 947 laudata:
1915 907 1944 944 a

368 974 660 1033 Salomone
737 979 890 1034 fortis
967 982 1209 1036 mulieris
1289 983 1725 1038 exhibuit:non
1788 984 1948 1038 deco-

376 1064 539 1120 lorari
592 1069 792 1135 pallore
834 1069 1001 1126 facies
1029 1112 1044 1136 ,
1089 1089 1194 1126 non
1249 1075 1471 1128 horrere
1502 1084 1690 1140 artus;
1735 1073 1926 1140 tl-tns,

371 1154 607 1222 ejulatus
651 1161 861 1228 nullus;
892 1163 1024 1217 nihil
1071 1163 1326 1234 pra-ferre
1375 1166 1610 1233 denique
1659 1165 1942 1228 muliebre,

373 1259 464 1302 aut
515 1250 836 1322 cujusquam
873 1255 1052 1309 simile
1085 1256 1299 1312 illorum
1325 1273 1444 1326 qua:
1480 1257 1644 1310 multa
1690 1255 1942 1310 imbecilli

2047 891 2349 955 θάλασσαν,
2389 890 2626 943 κᾶπειτα
2655 890 2734 951 εἰς
2764 890 2824 941 τὸ
2859 891 2979 950 ταῖς
3025 888 3297 957 βασιλίσιν
3357 889 3634 938 ἀποτετα-

2053 982 2259 1051 γμένον
2281 983 2517 1051 μονῆρες
2541 981 2944 1050 είσεληλυθυῖα,
2974 981 3073 1051 τὴν
3097 983 3258 1047 ἠϊόνα
3280 980 3376 1046 τῆς
3396 977 3641 1030 Βιθυνῶν

2055 1073 2477 1142 παραπλέουσα,
2513 1072 2804 1124 θαλαττίου
2833 1073 3105 1134 κλύδωνος
3132 1071 3303 1139 αὐτὴν
3329 1068 3640 1137 κατασχόν-

2050 1182 2164 1228 τος,
2191 1166 2310 1226 ταῖς
2342 1165 2538 1227 ἀκταῖς
2578 1165 2674 1230 τῆς
2722 1165 3151 1224 Ἐλενουπόλεως
3177 1163 3276 1232 τὴν
3316 1160 3447 1214 ναῦν
3469 1175 3642 1230 προσ-

2085 1256 2386 1327 ορμίσασα,
2418 1256 2561 1309 κεῖθι
2589 1257 2727 1319 τέως
2759 1257 3062 1320 αὐλίζεται.

369 1345 648 1414 etnotique
678 1351 842 1402 animi
871 1355 1031 1405 edere
1074 1353 1128 1405 in
1161 1353 1603 1406 consternatione
1629 1391 1644 1416 ,
1707 1353 1773 1404 ad
1831 1353 2012 1420 magni
2081 1363 2282 1405 metum
2327 1351 2582 1407 instantis
2613 1351 2736 1404 mali
2769 1352 3024 1405 mulieres
3051 1351 3346 1404 cernimus.
3403 1348 3492 1402 Ille
3527 1349 3644 1417 ipse

367 1436 526 1495 adeo.
555 1443 708 1506 cujus
738 1441 934 1495 eratin
966 1441 1147 1495 cordis
1169 1442 1532 1511 penetralibus
1558 1443 1657 1495 sibi
1696 1443 1934 1508 conscia,
1977 1443 2149 1496 latens
2192 1453 2401 1507 metus,
2451 1451 2506 1496 et
2555 1442 2817 1495 rationem
2860 1443 3050 1496 habuit
3099 1451 3152 1494 et
3191 1442 3472 1495 ordinem.
3544 1439 3641 1494 Ti—

370 1529 548 1581 mehat
583 1529 930 1597 imperatori,
960 1532 1191 1599 primum
1250 1548 1449 1600 nequa
1484 1547 1641 1592 eum,
1675 1531 1806 1584 nihil
1877 1531 2245 1600 periculorum
2296 1539 2662 1598 recusantem,
2719 1532 2914 1585 Martis
2973 1531 3121 1586 dubii
3185 1533 3401 1587 fortuna
3465 1533 3640 1588 incle-

373 1620 605 1673 mentior
636 1622 929 1690 afﬂigeret;
967 1625 1190 1679 timebat
1222 1626 1322 1680 sibi
1343 1624 1555 1689 deinde,
1589 1626 1728 1679 mala
1755 1624 2044 1695 providens
2075 1641 2228 1694 quae,
2257 1627 2301 1679 si
2331 1626 2458 1695 quid
2541 1627 2856 1681 lmmanitus
2925 1626 3040 1680 viro
3106 1627 3452 1694 contigisset.
3511 1631 3644 1684 sub—

375 1711 549 1763 eunda
587 1714 1051 1770 monstrabantur.
1080 1716 1296 1770 Timore
1324 1725 1501 1770 tamen
1533 1725 1761 1783 utroque
1794 1716 1981 1769 virtuti
2017 1723 2128 1770 tum
2164 1717 2506 1784 exsuperanti
2575 1717 2904 1773 concedente
2927 1759 2940 1782 ,
2990 1717 3107 1772 vale
3157 1717 3399 1787 Angusto
3461 1719 3596 1774 dixit
3621 1768 3638 1794 ,

371 1804 530 1873 plane
559 1806 642 1861 Sui
699 1822 942 1878 compos,
999 1825 1100 1866 nec
1153 1811 1431 1882 indignum
1481 1812 1564 1865 vel
1632 1811 1722 1865 luli
1772 1809 2003 1864 articulo
2067 1825 2221 1878 passa
2277 1805 2568 1880 quidquam
2621 1813 2984 1882 generositate
3034 1812 3275 1882 propria.
3327 1811 3449 1866 Mox
3496 1813 3638 1866 viam

374 1913 706 1966 capessens,
759 1916 917 1970 quam
996 1903 1164 1958 invita
1223 1907 1502 1958 recederet
1577 1904 1646 1957 ab
1697 1903 2022 1970 imperatore
2060 1901 2288 1956 subinde
2345 1913 2663 1973 respectans
2715 1903 3049 1960 declarabat.
3113 1903 3381 1972 Pergebat
3462 1915 3640 1960 tamen

373 1994 662 2060 semetipsa
749 1995 1080 2056 obtirmans,
1130 1996 1337 2066 judicio
1387 2012 1491 2050 non
1536 1995 1704 2050 amori
1759 1995 1939 2049 minus
2007 2009 2167 2062 quam
2202 1995 2378 2048 timori
2423 1996 2754 2050 moderante.
2823 1995 2958 2051 Hine
3008 1995 3166 2050 simul
3212 1996 3278 2050 ad
3331 2011 3478 2050 mare
3547 1997 3644 2052 tle-

375 2087 605 2151 scendit,
658 2087 929 2156 propriam
960 2087 1318 2155 Augustarum
1350 2104 1626 2143 monerem
1660 2088 1941 2156 ingressa,
1983 2099 2136 2141 oram
2180 2085 2533 2156 Bithynorum
2581 2087 2747 2158 legit:
2814 2088 3009 2144 dehinc
3068 2097 3385 2158 tempestate
3450 2092 3642 2159 depre-

377 2179 562 2240 hensa,
599 2178 907 2248 llelenOpoli
938 2197 1127 2236 navem
1154 2182 1382 2252 appulit,
1411 2183 1592 2252 ibique
1618 2181 1837 2236 mansit.

451 2273 555 2329 Sed
613 2276 678 2330 de
761 2274 1003 2345 Angusta
1084 2278 1365 2334 hactenus.
1436 2278 1738 2347 Imperator
1820 2280 2024 2336 veroB

377 2380 498 2418 cum
530 2367 775 2436 cognatis
828 2377 882 2422 et
942 2370 1268 2444 militaribus
1325 2371 1457 2425 viris
1524 2371 1796 2439 primariis
1857 2372 1948 2440 qui

376 2473 498 2510 cum
548 2458 666 2526 ipso
698 2470 873 2523 erant,
906 2462 1088 2516 statim
1149 2462 1200 2516 in
1255 2463 1423 2518 armis
1443 2461 1630 2535 ζῶ.θᾷ
1686 2464 1857 2528 stetit,
1896 2473 1949 2518 et

379 2550 536 2617 equis
587 2565 776 2606 onmes
845 2555 1172 2620 conscensis,
1215 2555 1450 2610 Nicaam
1508 2571 1697 2610 versus
1745 2556 1953 2610 inibant

377 2642 537 2694 viam.
607 2642 660 2694 Id
725 2644 810 2697 tibi
866 2655 1236 2713 cognoverunt
1297 2648 1538 2713 Barbari,
1591 2649 1762 2703 Alano
1813 2665 1953 2720 quo-

376 2731 498 2784 dam
567 2747 725 2800 quem
814 2747 1069 2804 ceperant
1155 2739 1495 2807 imperatoris
1589 2749 1776 2794 contra
1857 2757 1950 2797 ve-

385 2824 583 2879 nientis
635 2827 957 2882 instructum
1028 2830 1394 2900 impetumque
1469 2832 1600 2900 ipsis
1650 2835 1950 2902 nuntiante,

383 2931 491 2969 non
549 2919 926 2972 sustinuerunt
979 2921 1061 2974 vel
1116 2919 1310 2975 famam
1375 2923 1494 2992 ejus
1549 2925 1801 2992 primam,
1861 2927 1957 2980 sed

387 3006 576 3061 iisdem
641 3009 835 3076 quibus
897 3013 1190 3066 veniebant
1249 3013 1458 3068 semitis
1493 3052 1508 3078 ,
1566 3017 1739 3071 versis
1794 3016 1956 3086 impi-

387 3114 484 3163 gre
549 3101 789 3170 vestigiis
848 3102 986 3171 fugze
1055 3118 1114 3157 se
1179 3105 1522 3162 mandarunt.
1597 3110 1677 3162 Ac
1729 3108 1957 3164 Strabo-

382 3190 620 3247 basileus
667 3204 722 3248 et
759 3192 984 3249 Michael
1027 3193 1281 3267 Stypeota
1321 3195 1658 3270 (Stypeotam
1701 3200 1788 3256 hic
1831 3200 1957 3271 quis

383 3285 612 3338 audiens
644 3300 713 3340 ne
763 3285 913 3340 illum
957 3287 1236 3358 hybridam
1279 3292 1517 3359 cogitet;
1552 3307 1677 3346 nam
1711 3293 1758 3348 is
1799 3294 1958 3361 hujus

387 3376 691 3444 cmptitium
760 3379 1088 3448 mancipium
1162 3395 1285 3434 cum
1357 3381 1571 3448 fuisset,
1639 3384 1954 3453 imperatori

389 3467 584 3521 deinde
642 3469 784 3522 dono
837 3469 1018 3536 datus,
1080 3472 1280 3540 prioris
1335 3475 1534 3528 domini
1589 3477 1856 3532 vocabulo
1890 3480 1957 3532 ad

2135 2271 2298 2326 Ἀλλὰ
2354 2269 2529 2331 ταῦτα
2561 2272 2662 2340 μὲν
2704 2269 2773 2323 τὰ
2801 2270 2930 2340 περὶ
2963 2269 3062 2339 τὴν
3105 2270 3445 2338 Αὕγοῦσταν.
3494 2269 3552 2323 '0
3581 2270 3640 2324 δὲ

2054 2364 2418 2436 αὐτοκράτωρ
2450 2361 2593 2432 μετὰ
2626 2363 2735 2416 τῶν
2769 2363 3039 2416 συνόντων
3070 2361 3426 2426 στρατιωτῶν
3448 2377 3507 2413 τε
3541 2362 3642 2415 καὶ⁵

2056 2459 2337 2529 συγγενῶν
2371 2457 2536 2520 εὐθὺς
2585 2457 2676 2510 ἐπὶ
2705 2458 2819 2518 τοῖς
2846 2454 3037 2517 ὅπλοις
3072 2449 3164 2524 ἦν,
3214 2455 3309 2506 καὶ
3335 2453 3398 2524 δὴ
3431 2454 3640 2522 ἐποχη-

2055 2553 2242 2615 θέντες
2285 2552 2548 2614 ἅπαντες,
2602 2548 2702 2618 τὴν
2733 2547 2872 2616 πρὸς
2921 2547 3164 2600 Νίκαιαν
3220 2545 3442 2600 ὥδευον.
3491 2545 3637 2598 om

2054 2643 2334 2714 Βάρὸαροι
2400 2642 2626 2693 Ἀλανὸν
2669 2655 2793 2692 τινα
2847 2637 3220 2707 κατασχόντες
3258 2638 3355 2690 καὶ
3392 2637 3494 2708 τὴν
3535 2635 3632 2689 τοῦ

2059 2733 2324 2804 βασιλέως
2357 2730 2480 2785 κατ’
2507 2729 2692 2784 αὐτῶν
2723 2728 2915 2798 ἔφοδον
2937 2727 3004 2780 δι’
3035 2727 3200 2781 αὑτοῦ
3229 2727 3635 2798 μεμαθηκότες,

2056 2826 2126 2880 δι’
2154 2821 2228 2878 ὧν
2251 2821 2415 2894 ἦλθον
2443 2823 2730 2890 ἀτραπῶν,
2754 2820 2844 2882 διὰ
2874 2820 3084 2874 τούτων
3141 2822 3456 2893 ἐπανῄεσαν
3511 2821 3640 2892 φεύ·

2057 2935 2264 2987 γοντες.
2315 2917 2374 2970 Ὅ
2403 2916 2460 2970 δέ
2524 2933 2589 2984 γε
2650 2915 3150 2982 Στραϐοὸασίλειος
3199 2916 3296 2968 καὶ⁸
3358 2913 3580 2982 Μιχαὴλ
3609 2915 3638 2966 ὁ

2059 3007 2412 3079 Στυπειώτης
2483 3006 2859 3076 (Στυπειὼτην
2909 3007 2967 3061 δὲ
3023 3006 3242 3059 ἀκούων
3295 3023 3380 3068 τις
3430 3006 3504 3074 μὴ
3547 3005 3637 3058 τὸν

2063 3101 2474 3173 μιξοϐάρϐαρον
2531 3099 2724 3153 νοείτω
2754 3117 2768 3132 ·
2832 3099 3227 3170 ἀργυρώνητος
3281 3100 3389 3169 γὰρ
3443 3097 3636 3153 τούτου

2061 3199 2266 3258 ἐκεῖνος
2301 3194 2488 3257 δοῦλος
2519 3193 2786 3263 γεγονὼς,
2819 3194 2874 3257 ἐς
2915 3192 3142 3264 ὕστερον
3183 3192 3263 3261 τῷ
3321 3191 3532 3261 βασιλεί
3564 3192 3640 3256 ὡς

2059 3288 2232 3359 δῶρόν
2254 3305 2305 3340 τι
2341 3287 2478 3355 πρὸς
2510 3287 2675 3339 αὐτὸν
2716 3286 3196 3356 προσενήνεκται·
3227 3283 3364 3338 ἀλλά
3383 3301 3504 3337 τινα
3531 3284 3640 3338 τῶν

2060 3379 2160 3445 τῆς
2191 3377 2438 3446 μείζονος
2461 3375 2681 3444 τύχης),
2707 3376 2902 3445 ἄνδρες
2929 3368 3077 3427 οὗτοι
3111 3372 3515 3445 μαχιμώτατοι,
3545 3375 3639 3426 καὶ

2061 3469 2170 3524 τῶν
2199 3469 2367 3522 πάλαι
2403 3468 2792 3537 ύμνουμένων,
2830 3461 2979 3520 οὗτοι
3009 3467 3154 3520 κατὰ
3183 3467 3283 3529 τὰς
3300 3467 3639 3536 ἀκρολοφίας

385 3558 572 3625 gratim
593 3561 908 3613 mctnorlam
935 3561 1222 3631 insignitus
1249 3568 1380 3635 est),
1402 3565 1679 3637 Stypeota,
1710 3568 1955 3637 inquam,

2061 3562 2168 3615 τῶν
2216 3560 2470 3630 Γερμίων
2525 3558 2989 3628 ἐνδιατρίϐοντες,
3053 3560 3147 3611 καὶ
3195 3558 3296 3618 τὰς
3357 3559 3639 3628 ἀμφόδους

381 3666 412 3701 e
447 3665 672 3706 numero
708 3665 1044 3723 magnatum,
1072 3657 1174 3710 viri
1216 3657 1374 3712 ambo
1405 3658 1712 3725 fortissimi,
1746 3669 1798 3712 et
1828 3661 1956 3715 olim

381 3741 525 3796 fama
589 3745 805 3799 virtutis
865 3748 1146 3812 celebres,
1187 3764 1313 3802 cum
1374 3750 1516 3806 torte
1555 3761 1668 3806 tum
1728 3753 1780 3806 in
1810 3753 1958 3824 jngis

384 3834 728 3892 Germiorum
784 3851 1147 3907 morarentur,
1172 3843 1336 3897 calles
1393 3854 1655 3913 angustos
1679 3856 1732 3899 et
1778 3847 1960 3902 devios

386 3929 654 3983 transitus
681 3941 984 3992 servantes,
1018 3943 1098 3993 ut,
1135 3933 1178 3985 si
1213 3947 1318 3999 qua
1371 3944 1608 4002 possent,
1637 3935 1786 3990 velut
1813 3935 1959 3990 feras

385 4017 652 4082 cassibus,
685 4019 1079 4074 sic‘Barbaros
1133 4021 1346 4076 insidiis
1389 4024 1956 4092 comprehenderent:

384 4108 545 4161 simul
571 4109 714 4162 hunc
745 4123 936 4162 eorum
969 4112 1204 4164 reditum
1242 4126 1568 4180 cognovere,
1599 4114 1651 4167 in
1682 4113 1960 4183 subjectos

381 4216 604 4269 campos
633 4201 965 4267 desilientes,
995 4219 1118 4258 acie
1148 4204 1216 4259 ibi
1243 4220 1361 4261 cum
1385 4206 1517 4276 ipsis
1554 4209 1792 4274 pralium
1823 4225 1959 4264 con-

381 4303 591 4356 serunt,
624 4295 954 4364 eosdemque
993 4299 1212 4367 egregie
1240 4299 1486 4354 vincunt.
1516 4301 1737 4355 Interim
1780 4302 1956 4371 impe-

383 4398 532 4440 rator
551 4388 744 4441 itinere
775 4387 994 4456 incepto
1023 4405 1272 4460 pergens,
1305 4393 1371 4445 ad
1400 4394 1595 4460 saepius
1625 4395 1954 4449 nominatam

383 4477 601 4550 Georgii
665 4495 846 4534 arcem
895 4483 1179 4547 pervenit;
1241 4483 1370 4537 hinc
1411 4484 1551 4538 ultra
1585 4485 1634 4538 in
1681 4487 1954 4555 quoddam

379 4573 640 4640 Oppidum
697 4573 1007 4642 (Sagudaos
1068 4576 1334 4643 indigenae
1389 4578 1610 4644 vocant)
1639 4594 1956 4646 progressus

382 4679 448 4717 ne
483 4664 556 4716 ibi
596 4665 812 4731 quidem
843 4663 1052 4718 Turcos
1113 4667 1337 4730 reperit.
1394 4667 1660 4721 (Laterum
1695 4685 1819 4723 mox
1865 4685 1957 4724 ac-

381 4764 541 4824 cepto
576 4756 765 4809 nuntio
798 4757 1093 4824 splendidae
1123 4757 1370 4812 victoriae
1398 4773 1426 4812 a
1465 4759 1598 4812 viris
1641 4761 1957 4816 fortissimis

381 4859 522 4914 quos
580 4849 739 4900 modo
800 4848 1096 4914 neminati,
1149 4847 1420 4918 Stypeota'
1455 4860 1510 4904 et
1557 4849 1952 4916 Strabobasile,

2065 3651 2580 3723 παρασκοποῦντες,
2625 3651 2779 3703 εἵπου
2801 3653 2920 3713 ταῖς
2961 3649 3196 3720 ἄρκυσιν
3216 3649 3419 3716 αὐτῶν,
3469 3650 3642 3704 καθά-

2063 3761 2168 3814 περ
2196 3761 2280 3806 τις
2331 3743 2475 3811 θῆρα
2501 3744 2549 3794 οἱ
2595 3742 2880 3812 Βάρὸαροι
2913 3743 3310 3811 περιπεσόντες
3346 3741 3520 3811 ἀλῷεν
3564 3741 3641 3804 ὡς

2058 3836 2160 3901 τὴν
2183 3835 2391 3888 τούτων
2426 3833 2642 3887 ἕλευσιν
2692 3835 3135 3903 μεμαθήκεισαν,
3194 3833 3346 3904 παρὰ
3395 3834 3493 3895 τὰς
3543 3849 3643 3885 πε·-

2062 3928 2252 3991 διάδας
2305 3927 2403 3990 τὰς
2468 3927 2611 3978 οὕτω
2667 3926 3014 3996 καλουμένας
3089 3963 3106 3982 .
3185 3967 3200 3982 .
3280 3965 3294 3980 .
3376 3967 3391 3982 .
3479 3925 3640 3978 ἀνελο

2062 4017 2252 4080 θόντες
2283 4019 2379 4072 καὶ
2405 4016 2803 4086 ἀναδεξάμενοι
2849 4017 2941 4069 τὸν
3003 4016 3121 4086 μετ’
3159 4016 3344 4070 αὐτῶν
3377 4018 3637 4086 πόλεμον,

2062 4111 2247 4182 μάχην
2276 4109 2682 4180 συνεστήσαντο
2709 4108 2988 4179 καρτερὰν
3031 4110 3374 4178 ἡττήσαντες
3407 4107 3638 4173 τούτους

2066 4205 2439 4275 κατακράτος.
2485 4203 2827 4257 Καταλαὸὼν
2866 4204 2923 4255 δὲ
2961 4203 2990 4254 ὁ
3019 4203 3380 4273 αὐτοκράτωρ
3412 4200 3474 4253 τὸ
3509 4200 3640 4253 πολι

2058 4298 2219 4362 λάκις
2248 4298 2546 4368 εἰρημένον
2574 4297 2835 4366 φρούριον
2856 4297 3160 4367 Γεωργίου,
3191 4294 3450 4348 κακεῖθεν
3483 4293 3640 4354 αὖθις

2060 4390 2380 4460 κωμόπολίν
2413 4405 2537 4442 τινα
2563 4387 2910 4456 Σαγουδάους
2969 4387 3251 4458 ὲγχωρίως
3294 4384 3640 4454 καλουμένην

2058 4484 2153 4535 καὶ
2202 4484 2315 4544 τοῖς
2363 4482 2634 4550 Τούρκοις
2699 4479 2798 4548 μὲν
2853 4480 2927 4549 μὴ
2980 4479 3244 4548 ἐντυχὼν,
3303 4475 3642 4547 μεμαθηκὼς

2055 4574 2112 4628 δὲ
2169 4573 2242 4626 τὰ
2291 4573 2581 4640 συμϐάντα
2619 4571 2835 4635 τούτοις
2880 4571 3033 4640 παρὰ
3075 4570 3185 4622 τῶν
3228 4569 3328 4638 ἤδη
3361 4566 3638 4637 ῥηθέντων

2054 4664 2325 4734 γενναίων
2375 4665 2605 4734 ἀνδρῶν,
2630 4663 2727 4717 τοῦ
2763 4682 2821 4716 τε
2856 4662 3224 4724 Στυπειὼτου,
3261 4661 3356 4712 καὶ
3398 4660 3440 4690 ³³
3463 4660 3636 4728 Στρα-
3721 4704 3724 4705 ,

2059 4759 2342 4813 6ο6ασίλει
2393 4759 2559 4826 φημὶ,
2597 4758 2692 4810 καὶ
2747 4754 3152 4824 ἀποδεξάμενος
3207 4753 3305 4822 τὴν
3357 4753 3412 4818 ἐξ
3472 4750 3635 4802 αὑτοῦ

2057 4850 2234 4919 ἀρχῆς
2297 4846 2632 4916 τόλμανκαὶ
2711 4847 2870 4916 νίκην
2937 4843 3044 4896 τῶν
3112 4841 3418 4911 Ῥωμαίων,
3493 4858 3637 4908 τηνι-

385 4937 589 5002 relataa,
630 4937 772 4991 vallo
806 4938 1005 4993 ibidem
1031 4949 1184 4995 extra
1223 4941 1272 4995 id
1301 4941 1445 5009 quod
1478 4941 1588 4996 dixi
1617 4942 1950 4997 castellulum

2059 4940 2292 4993 καῦταὸ
2318 4936 2486 4992 αὐτοῦ
2517 4953 2620 4990 που
2662 4937 2864 5002 ἔξωθεν
2903 4932 3118 4987 τουτουῖ
3161 4933 3254 4986 τοῦ
3298 4932 3631 4986 Καστελλίου

385 5027 517 5089 fixo,
552 5027 860 5096 castrisque
891 5029 1131 5095 metatis,
1159 5044 1279 5085 Cum
1310 5032 1625 5087 exsultante
1662 5034 1836 5087 milite
1865 5035 1953 5089 Ιίεε

2058 5033 2144 5087 τὸν
2176 5033 2399 5102 χάρακα
2431 5031 2723 5100 πήγνυται.
2748 5028 2828 5097 Τῇ
2878 5027 2936 5079 δὲ
2987 5028 3105 5094 μετ’
3133 5027 3305 5096 αὐτὴν
3360 5025 3436 5088 ὡς
3482 5028 3636 5093 παρᾶ

373 5126 473 5173 ιιιε
499 5118 614 5185 ipse
667 5132 730 5170 ac
769 5118 1050 5187 gratulans
1101 5121 1336 5175 fructum
1389 5137 1676 5178 successus
1709 5129 1955 5193 auspica-

2058 5127 2150 5196 τὴν
2184 5122 2563 5178 Ἐλενούπολιν
2593 5119 2890 5182 κατελθὼν,
2911 5121 2978 5195 τῇ
3013 5117 3243 5188 βασιλίδι
3269 5119 3624 5187 ἐντετυχήκει

388 5217 584 5271 tissimi
625 5217 890 5284 gustavit,
915 5219 1166 5271 meritam
1201 5218 1323 5288 ejus
1345 5220 1610 5275 facinoris
1638 5221 1955 5276 auctoribus

2058 5219 2137 5272 [tt
2167 5214 2507 5286 αύλιζομὲνῃ
2548 5213 2642 5266 διὰ
2671 5211 2731 5264 τὸ
2775 5211 2874 5281 τῆς
2908 5210 3178 5277 θαλάττης
3214 5209 3472 5262 ἄπλετον.
3504 5211 3635 5278 Διης

386 5325 490 5363 non
516 5324 678 5377 parce
715 5307 936 5363 laudem
970 5309 1625 5382 impertienstalamqne
1653 5312 1953 5381 promens:

2058 5311 2373 5381 γησάμενος
2404 5305 2498 5361 οὖν
2531 5306 2600 5360 τὰ
2633 5303 2924 5375 συμϐάντα
2959 5305 3072 5365 τοῖς
3122 5303 3411 5371 Τούρκοις,
3445 5302 3539 5354 καὶ
3560 5301 3637 5363 ὡς

391 5402 470 5456 sic
505 5401 703 5455 abillis
731 5417 758 5455 a
798 5402 1068 5471 principio
1099 5403 1164 5456 ad
1205 5404 1412 5458 exitum
1455 5420 1568 5458 rem
1610 5404 1955 5459 administra-

2058 5404 2216 5471 νίκης
2269 5397 2672 5468 ἐπιθυμοῦντες
2733 5396 2993 5466 συμφορὰ
3049 5394 3481 5467 προσεπέλασεν,
3542 5393 3636 5444 καὶ

390 5503 497 5546 tam
529 5504 929 5564 putratamque,
953 5504 1011 5547 ut
1035 5511 1157 5549 cum
1186 5511 1360 5565 neque
1383 5497 1613 5552 consilio
1643 5497 1955 5568 prudentia,

2059 5495 2287 5567 κρατεῖν
2335 5489 2740 5561 φανταζόμενοι
2777 5487 2981 5557 μᾶλλον
3017 5485 3414 5555 κεκράτηνται,
3460 5485 3634 5583 καὶτ

389 5601 566 5655 neque
626 5587 962 5656 aggressioni
1023 5587 1301 5656 fortitudo,
1360 5605 1458 5645 nec
1525 5591 1709 5659 praalio
1757 5591 1955 5657 virtus,

2062 5584 2288 5640 ἀναντία
2317 5581 2423 5635 τῶν
2463 5579 2952 5652 προσδοκηθέντων
2989 5575 3325 5648 ὲφεύροσαν,
3385 5577 3481 5630 καὶ
3540 5575 3632 5638 τῆς

1447 5723 1646 5786 Variae
1677 5723 1980 5787 lectiones
2011 5738 2085 5785 ex
2127 5717 2266 5780 cod.
2300 5713 2568 5777 Coisliu.

468 5849 509 5878 η
539 5847 628 5897 καὶ
661 5847 774 5902 τοῦ.
