4086 6424
472 327 598 392 tzat
1702 329 2117 392 ALEXMDIS
2161 330 2307 389 [ιιι.
2353 331 2478 390 xv.
3590 326 3729 411 1122

466 441 671 511 πολλῆς
705 441 951 512 ἀθυμίας
980 444 1436 517 ἀνακτησάμενος
1485 444 1679 517 αὐτὴν,
1709 448 1932 501 ἄπεισιν
1976 445 2035 508 ὡ,

2158 460 2259 498 nec
2287 443 2509 498 conatui
2544 442 2776 498 felicitas
2804 441 3061 507 defuerit,
3100 456 3210 496 non
3242 441 3413 509 magis
3438 442 3503 495 ad
3542 443 3728 511 priva-

476 536 616 601 πρὸς
650 535 911 591 Νίκαιαν.

2175 547 2287 591 tum
2316 537 2555 606 ipsorum
2596 535 2953 604 praconium,
2985 549 3146 603 quam
3195 534 3261 587 ad
3291 533 3562 603 publicum
3594 546 3729 600 gau-

465 628 608 680 dium
659 629 959 698 quidquam
996 630 1485 696 sitdesideratnm,
1519 631 1700 687 Movet
1760 634 1912 688 illinc
1940 634 2204 704 postridie
2238 646 2428 686 versus
2497 627 2893 698 Helenopolim,
2963 627 3054 680 ubi
3113 628 3413 697 Augustam
3483 640 3727 680 commo-

464 721 589 773 dum
618 721 867 787 oﬂendit,
942 724 1067 776 dum
1134 738 1284 778 mare
1345 724 1745 781 detumeseeret
1791 729 1864 784 ibi
1936 730 2114 784 adhuc
2152 734 2581 796 exspectantem.
2630 720 2690 776 Ei
2751 736 2858 776 non
2898 736 3089 789 parum
3131 719 3311 774 anxia:
3355 735 3452 788 pro
3484 719 3726 788 periculo

468 815 521 866 in
551 828 660 882 quo
711 815 885 867 virum
950 825 1117 881 atque
1143 817 1447 869 exercitum
1482 816 1798 885 reliquerat,
1842 834 2050 875 mteror
2088 818 2344 873 videlicet
2377 815 2661 868 abstersus
2706 811 2884 865 omnis
2914 818 3020 875 est,
3055 825 3180 864 cum
3229 809 3449 864 nuntius
3509 823 3604 877 per
3660 824 3720 865 se

465 904 780 958 iiBliSsillllts
838 907 997 958 vit-tte
1036 905 1274 960 feritatis
1306 907 1573 973 Turcirm,
1610 910 1679 964 ab
1744 927 1852 965 uno
1912 911 2112 966 idoneo
2145 910 2383 964 maxime
2410 907 2649 961 onmium
2697 904 2764 958 ad
2811 903 3202 958 consolandam
3255 917 3453 971 aegram
3505 911 3729 957 auctore

465 994 789 1049 deferretur.
828 994 1086 1050 Narravit
1124 1012 1306 1051 coram
1346 999 1444 1065 ipsi
1480 1001 1740 1053 nimirum
1765 1001 2043 1069 Augustus
2082 999 2210 1069 quid
2247 997 2447 1051 Turcis
2472 994 2749 1049 evenisset
2800 992 2933 1057 illis,
2990 1002 3177 1046 contra
3203 1006 3262 1046 se
3328 992 3725 1046 nudiustertius

463 1098 611 1141 tanta
647 1088 840 1142 tidncia
895 1089 1246 1157 pergentibus
1285 1108 1299 1144 :
1341 1102 1394 1144 ut
1424 1102 1533 1144 tum
1583 1092 1882 1147 foedissime.
1915 1094 2026 1148 sint
2063 1092 2326 1163 prolapsi,
2361 1105 2483 1144 cum
2535 1088 3003 1143 confidentissime
3059 1097 3433 1155 assurgerent,
3500 1096 3557 1139 et
3629 1099 3729 1153 pro

462 1181 689 1234 victoria
736 1198 898 1250 quant
936 1183 1037 1236 sibi
1088 1184 1398 1239 vanissimis
1448 1186 1864 1253 despondissent
1927 1187 2149 1254 spebus,
2230 1183 2576 1252 improvisam
2626 1181 2836 1237 cladem
2889 1181 3244 1235 invenissent.
3316 1176 3398 1230 Ab
3461 1177 3545 1231 bis
3612 1187 3728 1231 sta-

461 1276 553 1327 tim
579 1275 702 1328 inde
748 1274 981 1328 Nictcatn
1015 1291 1073 1329 se
1094 1277 1327 1330 confert.
1373 1278 1452 1331 lbi
1481 1278 1654 1332 factus
1698 1282 1901 1333 certior
1931 1280 1999 1333 de
2036 1279 2207 1333 altera
2250 1277 2560 1329 incursione
2593 1274 2892 1327 Turcorutn
2926 1272 3221 1340 Lopadium
3260 1270 3648 1340 proﬁciscitur.

542 1369 753 1420 Ἐκείτε
806 1368 860 1420 δὲ
900 1368 1090 1437 ἔφοδον
1142 1370 1346 1439 ἐτέρων
1382 1372 1721 1442 μεμαθηκὼς
1753 1373 2039 1442 Τοῦρκων,

460 1460 674 1529 ἔρχεται
712 1462 847 1532 πρὸς
873 1463 932 1513 τὸ
963 1462 1234 1514 Λοπάδιον
1264 1463 1321 1514 ἐν
1349 1455 1395 1529 ᾧ
1431 1464 1629 1533 μικρὸν
1676 1465 2039 1535 χρονοτριϐήκ

458 1569 553 1612 σας
606 1554 699 1605 καὶ
759 1552 1097 1622 μεμαθηκὼς
1138 1553 1236 1624 τὴν
1295 1555 1533 1608 Νίκαιαν
1582 1557 2037 1625 καταλαμϐάνειν

457 1645 589 1698 πολὺ
648 1645 955 1716 Τουρκικὸν
1004 1647 1359 1717 στράτευμα,
1421 1650 1520 1712 τάς
1577 1651 1840 1718 δυνάμεις
1902 1651 2035 1703 ἀνα-

2215 1371 2331 1425 Non
2376 1371 2468 1424 diu
2496 1370 2607 1423 illic
2659 1368 2861 1432 fuerat,
2896 1382 3020 1421 cum
3079 1368 3400 1420 admonetur
3426 1368 3724 1422 Turcicum

2142 1466 2451 1520 exercitum
2508 1478 2866 1533 permagnum
2908 1464 3203 1516 admovere
3244 1477 3305 1517 se
3360 1462 3577 1517 Nicaeae.
3612 1462 3726 1519 Hoc

2139 1559 2343 1622 audito,
2373 1574 2495 1611 cum
2529 1558 2701 1625 copiis
2736 1558 2801 1610 ad
2836 1556 2991 1610 Cium
3027 1557 3217 1610 tendit.
3247 1554 3349 1608 Per
3378 1565 3595 1609 noctem
3618 1570 3726 1625 qua

2145 1651 2216 1703 ibi
2253 1649 2373 1714 fuit,
2414 1650 2566 1702 multi
2599 1648 2828 1701 subinde
2867 1647 3094 1701 aﬂluunt
3141 1647 3349 1708 nuntii,
3373 1647 3461 1715 qui
3496 1648 3728 1700 doceant

457 1738 784 1806 λαϐόμενος,
866 1739 1124 1792 ἀπονεύει
1185 1741 1321 1809 πρὸς
1388 1742 1543 1800 Κίον.
1607 1741 1706 1794 καὶ
1767 1742 1837 1795 δι’
1908 1743 2035 1811 ὅλης

2144 1743 2589 1811 appropinquare
2640 1740 2836 1794 Nicaea:
2886 1740 3119 1805 Turcos,
3182 1749 3347 1807 atque
3402 1738 3541 1791 adeo
3608 1736 3722 1806 jam

458 1831 553 1897 τῆς
609 1831 777 1899 αὐτῆς
807 1833 1003 1896 νυκτὸς
1060 1836 1402 1905 μεμαθηκεῖς
1463 1827 1665 1897 αὐτοὺς
1705 1838 1772 1907 τῇ
1827 1836 2037 1906 Νικαίᾳ

456 1923 855 1989 προσπελάζειν
929 1924 1052 1993 ἤδη,
1114 1925 1337 1995 ἀπάρας
1390 1927 1599 1978 ἐκεῖθεν
1673 1926 1895 1996 ἔρχεται
1950 1925 2037 1978 διὰ

459 2016 550 2081 τῆς
625 2014 858 2078 Νικαίας
944 2019 1080 2085 πρὸς
1133 2019 1474 2085 Μίσκουραν.
1540 2019 1650 2071 Καὶ
1705 2018 1870 2072 αὐτοῦ
1933 2037 2034 2072 που

458 2102 773 2173 βεϐαιωθεὶς
823 2106 898 2169 ὡς
955 2109 1017 2159 τὸ
1077 2108 1173 2178 μέν
1231 2112 1339 2162 πᾶν
1376 2112 1696 2179 στράτευμα
1726 2111 1832 2162 τῶν
1866 2110 2038 2182 Tetig-

459 2214 563 2248 ιιων
611 2196 764 2249 οὔπω
791 2199 1116 2264 κατέλαϐεν,
1148 2200 1319 2269 ὀλίγοι
1348 2202 1406 2253 δέ
1438 2219 1585 2265 τινες
1643 2202 1771 2272 περὶ
1798 2203 1890 2254 τοῦ
1925 2205 2038 2255 Μ’)-

457 2289 676 2342 νολύκον
711 2290 1134 2356 ἀποσταλέντες,
1184 2295 1327 2346 κατὰ
1401 2294 1462 2346 τὸ
1499 2295 1724 2348 Δολύλον
1774 2296 2035 2363 ἐνδιατρί-

458 2381 627 2445 ϐουσι,
661 2383 758 2435 καί
787 2386 855 2436 τὰ
888 2386 986 2455 τῆς
1034 2386 1271 2449 Νικαίας
1305 2389 1470 2457 μέρη.
1513 2389 1603 2457 ἐφ’
1715 2388 1814 2459 τὴν
1866 2386 2032 2441 αὑτοῦ

456 2478 807 2544 περισκοπεῖν
840 2476 1074 2542 ἔλευσιν,
1126 2481 1224 2533 καὶ
1261 2482 1359 2543 τὰς
1410 2486 1539 2553 περὶ
1587 2482 1754 2535 αὐτοῦ
1797 2483 1874 2553 τῷ
1924 2484 2038 2536 Μο-

456 2566 659 2637 δο).ύκῳ
708 2569 908 2623 διδόναι
962 2574 1205 2643 συνεχεῖς
1252 2574 1506 2644 εἰδήσεις.
1554 2574 1760 2627 Λέοντα
1805 2574 1903 2645 μὲν
1941 2575 2032 2627 τὸν

452 2657 750 2729 Νικερίτην
812 2660 953 2730 μετά
1007 2663 1115 2715 τῶν
1162 2664 1253 2717 ὑπ’
1303 2665 1469 2718 αὐτὸν
1518 2665 1801 2737 δυνάμεων
1846 2668 1926 2730 εἰς
1976 2665 2036 2719 τδ

456 2746 722 2800 Λοπάδιον
784 2749 1124 2820 πέπομφεν,
1201 2756 1565 2826 ἐγρηγορέναι
1618 2774 1678 2809 τε
1744 2757 2036 2819 διαπαντὸς

455 2839 1009 2910 παρακελευσάμενος
1046 2846 1140 2897 καὶ
1162 2846 1264 2909 τὰς
1292 2848 1573 2916 ἀμφόδονς
1606 2850 1913 2918 ἐπιτηρεῖν,
1940 2847 2036 2901 atati.

454 2925 587 2981 Ξττα
612 2928 676 2987 δὴ
708 2933 835 3003 περὶ
861 2932 971 2986 τῶν
1002 2933 1264 3006 Τούρκων
1290 2939 1470 3009 γνοίη,
1493 2938 1665 2992 ταῦτα
1696 2941 1783 2995 διά
1808 2941 2037 3010 γραφῶν

452 3020 645 3091 δηλοῦν
671 3023 841 3094 αὐτῷ.
877 3024 950 3079 Τὸ
971 3027 1028 3079 δὲ
1063 3028 1345 3082 ἐπίλοιπον
1377 3032 1697 3134 στράτευμα
1728 3035 1786 3086 ἐν
1814 3025 2033 3085 ἐπικαί-

2142 1835 2427 1886 adfuturos
2458 1833 2650 1889 videri.
2687 1832 2817 1886 Sine
2846 1848 2993 1886 mora
3031 1833 3330 1899 imperator
3359 1833 3472 1885 hate
3495 1830 3723 1884 audiens

2139 1923 2303 1996 465
2332 1939 2427 1994 per
2480 1924 2647 1993 ipsam
2686 1924 2920 1977 Nicazam
2968 1938 3137 1991 usque
3167 1922 3230 1974 ad
3262 1920 3550 1975 Miscuram
3593 1931 3724 1987 pro-

2140 2018 2409 2085 greditur,
2444 2017 2535 2070 ubi
2568 2017 2801 2071 certiora
2838 2016 2905 2069 de
2958 2016 3209 2071 hostibus
3253 2013 3560 2084 cognoscit;
3605 2013 3720 2065 hac

2140 2125 2334 2174 nempe
2360 2150 2373 2172 ,
2406 2109 2644 2161 nondum
2704 2109 2991 2162 advenisse
3025 2117 3191 2162 totum
3246 2107 3544 2160 exercitum
3577 2106 3721 2159 Tur-

2140 2218 2353 2264 cormn,
2395 2204 2489 2254 sed
2518 2215 2719 2270 paucos
2755 2206 2966 2254 tantum
2997 2216 3186 2253 eorum
3214 2200 3525 2268 praemissos
3549 2215 3577 2253 a
3604 2201 3720 2255 Mo-

2140 2295 2334 2362 nnlyco
2414 2294 2614 2347 morari
2685 2293 2833 2348 circa
2909 2292 3154 2362 Dolylum
3192 2305 3243 2347 et
3281 2305 3464 2361 partes
3524 2293 3717 2349 Nirtetn

2138 2388 2324 2438 animo
2357 2385 2670 2452 speculandi
2703 2383 2997 2436 adventum
3026 2385 3395 2451 imperatoris,
3439 2388 3719 2441 mittendi.

2138 2492 2243 2545 quc
2275 2478 2429 2530 illinc
2466 2478 2531 2529 ad
2566 2476 2904 2546 Monolycttm
2926 2476 3243 2544 quotidiana
3270 2480 3334 2529 de
3369 2478 3458 2529 illo
3488 2479 3717 2537 indicia.

2140 2570 2233 2623 llis
2258 2572 2531 2640 Augustus
2558 2569 2852 2637 compertis
2900 2566 3137 2622 Leonem
3170 2568 3468 2623 Niceritatn
3493 2584 3615 2621 cum
3649 2584 3712 2623 ea

2137 2661 2417 2729 copiarum
2448 2671 2602 2728 parte
2635 2676 2755 2730 quae
2776 2662 2876 2729 ipsi
2910 2662 3151 2725 suberat,
3182 2660 3481 2728 anadinm
3524 2659 3713 2723 mittit,

2141 2772 2265 2810 eum
2334 2753 2608 2811 mandatis
2665 2753 2938 2807 accuratis
2972 2753 3230 2821 vigilandi
3266 2754 3488 2814 acriter,
3526 2762 3716 2805 cusm-

2145 2848 2443 2917 diendiqne
2469 2847 2685 2908 itinera,
2721 2856 2773 2900 et
2802 2860 2920 2916 quae
2952 2845 3171 2898 interim
3205 2843 3271 2895 de
3299 2843 3426 2896 Tllt't
3449 2843 3493 2897 is
3524 2842 3716 2910 explo-

2139 2953 2318 2999 rasset
2378 2941 2563 2997 missis
2593 2942 2658 2995 ad
2710 2956 2770 2995 se
2819 2939 3105 2995 confestim
3164 2938 3437 2991 indicnndi
3492 2938 3714 2991 litteris.

2140 3035 2431 3103 Reliquum
2499 3032 2801 3086 exercitum
2836 3037 2889 3085 in
2928 3030 3043 3084 loca
3096 3028 3379 3083 commoda
3413 3026 3714 3089 distribuit,

452 3128 562 3180 pet;
595 3113 970 3184 καταθέμενος
1010 3117 1197 3180 τόποις
1229 3118 1426 3188 διέγνω
1447 3099 1456 3102 ⁷
1476 3099 1686 3190 βέλτιῖν
1713 3117 1874 3186 εἶναι,
1920 3138 2030 3192 μη-

2140 3130 2223 3185 sic
2267 3143 2450 3183 secum
2493 3136 2765 3189 statuens,
2827 3126 3139 3193 neutiquam
3174 3138 3204 3178 e
3244 3138 3303 3176 re
3358 3123 3525 3176 videri
3564 3129 3713 3174 recta

450 3205 565 3256 διέτι
590 3208 732 3259 κατά
766 3205 861 3260 τοῦ
900 3209 1200 3264 σουλτάνου
1229 3214 1452 3283 χωρεῖν,
1488 3214 1887 3285 στοχαζόμενος
1902 3217 2033 3279 τοὺς

451 3296 727 3360 σωθέντας
761 3299 1086 3371 Βαρϐἀρους
1115 3301 1216 3373 τὴν
1247 3302 1371 3356 κατ’
1404 3304 1586 3359 αὐτῶν
1617 3307 1795 3377 ὁρμὴν
1838 3307 2033 3378 διακη-

450 3392 824 3460 ρυκεύσασθαι
854 3397 973 3459 τοῖς
1014 3397 1157 3450 κατά
1190 3397 1287 3468 τὴν
1317 3399 1508 3453 Ἀσίαν
1539 3401 1714 3455 ἅπασι
1741 3402 2030 3472 Τούρκοις,

446 3483 522 3545 ὡς
579 3488 639 3537 ἐν
698 3486 980 3574 διαφόροις
1058 3491 1480 3561 ἐντετυχηκότες
1558 3494 1672 3555 τοῖς
1734 3493 2032 3564 Ῥωμαίοις

448 3579 789 3648 προσέϐαλον
816 3582 891 3645 ὼς
934 3585 1223 3654 καρτερῶς
1248 3584 1610 3655 ἀντέστησαν,
1656 3584 1732 3649 ὡς
1771 3585 2036 3656 ἡττηθένο

446 3685 557 3735 τες,
587 3671 637 3723 οἱ
677 3672 776 3740 μὲν
804 3673 1087 3738 ἑάλωσαν,
1142 3677 1191 3728 oi
1245 3676 1302 3729 δὲ
1331 3678 1703 3749 ἀνῃρέθησαν,
1753 3678 1927 3745 ὀλίγοι
1976 3678 2033 3732 δὲ

446 3764 542 3813 καὶ
597 3766 1123 3835 τραυματισθέντες,
1172 3767 1477 3822 ἀπώλοντοο
1536 3773 1647 3824 κάκ
1696 3769 1887 3823 τούτου
1917 3771 2033 3825 δια·

445 3854 664 3921 γνόντες
679 3856 776 3927 τὴν
795 3857 963 3911 αὑτοῦ
996 3859 1288 3912 ἐπέλευσιν
1315 3861 1364 3914 οί
1384 3862 1667 3933 Βάρϐαροι
1696 3862 2034 3933 πορρωτέρω

445 3951 541 4001 καὶ
589 3949 758 4002 αὐτοῦ
827 3952 1056 4005 Ἰκονίου
1127 3954 1456 4025 γενήσονται
1510 3956 1608 4008 καὶ
1674 3956 2034 4020 κενόσπουδος

444 4040 890 4111 αὑτῴήσπουδὴ
940 4044 1189 4114 γένηται.
1249 4046 1353 4100 Διά
1410 4047 1587 4100 ταῦτα
1619 4047 1857 4117 στρέψας
1907 4048 2036 4110 τοὺς

442 4133 696 4201 χαλινοὺς
722 4133 810 4187 διὰ
840 4137 937 4205 τῆς
963 4134 1207 4188 Βιθυνῶν
1236 4136 1338 4206 τὴν
1380 4137 1754 4207 Νικομήδειαν
1802 4138 2036 4191 κατέλα-

445 4226 561 4284 ϐεν,
636 4224 710 4276 ἵν’
754 4226 1005 4279 ἐντεῦθεν
1073 4227 1481 4291 ἀπελπίσαντες
1531 4228 1632 4299 τὴν
1692 4228 1811 4280 κατ’
1854 4228 2034 4282 αὐτῶν

444 4315 676 4384 ἔφοδον,
730 4318 1082 4372 ἐπανέλθοιεν
1135 4319 1369 4383 ἕκαστος
1435 4314 1609 4388 οὗπερ
1660 4318 1761 4387 τὴν
1820 4320 2033 4385 οἴκησιν

446 4410 715 4480 πρότερον
751 4411 1050 4478 ἐπεποίητο
1104 4413 1245 4463 ἐπὰν
1272 4411 1327 4463 δὲ
1358 4410 1847 4480 ἀποθαρῤήσαντες
1874 4408 2032 4471 αὖθις
2064 4449 2108 4506 Β

446 4507 527 4567 εἰς
566 4506 848 4577 προνομὴν
900 4508 1245 4578 σχεδασθεῖεν
1300 4506 1375 4569 ὼς
1414 4507 1532 4570 ἔθος
1579 4508 1690 4564 τοῖς
1738 4503 2026 4575 Τούρκοις,

453 4604 549 4654 καὶ
580 4604 743 4665 αὐτὸς
770 4603 813 4657 ό»
841 4604 1131 4667 σουλ-τάνος
1162 4602 1259 4656 τοῦ
1286 4604 1556 4673 προτέρου
1601 4600 1807 4673 ἅψηται
1841 4601 2027 4671 ἔργου,

442 4696 749 4764 τηνικαῦτα
790 4698 883 4750 καὶ
918 4698 1082 4759 αὐτὸς
1112 4696 1220 4749 τῶν
1259 4695 1609 4766 στρατιωτῶν
1658 4696 1857 4765 μικρὸν
1896 4696 2030 4748 ἀνα-

446 4788 840 4854 παυσαμένων.
895 4789 989 4840 καὶ
1040 4787 1149 4840 τῶν
1204 4788 1390 4841 ἵππων
1435 4788 1529 4840 καὶ
1563 4787 1876 4855 ὑποζυγίων
1909 4786 2031 4840 πιό-

447 4896 554 4930 νων
584 4877 836 4931 ἐντεῦθεν
859 4880 1185 4948 γεγονότων,
1224 4879 1344 4949 μετ’
1405 4880 1466 4931 οὐ
1500 4878 1633 4931 πολὺ
1669 4878 2029 4949 σφοδρότερον

444 4971 538 5022 τοῦ
599 4972 718 5025 κατ’
774 4972 955 5023 αὐτῶν
992 4972 1197 5042 ἅψηται
1246 4970 1507 5041 πολέμου,
1570 4970 1665 5023 καὶ
1717 4970 1818 5037 τῆς
1849 4969 2028 5039 μάχης

446 5064 733 5137 καρτερῶς
790 5065 1095 5128 ἀνθέξεται.
1152 5065 1252 5117 Διά
1299 5064 1473 5117 ταῦτα
1526 5063 1624 5133 τὴν
1655 5063 2070 5138 Νικομήδειαν.

448 5155 822 5226 ἀναζητήσας,
853 5156 928 5218 ὡς
961 5155 1198 5226 εἴρηται,
1226 5160 1324 5209 καὶ
1348 5154 1678 5210 καταλαϐὼν
1705 5157 1832 5217 τοὺς
1870 5171 2031 5208 συνε-

449 5248 795 5316 φεπομένους
825 5247 974 5316 αὐτῷ
1010 5247 1258 5311 ἅπαντας
1285 5249 1392 5302 τῶν
1433 5248 1783 5319 στρατιωτῶν
1813 5247 1891 5309 εἰς
1927 5248 2028 5311 τὰς

448 5339 641 5408 ἐγγύθι
674 5341 1018 5408 κωμοπόλεις
1045 5338 1329 5403 κατέθετο,
1363 5339 1438 5402 ὡς
1468 5340 1579 5392 οἵτε
1637 5341 1794 5393 ἵπποι
1819 5339 1912 5391 καὶ
1960 5338 2028 5391 τὰ

451 5432 727 5500 ὑποζύγια
752 5432 960 5504 τροφὴν
1015 5432 1353 5502 ἀποχρῶσαν
1380 5433 1554 5502 ἔχοιεν
1591 5432 1713 5501 (τῆς
1774 5431 2029 5485 Βιθυνῶν

449 5528 551 5596 γῆς
573 5525 743 5578 πολὺν
780 5525 869 5579 τὸν
894 5525 1091 5596 χόρτον
1124 5524 1509 5594 ἀναδιδούσης)
1556 5527 1650 5578 καὶ
1692 5523 1849 5578 αὐτοὶ
1882 5522 1939 5577 δὲ
1980 5526 2028 5578 οἱ

452 5619 789 5689 στρατιῶται
827 5619 1026 5689 ῥαδίως
1062 5618 1170 5670 ἀπό
1195 5634 1255 5670 τε
1291 5618 1393 5685 τῆς
1422 5617 1744 5680 Βυζαντίδος
1772 5617 1866 5668 καὶ
1916 5617 2027 5668 τῶν

450 5713 610 5785 πέριξ
636 5713 727 5765 διὰ
752 5700 861 5765 ⁸τοῦ
893 5712 1310 5784 παρακειμένου
1360 5710 1561 5763 κόλπου
1596 5710 1926 5781 ἀποχρῶντα
1957 5711 2028 5764 τὰ

452 5806 593 5883 πρὸς
647 5807 839 5877 χρείαν
892 5805 1223 5877 κομίζοιντο,
1290 5802 1607 5874 ἐπισκήψας
1681 5804 1866 5868 αὐτοῖς
1930 5804 2027 5876 ὅλῃ

2134 3221 2190 3276 in
2245 3220 2518 3274 sultanum
2558 3220 2777 3281 ducere,
2812 3216 3012 3271 frustra
3042 3217 3184 3271 enim
3219 3216 3269 3270 id
3300 3232 3357 3271 se
3391 3214 3661 3269 facturum
3696 3231 3712 3267 :

2135 3313 2405 3383 siquidem
2458 3319 2574 3364 erat
2620 3310 2916 3365 verisimile
2949 3308 3097 3363 fusos
3147 3309 3303 3378 paulo
3347 3317 3471 3362 ante
3505 3307 3718 3360 Turres

2135 3422 2164 3460 a
2220 3404 2483 3463 Romanis
2540 3403 2771 3458 ducibus
2823 3402 2992 3457 cladis
3042 3416 3152 3455 sua:
3213 3401 3410 3454 famam
3466 3400 3573 3455 late
3618 3414 3721 3469 per

2135 3498 2322 3553 Asiam
2352 3496 2641 3567 sparsisse,
2686 3494 2964 3562 variisque
3000 3494 3185 3548 varios
3221 3493 3273 3546 in
3308 3492 3442 3547 locis
3477 3507 3597 3545 esse
3632 3502 3716 3544 te—

2136 3598 2311 3643 statos
2356 3586 2668 3642 occurrisse
2722 3583 2999 3639 Romanos
3030 3585 3184 3653 ipsis,
3222 3584 3516 3637 commissa
3558 3582 3716 3650 gravi

2135 3696 2340 3752 pugna,
2387 3681 2557 3735 vietos
2588 3694 2714 3734 esse
2768 3677 2996 3742 Turcos,
3026 3677 3286 3746 quosdam
3336 3685 3548 3744 captos,
3579 3674 3720 3727 alios

2138 3775 2374 3837 occisos,
2408 3771 2726 3826 vulneratos
2771 3770 2937 3823 etiam
2972 3769 3185 3837 aliquos
3232 3767 3428 3821 deinde
3456 3766 3713 3836 periisse.

2137 3862 2345 3930 Quibus
2377 3863 2539 3916 rebus
2572 3860 2832 3933 vulgatis,
2869 3859 3092 3913 dubium
3133 3873 3239 3913 non
3276 3858 3559 3912 videbatur
3581 3857 3713 3927 quin

2138 3953 2366 4009 Barbari
2399 3954 2688 4009 consilium
2725 3951 3108 4008 retrocedendi
3136 3960 3395 4020 caperent
3432 3959 3593 4018 atque
3627 3950 3712 4002 in-

2140 4049 2311 4101 terius
2349 4047 2402 4100 in
2437 4046 2551 4100 loca
2575 4053 2691 4100 tuta
2717 4045 2943 4100 ditionis
2973 4044 3210 4113 ipsorum
3242 4058 3414 4114 usque
3437 4046 3503 4095 ad
3530 4043 3707 4109 ipsum

2138 4139 2380 4194 Iconium
2419 4138 2607 4207 copias
2642 4139 2992 4201 reducerent,
3030 4137 3215 4207 sicque
3258 4136 3518 4190 lrustrato
3562 4135 3710 4189 inse-

2138 4233 2425 4298 quentium
2476 4230 2656 4284 studio
2685 4245 2749 4284 ac
2812 4245 2909 4299 spe
2954 4231 3171 4283 inanem
3227 4228 3488 4281 Romanis
3549 4237 3712 4293 atque

2138 4322 2351 4376 irritam
2398 4322 2764 4377 contentionis
2816 4322 3025 4375 inutilis
3059 4331 3113 4377 et
3172 4321 3460 4375 irridendo:
3490 4320 3707 4374 Iussit-uo

2136 4414 2323 4468 dinem
2386 4413 2780 4483 relinquerent.
2832 4412 2905 4467 Ea
2951 4422 3171 4482 propter
3225 4410 3550 4467 retroversis
3601 4412 3712 4462 An-

2139 4513 2330 4575 gustus
2375 4503 2605 4558 habenis
2636 4518 2733 4571 per
2778 4502 3037 4572 Bithynos
3073 4501 3443 4556 Nicomediam
3479 4513 3539 4551 se
3581 4512 3712 4551 con-

2138 4594 2294 4660 tulit;
2332 4609 2440 4663 quo
2493 4593 2751 4647 nimirum
2825 4594 2917 4645 tali
2972 4591 3093 4661 ejus
3151 4605 3400 4660 regressu
3462 4588 3711 4641 nuntiato

2136 4687 2353 4753 Turcis,
2386 4687 2460 4741 illi
2494 4687 2573 4740 sic
2608 4687 2768 4740 levati
2802 4696 2945 4740 metu
2997 4686 3319 4752 irruptionis
3346 4696 3507 4751 quam
3540 4696 3570 4734 a
3602 4678 3705 4733 Ro-

2138 4782 2315 4835 manis
2340 4782 2655 4843 timuerant,
2695 4779 2960 4833 auderent
2992 4777 3267 4845 explicare
3298 4790 3363 4829 ac
3387 4787 3708 4843 promovere

2134 4875 2321 4943 copias
2354 4874 2605 4937 liberius,
2668 4881 3183 4938 reverterenturque
3224 4868 3278 4922 in
3314 4867 3430 4922 loca
3463 4867 3612 4932 prius
3640 4865 3708 4919 ab

2136 4972 2269 5041 ipsis
2303 4976 2594 5038 occupata,
2625 4966 2769 5019 unde
2811 4964 2951 5018 versi
2976 4978 3072 5032 pro
3100 4976 3199 5017 suo
3233 4975 3384 5014 more
3418 4961 3613 5012 iterum
3650 4958 3706 5011 in

2135 5065 2367 5132 praedas,
2399 5075 2629 5130 quarum
2660 5060 2824 5128 primi
2852 5071 3141 5112 successus
3180 5055 3459 5108 sultanum
3494 5066 3709 5121 quoque

2139 5155 2314 5225 ipsum
2367 5154 2629 5207 elicerent
2684 5152 2748 5204 ad
2783 5152 2933 5219 prius
2959 5150 3334 5202 intermissum
3380 5162 3520 5213 Opus
3557 5160 3710 5197 resn-

2135 5252 2411 5314 mendnm,
2446 5248 2773 5301 luculentam
2803 5247 3010 5299 cladem
3046 5260 3112 5299 ex
3148 5246 3442 5311 improviso
3472 5242 3704 5308 aliquam

2140 5342 2398 5410 dispersi,
2431 5340 2663 5407 vagique
2710 5337 2960 5405 accipere
3012 5352 3040 5388 a
3078 5337 3282 5389 nostris
3329 5329 3707 5400 possent,jam

2136 5432 2355 5488 refectis
2402 5439 2458 5484 et
2507 5427 2796 5499 pinguibus
2829 5443 2843 5479 :
2880 5427 3077 5495 quippe
3127 5424 3219 5492 qui
3255 5420 3515 5474 beneﬁcio
3550 5419 3709 5470 modo

2136 5522 2361 5579 indultae
2424 5520 2768 5583 cessationis,
2818 5529 2873 5571 et
2923 5533 3019 5573 sua
3072 5524 3127 5569 et
3178 5526 3441 5581 equorum
3493 5510 3708 5578 egregie

2137 5632 2365 5687 corpora
2399 5623 2707 5679 curassent,
2750 5614 2939 5682 sicque
2969 5611 3035 5664 ad
3063 5608 3304 5678 prmlinm
3359 5606 3613 5667 alacrius,
3655 5613 3711 5655 et

2135 5725 2257 5765 cum
2287 5724 2382 5779 spe
2432 5707 2672 5761 victoriae
2726 5706 2959 5758 certiore
3013 5699 3404 5768 capessendum
3460 5694 3711 5747 venirent

2142 5802 2465 5876 paratiores.
2497 5799 2571 5855 Eo
2616 5796 2843 5855 consilio
2883 5792 3255 5851 Nicomediam
3290 5791 3711 5859 imperator-pe-
