4086 6414
403 314 542 380 1123

1700 314 1925 374 ANNi‘E
1963 311 2340 373 COMNENAZ

3518 309 3653 373 1124

401 432 492 486 tiit
525 442 653 487 cum
684 428 925 486 exercitu
962 439 1161 485 caetero
1199 428 1456 484 universo
1486 443 1645 498 quem
1683 428 1736 483 in
1763 430 1971 482 vicinos

2085 426 2273 499 γνώμῃ
2318 426 2520 497 πολλὴν
2556 427 2877 497 ἐπιμέλειαν
2908 427 3017 480 τῶν
3056 426 3240 478 ἵππων
3293 423 3388 478 κού
3415 425 3659 495 ἀχθοφό-

402 520 662 592 dispersit
710 520 759 576 ei
800 522 1015 590 civitati
1048 536 1242 593 pagos,
1268 521 1357 575 ubi
1394 530 1449 576 et
1473 521 1597 590 equi
1631 529 1683 575 et
1721 521 1970 591 jumenta

402 622 597 667 cetera
661 612 941 681 cupiosum
1005 614 1220 668 abunde
1251 612 1509 683 pabulum
1543 613 1804 666 haberem
1836 627 1865 665 a
1900 627 1977 664 re-

401 705 563 772 giOtte
591 703 859 774 Bithynia
889 705 1045 758 multi
1077 704 1205 760 foeni
1249 704 1446 770 feraci;
1483 705 1682 758 milites
1714 718 1843 757 vero
1872 706 1973 773 ipsi

404 808 520 851 tum
558 811 587 850 a
620 795 905 867 Byzantio,
939 805 1052 851 tum
1091 812 1119 849 ιι
1145 797 1278 851 locis
1301 797 1672 866 adjacentibus
1701 811 1973 850 commer-

401 892 490 943 cio
530 889 788 942 maritimi
836 888 1010 951 sinus,
1045 892 1111 941 ad
1158 904 1317 957 quem
1371 897 1452 941 est
1500 887 1811 941 Nicomedia
1846 888 1971 949 sita,

405 976 695 1045 benignam
730 987 783 1033 et
818 979 1115 1045 parabilem
1169 994 1347 1033 rerum
1382 980 1448 1031 ad
1477 979 1674 1033 victum
1705 992 1976 1045 usumque

404 1070 812 1124 commodarum
878 1069 1089 1138 copiam
1152 1071 1620 1123 nanciscerentur.
1656 1070 1848 1132 Porro,
1888 1068 1975 1122 bis

404 1175 470 1212 eo
506 1158 766 1218 dimissis,
796 1158 1089 1212 mandabat
1133 1159 1427 1226 imperator
1462 1158 1785 1211 nominatim
1811 1171 1976 1225 equo-

406 1264 547 1315 rum,
573 1256 627 1301 et
658 1249 884 1303 aliarum
920 1252 983 1302 ad
1007 1260 1281 1303 vecturam
1336 1250 1544 1303 utilium
1594 1249 1976 1313 animantium,

405 1356 592 1394 curam
631 1350 887 1409 gererent
928 1356 1037 1394 non
1069 1340 1521 1408 perfunctoriam,
1559 1340 1725 1411 466
1755 1356 1824 1394 ne
1857 1340 1977 1392 illos

409 1436 722 1495 venatione,
766 1447 870 1487 neu
932 1432 1193 1498 ludicris,
1231 1441 1289 1485 ιιι
1321 1432 1400 1497 fit,
1448 1434 1813 1501 equesu'ibns,
1854 1430 1978 1483 fati-

407 1533 591 1589 gatum
642 1523 806 1587 irent,
846 1522 1075 1576 aliorum
1113 1532 1413 1589 temporum
1466 1522 1596 1575 istas
1627 1520 1977 1574 remissiones

406 1629 553 1676 esse,
596 1628 741 1666 nunc
775 1628 937 1665 unum
976 1614 1026 1665 id
1060 1620 1388 1679 spectarent,
1420 1621 1479 1664 ut
1520 1626 1684 1679 quam
1732 1609 1976 1679 pinguis-

409 1707 559 1760 sima:
600 1721 662 1759 ac
688 1705 1071 1759 valentissima:
1104 1703 1308 1766 bestiae,
1340 1718 1571 1771 quarum
1608 1713 1753 1755 esset
1782 1704 1849 1755 ad
1878 1718 1980 1770 pu-

2081 533 2190 586 ρων
2220 518 2435 584 κτηνῶν
2488 518 2787 581 ποιεῖσθαι,
2817 519 2911 570 καὶ
2971 518 3094 588 μηδ’
3140 519 3222 580 εἰς
3272 517 3465 587 θήραν,
3534 519 3660 588 μηδ’

2081 608 2420 678 ίππηλάσιον
2447 610 2507 661 τὸ
2538 610 2804 679 παράπαν
2830 610 3054 675 ἐξιέναι,
3080 610 3165 661 ἵνα
3196 608 3393 678 καιροῦ
3428 611 3660 663 καλοῦν-

2075 717 2168 762 τος
2202 702 2391 761 πίονες
2417 701 2571 763 ὄντες
2609 704 2737 764 τοὺς
2778 702 3045 763 ἐπιϐάτας
3118 703 3365 772 εὐχερῶς
3416 704 3658 772 φέροιεν,

2077 793 2169 844 καὶ
2199 793 2332 862 πρὸς
2350 794 2450 855 τὰς
2475 794 2619 845 κατὰ
2657 793 2767 846 τῶν
2806 793 3021 864 ἐχθρῶν
3074 796 3341 858 ἱππασίας
3396 799 3661 864 χρήσιμοι

2078 884 2262 944 αὐτοῖς
2300 882 2431 941 ετεν,
2470 885 2658 939 Ταῦτα
2686 886 2980 956 τοιγαροῦν
3008 887 3381 957 οῖκοιομήσας
3409 888 3660 950 ἐκείνοις,

2075 970 2162 1027 οἷα
2197 976 2400 1038 σκοπὸς
2435 977 2681 1046 καθῆστο
2713 978 3027 1048 πόρρωθεν,
3060 978 3314 1045 φύλακας
3346 979 3434 1031 διὰ
3479 980 3664 1046 πάσης

2077 1066 2332 1134 ἀτραποῦ
2364 1069 2689 1136 ἐπιστήσας,
2739 1069 2952 1138 μέλλων
3010 1070 3066 1121 δὲ
3097 1070 3264 1123 αὑτοῦ
3314 1088 3417 1122 που
3447 1072 3665 1141 ἡμέρας

2081 1158 2271 1221 ἱκανὰς
2304 1159 2625 1223 αὐλίζεσθαι
2667 1161 3207 1230 μεταπέμπεταιτὴν
3240 1161 3562 1227 Αὐγούστου)
3589 1161 3665 1212 δι’

2076 1249 2143 1312 ἃς
2201 1250 2467 1314 πολλάκις
2533 1252 2715 1314 αἰτίας
2775 1254 3117 1322 εἰρήκειμεν,
3184 1255 3270 1321 ἐφ’
3328 1247 3371 1319 ᾧ
3425 1254 3666 1304 συνεῖναι

2077 1339 2253 1410 τούτῳ
2291 1343 2486 1409 μέχρις
2520 1340 2586 1394 ἂν
2624 1340 2726 1402 τὰς
2779 1341 2891 1393 τῶν
2922 1342 3225 1412 Βαρόάρων
3274 1342 3666 1411 ἐφόδονςὶένω-

2078 1432 2308 1495 τισθεὶς,
2359 1431 2571 1485 ἐκεῖθεν
2627 1432 2844 1500 ἁπάραι
2887 1432 3201 1503 βουληθείη.
3271 1434 3337 1485 Ἦ
3364 1435 3416 1485 δὲ
3471 1432 3667 1485 θᾶετον

2077 1524 2177 1593 τὴν
2200 1524 2575 1594 Νικομήδειαν
2600 1526 3042 1594 καταλαμϐάνει,
3066 1527 3250 1595 ὁρῶσα
3289 1527 3345 1577 δέ
3374 1542 3526 1583 τ.να;
3556 1523 3668 1573 τῶν

2080 1614 2343 1667 ἐναντίων
2409 1615 2881 1684 ἐπιγαννυμὲνους
2912 1612 3040 1684 ξοῖον
3089 1615 3173 1683 ἐφ’
3210 1611 3290 1675 οἷς
3339 1619 3365 1668 ὁ
3414 1615 3667 1684 βασιλεὺς

2084 1702 2439 1773 ἠπρακτήκει
2493 1707 2592 1758 καὶ
2650 1706 2931 1776 πανταχοῦ
2995 1707 3534 1777 διαλοιδορουμέιιους
3590 1705 3671 1775 τῷ

409 1812 541 1865 guas
574 1812 702 1850 usus
731 1797 1014 1861 maximus,
1046 1797 1113 1848 ad
1158 1796 1498 1849 occasionem
1527 1808 1647 1847 mox
1670 1792 1976 1847 adfuturam

2085 1794 2303 1864 βασιλεῖ
2335 1798 2427 1850 καὶ
2452 1798 2948 1869 ὑποψιθυρίζοντας
2979 1799 3053 1860 ὡς
3087 1799 3196 1869 ἄρα
3226 1799 3366 1851 κατὰ
3386 1798 3491 1849 τῶν
3521 1796 3669 1863 Βιρ-

413 1895 788 1948 servarentur,
811 1886 1057 1954 equitatu
1107 1885 1158 1938 in
1191 1884 1385 1955 primis
1423 1898 1586 1951 egere
1613 1882 1812 1938 bellum
1840 1882 1983 1937 Tur-

410 1979 611 2031 cicum.
668 1977 760 2031 Sic
796 1977 911 2046 ipsa
959 1976 1075 2029 loca
1127 1988 1377 2044 poscere,
1422 1973 1504 2029 sic
1551 1975 1729 2043 gentis
1774 1990 1979 2029 morem

412 2082 677 2135 equorum
703 2076 904 2121 conatu
940 2080 1004 2120 ac
1044 2057 1247 2120 sudore
1274 2063 1444 2118 multo
1479 2065 1767 2118 emendant
1807 2066 1981 2117 victo-

414 2161 548 2210 riam
598 2158 724 2211 belli
774 2156 913 2226 ejus,
950 2171 1017 2210 ne
1067 2164 1431 2223 gravarentur
1458 2156 1511 2209 iu
1539 2162 1648 2209 tam
1678 2163 1877 2223 optata:
1905 2154 1981 2209 rei

410 2253 639 2320 pretium
686 2251 769 2305 vel
805 2266 989 2304 curam
1045 2250 1145 2320 ipsi
1204 2249 1466 2319 aliquam,
1512 2247 1597 2303 vel
1649 2248 1981 2318 voluptatum

406 2342 674 2410 iacturam
735 2341 1069 2410 impendere.
1111 2338 1334 2395 Talibus
1368 2340 1437 2395 ad
1472 2339 1682 2395 consilii
1725 2339 1811 2395 sui
1863 2354 1984 2393 suc-

413 2448 628 2493 cessum
658 2432 1289 2508 sapienterpmscriptis
1323 2448 1576 2504 magnam
1606 2446 1793 2487 curam
1824 2431 1985 2485 adbi-

413 2528 555 2594 buit,
590 2542 696 2596 quo
728 2527 843 2581 vias
868 2541 932 2581 ac
970 2525 1136 2580 calles
1164 2539 1353 2579 omnes
1377 2523 1774 2592 undique,tidis
1807 2524 1986 2592 impo-

411 2618 535 2672 sitis
574 2618 919 2684 custodibus,
952 2617 1208 2687 obseptas
1241 2617 1441 2685 spebus
1472 2615 1725 2669 omnibus
1775 2630 1838 2667 ac
1872 2613 1987 2669 fur-

415 2711 485 2764 tis
540 2712 775 2765 hostium
819 2724 983 2779 quam
1048 2709 1353 2764 certissime
1405 2708 1651 2764 haberet.
1715 2710 1984 2775 Quoniam

415 2810 594 2853 autem
649 2799 943 2853 multorum
999 2798 1102 2853 sibi
1145 2797 1356 2852 dierum
1413 2815 1620 2853 moram
1650 2798 1864 2855 videbat
1895 2814 1992 2853 ne-

415 2893 713 2944 cessariam
764 2890 1094 2945 Nicomedia:
1125 2888 1265 2954 fore,
1312 2904 1376 2943 eo
1403 2900 1631 2960 propter
1660 2902 1989 2948 memoratas

412 2983 608 3050 saepius
642 2997 670 3035 a
714 2982 869 3038 nobis
901 2996 1101 3036 causas
1140 2981 1438 3052 Augustam
1491 2984 1761 3043 evocavit,
1794 2999 1982 3038 secum

2080 1886 2266 1957 σάρων
2320 1890 2576 1942 τοσοῦτον
2637 1889 3203 1960 παρασκευασάμενος
3237 1928 3252 1950 ,
3324 1888 3417 1941 καὶ
3468 1886 3670 1947 nona,-

2081 1980 2408 2050 συνειλοχὼς
2457 1981 2719 2049 δυνάμεις
2750 1985 2845 2035 καὶ
2894 1982 3065 2051 μηδὲν
3102 1981 3245 2051 μέγα
3282 1979 3501 2049 ὴνυκὼς
3529 1980 3669 2031 ἀπέ-

2080 2070 2232 2124 κλινε
2261 2072 2398 2142 πρὸς
2432 2072 2533 2139 τὴν
2575 2072 2989 2142 Νικομήδειαν,
3022 2071 3118 2124 καὶ
3149 2071 3306 2123 τοῦτο
3337 2071 3439 2123 ούκ
3468 2070 3523 2120 ἐν
3557 2085 3669 2135 γω-

2080 2162 2220 2227 νίαις
2253 2164 2434 2234 μόνον,
2468 2164 2603 2217 ἀλλὰ
2626 2166 2718 2218 καὶ
2749 2165 2807 2217 ἐν
2829 2164 3111 2224 πλατείαις
3139 2164 3236 2218 καὶ
3267 2162 3531 2230 ἀμφόδοις
3571 2160 3671 2213 καὶ

2078 2258 2315 2328 τριόδοις
2373 2257 2878 2329 ἀναισχυντὼτερον
2944 2256 3247 2325 λέγοντας,
3315 2256 3509 2323 ἠνιᾶτο
3567 2253 3668 2305 καὶ

2079 2345 2373 2416 ἦσχαλλεν.
2416 2346 2477 2402 Ὀ
2496 2347 2551 2400 δὲ
2584 2348 2943 2417 αὐτοκράτωρ
2971 2347 3032 2399 τὸ
3060 2347 3235 2417 πέρας
3263 2344 3364 2413 τῆς
3393 2343 3535 2396 κατὰ
3559 2343 3671 2395 τῶν

2081 2439 2293 2510 ἐχθρῶν
2324 2438 2493 2493 αὑτοῦ
2537 2441 2717 2510 ὁρμῆς
2748 2440 2929 2493 αἴσιον
2960 2438 3186 2492 ἔσεσθαι
3243 2436 3667 2506 στοχαζόμενος,

2081 2529 2258 2592 δεινὸς
2288 2528 2365 2581 ὢν
2394 2531 2522 2601 περὶ
2547 2530 2615 2581 τὰ
2639 2530 2873 2583 τοιαῦτα
2910 2528 3043 2600 παρ’
3077 2528 3230 2582 οὐδὲν
3278 2526 3378 2596 μὲν
3428 2526 3525 2589 τὰς
3553 2525 3672 2579 δια-

2082 2620 2279 2690 τριϐὰς
2309 2621 2536 2674 ἐκείνων
2580 2622 2676 2675 καὶ
2715 2621 2964 2690 νεμέσεις
3001 2619 3233 2680 ἐτίθετο,
3262 2618 3338 2681 ὡς
3369 2617 3672 2685 παιδαρίων

2084 2710 2422 2781 ἀθυρμάτων
2462 2713 2693 2782 πάμπαν
2718 2713 2831 2765 τῶν
2861 2710 3124 2765 τοιούτων
3151 2710 3542 2780 καταφρονῶν,
3568 2711 3663 2761 καὶ

2087 2804 2183 2858 τοῦ
2216 2804 2529 2875 νηπιώδους
2553 2806 2733 2858 αὐτῶν
2773 2805 3096 2873 καταγελῶν
3151 2804 3520 2873 φρονήματος,
3572 2800 3673 2867 τὴν

2086 2896 2145 2949 δέ
2181 2912 2245 2964 γε
2295 2896 2617 2964 Αύγούσταν
2661 2897 2974 2963 κρείττοσιν
3030 2896 3304 2949 ἀνεκτᾶτο
3360 2894 3669 2961 λογισμοῖς,

2092 2990 2227 3042 αὐτὸ
2278 2990 2427 3042 τοῦτ’
2463 2989 2681 3042 ἔσεσθαι
2709 2989 2959 3058 μείζονος
2992 2988 3152 3057 νίκης
3206 2988 3378 3040 αἴτιον
3433 2980 3675 3052 ἐπομνύ-

412 3071 521 3127 illtc
559 3073 816 3137 futuram,
854 3073 1029 3144 quoad
1079 3071 1197 3140 ipse
1235 3050 1545 3128 adtnouilus
1586 3073 1983 3129 ittcursiOnibtls

2093 3098 2276 3150 μενος,
2311 3082 2677 3150 ὃπερ”ἐκείνοι
2700 3079 3073 3151 διασύρουσιν.

414 3164 718 3221 Τιιινωιυιιι
768 3181 984 3221 movere
1009 3168 1060 3221 in
1085 3167 1394 3237 illos,juxta
1408 3181 1468 3221 ea
1495 3181 1613 3237 quae
1640 3166 1981 3235 decreverat,
2019 3174 2395 3241 tempestivum
2425 3175 2665 3227 duceret.
2685 3170 3051 3225 Nicomediam
3086 3170 3308 3239 appulsa
3331 3168 3673 3239 imperatrix,

414 3277 632 3331 gravem
667 3263 737 3317 ibi
761 3260 981 3317 offendit
1009 3261 1221 3316 dolendi
1248 3275 1491 3315 causam.
1527 3261 1897 3317 Murmurabat
1925 3266 2219 3322 comitatus
2257 3266 2461 3336 passim
2501 3276 2647 3321 totus
2687 3266 2946 3320 adversus
2986 3266 3397 3334 imperatorem,
3438 3276 3676 3332 eumque

415 3361 622 3429 passim
657 3368 714 3412 ut
738 3360 1059 3429 degenerem
1094 3358 1455 3427 ignavumque
1478 3357 1812 3413 traducebat.
1846 3358 2136 3416 Enimvero
2160 3377 2263 3415 non
2300 3362 2577 3416 ferendum
2604 3359 2865 3430 ﬂagitium
2900 3360 3139 3420 aiebant,
3173 3367 3322 3412 tanto
3346 3370 3410 3409 ac
3442 3365 3548 3409 tam
3574 3356 3674 3407 mi-

416 3457 534 3510 naci
565 3468 824 3525 apparatu
874 3466 949 3509 tot
991 3457 1135 3508 curis
1166 3465 1221 3507 et
1257 3453 1561 3522 sumptibus
1606 3452 1896 3521 instructo,
1929 3455 2073 3509 nulla
2130 3470 2191 3510 re
2229 3466 2383 3527 gesta
2421 3453 2761 3509 memorabili
2792 3468 2856 3508 ex
2890 3453 3063 3508 media
3091 3452 3330 3506 victorias
3375 3450 3667 3507 occasione

416 3548 734 3603 mollissime
773 3548 1156 3602 retrocessisse
1201 3547 1255 3601 iu
1301 3549 1487 3601 urbem
1539 3546 1986 3610 ammuissimam,
2035 3557 2091 3603 et
2130 3551 2315 3603 aestiva
2350 3548 2577 3603 delicata
2611 3548 2711 3601 sub
2736 3544 3062 3600 Nicomediae
3092 3545 3254 3598 tectis
3302 3555 3356 3598 et
3388 3546 3673 3599 hortorum

418 3639 626 3694 umbris
669 3640 1050 3709 imperatorem
1084 3655 1206 3693 cum
1239 3638 1486 3692 exercitu
1513 3652 1673 3706 agere
1704 3637 2044 3704 Romanum;
2088 3655 2219 3694 sane
2260 3640 2476 3694 interitu
2506 3640 2633 3692 dum
2660 3637 2836 3705 campi
2865 3636 3099 3690 victores
3129 3643 3185 3687 et
3207 3634 3312 3689 late
3339 3633 3514 3688 securi
3539 3633 3672 3686 Bar-

414 3732 535 3787 bari
563 3730 930 3785 Christianum
960 3731 1235 3785 liberrime
1266 3728 1491 3783 limitem
1515 3730 1821 3785 incursent.
1855 3729 1933 3784 Ea
1974 3746 2079 3785 non
2116 3732 2167 3785 in
2197 3730 2408 3801 angulis
2429 3730 2539 3797 jam
2567 3729 2766 3794 solum,
2799 3729 2892 3784 sed
2921 3729 2972 3781 in
3000 3726 3193 3797 plateis
3231 3740 3444 3794 quoque
3474 3725 3673 3793 passim

417 3838 583 3892 atque
626 3826 1039 3894 angiportubus,
1076 3839 1247 3895 prope
1276 3824 1386 3892 jam
1421 3823 1622 3894 palam,
1657 3824 1997 3892 ferebantur,
2034 3827 2457 3896 pertimescente
2490 3824 2632 3879 baud
2673 3839 2865 3894 parum
2906 3822 3169 3891 Augusta.
3232 3820 3501 3874 Carterum
3572 3819 3678 3873 im-

412 3920 861 3988 peratoringenti
887 3921 1055 3971 animi
1096 3918 1290 3972 ﬁlucia
1317 3918 1475 3986 plane
1514 3919 1697 3971 omnia
1758 3930 2112 3973 contemnere
2151 3918 2502 3980 decreverat;
2571 3931 2746 3986 neque
2810 3916 3183 3985 imperitorum
3247 3912 3668 3967 obtrectationes

415 4010 719 4071 hominum,
752 4008 1035 4077 plusquam
1060 4022 1350 4075 puerorum
1379 4007 1587 4061 naeuius
1660 4009 1714 4060 in
1778 4008 2066 4077 prmscntia
2097 4008 2364 4062 curandas
2427 4007 2531 4061 sibi
2566 4010 2952 4072 constituerat,
2989 4023 3055 4061 ex
3114 4008 3200 4060 illa
3250 4006 3303 4060 in
3340 4023 3441 4074 qua
3476 4018 3659 4059 certus

416 4102 595 4157 stabat
623 4100 862 4155 caelestis
886 4114 1011 4152 arce
1041 4098 1324 4168 sapientia:
1389 4099 1593 4168 liquido
1626 4100 1985 4171 prospiciens,
2022 4101 2163 4155 forte
2192 4111 2249 4154 ut
2282 4113 2540 4155 censores
2567 4099 2656 4155 isti
2701 4100 2804 4169 ipsi
2863 4099 2980 4154 viso
3046 4098 3392 4169 postmodum
3462 4098 3667 4153 felicis-

413 4195 554 4248 simo
606 4190 896 4260 vituperati
945 4204 975 4243 a
1010 4204 1069 4243 se
1104 4189 1320 4245 consilii
1367 4205 1644 4259 successu,
1699 4205 1813 4247 sua:
1845 4191 1986 4245 ultro
2048 4191 2294 4262 ipsorum
2371 4189 2759 4260 imprudentiae
2831 4190 3235 4244 damnationem
3298 4203 3425 4243 cum
3473 4190 3671 4244 eximia

414 4285 651 4340 solertia:
705 4283 1140 4348 constantiaeque
1214 4283 1447 4353 Augusti
1511 4282 1872 4339 aduiiratione
1938 4286 2352 4352 conjungerent.
2440 4280 2594 4337 Unus
2664 4282 2812 4336 illum
2877 4282 2929 4336 in
2989 4281 3095 4335 hoc
3148 4290 3263 4337 toto
3335 4282 3678 4336 incommodo

422 4377 692 4447 pungebat
722 4376 976 4443 Augusta
1006 4390 1165 4443 quem
1188 4374 1427 4430 diximus
1462 4383 1641 4430 metus
1662 4390 1727 4429 ac
1758 4389 1980 4431 mceror.
2017 4375 2160 4445 Ergo
2191 4376 2256 4428 ad
2288 4389 2409 4429 eam
2439 4373 2822 4428 consolandam
2851 4387 3067 4438 versus,
3088 4373 3300 4442 juratus
3332 4370 3633 4429 aﬂirmabat
3659 4411 3674 4436 ,

416 4472 544 4523 illud
580 4474 751 4539 ipsum
785 4469 924 4538 quod
950 4469 1001 4523 in
1027 4470 1409 4525 contumeliam
1435 4469 1610 4540 ignari
1640 4484 1820 4524 rerum
1847 4470 2141 4533 traherent,
2174 4477 2324 4523 tanto
2347 4468 2598 4522 clarioris
2631 4481 2758 4521 mox
2782 4466 3023 4521 victoria:
3047 4480 3264 4523 causam
3289 4475 3492 4520 certam
3532 4464 3678 4520 fore.

490 4564 637 4619 lianc
657 4579 757 4633 ego
778 4564 997 4633 quidem
1019 4579 1199 4618 veram
1215 4564 1451 4619 arbitror
1478 4566 1754 4631 virtutem,
1772 4564 1818 4618 si
1833 4571 1983 4619 recto

2173 4561 2316 4630 Ἐγὼ
2371 4562 2472 4633 μὲν
2517 4561 2612 4615 οὖν
2663 4560 2917 4633 ἀνδρείαν
2959 4556 3113 4629 οἶμαι
3162 4560 3296 4635 ὅταν
3321 4577 3406 4621 τις
3440 4562 3536 4612 σὺν
3581 4561 3669 4613 εύ-

420 4658 542 4724 quis
577 4664 629 4708 et
687 4656 831 4708 scito
893 4654 993 4707 sibi
1031 4655 1261 4708 consilio
1290 4655 1576 4709 victoriam
1624 4665 1800 4723 paret.
1855 4653 1985 4708 Nam

422 4758 556 4793 salte
592 4741 824 4809 impetus
865 4741 1018 4795 ferox
1055 4741 1469 4797 eﬂ'ervesceutis
1498 4744 1689 4805 animi,
1734 4753 1789 4797 et
1828 4745 1993 4798 robu-

421 4842 505 4885 ste
533 4834 583 4883 in
613 4847 751 4901 opus
798 4848 1093 4901 erumpens
1126 4834 1299 4886 valida
1350 4834 1630 4887 contentio
1680 4849 1991 4900 nervorum,

420 4925 463 4978 si
499 4938 692 4990 expers
722 4924 934 4977 consilii
964 4925 1263 4993 judiciique
1309 4936 1452 4990 ruat,
1479 4926 1822 4995 vituperatur
1845 4944 1873 4980 a
1897 4945 1988 4983 sa-

421 5014 697 5084 pientibus
738 5031 751 5067 :
799 5026 983 5082 utpote
1034 5032 1153 5084 qum
1198 5017 1406 5071 stolidae
1455 5032 1518 5071 ac
1566 5032 1779 5072 vesana:
1826 5020 1997 5074 conti-

424 5105 623 5159 dentize
671 5104 847 5157 labem
886 5107 1064 5171 potius
1099 5124 1261 5174 quam
1324 5108 1563 5163 cmdatae
1598 5112 1995 5180 moderataeque

422 5195 757 5251 fortitudinis
806 5195 1018 5249 laudem
1056 5198 1216 5251 ferat.
1279 5198 1549 5253 Ditfcrunt
1577 5204 1720 5254 enim
1762 5202 1901 5270 ista;
1940 5210 1996 5256 et

428 5289 570 5343 inter
600 5286 973 5357 praeﬁdentem
1042 5290 1323 5342 audaciam
1361 5307 1425 5343 ac
1464 5306 1591 5345 vere
1620 5290 1814 5345 fortem
1849 5294 1993 5362 peri-

425 5377 537 5433 culi
570 5385 939 5446 coutetnptum
972 5377 1072 5431 boc
1095 5376 1208 5431 fere
1238 5378 1530 5447 prudentes
1570 5381 1860 5436 discrimen
1891 5385 1987 5437 ad-

424 5479 632 5535 notant,
664 5468 1102 5539 quodfortitudo
1136 5486 1261 5523 vera
1287 5472 1501 5524 modum
1536 5473 1767 5526 audendi
1796 5484 1988 5543 poten-

424 5560 512 5616 tia:
538 5562 739 5616 finibus
763 5561 1122 5626 determinat,
1159 5577 1255 5616 nec
1304 5563 1470 5616 armis
1495 5571 1548 5617 et
1581 5564 1783 5632 impetu
1831 5565 1897 5619 ad
1923 5580 1987 5620 ca

422 5652 609 5706 nititur
626 5653 892 5720 quaeultra
916 5654 1056 5708 vires
1079 5663 1237 5705 sunt:
1263 5666 1384 5706 cum
1406 5667 1534 5707 vero
1552 5654 1679 5707 elati
1698 5665 1832 5708 :estu
1851 5671 1989 5724 quo-

424 5744 546 5797 dattt
572 5743 737 5798 etiam
765 5742 854 5797 illa
894 5744 1197 5798 invadimus
1222 5759 1341 5813 qua:
1376 5745 1633 5813 consequi
1670 5760 1732 5799 ac
1761 5746 1993 5814 perviu-

2095 4654 2288 4726 εουλίᾳ
2331 4653 2431 4723 τῆς
2501 4653 2659 4721 νίκης
2713 4652 3045 4722 κρατήσειε,
3102 4650 3163 4704 τὸ
3218 4654 3331 4721 γὰρ
3391 4651 3677 4720 θυμοειδὲς

2088 4746 2187 4816 τῆς
2218 4745 2401 4815 ψυχῆς
2433 4746 2528 4797 καὶ
2560 4743 2892 4814 δραστήριον
2919 4740 3047 4795 ἄνευ
3068 4742 3162 4794 τοῦ
3193 4743 3413 4811 φρονεῖν
3437 4758 3677 4810 κατηγο-

2094 4834 2361 4904 ρούμενον
2404 4833 2621 4899 γίνεται
2652 4830 2746 4883 καὶ
2808 4829 3011 4899 θράσος
3058 4829 3209 4880 ἐστὶν
3252 4830 3376 4882 ἀντὶ
3416 4828 3672 4899 θράσους,

2094 4924 2420 4999 Θαρῤοῦμεν
2450 4924 2559 4994 γὰρ
2590 4926 2701 4986 τοῖς
2735 4922 2923 4983 ὅπλοις
2959 4919 3077 4973 καθ’
3104 4914 3178 4973 ὧν
3212 4920 3507 4989 δυνάμεθα,
3543 4922 3677 4990 θρα-

2100 5015 2374 5085 συνόμεθιι
2405 5015 2464 5067 δὲ
2500 5015 2594 5067 καὶ
2627 5012 2749 5066 καθ’
2774 5007 2848 5066 ὧν
2883 5012 2942 5064 ού
2976 5010 3285 5080 δυνάμεθα,
3322 5010 3451 5063 ὥσθ’
3474 5014 3677 5064 ὁπόταν

2099 5105 2345 5168 κίνδυνος
2367 5106 2497 5173 ἡμῖν
2518 5102 2908 5172 ἐπικρέμαται,
2932 5102 3485 5170 ὰποκαταπρόσωπον
3510 5120 3651 5173 προσ
3666 5134 3677 5142 -

2099 5198 2305 5261 ϐαλεῖν,
2339 5196 2458 5249 τότε
2498 5197 2697 5264 τρόπον
2735 5193 2918 5262 ἕτερον
2962 5195 3053 5246 τὸν
3091 5193 3328 5262 πόλεμον
3364 5211 3675 5265 μεταχειρι-

2100 5290 2327 5358 ζόμεθα,
2353 5289 2447 5340 καὶ
2474 5288 2677 5357 ἀμαχεὶ
2705 5286 2810 5338 τῶν
2838 5286 3049 5357 ἐχθρῶν
3075 5289 3294 5353 κρατεῖν
3316 5287 3672 5357 ἐπειγόμεθα.

2098 5384 2206 5435 Καὶ
2245 5380 2437 5450 πρώτη
2480 5380 2626 5431 ἐστὶν
2662 5379 2874 5449 ἀρετῶν
2910 5378 2940 5449 ἦ
2987 5378 3307 5446 στρατηγῶν
3346 5380 3506 5447 σοφία
3545 5382 3676 5435 κτᾶο

2096 5473 2220 5525 σθαι
2240 5472 2394 5541 νίκην
2415 5469 2717 5524 ἀκίνδυνον.
2753 5472 2938 5537 Τέχνη
2968 5469 3020 5520 δ’
3041 5469 3288 5538 ἡνίοχος
3318 5471 3671 5540 περιγίνεται

2093 5566 2381 5634 ἡνιόχοιο,
2417 5562 2878 5632 φησὶνὊμηρος·
2912 5561 2972 5613 τὸ
3006 5562 3113 5631 γὰρ
3148 5562 3285 5626 μετὰ
3318 5564 3561 5615 κινδύνου
3595 5582 3666 5616 νι-

2098 5660 2199 5727 κᾷν
2230 5658 2319 5707 καὶ
2357 5658 2386 5725 ἡ
2420 5654 2707 5723 Καδμόθεν
2740 5651 3011 5722 παροιμία
3040 5651 3402 5719 διαφαυλίζει.
3443 5653 3594 5722 Ἐμοὶ
3622 5653 3673 5706 δὲ

2100 5748 2321 5815 ἄριστον
2360 5744 2695 5813 Ἄντεμισται,
2721 5740 2814 5793 καὶ
2846 5739 2908 5791 τὸ
2949 5742 3005 5792 ἐν
3030 5740 3166 5810 αὐτῇ
3203 5744 3268 5811 τῇ
3311 5740 3461 5813 μάχῃ
3505 5759 3678 5812 μηχα-
