4086 6452
400 330 547 399 1125

1610 323 2032 386 ALEXIADIS
2066 325 2212 387 LIB.
2250 326 2384 387 XV.

3527 323 3669 391 1126

392 438 591 496 νᾶσθαί
625 456 678 491 τι
714 435 1027 507 πανοῦργον
1061 438 1157 490 καὶ
1194 437 1566 509 στρατηγικὸν
1588 476 1603 500 .
1640 440 1881 508 ὁπηνίκα
1920 438 1994 509 μὴ

2103 453 2224 493 cere
2276 451 2619 507 nequaquam
2673 449 2834 508 posse
2872 447 2972 491 nos
3031 448 3223 491 smnus
3265 438 3425 495 nobis
3454 444 3679 498 coiecit.

390 534 610 603 ἀπόχρη
641 530 703 584 τὸ
730 529 1055 600 στράτευμα
1084 528 1223 599 πρὸς
1250 528 1349 600 τὴν
1376 530 1486 584 τῶν
1512 529 1777 585 ἐναντίων
1809 529 1987 598 ἰσχύν.

391 622 591 685 Καθὼς
622 624 773 675 ἐστιν
800 623 866 675 ὲκ
889 621 990 690 τῆς
1024 620 1270 691 ἱστορίας
1298 621 1662 687 ἀναλέγεσθαι
1691 622 1770 692 τῷ
1802 620 1991 691 βουλον

397 715 547 786 μένῳ
567 756 582 777 ,
613 713 689 777 ὡς
721 714 823 767 οὐκ
853 714 963 781 ἄρα
995 714 1331 785 μονότροπος
1361 717 1394 785 ή
1429 715 1552 786 νίκη
1577 757 1591 779 ,
1622 715 1745 769 οὐδὲ
1779 730 1992 785 μονοει-

387 809 525 879 δὴς,
558 806 698 861 ἀλολά
736 806 1021 876 διαφόροις
1054 809 1247 872 κόποις
1283 808 1454 862 πάλαι
1496 810 1659 880 μέχρι
1694 809 1796 877 τῆς
1830 806 1992 870 δεῦρο

390 898 834 971 κατορθουμινη,
866 898 1009 952 ὥστε
1043 901 1143 970 τὴν
1181 905 1280 970 μὲν
1313 901 1475 971 νίκην
1511 903 1641 971 μίαν
1672 896 1833 962 εἶναι.
1867 900 1993 964 τοὺς

388 994 447 1048 δὲ
476 995 713 1064 τρόπους
748 991 816 1044 δι’
838 987 913 1045 ὧν
949 992 1090 1063 αὕτη
1122 995 1236 1056 τοῖς
1271 996 1608 1065 στρατηγοῖς
1644 993 1992 1062 περιγίνεται

389 1087 683 1155 διαφόρους
728 1102 787 1138 τε
836 1087 932 1139 καὶ
982 1086 1262 1150 ποικίλους
1304 1086 1408 1158 τὴν
1452 1086 1636 1155 φύσιν.
1680 1085 1840 1148 Τινὲς
1883 1084 1993 1155 γὰρ

389 1180 499 1232 τῶν
536 1179 706 1232 πάλαι
744 1178 1103 1249 ὑμνουμένων
1137 1180 1468 1251 στρατηγῶν
1501 1181 1638 1251 αὐτῇ
1681 1179 1827 1250 ἰσχύϊ
1858 1178 1993 1249 τῷδε

392 1273 585 1343 τρόπῳ
618 1274 741 1336 τοὺς
784 1271 1064 1334 ἐναντίους
1105 1274 1434 1343 νικήσαντες
1476 1274 1784 1341 φαίνονται.
1813 1273 1996 1342 Ἀλλῳ

389 1367 449 1420 δὲ
492 1366 643 1421 ἄλλοι
684 1364 949 1429 πολλάκις
990 1368 1363 1435 χρησάμενοι,
1400 1365 1501 1437 τὴν
1537 1365 1782 1418 νικῶσαν
1822 1362 1990 1435 εἶχον.

400 1456 462 1508 Ὀ
501 1456 557 1509 δέ
595 1473 660 1525 γε
700 1458 833 1521 ἐμὸς
875 1456 1062 1527 πατὴρ
1107 1459 1198 1508 καὶ
1241 1457 1498 1527 βασιλεὺς
1536 1458 1675 1511 ὅπου
1715 1458 1814 1528 μὲν
1852 1460 1992 1528 ἀλκῇ

388 1547 499 1603 τῶν
545 1548 810 1601 ἐναντίων
855 1548 1115 1618 ἐκράτει.
1164 1550 1302 1603 ὅπου
1348 1550 1405 1603 δὲ
1452 1549 1548 1604 καὶ
1593 1552 1847 1624 περινοίᾳ
1888 1552 1995 1603 τινὶ

388 1641 761 1711 χρησάμενος.
788 1641 946 1693 Ἔστι
972 1640 1017 1693 δ’
1042 1633 1103 1694 οὗ
1140 1642 1246 1695 κάν
1275 1644 1399 1705 ταῖς
1434 1644 1640 1714 μάχαις
1676 1646 1871 1708 αὑταῖς
1902 1645 1994 1708 ὀξύ

387 1752 443 1788 τι
492 1733 900 1804 στοχασάμενος
948 1733 1046 1786 καὶ
1088 1733 1373 1805 τολμήσας
1416 1736 1517 1806 τὴν
1564 1737 1804 1792 νικῶσαν
1848 1734 1996 1809 εἶχεν

2100 541 2213 584 tum
2249 540 2396 584 certe
2436 545 2544 585 non
2587 530 2793 585 virtute
2823 530 3037 600 agimur
3066 530 3347 595 laudabili,
3380 533 3474 586 sed
3507 534 3629 603 imp.
3652 560 3685 578 .-

2098 622 2236 677 tenti
2275 621 2583 677 temeritate
2614 622 2885 690 rapimur.
2917 620 3069 676 luteo
3092 637 3192 691 ego
3217 624 3387 692 priori
3420 640 3548 679 vere
3575 624 3672 677 for--

2100 712 2231 765 tium
2262 728 2487 767 numero
2520 711 2673 767 illum
2727 729 2945 783 quoque
2980 717 3311 782 repoaucr'nn
3347 718 3462 783 qni,
3504 719 3687 772 oblato

2098 807 2364 875 periculo,
2405 822 2512 861 non
2550 806 2605 862 in
2665 806 2796 861 illud
2834 808 3054 877 quidem
3090 808 3268 862 fronte
3301 810 3534 864 adversa
3591 827 3683 864 ve.

2100 894 2327 950 hemens
2382 896 2641 962 incurrit,
2680 907 2940 952 caeterum
2986 908 3135 951 tanta
3164 898 3328 970 467
3358 906 3687 954 dexteritate

2100 982 2225 1038 belli
2265 984 2501 1051 clavum,
2534 986 2605 1040 ita
2632 987 2769 1042 scite
2802 1003 2915 1042 rem
2941 990 3688 1062 gubernatadministrarique

2100 1085 2289 1141 totam,
2326 1088 2379 1131 ut
2421 1079 2777 1134 nihilominus
2814 1080 3000 1133 hostes
3056 1092 3277 1149 superet
3320 1083 3689 1153 sulsju'iatqne

2099 1170 2202 1223 sibi
2245 1170 2364 1225 sine
2386 1174 2620 1240 strepitu
2655 1185 2719 1225 ac
2752 1172 2825 1236 vi,
2862 1186 3024 1241 quam
3080 1174 3127 1225 si
3173 1174 3430 1228 virtutem
3480 1178 3531 1227 iu
3568 1179 3687 1229 arie

2099 1277 2369 1317 summam
2419 1279 2541 1318 cum
2568 1267 2687 1334 pari
2724 1266 2986 1321 felicitate
3018 1266 3276 1336 jungens,
3317 1285 3538 1323 suorum
3588 1271 3687 1323 ho-

2100 1356 2375 1423 stinntque
2435 1372 2633 1411 cruore
2672 1358 2842 1411 multo
2900 1360 3125 1413 victoris
3162 1377 3357 1413 nomen
3422 1379 3485 1416 ac
3517 1368 3683 1417 decus

2080 1447 2345 1500 .emissct.
2381 1447 2495 1501 luto
2522 1447 2576 1502 id
2618 1451 2728 1513 aio,
2764 1452 2808 1503 si
2850 1464 3237 1518 comparentur
3269 1458 3370 1506 ista
3435 1456 3571 1508 inter
3601 1473 3681 1520 se,

2103 1542 2541 1606 prmstautiorem
2596 1544 2766 1594 videri
2804 1545 3161 1611 sapientiam,
3209 1545 3364 1599 ducis
3401 1547 3687 1599 incruente

2100 1645 2165 1684 ac
2199 1644 2333 1697 tuto,
2376 1632 2606 1701 sineque
2640 1635 2757 1687 alea
2795 1635 3086 1699 vincentis,
3119 1653 3281 1704 quant
3326 1642 3688 1690 tumnltnusos

2102 1726 2334 1781 alterius
2393 1738 2620 1782 conatus
2660 1745 2757 1798 per
2809 1732 3007 1793 caedes,
3044 1731 3293 1795 vulnera,
3333 1733 3688 1802 periculaque

389 1824 577 1886 εὐθύς.
604 1824 782 1877 Ὅπου
819 1825 919 1895 μὲν
947 1826 1045 1878 καὶ
1076 1827 1435 1897 στρατηγικῷ
1468 1833 1828 1900 μηχανήματι
1864 1848 1994 1898 συγ-

2102 1820 2179 1874 rei
2231 1836 2455 1874 summa:
2512 1821 2752 1891 denitu
2806 1824 2859 1875 in
2896 1822 3143 1878 victoriae
3205 1828 3371 1879 decus
3405 1827 3686 1882 enitentis.

389 1916 780 1989 χρησάμενος,
827 1919 964 1971 ὅπου
1012 1917 1069 1971 δὲ
1117 1919 1213 1972 καὶ
1260 1918 1351 1972 διὰ
1399 1920 1603 1989 χειρῶν
1651 1924 1994 1991 μαχόμενος,

392 2008 567 2063 πολλὰ
594 2009 856 2072 πολλάκις
885 2009 946 2074 ἐξ
974 2010 1407 2078 ἀπροσδοκήτων
1434 2011 1708 2084 ἐστήσατο
1734 2013 1995 2082 τρόπαια.

390 2092 503 2154 Ἠν
551 2100 653 2168 μὲν
698 2100 810 2170 γάρ
859 2100 1008 2170 ήπερ
1057 2099 1218 2163 ἄλλος
1269 2118 1357 2165 τις
1405 2101 1502 2155 καὶ
1550 2100 1927 2170 φιλοκίνδυνος
1971 2107 1999 2158 ὁ

390 2195 555 2264 ἀνήρ.
607 2194 715 2246 Καὶ
764 2195 1015 2264 συνεχεῖς
1056 2188 1126 2263 ἦν
1167 2194 1305 2265 όρᾷν
1350 2194 1503 2265 αὐτῷ
1547 2197 1672 2258 τοὺς
1717 2196 1997 2261 κινδύνους

395 2284 807 2356 ἐγειρομένους,
839 2284 974 2340 ἀλλά
1005 2285 1143 2338 ποτὲ
1174 2287 1275 2356 μὲν
1300 2290 1484 2357 γυμνῇ
1514 2289 1578 2357 τῇ
1612 2288 1827 2359 κεφαλῇ
1861 2290 1996 2359 πρὸς

393 2378 620 2441 τούτους
672 2377 1097 2447 παραπεδύετο,
1148 2380 1245 2430 καὶ
1295 2379 1465 2448 ὁμόσε
1519 2382 1633 2441 τοῖς
1687 2380 1996 2450 Βαρϐάροις

397 2470 631 2542 ἐχώρει,
679 2470 811 2522 ποτὲ
856 2468 911 2521 δὲ
960 2470 1055 2521 καὶ
1102 2468 1510 2539 ἐσχηματίζετο
1557 2469 1996 2524 ὑποκατακλίνει

395 2563 541 2628 σθαι,
575 2562 669 2617 καὶ
697 2563 788 2616 τὸν
816 2560 1163 2633 ὀρρωδοῦντα
1196 2562 1526 2631 ὑπεκρίνετο
1554 2561 1630 2626 ὡς
1663 2563 1857 2633 καιρὸς
1889 2563 1996 2617 ἐδί-

388 2657 484 2709 δου
516 2656 611 2709 καὶ
637 2655 705 2709 τὰ
736 2657 1038 2726 πράγματα
1070 2656 1404 2726 ὑπηγόρευε.
1438 2655 1549 2708 Καὶ
1578 2657 1667 2709 ἵνα
1696 2656 1994 2710 συνελοῦσα

390 2751 453 2804 τὸ
497 2751 603 2803 πᾶν
651 2751 865 2819 εἴποιμι
898 2790 912 2814 ,
955 2749 1051 2802 καὶ
1098 2748 1315 2816 φεύγων
1332 2749 1604 2825 κὲκράτει,
1652 2750 1745 2803 καὶ
1782 2747 1994 2801 διώκων

394 2842 572 2905 ἐνίκα,
609 2843 702 2895 καὶ
738 2844 923 2895 ἵστατο
960 2840 1348 2906 καταπίπτων,
1384 2842 1477 2893 καὶ
1512 2840 1872 2894 καταὸάλλων
1905 2841 1996 2911 ὅρ-

394 2935 512 2998 θιος
551 2930 640 3003 ἦν,
683 2934 825 2987 κατά
866 2935 965 3002 τὴν
1001 2934 1112 2985 τῶν
1148 2933 1418 3002 τριϐόλων
1461 2932 1632 2987 θέσιν.
1670 2933 1779 2986 Καὶ
1820 2931 1995 2986 ταῦτα

396 3028 506 3097 γὰρ
545 3031 695 3091 ὅπως
737 3029 804 3082 ἂν
842 3027 1057 3098 ρίψειας
1098 3025 1238 3098 ὀρθά
1273 3043 1356 3079 σοι
1394 3026 1704 3098 ἑστήξεται.
1744 3027 1914 3080 Πάλιν
1948 3026 1992 3079 δ’

396 3120 630 3175 ἐνταῦθα
662 3120 940 3191 γενομένη
972 3119 1357 3192 παραιτοῦμαι
1393 3122 1494 3190 τὴν
1525 3121 1767 3190 μέμψιν,
1801 3122 1994 3192 ὅτιπερ
2020 3156 2064 3216 c

392 3210 800 3279 ταυτολογοῦσα
839 3210 1356 3282 καταλαμϐάνομαι.
1391 3211 1550 3264 Ἀλλά
1590 3212 1850 3275 πολλάκις
1888 3213 1992 3265 ἀπ-

395 3306 749 3377 ελογησάμην
773 3305 855 3357 ὅτι
882 3304 979 3374 οὐχ
1008 3306 1040 3375 ή
1066 3304 1159 3357 τοῦ
1191 3304 1399 3375 πατρὸς
1429 3302 1614 3358 εὔνοια
1638 3306 1765 3368 τοὺς
1796 3304 1994 3373 λόγους

392 3400 585 3452 τούτου
618 3399 942 3469 παρέχεται,
978 3397 1093 3451 ἀλλ’
1116 3399 1150 3467 ή
1181 3398 1291 3450 τῶν
1325 3398 1673 3467 πραγμάτων
1707 3398 1889 3467 φύσις.
1927 3396 1993 3450 Τί

392 3491 504 3563 γὰρ
547 3490 750 3543 κωλύει
788 3490 921 3559 πρὸς
962 3489 1063 3558 τῆς
1101 3488 1361 3558 ἀληθείας
1404 3488 1576 3556 αὐτῆς
1620 3490 1714 3540 καὶ
1758 3488 1993 3555 φιλοπά-

393 3600 529 3654 τορα
559 3578 700 3635 εἶναι
730 3583 874 3635 κατὰ
901 3581 1100 3634 ταύτόν
1122 3598 1244 3634 τινα
1271 3580 1364 3633 καὶ
1391 3579 1687 3649 φιλαλήθη.
1722 3578 1863 3647 Ἐγὼ
1895 3580 1994 3649 μὲν

394 3674 505 3743 γάρ
534 3675 581 3726 τ’
611 3673 786 3744 ἀληθῆ
822 3674 1161 3745 προειλόμην
1195 3671 1535 3743 ξυγγράφειν
1558 3711 1572 3737 ,
1606 3674 1701 3724 καὶ
1733 3674 1862 3740 περὶ
1900 3673 1995 3723 ἀν-

393 3768 519 3839 δρὸς
555 3768 787 3836 ἀγαθοῦ,
822 3770 870 3820 εἰ
905 3768 963 3820 δὲ
993 3767 1035 3798 ’³
1074 3766 1426 3838 ξυμϐέϐηκεν
1463 3766 1606 3819 εἶναι
1644 3768 1740 3820 καὶ
1775 3767 1993 3837 πατέρα

394 3862 490 3913 τοῦ
522 3861 882 3931 ξυγγραφέως
906 3861 970 3923 υ,
1000 3861 1060 3912 τὸ
1100 3859 1200 3930 μὲν
1231 3857 1327 3911 τοῦ
1365 3858 1575 3930 πατρὸς
1614 3857 1791 3928 δνομα
1823 3874 1995 3927 προσ-

396 3956 640 4026 ερῤίφθω
680 3953 916 4007 ἐνταῦθα
960 3956 1055 4005 καὶ
1096 3954 1301 4005 κείσθω
1343 3952 1411 4005 ἐκ
1441 3952 1538 4005 τοῦ
1584 3952 1989 4022 παρέλκοντος,

395 4050 462 4115 τῇ
493 4048 546 4098 δὲ
576 4047 737 4114 φύσει
766 4047 863 4116 τῆς
898 4046 1159 4116 ἀληθείας
1188 4045 1503 4098 ἀνακείσθω
1531 4045 1591 4097 τὸ
1623 4039 1991 4116 σύγγραμμα.

407 4140 497 4192 Ἐν
531 4138 711 4201 ἄλλοις
757 4137 854 4207 μὲν
890 4138 998 4207 γάρ
1032 4138 1131 4204 τὴν
1166 4137 1303 4207 πρὸς
1338 4138 1429 4188 τὸν
1465 4136 1682 4205 πατέρα
1723 4134 1996 4200 ἐνεδειξά-

398 4252 506 4305 μην
536 4232 772 4299 εὔνοιαν,
802 4232 901 4285 καὶ
928 4231 1016 4284 διὰ
1043 4229 1203 4284 τοῦτο
1233 4229 1329 4283 καὶ
1357 4229 1644 4300 δυσμενῶν
1674 4229 1794 4281 κατ’
1819 4232 1993 4298 ἐμαυ-

392 4331 494 4395 τζς
523 4329 769 4398 ήκόνησα
800 4326 1003 4397 δόρατα
1033 4324 1130 4380 καὶ
1163 4324 1290 4394 ξίφη
1326 4322 1637 4394 παρὲοηξα.
1673 4322 1778 4374 Καὶ
1810 4324 1993 4375 ἴσασιν

394 4422 584 4473 ὁπόσοι
623 4424 693 4473 τα
733 4418 857 4472 καθ’
884 4420 1033 4489 ἡμᾶς
1076 4418 1177 4471 οὐκ
1219 4416 1493 4487 ἠγνόησαν
1540 4414 1869 4486 πράγματα.
1910 4417 1985 4467 Οὐ

2100 1911 2367 1965 Nimirum
2419 1922 2477 1966 ut
2523 1911 2791 1969 Humerus
2846 1916 2973 1969 ait:
3011 1917 3214 1985 Auriga
3250 1920 3458 1988 auriga:
3514 1920 3685 1973 solum

2101 2007 2355 2075 prwcellit
2383 2009 2443 2059 ob
2470 2014 2665 2060 artem.
2716 2005 3013 2063 Enimvero
3043 2009 3403 2079 periclitando
3426 2026 3689 2081 superare

2101 2116 2265 2170 quant
2328 2101 2625 2169 expetibile
2679 2116 2791 2155 non
2854 2101 2946 2165 sit,
2979 2101 3031 2155 iu
3082 2118 3177 2157 ore
3220 2103 3361 2173 vulgi
3415 2121 3683 2176 qnnqneu

2101 2191 2305 2245 Cadmo
2354 2194 2513 2246 ducta
2594 2193 2856 2261 parcentia
2919 2195 3121 2264 posuit.
3181 2196 3369 2266 Itaque
3414 2214 3535 2251 meo
3563 2198 3690 2267 jutc

2102 2285 2233 2338 mihi
2265 2284 2454 2338 videor
2482 2285 2539 2337 in
2565 2300 2630 2340 eo
2655 2286 2899 2355 positura
2935 2303 3206 2341 surmnum
3261 2291 3471 2357 apirem
3507 2292 3686 2346 laudis

2101 2378 2493 2447 imperatoriae,
2551 2380 2596 2432 si
2659 2381 2780 2447 quis
2833 2392 3123 2452 utramque
3187 2387 3570 2442 reminiscent
3625 2388 3681 2440 in

2103 2484 2368 2538 tempore,
2402 2480 2458 2524 et
2507 2487 2628 2523 cum
2667 2488 2843 2541 pugna
2876 2476 3170 2529 (ommissa
3195 2488 3416 2532 strenue
3458 2496 3681 2534 manum

2101 2575 2394 2629 conserat;
2438 2576 2551 2617 tum
2596 2566 2735 2617 idem
2767 2566 2931 2619 simul
2985 2568 3149 2621 etiam
3211 2571 3425 2640 ingenio
3469 2575 3686 2642 vigente

2101 2666 2341 2712 astutum
2405 2659 2609 2728 aliquid
2656 2662 2931 2729 eXCOgitet
2977 2676 3085 2730 quo
3132 2661 3273 2718 forte
3323 2669 3685 2734 prevaleutcs

2099 2749 2293 2817 opibus
2352 2758 2408 2804 et
2459 2765 2689 2805 numero
2741 2752 3185 2809 adversariorum
3243 2772 3354 2818 res,
3392 2760 3687 2825 querninns

2102 2853 2281 2897 tamen
2319 2842 2647 2898 inﬁrmiores
2682 2854 2898 2900 nostras
2936 2848 3212 2913 obterant,
3258 2852 3493 2905 consitio
3518 2861 3687 2921 atque

2099 2946 2220 2991 arte
2252 2939 2641 3006 reprimantur.
2686 2937 2815 2992 Esto
2852 2940 2996 2993 enim
3032 2942 3122 2995 ubi
3152 2941 3370 2996 libratis
3404 2945 3683 3014 utrimque

2097 3028 2214 3100 pari
2241 3042 2472 3083 numero
2503 3039 2666 3098 atque
2691 3042 2953 3099 apparatu
2990 3037 3439 3088 contendentium
3481 3036 3685 3090 viribus

2098 3122 2362 3178 illiberale
2418 3123 2657 3192 cuipiam
2713 3126 2851 3178 torte
2901 3125 3150 3179 videatur
3188 3126 3346 3182 furtis
3374 3138 3428 3184 ct
3475 3130 3688 3183 iusirlzis

2100 3218 2167 3271 ad
2199 3216 2416 3271 virtutis
2451 3217 2735 3287 praemium
2793 3221 3069 3288 grassari;
3102 3220 3328 3275 forturue
3388 3233 3537 3278 certe
3573 3228 3680 3278 ini-

2100 3306 2362 3378 quitatem
2422 3310 2707 3376 pauciores
2760 3310 3089 3379 objectantis
3151 3311 3397 3380 pluribus
3430 3316 3682 3371 subsidio

2101 3401 2397 3456 emendare
2430 3402 2754 3471 prudentia,
2790 3405 2912 3471 quis
2942 3405 3225 3459 invideat?
3251 3407 3374 3474 quis
3401 3424 3503 3461 non
3538 3424 3685 3472 prte-

2101 3492 2392 3546 tlicalttluln
2440 3494 2633 3562 putet?
2667 3494 2818 3558 Quod
2851 3498 2893 3549 si
2935 3496 3058 3562 quis
3110 3499 3461 3551 historiarum
3490 3516 3686 3554 exem-

2099 3584 2187 3656 pla
2233 3585 2475 3656 colligat,
2513 3587 2595 3641 sic
2645 3589 2881 3654 reperiet
2915 3604 2928 3641 ι
2963 3603 3133 3640 unum
3165 3590 3381 3642 ambitae
3433 3593 3683 3644 omnibus

2100 3676 2343 3730 victoria:
2398 3680 2564 3731 decus
2595 3691 2658 3731 ac
2691 3677 2727 3728 lt
2749 3687 2957 3741 urtum,
2992 3696 3097 3732 non
3131 3696 3232 3732 una
3288 3682 3397 3749 peti
3446 3682 3552 3746 via,
3583 3697 3685 3738 nec

2100 3771 2310 3823 ratione
2331 3770 2563 3824 obtineri
2593 3771 2783 3824 eadem
2809 3785 3043 3839 semper.
3078 3770 3313 3825 Exstant
3337 3788 3682 3829 nmnnmeuta

2097 3860 2298 3931 quibus
2362 3862 2513 3915 mulli
2584 3872 2958 3916 memorantur
3004 3876 3246 3917 veterum
3299 3865 3516 3918 militari
3552 3866 3681 3919 olim

2099 3952 2258 4006 laude
2290 3953 2745 4023 successibusque
2774 3954 2978 4008 bellicis
3010 3957 3429 4023 percelebrium.
3468 3955 3673 4015 llornnt

2100 4058 2247 4099 artes
2279 4049 2354 4099 rei
2391 4047 2636 4115 ejusdem
2684 4049 3036 4116 assequemur:
3082 4051 3472 4107 diversissima:
3504 4054 3680 4123 pluri-

2100 4153 2312 4205 maeque
2344 4138 2676 4204 releruntur,
2706 4140 2833 4194 dum
2858 4138 2948 4194 alii
2978 4141 3027 4195 vi
3052 4153 3261 4211 aperta,
3294 4155 3683 4215 stratagemate

2098 4229 2191 4283 alii
2217 4230 2516 4285 debellant.
2545 4228 2708 4286 Pater
2739 4248 2889 4287 meus
2914 4247 3035 4301 quas
3061 4236 3195 4288 varii
3226 4241 3372 4290 varia
3406 4246 3683 4294 tentarnrt

2099 4338 2242 4376 unus
2292 4323 2412 4377 fere
2471 4327 2651 4377 omnia
2707 4336 2965 4393 expertus
3008 4336 3112 4382 est.
3176 4327 3303 4382 Fuit
3360 4345 3479 4382 cum
3520 4346 3683 4395 aquo

2096 4413 2271 4470 Marte
2302 4416 2513 4471 r-nllatis
2553 4414 2757 4471 viribus
2784 4418 3350 4487 superiorexsisteret
3384 4423 3582 4488 impetu
3617 4437 3682 4476 ac

402 4514 509 4583 μὴν
548 4515 606 4566 ὲν
639 4513 717 4584 τῷ
754 4514 855 4581 τῆς
898 4511 1143 4583 ἱστορίας
1186 4512 1431 4581 χρήματι
1470 4508 1877 4579 καταπροδοίην
1922 4508 1987 4560 ἂν

2098 4508 2187 4563 vi:
2219 4505 2320 4562 fuit
2351 4508 2478 4561 item
2526 4524 2651 4562 cum
2691 4509 2971 4577 ingenium
3001 4510 3069 4564 ad
3122 4513 3288 4565 robur
3322 4513 3679 4582 arljungeret;

396 4606 493 4677 τὴν
526 4604 807 4677 ἀλήθειαν.
836 4605 1033 4669 Ἄλλος
1075 4603 1177 4673 μὲν
1212 4602 1320 4672 γὰρ
1360 4603 1550 4672 καιρός
1595 4602 1743 4653 ἐστιν
1778 4600 1993 4662 εὐνοίας

396 4701 672 4769 πατρικῆς
704 4699 827 4752 καθ’
850 4699 908 4750 ὃν
937 4700 1096 4768 ἡμεῖς
1125 4694 1528 4766 ήνδρισάμεθα,
1559 4693 1749 4764 ἕτερος
1779 4692 1834 4745 δὲ
1869 4708 1992 4745 και-

400 4794 490 4863 ρὸς
523 4793 783 4859 ἀληθείας
820 4793 877 4843 ὄν
909 4808 1031 4843 τινα
1073 4786 1561 4858 παραπεπτωκότα
1599 4787 1698 4839 οὔκ
1735 4785 1801 4838 ἂν
1839 4786 1992 4855 παρὰ

397 4884 601 4952 φαῦλον
630 4884 801 4952 θείην.
835 4882 1099 4951 Εἱδ’ὂπερ
1127 4878 1281 4935 εἷπον
1308 4881 1404 4933 καὶ
1440 4880 1812 4948 ᾳιλοπάτορας
1845 4881 1991 4947 ἡμᾶς

398 4978 883 5030 συναποδείκνυσιν
926 4979 954 5028 ὁ
1001 4976 1193 5046 καιρὸς
1243 4968 1429 5036 οὗτος,
1476 4974 1536 5026 οὑ
1587 4972 1738 5041 παρά
1779 4971 1874 5023 τοῦ
1920 4974 1987 5022 τα

397 5071 491 5139 τῆς
524 5070 782 5139 ἀληθείας
817 5068 1160 5139 imitaretur
1193 5068 1254 5121 τὸ
1285 5066 1393 5120 τῶν
1427 5064 1736 5136 ἀνθρώπων
1772 5062 1984 5133 μεμΨί’

400 5182 610 5234 μωρόν.

2093 4594 2468 4667 ﬂagranthue
2526 4598 2711 4667 pra-lio
2742 4614 2805 4652 ac
2836 4603 3107 4667 pendente
3156 4602 3399 4658 victoriae
3438 4604 3677 4668 tortnna,

2096 4702 2322 4760 repente
2367 4702 2605 4746 astutum
2673 4696 3016 4763 excogitaret
3065 4712 3172 4765 quo
3226 4698 3372 4751 velut
3404 4711 3680 4752 momento

2094 4787 2415 4854 degravaret
2441 4794 2713 4854 aequatam
2767 4788 3029 4841 hactenus
3059 4788 3266 4844 lancem
3296 4801 3348 4846 et
3376 4791 3676 4860 periculum

2093 4880 2147 4931 in
2185 4893 2505 4932 successum
2541 4886 2799 4934 verteret.
2832 4878 3018 4949 Itaque
3051 4890 3381 4949 tropaeorum
3410 4881 3525 4949 ejus
3550 4898 3679 4952 para

2099 4976 2206 5021 tem
2240 4970 2524 5034 prudentia
2570 4979 2627 5022 et
2659 4970 2947 5023 consilium
2997 4974 3195 5036 erexit,
3230 4985 3440 5041 partem
3485 4990 3679 5029 manus

2095 5071 2149 5113 ct
2179 5064 2458 5115 contentio
2511 5062 2871 5131 militarisque
2906 5076 3139 5117 conatus
3175 5070 3365 5119 statuit
3398 5086 3409 5120 :
3445 5084 3675 5137 quarum

2097 5156 2400 5223 Spet'lel‘tltll
2434 5172 2555 5208 cum
2609 5156 2777 5209 altera
2818 5173 2938 5225 qua:
2981 5158 3178 5212 idoneo
3204 5162 3471 5215 instructu
3508 5178 3674 5229 appa-

400 5268 631 5324 ratuque
662 5256 981 5326 μι-ωηιιιυίιιι
1017 5255 1214 5308 virium
1261 5255 1685 5322 animorumque
1731 5249 2117 5318 exsuperanlia
2160 5248 2439 5316 prrexalet,
2473 5246 2689 5302 laudem
2727 5264 2996 5303 summam
3030 5250 3271 5317 habeat;
3304 5253 3472 5306 altera
3510 5258 3673 5305 etiam

398 5350 697 5419 inOpinatts
727 5348 1180 5402 conversionibus
1208 5347 1627 5400 admirationem
1657 5347 1709 5399 in
1743 5360 1802 5398 se
1834 5343 2111 5397 hominum
2159 5344 2355 5395 merito
2398 5340 2688 5394 convertit.
2721 5340 2917 5396 Verum
2951 5344 3061 5397 utri
3094 5345 3269 5412 palma
3303 5347 3458 5398 detur
3484 5361 3674 5415 parum

398 5450 472 5503 ad
507 5450 677 5519 putris
709 5451 808 5501 mei
850 5449 1045 5499 tamam
1075 5444 1302 5497 interest
1363 5457 1584 5512 genere,
1629 5445 1704 5497 uti
1739 5442 1872 5506 dixi,
1906 5440 2107 5510 pariter
2135 5442 2189 5495 in
2221 5449 2454 5507 utroque
2504 5439 2889 5506 praecellentis.
2940 5441 3078 5507 Quis
3114 5442 3206 5496 illo
3234 5445 3373 5495 alius
3407 5443 3675 5511 periculu-

399 5562 519 5601 rum
556 5541 934 5613 appetentior?
975 5539 1148 5605 QUnm
1181 5538 1249 5590 ile
1290 5546 1474 5589 autem
1510 5536 1767 5605 periculis
1800 5550 2027 5590 vacuam
2060 5536 2184 5588 vit:c
2223 5545 2432 5601 partem
2482 5532 2693 5600 habuit,
2726 5535 2818 5603 qui
2858 5545 3019 5589 natus
3056 5550 3121 5589 eo
3146 5534 3259 5589 fato
3285 5537 3579 5597 videretur,
3614 5549 3673 5588 ut

400 5642 604 5693 incum
645 5635 793 5689 nullo
825 5649 931 5686 non
988 5632 1127 5691 loco,
1164 5629 1310 5681 nullo
1338 5643 1444 5679 non
1476 5639 1742 5697 tempore,
1776 5627 2077 5697 ingentium
2132 5626 2369 5693 undique
2400 5625 2663 5679 malorum
2703 5638 2878 5683 metus
2918 5641 2981 5682 ac
3015 5628 3258 5684 minaces
3299 5628 3442 5684 velut
3472 5626 3671 5684 ﬂuctus

1450 5745 1595 5805 Car.
1648 5742 1977 5804 Dul'resnii
2030 5743 2126 5803 Du
2161 5742 2383 5821 Cangii
2417 5750 2603 5806 notte.

475 5858 583 5912 “si
611 5858 665 5912 δὲ
698 5857 789 5912 τὸν
812 5853 995 5908 αὐτόν.
1078 5854 1121 5884 ⁸⁵
1151 5850 1513 5919 ξυγγράφειν.
