4086 6402
467 296 601 360 “:27
1778 293 2008 355 ANNJE
2036 280 2424 352 COMNENA!
3598 287 3739 352 1.28

463 414 854 488 insurgerent?
903 412 1010 471 Per
1035 414 1137 471 bas
1166 414 1259 471 ille
1297 411 1563 485 procellas
1591 409 1857 481 dignitate
1903 420 2123 477 semper
2164 403 2424 462 incolumi
2460 401 2614 460 varie
2656 402 2963 476 defungcns
3003 402 3245 460 transiit.
3270 400 3549 457 interdum
3580 401 3732 455 vide-

461 511 595 566 licet
613 510 759 565 nudo
789 510 988 578 capite,
1021 509 1166 580 quod
1202 509 1375 571 aiunt,
1412 502 1694 577 explicatis
1735 503 1961 559 aciebus
2015 508 2209 555 contra
2241 498 2514 555 Barbaros
2545 512 2815 554 summam
2863 512 3049 553 rerum
3071 497 3204 553 alea:
3235 497 3408 569 praelii
3436 495 3738 551 commisit.

462 601 616 659 Alias
640 601 1070 658 declinabundus
1099 599 1390 657 allectabat
1428 606 1552 654 arte
1576 596 1853 667 specimen
1888 592 2135 648 timentis
2169 592 2509 660 vitantisque
2535 604 2914 660 congressum,
2946 591 3107 660 quasi
3146 591 3267 647 suis
3295 604 3493 660 parum
3529 588 3742 643 viribus

467 694 679 751 ilderet.
717 695 886 768 468
914 695 1005 751 Sic
1036 694 1183 749 enim
1213 708 1393 749 rerum
1421 702 1476 746 et
1511 701 1818 760 temporum
1852 685 2096 740 conditio
2128 685 2413 755 poscebat,
2451 693 2515 738 ut
2539 696 2608 738 ex
2638 681 2991 738 simulatione
3048 693 3226 741 metus
3261 680 3455 736 salutis
3508 679 3737 750 publica:

465 789 761 860 gloriaeque
792 789 1015 856 majoris
1042 788 1261 844 occasio
1288 796 1639 850 nasceretur;
1676 798 1798 853 qua:
1828 794 1955 851 spes
1981 779 2159 848 ipsum
2193 792 2321 833 raro
2351 776 2626 833 destituit.
2659 775 2735 833 Ut
2758 776 2905 831 enim
2936 775 3108 831 multa
3136 776 3322 845 paucis
3349 774 3589 830 breviter
3614 773 3734 827 col-

465 883 654 952 ligam,
693 891 747 938 et
776 881 989 949 lngiens
1014 880 1102 934 ille
1134 880 1436 950 superavit,
1478 887 1536 932 et
1568 886 1911 947 persequens
1941 869 2074 924 vicit
2096 908 2114 935 ,
2145 878 2201 924 et
2250 868 2541 939 prolabens
2565 869 2851 939 perstitit,
2884 875 2941 923 et
2969 866 3232 937 dejiciens
3258 878 3474 924 erectus
3499 870 3730 935 mansit;

470 978 631 1045 plane
657 987 715 1032 ut
746 978 981 1031 murices
1019 974 1345 1042 tricuspides
1394 972 1485 1026 tali
1532 979 1691 1040 aptos
1739 968 1938 1038 ﬁgura,
1972 976 2033 1021 ut
2082 963 2387 1034 quamlibet
2437 978 2535 1019 eos
2564 964 2620 1018 in
2649 962 2847 1019 faciem
2877 963 3139 1032 projicias
3163 976 3380 1030 semper
3410 961 3538 1016 recti
3565 970 3735 1017 stent.

469 1070 702 1124 Rursum
737 1069 825 1122 hic
858 1079 1053 1119 vereor
1078 1079 1241 1133 quam
1285 1062 1577 1131 deprecata
1608 1074 1753 1128 stupe
1793 1073 1917 1112 sum
1965 1055 2186 1110 lectoris
2216 1052 2576 1110 offensionem
2602 1054 2921 1111 domesticae
2948 1071 3035 1109 me
3063 1055 3346 1124 indulgere
3385 1056 3572 1124 εισι-ίαν
3603 1067 3743 1120 que-

467 1163 627 1217 sturi.
654 1160 744 1220 At,
780 1167 837 1213 ut
867 1173 1009 1225 saepe
1045 1158 1182 1219 dixi,
1221 1171 1329 1211 non
1370 1155 1503 1209 mihi
1541 1156 1715 1223 patris
1741 1165 1897 1204 amor
1921 1150 2100 1218 potius
2128 1161 2293 1218 quam
2320 1163 2499 1200 rerum
2527 1147 2660 1203 ﬁdes
2696 1150 2939 1219 ipsarum
2982 1158 3284 1216 naturaque
3311 1147 3598 1216 proposita:
3624 1164 3750 1199 ina-

466 1255 619 1309 terize
674 1253 811 1306 banc
868 1251 1172 1305 orationem
1226 1250 1486 1318 suggerit.
1549 1249 1680 1313 Quae
1719 1261 1884 1314 porro
1915 1243 2122 1298 invidia
2172 1251 2279 1304 est,
2316 1242 2405 1296 ubi
2459 1258 2556 1309 per
2584 1244 2870 1298 veritatem
2903 1245 3086 1310 liceat,
3119 1258 3226 1297 uno
3252 1257 3336 1297 me
3381 1242 3524 1296 fauo
3549 1243 3743 1297 eodem

468 1349 659 1418 duplex
688 1347 921 1400 ollicium
950 1345 1255 1407 exsolvere,
1300 1358 1362 1395 ac
1405 1342 1578 1410 patris
1627 1339 1788 1396 simul
1827 1347 2128 1401 amantem,
2163 1335 2324 1390 simul
2367 1335 2481 1389 veri
2539 1336 2839 1392 studiosam
2888 1351 3010 1391 esse
3049 1352 3113 1391 ac
3146 1335 3353 1390 videri?
3388 1335 3608 1402 Optimo
3639 1350 3744 1401 ego

469 1445 654 1497 animo
688 1456 874 1495 veram
915 1440 1197 1495 liiStoriam
1258 1450 1586 1506 componere
1631 1451 1748 1489 sum
1786 1447 2066 1504 aggressa.
2114 1432 2299 1503 Delegi
2353 1433 2421 1486 ad
2477 1433 2527 1486 id
2563 1435 2731 1486 vitam
2766 1447 2961 1500 resque
2991 1443 3173 1501 gestas
3201 1432 3303 1486 viri
3360 1432 3508 1486 boni.
3541 1429 3597 1484 Si
3628 1450 3740 1501 quo

467 1552 596 1589 casu
624 1535 916 1602 contigerit
951 1544 1008 1586 ut
1040 1534 1182 1587 idem
1223 1532 1312 1600 qui
1348 1528 1670 1599 scriptionis
1702 1538 2085 1599 argumentum
2115 1538 2202 1584 est
2252 1534 2411 1596 pater‘
2436 1540 2652 1595 quoque
2688 1526 2761 1580 sit
2800 1527 3112 1592 scribentis,
3154 1538 3279 1594 peto
3329 1527 3380 1580 ni
3436 1526 3593 1580 fallor
3615 1527 3743 1596 jure

469 1644 592 1684 meo
633 1639 690 1683 ut
721 1640 958 1697 ponatur
979 1636 1135 1679 extra
1168 1638 1389 1676 causam
1427 1621 1602 1691 patris
1631 1635 1850 1685 nomen,
1889 1636 2026 1676 neve
2067 1631 2278 1676 natura:
2307 1618 2625 1689 conjunctio
2658 1619 2715 1674 in
2741 1619 3008 1673 mendacii
3038 1619 3409 1687 pra'judicium
3440 1626 3531 1672 aut
3557 1618 3743 1672 eleva-

467 1722 667 1775 tionem
703 1720 827 1774 lidci
863 1719 1134 1772 trahatur.
1172 1716 1304 1769 Aliis
1327 1730 1427 1785 ego
1458 1728 1592 1770 sane
1633 1714 1831 1769 otiiciis
1859 1730 1922 1770 ac
1948 1715 2113 1770 rebus
2154 1712 2374 1784 pietatis
2407 1727 2536 1782 erga
2571 1719 2781 1781 patrem
2822 1711 3068 1766 debitum
3097 1713 3332 1782 explevi,
3374 1715 3511 1768 adeo
3538 1723 3598 1768 ut
3634 1714 3741 1766 ista

471 1814 636 1866 etiam
660 1813 929 1867 eliaritate
956 1810 1302 1863 inimicorum
1337 1808 1388 1860 in
1444 1820 1531 1861 me
1574 1804 1709 1866 iras,
1744 1805 1856 1861 imo
1901 1806 2087 1861 hastas
2122 1814 2177 1861 et
2233 1818 2523 1858 mucrones
2572 1804 2832 1868 acuerim,
2867 1804 3028 1871 cujus
3093 1806 3169 1859 rei
3205 1816 3372 1861 testes
3413 1806 3589 1876 apello
3648 1823 3746 1863 eos

467 1922 658 1963 omnes
684 1908 774 1974 qui
811 1917 1074 1958 resmeas
1104 1917 1210 1957 non
1239 1898 1515 1955 nesciunt.
1544 1897 1602 1951 ln
1640 1898 1745 1953 boc
1767 1897 1992 1967 quidem
2029 1897 2214 1954 labore
2245 1912 2311 1953 ac
2342 1897 2648 1967 scriptione
2675 1897 2840 1967 hujus
2874 1896 3058 1966 operis
3096 1898 3188 1951 uni
3230 1900 3356 1953 mihi
3395 1905 3740 1971 propositum

467 2012 554 2055 est
585 1999 746 2054 litare
774 1998 1015 2052 veritati.
1051 1996 1196 2051 Suus
1241 2008 1433 2064 nempe
1465 1993 1761 2063 unicuique
1792 1991 1969 2048 cilicio
2023 1993 2196 2060 locus,
2229 2008 2329 2048 sua
2357 1994 2490 2048 bora
2523 2001 2630 2049 est.
2668 1991 2797 2047 Fuit
2818 2006 2980 2059 sane,
3016 1992 3118 2048 fuit
3143 1995 3288 2049 aliud
3325 1998 3525 2050 amoris
3557 2000 3607 2051 in
3641 2002 3745 2069 pa-

474 2087 610 2148 trem
642 2092 747 2147 mei
796 2089 1105 2145 declarandi
1136 2099 1379 2156 tempus,
1422 2085 1626 2142 ﬂorens
1671 2086 1927 2140 nimirum
1964 2096 2096 2143 tetas
2134 2096 2341 2149 nostra.
2376 2101 2497 2155 qua:
2529 2086 2619 2141 illo
2667 2099 2929 2157 regnante
2955 2090 3251 2153 maturuit;
3292 2090 3396 2145 alia
3434 2107 3574 2145 nunc
3603 2104 3748 2147 lem-

471 2197 658 2257 pestas
686 2186 926 2239 vertitur
949 2224 966 2250 ,
998 2184 1101 2238 alia
1152 2190 1351 2252 praesto
1379 2191 1463 2236 est
1489 2182 1730 2248 occasio,
1784 2181 1939 2252 cujus
1990 2193 2328 2238 momentum
2376 2181 2545 2238 breve
2578 2198 2642 2238 ac
2696 2183 2966 2239 lubricum
3006 2186 3138 2240 mihi
3167 2185 3391 2241 caluere
3420 2204 3527 2242 non
3565 2191 3748 2258 patiar

468 2279 813 2335 demerenda:
839 2279 892 2332 in
927 2276 1218 2333 scribendo
1264 2276 1513 2332 veritatis
1548 2294 1561 2331 :
1594 2291 1704 2346 qua
1753 2277 1807 2332 in
1844 2293 1902 2333 re
1936 2277 1981 2333 si
2005 2278 2154 2348 quod
2188 2277 2411 2333 virtutis
2436 2278 2775 2349 praeconium
2804 2289 3046 2350 paternae
3075 2296 3257 2337 rerum
3308 2293 3585 2353 gestarum
3616 2302 3752 2340 οισι

470 2384 612 2430 ctam
641 2371 889 2429 referens
919 2372 1239 2427 memoriam
1268 2387 1391 2428 mea
1421 2371 1738 2428 necessario
1769 2371 1996 2428 historia
2035 2373 2220 2440 faciat,
2272 2372 2395 2444 ejus
2424 2388 2526 2441 ego
2558 2375 2786 2443 gratiam
2812 2375 3065 2430 charitati
3103 2375 3469 2445 al-ju'dicatam
3504 2379 3594 2431 uni
3626 2382 3753 2435 vin-

469 2470 591 2525 dico
619 2470 714 2524 uni
747 2469 947 2525 ascribi
981 2469 1104 2524 volo
1140 2470 1380 2523 veritati.
1412 2468 1579 2538 Cujus
1610 2470 1773 2523 etiam
1808 2470 1980 2539 ipsius
2016 2486 2214 2525 numen
2241 2470 2521 2526 conscium
2545 2478 2600 2524 et
2627 2471 2733 2524 vim
2772 2472 3140 2540 perspicacem
3170 2472 3311 2526 ultro
3334 2470 3557 2534 advoco.
3582 2475 3749 2527 mihi-

470 2579 580 2636 que
608 2564 899 2634 propitiam
930 2562 1045 2618 fore
1075 2577 1237 2633 spero
1269 2565 1532 2619 adversus
1580 2563 2014 2620 obtrectationes
2038 2565 2301 2635 querulas
2333 2564 2611 2619 hominum
2651 2578 2814 2634 prave
2841 2579 2906 2619 ac
2936 2564 3172 2634 maligne
3199 2566 3595 2635 suspicaeium;
3628 2568 3748 2636 qni.

466 2660 516 2716 si
546 2668 751 2713 nostra
783 2657 907 2713 ﬁdei
932 2655 1366 2712 controversiam
1403 2657 1729 2727 exceptione
1757 2656 1978 2727 pietatis
2006 2657 2304 2726 moverint,
2336 2654 2642 2711 confectam
2670 2655 2773 2710 sibi
2807 2670 2918 2710 rem
2946 2666 3160 2725 putant,
3192 2667 3248 2711 et
3276 2657 3488 2713 abunde
3515 2673 3751 2728 persua-

467 2766 590 2808 sum
624 2751 879 2807 omnibus
909 2750 1022 2806 ileri
1069 2767 1175 2807 non
1209 2766 1393 2821 posse,
1438 2752 1571 2821 quin
1601 2768 1722 2822 quae
1762 2755 1828 2808 de
1858 2763 2011 2822 patre
2043 2763 2230 2808 narrat
2270 2753 2399 2816 lilia,
2424 2753 2467 2808 si
2496 2767 2559 2808 ea
2602 2750 2848 2822 speciosa
2877 2761 2930 2807 et
2962 2752 3416 2809 commendabilia
3444 2756 3576 2821 sint,
3612 2755 3750 2814 falsa

471 2846 817 2914 conﬁctaque
846 2842 1057 2898 fuerint
1093 2845 1160 2897 ad
1190 2843 1590 2898 obscurandam
1615 2845 2125 2913 obliterandamqne
2152 2846 2463 2902 veritatem.

542 2943 649 2999 Sed
683 2942 749 2996 ad
781 2941 1090 2995 institutam
1124 2939 1494 2993 narrationem
1546 2940 1837 3008 aliquando
1864 2954 2052 2995 recur-

2242 2940 2304 2993 'O
2342 2944 2440 3012 μέν
2471 2959 2551 2994 τοι
2584 2941 2741 3009 λόγος
2777 2942 3123 3012 ἀνατρεχέτω
3155 2939 3314 3006 αὖθις
3348 2945 3481 3014 πρὸς
3514 2947 3574 2999 τὸ
3609 2965 3749 3020 προ)-

469 3047 557 3092 rat
586 3034 763 3089 oratio
785 3047 1012 3088 necesse
1035 3042 1138 3087 est.
1169 3032 1420 3100 Quandiu
1449 3032 1615 3087 ﬁxum
1642 3032 1875 3098 illic,nbi
1898 3048 2050 3086 reum

474 3124 821 3195 reliquimus,
851 3120 1267 3177 tabernaculum
1306 3123 1607 3188 imperator
1634 3120 1845 3185 habuit,
1881 3129 2053 3175 totum

470 3218 645 3272 otium
675 3214 1030 3283 studiumque
1058 3213 1150 3267 uni
1194 3210 1312 3266 fere
1345 3212 1608 3281 impendit
1650 3211 1751 3274 rei,
1782 3210 2053 3266 exercitui

473 3303 780 3376 supplendo
817 3303 1176 3373 augendoque
1227 3300 1384 3356 novis
1418 3301 1638 3356 assidue
1692 3298 1995 3354 delectibus
2038 3316 2051 3352 :

472 3408 586 3453 tum
612 3396 890 3469 praecipue
924 3396 1208 3467 tyronibus
1236 3394 1357 3449 istis
1386 3392 1523 3465 ipsis
1568 3392 1894 3448 exercendis
1924 3407 2057 3446 eru-

472 3490 789 3561 diendis-que
835 3503 934 3559 per
974 3502 1033 3544 se
1087 3502 1272 3542 coram
1305 3487 1371 3542 ad
1412 3501 1604 3542 omnes
1656 3487 1733 3541 rei
1794 3485 2054 3540 militaris

469 3593 712 3650 nsus,nt
767 3583 989 3638 tendere
1047 3594 1260 3643 arcum,
1314 3590 1369 3633 ut
1440 3580 1650 3634 hastam
1712 3587 1963 3649 quatere,
1996 3586 2054 3633 ut

468 3687 669 3744 equum
729 3671 865 3727 scite
921 3670 1247 3725 inscendere
1295 3685 1592 3740 regereque
1642 3678 1954 3740 oporteret,
1996 3677 2057 3723 ut

472 3762 844 3833 manipulatim
875 3762 1024 3817 coire
1054 3761 1109 3815 in
1142 3760 1447 3832 singulares
1471 3760 1661 3830 globos
1706 3760 1902 3828 quibus
1947 3774 2054 3813 una

469 3855 889 3927 signiﬁcatione,
961 3854 1005 3908 si
1038 3862 1185 3908 esset
1233 3867 1392 3921 opus,
1420 3851 1625 3920 junctis
1660 3860 1939 3905 momento
1971 3866 2056 3906 ex-

470 3948 689 4001 sisteret
746 3945 835 3999 illa
873 3945 1045 3998 forma
1082 3942 1443 3997 formidabilis
1472 3944 1793 4012 echgitatae
1839 3943 1907 3997 ab
1935 3943 2057 4012 ipso

472 4039 708 4108 primum
768 4037 1144 4104 institutaeque
1178 4034 1337 4088 aciei.
1377 4035 1458 4088 Ad
1486 4035 1628 4087 hanc
1666 4035 1907 4102 ﬁngebat
1940 4034 2057 4104 ipse

467 4131 695 4200 juvenes
724 4129 1014 4183 sedulitate
1042 4126 1472 4181 laboriosissime
1500 4126 1753 4197 equitans
1780 4127 2053 4182 interdum

476 4241 577 4277 una
611 4238 731 4278 cum
763 4221 914 4290 ipsis,
941 4230 995 4275 et
1021 4220 1283 4276 docendis
1305 4221 1771 4290 admonendisque
1803 4220 2053 4285 rudibus,

2159 3034 2428 3102 κείμενον.
2449 3035 2610 3088 Ἄλλο
2635 3037 2680 3090 δ’
2697 3037 2849 3090 οὐδὲν
2870 3039 2896 3090 ὁ
2921 3037 3278 3109 αὐτοκράτωρ
3302 3039 3463 3112 ἔργον
3492 3037 3636 3112 εἶχεν
3658 3049 3743 3113 ἐφ’

2157 3128 2280 3181 ὅσον
2303 3128 2423 3180 ἐκεῖ
2445 3146 2546 3182 που
2568 3129 2668 3198 τὴν
2690 3129 2920 3184 αὐλαίαν
2942 3131 3219 3201 ἐπήγνυτο
3236 3173 3250 3195 ,
3274 3130 3306 3203 ἢ
3330 3133 3643 3199 νεολέκτους
3667 3139 3748 3208 τῷ

2159 3219 2324 3273 παντὶ
2358 3221 2791 3287 συγκαταλέγειν
2827 3221 3222 3294 στρατεύματι,
3257 3225 3536 3295 ἐπιμελῶς
3564 3245 3623 3280 τε
3657 3233 3748 3283 ἐκ-

2159 3308 2441 3361 παιδεύειν
2457 3310 2611 3374 ὅπως
2627 3310 2734 3383 χρὴ
2751 3309 2905 3376 τόξον
2925 3310 3121 3364 τείνειν
3139 3313 3233 3364 καὶ
3248 3313 3377 3383 δόρυ
3397 3314 3710 3383 κραδαίνειν
3728 3358 3745 3381 .

2159 3399 2326 3454 ἷππον
2352 3419 2410 3454 τε
2442 3401 2692 3456 ἐλαύνειν
2712 3444 2726 3467 ,
2760 3405 2855 3458 καὶ
2886 3404 3124 3474 μερικὰς
3156 3406 3428 3459 ποιεῖσθαι
3463 3407 3748 3475 συντάξεις

2156 3492 2218 3545 τὸ
2249 3494 2436 3547 καινὸν
2461 3494 2638 3549 ἐκεῖνο
2665 3496 2855 3567 σχῆμα
2882 3499 2980 3566 τῆς
3013 3497 3394 3567 παρατάξεως.
3422 3499 3560 3571 ὅπερ
3583 3502 3750 3566 αὐτδς

2162 3584 2387 3656 ἐξεῦρεν
2413 3587 2788 3642 ἀναδιδάσκων
2814 3589 2941 3652 τοὺς
2969 3589 3333 3662 στρατιώτας.
3353 3592 3539 3645 Ἔστιν
3563 3587 3624 3646 οὗ
3651 3596 3749 3648 καὶ

2160 3680 2324 3742 αὐτὸς
2369 3681 2850 3751 συνιππαζόμενος
2887 3682 3133 3749 τούτοις,
3175 3683 3272 3735 καὶ
3316 3685 3608 3754 παραθέων
3647 3688 3750 3752 τὰς

2161 3771 2485 3842 φάλαγγας,
2540 3774 2637 3827 καὶ
2692 3774 2753 3828 τὸ
2801 3774 2920 3828 δέον
2976 3775 3122 3829 ἆπαν
3175 3776 3586 3849 ὑποτιθέμενος.
3638 3781 3748 3834 Τοῦ

2160 3861 2315 3930 ἡλίου
2362 3861 2420 3914 δὲ
2461 3862 2571 3916 τῶν
2618 3863 2885 3933 μειζόνων
2929 3865 3307 3935 ἀφισταμένου
3353 3869 3604 3937 κύκλων,
3653 3874 3751 3925 καὶ

2161 3954 2622 4027 παραμείψαντος
2657 3956 2757 4027 μὲν
2785 3957 2884 4029 τὴν
2916 3957 3330 4033 φθινοπωρικὴν
3352 3960 3393 3995 ⁸³
3428 3963 3748 4035 ἰσημερίαν,

2161 4045 2560 4110 ἐπικόπτοντος
2583 4047 2639 4100 δὲ
2665 4048 2767 4120 ἤδη
2795 4050 2937 4121 πρὸς
2954 4051 3081 4115 τοὺς
3109 4054 3469 4123 νοτιωτέρους
3492 4054 3749 4124 κύκλους,

2163 4139 2284 4192 ἐπεὶ
2341 4139 2527 4194 οὐτοσὶ
2597 4139 2819 4204 εὔθετος
2865 4143 2893 4195 ὁ
2942 4144 3136 4214 καιρὸς
3189 4147 3307 4207 ταῖς
3368 4149 3751 4219 ὲκστρατείαις

2163 4231 2360 4295 ἐδόκει,
2388 4230 2488 4285 σὺν
2518 4232 2669 4296 ὅλαις
2692 4233 2957 4302 δυνάμεσι
2988 4237 3227 4289 κατευθὺ
3265 4237 3488 4292 Ἰκονίου
3520 4240 3749 4312 ἤλαυνε,

473 4331 705 4372 cursans
734 4315 934 4387 passim
962 4315 1106 4369 ultro
1147 4315 1395 4382 citroque
1419 4323 1582 4385 atque
1602 4315 1793 4368 obiens
1827 4315 2055 4384 phalan-

2159 4320 2281 4374 καθ’
2330 4290 2390 4374 δν
2423 4290 2665 4393 ἀρχῆθεν
2696 4290 2961 4393 προέθετο
2992 4326 3274 4397 λογισμὸν,
3314 4290 3411 4382 καὶ

474 4425 591 4479 gas.
617 4408 742 4464 Sole
797 4422 961 4478 porro
986 4406 1098 4475 jam
1128 4422 1156 4459 a
1188 4406 1488 4476 majoribus
1534 4408 1835 4462 absisteute
1871 4408 2053 4462 circu-

476 4502 562 4561 lis,
606 4511 660 4555 ct
694 4500 991 4553 autumnali
1035 4498 1146 4568 jam
1207 4497 1542 4567 aequinoctio
1595 4507 1958 4566 transgresso,
1989 4497 2055 4553 ad

474 4593 741 4646 australes
788 4589 1084 4645 inclinante
1108 4588 1291 4653 orbes,
1336 4590 1527 4644 idonea
1559 4589 1891 4658 expeditioni
1921 4601 2059 4646 tem-

478 4695 659 4754 pestas
711 4683 900 4739 adesse
928 4685 1065 4738 visa.
1120 4680 1289 4755 $69
1339 4681 1479 4754 Ergo
1533 4689 1691 4735 vetus
1751 4696 2057 4750 exsequens

478 4776 813 4846 propositum
843 4790 1033 4829 omnes
1057 4789 1240 4828 secum
1268 4773 1454 4842 copias
1488 4781 1638 4828 recta
1666 4772 1911 4828 Iconium
1936 4788 2057 4830 ver-

480 4879 572 4916 sus
610 4864 768 4931 rapit.
803 4862 1040 4918 Nicaeam
1093 4862 1254 4917 simul
1314 4861 1517 4931 attigit,
1554 4862 1834 4931 expeditos
1861 4863 2061 4919 milites

480 4955 669 5022 peritis
691 4957 1102 5008 connnendatos
1141 4953 1370 5008 ducibus
1404 4966 1729 5022 procurrere
1765 4953 1817 5008 in
1849 4954 2060 5012 Tureos

481 5045 820 5114 praedarique
892 5047 1114 5114 passim,
1151 5055 1205 5098 et
1260 5044 1483 5109 divisos,
1527 5059 1725 5102 manus
1779 5057 2057 5103 ostentare

483 5136 668 5191 multis
700 5135 835 5191 locis
865 5152 973 5191 uno
1005 5151 1251 5206 tempore
1293 5137 1478 5207 plures
1520 5136 1707 5206 jubet;
1737 5139 1864 5193 illud
1894 5142 2055 5194 etiam

484 5245 646 5301 atque
680 5229 844 5283 etiam
877 5231 1326 5286 interminatione
1361 5231 1510 5285 omni
1552 5241 1721 5298 vetat,
1763 5247 1851 5301 ne,
1888 5234 1970 5289 vel
2010 5236 2058 5289 si

481 5323 590 5379 ilco
631 5324 919 5379 manifeste
940 5323 1237 5395 adiuvante
1266 5325 1568 5390 vincerent,
1596 5325 1900 5396 hostesque
1934 5327 2060 5381 ltiti-

2155 4413 2254 4484 τὴν
2287 4415 2525 4468 Νίκαιαν
2572 4415 2898 4471 καταλαϐὼν
2929 4419 3201 4483 εὐζώνους
3233 4421 3576 4493 στρατιώτας
3627 4428 3750 4496 μετ’

2156 4508 2437 4579 ἐμπείρων
2457 4508 2750 4579 ἡγεμόνων
2777 4512 3199 4583 ἀποδιελόμενος
3236 4516 3331 4568 τοῦ
3355 4516 3547 4572 λοιποῦ
3580 4535 3750 4592 στρα-

2157 4598 2429 4668 τεύματος
2461 4604 2543 4663 είς
2591 4602 2877 4674 προνομὴν
2919 4604 3064 4657 κατὰ
3097 4606 3208 4659 τῶν
3242 4607 3506 4678 Τούρκων
3538 4627 3745 4681 προεκ-

2156 4690 2390 4760 δραμεῖν
2422 4693 2646 4756 τούτους
2681 4695 3149 4765 παρεκελεύσατο,
3182 4697 3596 4771 διεσπαρμέναις
3645 4703 3747 4767 τὰς

2158 4779 2432 4853 ἐκδρομὰς
2480 4786 2866 4856 ποιουμένους.
2924 4788 3085 4840 Ἀλλὰ
3140 4790 3277 4860 μηδὲ
3328 4794 3377 4844 εί
3436 4797 3537 4864 τὴν
3583 4796 3745 4866 νίκην

2160 4872 2347 4927 θεόθεν
2392 4874 2613 4929 λάϐοιεν
2662 4878 2758 4932 καὶ
2797 4879 3326 4950 κατατροπώσαιντο
3355 4885 3482 4948 τοὺς
3513 4886 3744 4957 ἐχθροὺς

2158 4968 2217 5030 ἐς
2246 4967 2470 5037 μακρὰν
2498 4969 2789 5022 ἀποτελεῖν
2826 4970 2927 5042 τὴν
2953 4973 3329 5045 καταδρομὴν,
3367 4978 3743 5046 ἀρκουμένους

2158 5059 2213 5111 δὲ
2236 5061 2300 5130 τῇ
2329 5059 2589 5131 δεδομένῃ
2627 5062 2745 5130 μετ’
2788 5062 3042 5130 εὐταξίας
3065 5067 3227 5121 πάλιν
3248 5067 3349 5136 τὴν
3387 5068 3743 5141 ὑποστροφὴν

2160 5151 2460 5222 παρηγγύα
2483 5155 2681 5207 ποιεῖν.
2705 5153 3123 5221 Καταλαϐόντες
3140 5155 3233 5211 οὖν
3253 5159 3367 5231 ἅμα
3388 5161 3465 5231 τῷ
3484 5163 3747 5234 αὐτοκρά-

2159 5260 2279 5311 τορι
2305 5244 2470 5298 τόπον
2495 5246 2618 5299 τινὰ
2642 5246 3012 5318 διακείμενον,
3041 5251 3328 5321 ὲγχωρίως
3350 5254 3553 5307 οὑτωσὶ
3575 5256 3745 5310 Γαίτα

2161 5338 2736 5408 προσαγορευόμενον,
2791 5342 2992 5397 ἐκεῖνοι
3045 5345 3145 5413 μὲν
3192 5346 3357 5411 εὐθὺς
3406 5348 3679 5421 ἀπῄεσαν,
3717 5356 3746 5406 ὁ

480 5417 692 5485 tierent,
727 5418 1105 5473 excursionem
1159 5427 1338 5473 tamen
1393 5419 1575 5475 facere
1626 5423 1890 5477 auderent
1932 5424 2055 5477 lon-

2161 5427 2218 5480 δὲ
2247 5428 2472 5499 ἀπάρας
2506 5431 2718 5486 ἐκεῖθεν
2751 5435 2847 5488 σὺν
2879 5435 3031 5499 ὅλαις
3061 5436 3328 5510 δυνάμεσι
3352 5439 3452 5511 τὴν
3479 5417 3621 5495 κατὰ
3650 5445 3745 5495 τὸν

478 5512 681 5583 gierem
710 5528 724 5566 :
753 5511 850 5567 sed
899 5510 1114 5573 fortuna
1144 5513 1383 5567 contenti
1420 5525 1626 5569 mature
1666 5528 1919 5585 aequam
1950 5532 2044 5572 or-

2161 5520 2394 5576 Πιθικᾶν
2428 5523 2471 5554 ¹⁶
2495 5523 2848 5600 διακειμένην
2877 5529 3287 5601 καταλαμϐάνει
3313 5533 3578 5607 γέφυραν.
3611 5531 3745 5591 Εἶτα

1520 5630 1720 5693 Variae
1769 5631 2077 5701 lectiones
2108 5654 2189 5702 ex
2224 5640 2368 5702 cod.
2397 5640 2669 5705 Coislin.

508 5738 517 5747 .
554 5729 597 5761 ι,
632 5729 1063 5802 φθινοπωρινὴν,
1147 5733 1186 5764 ιε
1221 5732 1488 5805 Πιθηκᾶν.
