4086 6400
427 363 570 430 1131

440 567 637 622 animis
666 567 906 618 omnium
935 574 1270 628 nostrorum,
1310 563 1483 617 solcrs
1529 563 1805 616 inventum
1845 561 2005 627 impe-

439 661 638 715 ratoris
671 658 982 711 mirantium
1011 657 1212 726 pariter
1240 666 1292 709 et
1327 655 1758 724 pradicautium.
1814 652 2010 706 llabita

439 766 567 820 ergo
596 749 890 817 imperator
925 747 1064 800 idem
1099 745 1342 814 diligenti
1400 745 1610 797 ratione
1649 754 1758 794 tum
1798 743 2012 795 numeri

439 857 500 894 ac
530 839 744 911 generis
775 850 995 892 suarum
1037 837 1338 904 cupiarum,
1375 843 1486 888 tum
1541 836 1638 887 via:
1686 847 1807 903 qua?
1852 847 2015 903 porro

439 936 680 1005 pergenti
712 934 816 988 lata
845 935 1233 988 ostendebatur
1260 942 1315 986 et
1340 931 1619 1000 aequabilis
1652 945 1748 1002 per
1789 946 1922 1000 pura
1961 940 2016 983 et

439 1037 624 1096 aperta
671 1025 840 1093 spatia
873 1021 1210 1092 camporum,
1262 1037 1511 1092 magnam
1555 1022 1608 1075 in
1665 1036 1814 1090 spem
1866 1022 2014 1076 venit

440 1114 622 1186 (quam
656 1115 795 1168 Deus
858 1122 912 1164 ut
968 1112 1215 1181 prtesenti
1270 1113 1494 1165 numine
1553 1119 1724 1164 ratam
1780 1108 2010 1174 faceret,

437 1205 687 1272 orabat),
727 1219 997 1273 magnam,
1052 1203 1296 1273 inquam,
1349 1203 1533 1257 animo
1585 1201 1836 1255 ﬁduciam
1884 1219 2011 1255 con-

436 1297 598 1365 cepit,
631 1295 746 1348 fore
779 1305 832 1348 ut
868 1309 999 1348 suus
1025 1293 1296 1346 exercitus
1327 1292 1420 1346 tali
1475 1293 1608 1346 aciei
1657 1291 1825 1345 forma
1879 1307 2010 1345 con-

436 1396 646 1442 stanter
679 1387 840 1440 etiam
889 1386 992 1438 iter
1039 1385 1246 1454 agendo
1293 1391 1528 1446 servata,
1562 1383 1614 1436 in
1668 1387 1851 1436 hostes
1885 1397 2011 1450 prn-

437 1495 688 1544 movens,
726 1477 954 1546 insignis
979 1491 1099 1530 mox
1134 1476 1375 1529 vit-toria:
1405 1489 1629 1544 compos
1677 1475 1850 1528 ﬁeret.
1894 1472 2007 1527 Hoc

438 1571 892 1641 igituriustructu
923 1567 1246 1622 Santabarin
1287 1569 1552 1630 pervenit.
1588 1565 1662 1620 lbi
1698 1564 2014 1635 disjungere

433 1663 628 1731 copias
666 1663 865 1722 visum,
913 1675 1094 1712 rerum
1130 1657 1287 1710 simul
1331 1658 1564 1726 plurium
1616 1672 1778 1710 causa
1829 1672 2022 1725 geren-

437 1757 653 1807 darmn.
704 1751 917 1805 Manum
969 1764 1100 1818 ergo
1153 1764 1314 1801 unam
1373 1749 1642 1818 Catnytzte
1693 1747 2019 1802 ductandam

1739 357 1966 418 ANNE
2006 355 2387 416 ΟΠῘΝΕΧΕ

436 473 548 532 Nec
582 476 758 528 minus
791 471 1012 527 interim
1053 471 1264 526 fiducia?
1293 470 1603 539 laetitiaeque
1634 470 2015 524 innaseebatnr

2125 487 2262 526 uno;
2304 469 2583 540 σατράπου
2617 510 2632 520 .
2671 505 2686 522 .
2735 509 2747 522 .
2789 508 2803 522 .
2848 507 2861 520 .
2916 510 2929 522 .
2980 511 2992 523 .

3562 353 3693 416 1ιῖἶὲ

3035 507 3048 520 .
3088 467 3453 537 κατεχόμενον
3479 483 3494 499 ο
3531 469 3606 538 τῷ
3635 471 3686 523 δέ

2118 581 2181 630 γε
2207 561 2525 631 Στυπειώτῃ
2559 601 2572 615 .
2607 605 2617 613 .
2666 601 2682 616 .
2720 599 2734 612 .
2775 599 2788 614 .
2829 601 2845 616 .
2884 602 2897 614 .
2935 561 3092 631 ἐντῷ
3135 561 3696 633 ἈμορίῳΒαρϐἀρων

2119 655 2376 710 ἀπελθεῖν
2416 693 2430 707 .
2489 696 2502 709 .
2553 691 2568 706 .
2621 695 2634 709 .
2677 695 2691 710 .
2750 693 2764 707 .
2819 694 2832 708 .
2880 692 2895 707 .

2115 750 2210 802 διο
2268 747 2414 811 τινὲς
2465 746 2672 800 Σκύθαι
2739 746 3032 815 αὐτόμολοι
3088 746 3554 816 προσεληλυθότες
3614 746 3694 816 τῷ

2119 841 2335 912 Πουχέα
2381 841 2478 908 τὴν
2531 837 2627 892 τοῦ
2674 838 2943 907 Καμύτζη
2993 837 3284 908 διεμήνυον
3329 838 3540 906 ἔφοδον,
3579 838 3690 908 ἃμα

2119 935 2176 986 δὲ
2207 941 2302 987 καὶ
2341 933 2440 994 τὴν
2487 933 2581 985 τοῦ
2632 932 3032 1001 αὐτοκράτορος
3064 931 3295 984 ἕλευσιν.
3341 931 3400 984 Ὀ
3427 933 3506 998 δὲ,
3542 933 3694 1002 φόϐῳ

2953 696 2965 709 .
3010 655 3227 722 θόμενοι
3259 656 3314 707 δὲ
3363 655 3460 721 τῆς
3497 654 3696 723 βουλῇς

2119 1026 2422 1097 τηνικαῦτα
2475 1025 2654 1094 πολλῷ
2691 1025 2997 1093 συσχεθεὶς,
3030 1026 3156 1093 περὶ
3206 1028 3376 1094 μέσας
3435 1027 3685 1093 φυλακᾶς

2120 1120 2216 1186 τῆς
2251 1117 2444 1179 νυκτὸς
2502 1117 2710 1170 ἐκεῖθεν
2756 1115 2993 1182 ἐξελθὼν
3051 1117 3190 1185 μετὰ
3243 1118 3350 1168 τῶν
3399 1117 3695 1187 ὁμοφύλων

2119 1210 2314 1280 ᾤχετο.
2363 1206 2720 1276 Αὑγαζούσης
2773 1206 2828 1258 δέ
2865 1208 2965 1274 ἠδη
2997 1207 3093 1276 τῆς
3121 1207 3334 1276 ἡμέρας
3368 1207 3692 1259 καταλαϐὼν

2121 1303 2149 1350 ὁ
2202 1296 2525 1366 Καμύτζης,
2581 1296 2674 1348 τὸν
2731 1295 2830 1364 μὲν
2888 1295 3129 1364 Πουχέαν
3184 1297 3282 1365 οὐχ
3335 1290 3516 1365 εὗρεν,
3581 1297 3698 1350 ἀλλ’

2120 1389 2242 1442 οὐδέ
2283 1405 2404 1441 τινα
2443 1391 2503 1440 τὸ
2551 1390 2812 1454 παράπαν
2844 1387 3133 1456 Τούρκων·
3175 1388 3382 1458 πλῆρες
3427 1388 3480 1440 δὲ
3517 1389 3692 1456 λαφύ-

2123 1497 2233 1550 ρων
2287 1479 2349 1532 τὺ
2403 1479 2701 1550 πολίχνιον,
2757 1479 2856 1549 τὴν
2894 1479 3141 1550 Κεὸρέαν
3197 1481 3362 1549 φημὶ,
3419 1480 3696 1550 εὑρηκὼς,

2121 1571 2258 1642 πρὸς
2289 1570 2442 1624 οὐδὲν
2464 1571 2672 1624 τούτων
2700 1572 3022 1634 ἀπένευσεν,
3052 1571 3168 1623 ἀλλ’
3195 1573 3406 1640 ἠνιᾶτο,
3449 1571 3698 1642 καθάπερ

2122 1667 2170 1718 οἱ
2202 1666 2438 1736 θηραταἰ
2481 1664 2579 1733 τὴν
2621 1663 2855 1733 εὐχερῆν
2900 1664 3079 1732 ἄγραν
3117 1662 3550 1727 ἀπολωλεκότες.
3587 1665 3699 1717 Καὶ

2127 1759 2202 1828 μὴ
2264 1757 2658 1828 ἀνασχόμενος.
2692 1756 2856 1818 εὐθὺς
2907 1755 3006 1816 τὰς
3055 1755 3213 1824 ἡνίας
3257 1754 3497 1824 στρέψας
3555 1754 3702 1808 κατὰ

437 1843 628 1906 tradit,
661 1843 746 1895 cui
786 1839 1061 1894 mandavit
1095 1848 1152 1891 ut
1199 1837 1517 1908 Polybotum
1551 1845 1762 1906 peteret
1805 1847 1860 1890 et
1907 1853 2010 1888 non

2125 1849 2215 1902 τοῦ
2247 1848 2553 1902 Πολυεοτοῦ
2586 1848 2776 1902 ἄπεισι
2800 1863 2814 1875 °
2848 1848 2940 1899 mi.
2972 1847 3168 1916 ἀθρίον
3195 1845 3408 1908 τούτοις
3445 1848 3703 1900 ἐπεισπεο

438 1933 598 2002 longe
622 1933 748 1987 inde
777 1931 1020 1985 dissita-.n
1055 1929 1244 1982 urbem
1274 1942 1494 1997 parvam
1519 1937 1573 1980 at
1597 1927 2016 1982 munitissimam

439 2043 468 2079 a
500 2026 665 2080 cedro
692 2025 982 2078 habentem
1017 2036 1242 2085 nomen,
1271 2019 1358 2074 cui
1396 2019 1625 2089 Satrapa
1659 2019 1879 2088 quidam
1915 2017 2022 2072 Pu-

439 2119 604 2171 cltcas
667 2114 968 2184 appellatus
1045 2121 1294 2181 prmerat.
1355 2111 1651 2180 Stypeotze,
1689 2110 1792 2164 alia
1859 2126 2019 2163 manu

440 2208 731 2262 commissa
763 2205 1010 2275 praecipit
1061 2214 1117 2255 ut
1147 2203 1408 2256 adversus
1439 2217 1534 2256 eos
1561 2203 1653 2272 qni
1684 2205 1823 2270 apud
1861 2204 2023 2254 Amo-

442 2304 583 2358 rium
615 2301 905 2356 stationem
940 2299 1140 2352 habere
1185 2297 1510 2351 dicebantur
1553 2295 1824 2350 Barbaros
1859 2298 2022 2348 vade-

443 2405 547 2450 ret.
607 2393 896 2461 COgnitum
947 2401 1002 2445 et
1062 2390 1332 2461 proditum
1390 2391 1493 2444 hoc
1545 2389 1833 2443 consilium
1867 2397 1951 2443 est
1990 2404 2018 2442 a

444 2487 677 2558 Scythis
714 2481 1008 2538 duobus'in
1059 2482 1306 2538 Romano
1357 2491 1466 2536 tttm
1520 2484 1762 2564 exercitu
1807 2497 2022 2536 meren-

431 2581 606 2643 tibus,
637 2579 725 2648 qui
759 2578 824 2631 ad
864 2576 1134 2629 Puclteam
1173 2573 1471 2642 transfugio
1503 2573 1688 2632 delati,
1741 2572 2016 2642 Cantytzre

440 2687 561 2726 mox
597 2671 832 2723 futuram
862 2669 914 2722 in
948 2682 1069 2721 eum
1105 2666 1474 2719 incursionem
1526 2663 1625 2731 ipsi
1675 2664 2017 2727 denuntiant,

436 2761 599 2816 simul
633 2757 1013 2824 subsequentis
1040 2771 1159 2809 cum
1216 2762 1330 2808 toto
1375 2756 1618 2808 exercitu
1669 2753 2018 2820 imperatoris

438 2853 749 2906 adventum.
785 2846 1149 2902 Formidinem
1181 2845 1228 2900 is
1264 2845 1488 2897 nuntius
1544 2842 1768 2896 Pucltete
1803 2850 2010 2896 tantam

437 2942 645 3006 attulit,
678 2949 732 2992 ut
762 2939 936 2991 media
975 2938 1087 3003 ipsa
1117 2943 1273 2988 nocte
1303 2935 1509 3001 trepide
1555 2934 1675 2986 inde
1713 2947 1836 2986 cum
1895 2931 2012 2984 suis

445 3035 664 3104 fugerit.
708 3029 952 3084 Diluculo
995 3031 1183 3081 eodem
1231 3027 1516 3097 Cantytzes
1569 3027 1863 3079 adveniens
1919 3037 2018 3076 nec

443 3129 713 3180 Puclteam
760 3142 859 3178 nec
904 3125 1068 3176 ttllnm
1115 3124 1338 3174 omnino
1379 3119 1617 3172 Turcmn
1651 3117 1868 3185 reperit.
1901 3116 2016 3169 Mo-

444 3219 732 3273 leStissime
765 3217 906 3267 hunc
938 3228 1124 3265 casum
1156 3210 1442 3279 Camylzes
1471 3208 1588 3260 tttlil
1614 3225 1627 3272 ;
1657 3207 1726 3259 ita
1752 3216 1809 3258 ιιι
1855 3206 2022 3258 nihilo

443 3309 556 3363 fee
587 3308 764 3360 minus
795 3303 1032 3358 offensus
1076 3317 1238 3369 quam
1283 3301 1368 3352 ubi
1421 3297 1886 3368 “spectatissima
1941 3311 2025 3348 γο-

446 3398 726 3455 naturibus
755 3396 965 3465 cupidis
1025 3395 1201 3460 praeda
1235 3392 1489 3452 elabitur,
1544 3405 1647 3441 nun
1695 3387 2021 3442 sustinuerit

443 3495 526 3546 vel
565 3500 896 3544 momentum
933 3486 1172 3540 residere
1231 3484 1338 3537 illic
1383 3484 1449 3535 ad
1497 3482 1798 3548 colligenda
1841 3480 2014 3544 spolia

433 3585 676 3656 ingentis
699 3581 877 3652 pretii.
914 3581 1108 3648 quibus
1139 3588 1305 3630 totum
1334 3573 1553 3628 Cedrete
1580 3574 1835 3641 oppidum
1862 3573 2020 3639 plane

437 3676 752 3731 c0nl'ertutn
783 3673 1006 3740 reperit.
1044 3669 1238 3723 Slatint
1261 3681 1391 3734 ergo
1426 3666 1600 3719 versis
1631 3664 1861 3718 habenis
1901 3677 2019 3715 ver-

442 3786 534 3822 HIS
559 3767 872 3838 Polybotum
905 3761 1184 3824 cucurrit;
1221 3760 1291 3812 ibi
1323 3758 1687 3823 deprehensos
1723 3757 1776 3808 in
1810 3754 2022 3808 Turcos

445 3864 597 3915 irruit
631 3874 827 3928 magno
856 3859 1083 3924 impetu,
1113 3853 1314 3907 catdem
1347 3865 1538 3905 eorum
1568 3847 2021 3903 innumerabilem

447 3953 598 4019 facit,
640 3953 876 4020 praedam
911 3960 1128 4001 omnem
1205 3943 1558 4012 captivosque
1597 3938 1809 4008 recipit,
1839 3938 2025 4005 sicque

445 4061 502 4099 re
528 4043 690 4115 47],
744 4052 1007 4110 prospere
1051 4042 1222 4107 gesta,
1275 4035 1328 4086 in
1381 4033 1572 4088 iisdem
1617 4033 1723 4086 illis
1777 4031 2026 4086 subsistit

447 4137 718 4206 partibus,
751 4133 1048 4186 adventum
1098 4129 1150 4181 in
1179 4141 1272 4181 eas
1305 4125 1652 4196 imperatoris
1675 4136 2022 4194 exspectans.

443 4230 562 4285 Non
599 4225 796 4282 minori
831 4223 944 4278 lere
977 4234 1230 4275 successu
1261 4217 1549 4288 Stypeotes
1595 4219 1855 4286 appulsus
1903 4217 2024 4273 Pte-

445 4333 734 4378 manenum
771 4317 935 4371 rebus
966 4329 1032 4368 ex
1063 4310 1408 4383 imperatoris
1438 4319 1566 4366 voto
1598 4313 1784 4381 gestis,
1811 4310 1879 4364 ad
1899 4324 2021 4366 eum

443 4429 502 4467 se
556 4410 756 4464 retulit.
810 4406 904 4460 llle
958 4403 1274 4475 Camytzem
1333 4416 1566 4472 sequens
1617 4401 1717 4456 sub
1768 4415 2020 4456 occasum

2125 1941 2253 1999 σὼν,
2292 1939 2498 1994 κτείνει
2533 1941 2632 2010 μὲν
2667 1939 2989 2010 Βαρϐάρους
3026 1938 3166 2010 ὑπὲρ
3193 1936 3449 2008 ἀριθμὸν,
3478 1938 3701 1992 ἃπασαν

2122 2034 2178 2086 δὲ
2219 2035 2318 2101 τὴν
2360 2034 2512 2086 λείαν
2546 2034 2639 2085 καὶ
2675 2036 2799 2094 τοὺς
2844 2030 3218 2100 δορυαλώτους
3268 2029 3700 2098 ἁναλαϐόμενος,

2126 2124 2255 2194 περὶ
2288 2125 2356 2176 τὰ
2385 2124 2527 2176 κεῖθι
2569 2123 2712 2192 μέρη
2749 2122 3032 2185 αὐλίζεται
3061 2121 3162 2189 τὴν
3215 2119 3309 2172 τοῦ
3359 2119 3705 2188 αὐτοκράτο-

2128 2233 2218 2286 ρος
2247 2215 2686 2285 ἁπεκδεχόμενος
2723 2213 2960 2268 ἐλευσιν.
3025 2212 3108 2265 Τὰ
3169 2211 3308 2264 αὐτὰ
3344 2211 3440 2265 καὶ
3488 2211 3517 2264 ὁ
3562 2212 3699 2264 Στυο

2123 2309 2377 2376 πειώτης
2401 2309 2461 2361 τὸ
2500 2307 2856 2376 Ποιμανηνδν
2885 2303 3220 2359 καταλαϐὼν
3278 2304 3511 2373 δράσας,
3555 2302 3700 2373 πρὸς

2126 2403 2215 2454 τὸν
2250 2400 2476 2468 βασιλέα
2511 2399 2915 2469 ἐπανέστρεψε.
2974 2397 3407 2465 Καταλαμϐάνω
3436 2395 3496 2449 δὲ
3547 2397 3638 2449 καὶ
3672 2399 3702 2449 ό

2122 2494 2488 2562 αὐτοκράτωρ
2529 2492 2630 2561 τὴν
2667 2491 2884 2561 Κέδρην
2921 2491 3050 2558 περὶ
3111 2489 3264 2556 ἡλίου
3315 2487 3544 2556 δυσμὰς,
3605 2487 3704 2540 καὶ

2125 2584 2593 2655 προσεληλυθότες
2617 2583 2968 2652 παραχρῆμα
3002 2582 3152 2651 αὐτῷ
3187 2581 3524 2650 στρσοτῶταί
3557 2595 3705 2641 τινες

2123 2678 2334 2744 ἔφασαν
2372 2676 2579 2744 πληθὺν
2639 2675 2956 2742 ἀμέτρητον
2995 2669 3136 2724 εἶναι
3168 2673 3470 2741 Βαρϐάρων
3525 2671 3604 2733 είς
3633 2671 3704 2724 τὰ

2123 2769 2215 2822 τοῦ
2247 2769 2415 2820 πάλαι
2473 2767 2740 2837 ᾀδομένου
2795 2765 3042 2834 Βούρτζη
3074 2764 3188 2835 (72)
3222 2764 3472 2832 πολίχνια
3528 2761 3700 2832 ἀγχοῦ

2124 2877 2225 2911 που
2259 2857 2598 2925 διακείμενα.
2641 2854 2698 2907 '0
2725 2854 2784 2906 δέ
2814 2854 3175 2924 αὐτοκράτωρ
3203 2852 3406 2906 αὐτίκα
3434 2869 3494 2905 τε
3551 2852 3698 2920 ἠκη-

2123 2951 2239 3003 κόει
2291 2947 2382 3000 τοῦ
2434 2947 2622 3014 λόγου,
2653 2947 2750 2998 καὶ
2818 2945 2955 3014 πρὸς
3003 2943 3162 3014 ἔργον
3211 2944 3539 3011 ἡτοίμαστο.
3582 2939 3698 2992 Καὶ

2123 3039 2439 3108 παραυτίκα
2460 3038 2548 3090 τὸν
2575 3035 2781 3088 ἐκείνου
2797 3034 2890 3086 τοῦ
2919 3035 3162 3102 Βούρτζη
3188 3031 3454 3098 ἀπόγονον
3485 3030 3701 3100 Βάρδαν

2122 3126 2220 3196 τὴν
2256 3125 2445 3193 κλῆσιν
2500 3125 2642 3194 μετὰ
2688 3123 2967 3193 Γεωργίου
3004 3121 3098 3173 τοῦ
3136 3120 3380 3191 Λεὸούνη
3415 3120 3508 3173 καὶ
3557 3119 3700 3172 Σκύ-

2127 3221 2225 3289 θην
2253 3219 2293 3250 ³⁷
2373 3233 2388 3248 ·
2537 3232 2551 3247 ·
2703 3232 2718 3247 ο
2904 3229 2920 3248 ο
3101 3229 3121 3247 ο
3269 3229 3285 3246 ο
3363 3212 3703 3282 καλούμενον

2130 3307 2270 3379 μετὰ
2309 3308 2417 3362 τῶν
2443 3305 2535 3360 ὑπ’
2591 3306 2796 3368 αὐτοὺς
2855 3306 2936 3368 εἰς
2979 3303 3279 3374 ἀξιόμαχον
3337 3303 3701 3373 παραστήσας

2124 3393 2355 3461 δύναμιν
2385 3393 2509 3446 κατ’
2540 3393 2770 3446 ἐκείνων
2793 3392 3130 3462 ἐξέπεμψεν,
3186 3391 3530 3461 ἐπισκήψας,
3561 3390 3703 3443 ἐπὰι

2127 3487 2309 3539 ἐκεῖσε
2351 3487 2797 3556 παραγένωνται,
2833 3487 3135 3556 προνομεῐς
3165 3485 3496 3538 ἀποστεῖλαι
3555 3484 3702 3536 κατὰ

2126 3580 2236 3632 τῶν
2268 3578 2697 3648 παρακειμένων
2731 3579 3132 3645 κωμοπόλεων,
3169 3578 3267 3630 καὶ
3312 3578 3538 3637 ἁπάσας
3563 3575 3708 3646 δῃώ-

2127 3671 2347 3734 σασθαι,
2378 3673 2474 3723 καὶ
2501 3673 2702 3734 αὐτοὺς
2725 3671 2786 3739 δὴ
2814 3673 2941 3731 τοὺς
2972 3669 3307 3739 αὐτόχθονας
3347 3669 3524 3722 ἐκεῖσε
3569 3684 3707 3736 μετ-

2127 3765 2442 3826 οικίσαντας
2470 3763 2732 3830 ζκομίσαι
2762 3764 2834 3816 οἱ.
2875 3764 3102 3815 Ἐκεῖνοι
3140 3761 3238 3829 μὲν
3268 3757 3372 3814 οὖν
3408 3759 3571 3822 εὐθὺς
3604 3759 3703 3828 τῆς

2127 3855 2500 3926 προκειμένης
2535 3854 2658 3909 ὁδοῦ
2692 3856 2928 3924 εἴχοντο.
2982 3854 3042 3908 Ὀ
3067 3853 3124 3907 δὲ
3153 3853 3535 3922 αὐτοκράτωρ,
3585 3853 3709 3920 ἐχό-

2130 3965 2290 4016 μενος
2313 3948 2408 4000 τοῦ
2435 3947 2712 4018 προτέρου
2750 3946 2982 4005 σκοποῦ,
3005 3947 3064 3998 τὸ
3098 3944 3412 3999 Πολυσοτὸν
3463 3943 3708 3997 καταλα-

2127 4039 2265 4104 ϐεῖν,
2324 4038 2587 4108 ἠπείγετο
2649 4037 2747 4089 καὶ
2819 4035 3013 4106 μέχρις
3066 4035 3290 4087 Ἰκονίου
3341 4032 3707 4102 ἀποδραμεῖν.

2126 4130 2313 4184 Ταῦτα
2338 4125 2787 4197 διαλογιζόμενος
2818 4131 2913 4179 καὶ
2960 4126 3127 4195 ἔργου
3174 4124 3384 4193 ἀπάρτι
3435 4122 3710 4177 ἅπτεσθαι

2129 4223 2340 4293 μέλλων
2370 4221 2464 4275 ἐπὶ
2491 4223 2619 4285 τοὺς
2653 4220 2975 4289 Βαρδάρους
3004 4219 3101 4271 καλ⁴
3122 4217 3286 4270 αὑτὸν
3319 4217 3384 4285 δὴ
3413 4217 3504 4268 τὸν
3539 4215 3708 4268 Σολυ-

2130 4318 2238 4386 μᾶν
2297 4315 2590 4368 σουλτάνον
2642 4315 2741 4383 τὴν
2807 4314 2978 4367 αὐτοῦ
3048 4312 3238 4380 ἔφοδον
3303 4309 3712 4379 μεμαθηκότας

2127 4407 2472 4468 ἐόεὗαιοῦτο,
2508 4406 2798 4477 ἐμπρῆσαί
2830 4423 2891 4458 τε
2942 4405 3040 4466 τὰς
3096 4403 3335 4474 ἀρούρας
3358 4403 3456 4470 τῆς
3524 4400 3714 4462 Ἀσίας

445 4504 578 4556 solis
631 4500 896 4556 Cedream
954 4504 1296 4565 pervenerat.
1349 4492 1468 4546 Illic
1517 4506 1641 4546 eum
1695 4491 2017 4546 conveniunl

2131 4499 2353 4566 ἁπάσης
2388 4499 2600 4561 καὶτὰς
2631 4498 2916 4558 πεδιάδας,
2947 4496 3025 4558 ὡς
3059 4495 3202 4564 μήτε
3254 4495 3366 4554 τοῖς
3393 4490 3712 4559 ἀνθρώποις

446 4596 642 4648 milites
676 4591 895 4662 quidam
928 4587 1232 4642 indicantes
1264 4582 1716 4638 innumerabilem
1746 4583 2019 4638 Barbaro-

446 4702 563 4740 rnm
625 4680 1026 4736 multitudinem
1085 4676 1292 4732 versari
1343 4675 1396 4729 in
1433 4674 1646 4744 oppidis
1702 4689 1808 4729 non
1865 4674 2022 4744 longe

446 4773 774 4830 distantibus
799 4783 920 4839 qua:
968 4767 1114 4822 illius
1161 4766 1290 4820 olim
1337 4764 1764 4820 decantatissimi
1808 4764 2023 4820 Burtza:

451 4871 686 4921 fuerant.
727 4859 843 4914 Non
903 4867 1110 4913 temere
1161 4856 1431 4910 auditum.
1483 4855 1682 4908 Statim
1729 4856 2025 4923 imperator

445 4961 499 5015 in
535 4957 854 5013 occasiones
884 4960 1104 5023 paratus
1122 4963 1315 5005 omnes
1343 4949 1553 5003 Burtzte
1588 4948 1748 5004 istius
1776 4949 2021 5018 ejusdem

450 5058 701 5120 nepotem
740 5045 973 5100 Bardatn
1025 5051 1301 5104 vocatum,
1339 5056 1446 5095 una
1495 5055 1616 5094 cum
1649 5039 1882 5111 Georgio
1919 5041 2024 5098 Le-

2133 4589 2270 4657 μήτε
2307 4589 2424 4649 τοῖς
2469 4587 2664 4649 ἵπποις
2713 4585 2926 4656 τροφὴν
2952 4585 3014 4637 τὸ
3078 4584 3349 4654 παράπαν
3411 4582 3709 4649 παρεῖναι’

2128 4680 2238 4732 ἀπὸ
2304 4679 2360 4732 δὲ
2441 4681 2552 4732 τῶν
2626 4679 2919 4748 ἀνωτέρων
2973 4677 3160 4746 μερῶν
3203 4675 3338 4740 ἄλλη
3402 4674 3748 4748 Βαρϐάρων,

2129 4768 2319 4836 ἔφοδος
2358 4743 2824 4838 διεκηρυκεύετοί
2843 4767 2938 4820 καὶ
3029 4743 3184 4835 φήμη
3213 4764 3353 4833 αὕτη
3402 4764 3709 4827 ὑπόπτερος
3742 4743 3758 4774 ἶ

2129 4859 2352 4914 ἃπασαν
2400 4861 2646 4931 διέτρεχε
2676 4859 2774 4930 τὴν
2805 4859 2993 4911 Ἀσίαν
3013 4872 3028 4886 ⁶
3050 4857 3113 4909 τὸ
3142 4856 3241 4925 μὲν
3289 4855 3479 4907 ἐδεδίει
3514 4854 3588 4922 μὴ
3651 4852 3711 4902 ἐν

2129 4951 2208 5020 τῷ
2239 4951 2380 5022 πρὸς
2424 4951 2647 5004 Ἰκόνιον
2694 4947 3040 5018 ἀπέρχεσθαι
3092 4947 3240 5000 ἅπαν
3266 4945 3325 4997 τὸ
3389 4944 3710 5012 στράτευμα

2132 5039 2296 5107 λιμοῦ
2324 5039 2708 5110 παρανάλωμα
2737 5036 2827 5090 διὰ
2857 5037 2956 5106 τὴν
2988 5036 3190 5090 σπάνιν
3220 5035 3330 5088 τῶν
3385 5031 3706 5105 χορτασμὰο

1514 5175 1714 5237 Variae
1762 5177 2066 5237 lectiones
2113 5194 2188 5237 ex
2228 5175 2368 5238 cod.
2404 5175 2672 5237 Coislin.

519 5293 559 5323 ⁸⁷
605 5283 820 5355 Σκύθην
858 5279 1091 5335 Πιτικὰν
1129 5277 1424 5342 σκυθικῶς.

1510 5388 2008 5452 Car.Dufrcsnii
2046 5389 2137 5449 Du
2175 5385 2395 5466 Cangii
2434 5395 2622 5452 noue.

517 5528 628 5600 (72)
665 5525 936 5600 Bovptfﬁ
989 5525 1190 5600 Rat-das
1224 5524 1343 5585 iste,
1381 5516 2014 5600 cognomentoﬁurtses.

445 5587 842 5670 (ιιιὲιιιόρρίιῖίς
874 5587 1077 5670 aliquot
1113 5595 1402 5670 imperasse
1435 5595 1584 5644 Anna
1623 5587 1837 5670 scribit,
1873 5589 2016 5640 lilitts

451 5659 550 5722 fuit
608 5659 730 5736 (nisi
782 5667 922 5720 idem
965 5659 1072 5720 'tlle
1123 5659 1212 5730 sit)
1278 5663 1510 5736 But-lete,
1561 5659 1879 5736 (μείνῃ-112».
1929 5672 2012 5736 tu,

447 5728 731 5804 τοπᾶῥχην
781 5735 1174 5795 Καππαδοκίας
1198 5728 1203 5730 ’
1228 5734 1322 5784 καὶ
1366 5731 1656 5804 Χώματος
1689 5728 1873 5804 fuisse
1902 5732 2014 5804 ait;

451 5798 721 5874 genusque
763 5806 990 5859 ducebat
1042 5819 1069 5858 a
1117 5798 1564 5856 tlecmtlatissitno
1605 5801 1698 5853 illo
1758 5798 2016 5850 Micltacle

2127 5519 2375 5589 patricio,
2442 5519 2534 5588 qui
2575 5519 2873 5584 imperante
2925 5516 3228 5589 Niccpltoro
3264 5515 3460 5589 ‘Phoca
3495 5515 3705 5589 Antin-

2133 5585 2314 5642 i-hiam
2348 5585 2692 5658 expugnavit,
2734 5599 2788 5638 et
2832 5590 3002 5658 altero
3050 5585 3311 5658 Miclinele
3341 5587 3548 5658 pr_ioris_
3572 5586 3705 5649 lilio,

2129 5654 2514 5728 tnagistro,'ct'
2549 5659 2855 5711 Antiochiae
2902 5657 3039 5728 duce
3079 5673 3107 5709 a
3158 5656 3356 5728 Basilio
3392 5654 3703 5724 Pmphyw-

2128 5726 2318 5798 genito
2347 5740 2526 5783 creato
2561 5746 2573 5781 :
2609 5736 2672 5779 dc
2699 5729 2892 5794 quibus
2917 5727 3157 5781 Zonaras
3187 5735 3237 5780 ct
3274 5726 3562 5796 Scyltlzes.
