4086 6434
435 361 573 425 H33

1654 354 1930 415 ALEXIA
1948 353 2073 412 ἶ)ίὲ
2119 352 2265 412 LIB.
2317 353 2440 411 XV.

3555 341 3692 408 113’s

420 495 528 529 των
589 474 842 545 γένηται,
902 473 963 528 τὸ
1013 473 1070 528 δὲ
1118 473 1208 526 καῖ
1263 472 1389 536 τοὺς
1451 471 1852 542 ἐλπιζομένους
1887 469 2008 521 ἐκεῖ

2134 482 2254 521 tune
2285 481 2346 520 ae
2377 465 2577 534 Scytha
2610 463 2844 532 quodam
2877 461 2944 516 ad
2969 474 3029 515 se
3057 461 3306 516 advecat.
3334 457 3429 510 llis
3453 459 3692 526 assignat

421 567 743 639 Βαρϐάρους
776 565 1132 636 ὑφορώμενος
1160 565 1379 634 ἤχθετο.
1415 563 1625 633 Βουλὴν
1650 559 1745 616 οὖν
1779 560 2002 631 βουλεύ-

422 677 542 712 εται
601 659 829 727 συνετήν
857 674 915 709 τε
954 658 1048 710 καὶ
1103 655 1385 727 τολμηράν
1414 673 1427 686 ·
1469 656 1603 708 Θεὸν
1651 653 2004 723 ἐπερωτῆσαι

419 754 468 804 εί
505 751 612 821 χρὴ
636 751 737 820 τῆς
781 750 915 822 πρὸς
946 751 1007 802 τὸ
1037 749 1256 800 Ἰκίνιον
1317 747 1566 818 ἔχεσθαι,
1606 747 1640 816 ἢ
1701 746 1842 798 κατὰ
1893 745 2004 794 τῶν

420 846 551 912 περὶ
578 841 637 894 τὸ
687 841 988 912 Φιλομήὶιν
1019 839 1323 910 ἐξορμῆσαι
1367 837 1694 910 Βαρϐάρων.
1741 836 1828 888 Ἐν
1884 832 2006 887 δυσὶ

423 935 556 1002 γοῦν
592 934 840 1005 χαρτίοις
893 933 1023 1001 πρὶ
1051 931 1258 983 τούτων
1290 932 1646 1001 ἐπερωτήσας
1671 928 1764 980 καὶ
1797 924 2005 979 ἄνωθεν

423 1027 523 1092 τῆς
575 1027 727 1096 ἱερᾶς
792 1023 1165 1092 καταθέμενος
1209 1022 1415 1091 ταύτης
1471 1019 1758 1092 τραπέζης
1799 1017 2007 1072 παννύ-

423 1136 540 1190 χιον
593 1119 684 1170 τὸν
748 1115 916 1185 ὕμνον
951 1118 1043 1168 καὶ
1092 1116 1330 1176 ἐκτενεῖς
1381 1111 1460 1183 τῷ
1514 1111 1632 1182 Θεῷ
1693 1110 2007 1183 προσέφερε

429 1209 528 1272 τὰς
563 1208 860 1271 ἐντεύξεις.
895 1208 1055 1258 Κατὰ
1107 1205 1166 1258 δὲ
1198 1205 1259 1258 τὸ
1298 1203 1624 1276 περίορθρον
1684 1199 1946 1254 εἰσελθὼν
1981 1201 2008 1252 ὁ

432 1299 612 1367 ἱερεὺς
641 1297 738 1351 καὶ
778 1297 1009 1367 θάτερον
1032 1295 1145 1348 τῶν
1188 1294 1454 1348 τεθέντων
1480 1292 1708 1364 χαρτίον
1735 1293 1780 1326 ⁸⁸
1808 1291 2010 1345 ἀναλα-

431 1390 665 1459 ϐόμενος
692 1395 788 1442 καὶ
845 1387 1134 1459 παρρησία
1189 1386 1359 1450 λύσας
1410 1385 1694 1446 ἁπάντων,
1743 1381 2008 1448 ὑπανεγί-

428 1495 606 1532 νωσκε
663 1479 741 1548 τῷ
803 1479 1172 1546 αὐτοκράτορι
1217 1477 1315 1545 τῆς
1385 1475 1523 1544 πρὸς
1578 1474 1639 1527 τὸ
1715 1473 2011 1542 Φιλομήλιν

429 1569 758 1638 ἀνθέξεσοαι
791 1570 915 1624 ὁδοῦ
945 1568 1495 1640 παρακελευόμενον.

2113 559 2366 613 idonemn
2402 559 2680 623 copiarum
2709 571 3022 620 numerum,
3073 564 3128 608 et
3180 564 3234 606 ut
3288 552 3341 604 iu
3397 564 3490 604 eos
3547 559 3692 604 recta

2113 648 2337 704 tendant
2398 650 2660 716 imperat;
2701 664 2764 700 co
2799 658 2854 700 ιιι
2905 646 3254 717 pervenerint
3304 643 3696 714 prmdaloribus

2113 740 2370 795 immissis
2403 742 2552 794 vicos
2588 741 2824 809 undique
2856 738 3020 793 simul
3043 754 3231 793 omnes
3263 736 3463 794 vastari
3496 736 3650 805 jubet
3677 752 3694 802 ;

2112 831 2398 901 indigenas
2440 835 2588 901 ipsos
2629 832 2695 886 ad
2748 848 2808 886 se
2840 832 3051 886 deduci.
3105 831 3240 885 Dum
3283 831 3547 899 imperata
3601 829 3696 884 isti

2115 923 2344 988 iaciunt,
2379 924 2676 993 imperator
2710 925 2822 993 ipse
2856 922 3023 992 priori
3049 923 3263 978 haerens
3294 922 3571 992 proposito
3597 919 3698 975 Po-

2120 1015 2288 1087 lyboti
2321 1016 2577 1082 adeundi,
2612 1025 2774 1084 atque
2806 1016 2930 1070 inde
2964 1013 3206 1070 Iconium
3243 1031 3416 1085 usque
3467 1030 3697 1086 procur-

2124 1109 2302 1174 rendi,
2334 1110 2543 1163 duobus
2569 1110 2620 1162 in
2655 1111 2772 1177 ipso
2808 1108 3088 1177 procinctu
3126 1108 3339 1162 itineris
3373 1108 3535 1164 istius
3570 1123 3699 1160 con-

2124 1199 2378 1255 turbatur
2395 1202 2621 1254 nuntiis.
2644 1200 2958 1254 Allirmabat
2975 1215 3114 1254 unus
3133 1198 3405 1268 Solymam
3421 1199 3697 1254 sultanum

2121 1303 2342 1361 accepta
2372 1293 2538 1346 certis
2567 1295 2884 1346 auctoribus
2915 1292 3260 1359 imperatoris
3293 1299 3482 1345 contra
3516 1292 3697 1360 ipsum

2120 1385 2464 1453 expeditione
2539 1385 2848 1440 incendisse
2907 1385 3107 1453 passim
3173 1394 3384 1454 segetes
3435 1385 3700 1453 planeque

2121 1489 2368 1532 vastasse
2409 1477 2660 1546 regiones
2695 1478 2958 1531 universa:
2997 1478 3163 1541 Asiae,
3199 1476 3500 1545 praesertim
3550 1475 3704 1543 equi-

2126 1568 2318 1623 tabiles
2351 1579 2403 1623 et
2439 1568 2620 1622 itineri
2660 1568 2891 1624 Romani
2930 1571 3207 1626 exercitus
3246 1578 3598 1640 opportunas,
3627 1569 3702 1622 ita
3741 1558 3748 1564 ’

431 1668 620 1737 utjam
654 1670 705 1722 in
741 1669 822 1723 eis
847 1669 981 1722 nihil
1011 1667 1248 1737 supersit
1280 1681 1506 1735 prorsus
1531 1665 1672 1734 quod
1699 1663 2009 1718 hominibus
2055 1676 2147 1718 aut
2177 1664 2444 1735 jmnentis
2489 1666 2596 1721 cibi
2667 1665 2786 1722 loco
2834 1670 3005 1735 possit
3051 1680 3194 1721 esse.
3267 1667 3513 1720 Addebat
3563 1665 3702 1719 alius

431 1765 705 1834 ingentem
737 1779 858 1818 esse
895 1762 1120 1828 famam,
1194 1772 1304 1816 tota
1353 1769 1744 1829 pervagantem
1793 1762 1946 1823 Asia,
2009 1761 2250 1816 recentis
2273 1761 2630 1832 ejusdemque
2667 1763 3098 1819 numerosissimi
3137 1765 3412 1818 exercitus
3483 1762 3682 1817 Barba-

434 1873 622 1912 rorum
697 1872 763 1911 ex
800 1857 1176 1924 superioribus
1223 1855 1466 1924 partibus
1516 1862 1705 1907 contra
1789 1854 2074 1907 venientis.
2121 1852 2215 1909 llis
2245 1857 2315 1908 ita
2357 1856 2652 1924 compertis
2696 1857 2883 1922 rebus,
2922 1858 3209 1912 verebatur
3253 1857 3526 1925 Augustus
3577 1856 3688 1924 pri-

434 1967 584 2008 mum
621 1951 860 2019 quidem,
897 1965 965 2004 ne
992 1951 1036 2004 si
1070 1948 1386 2003 oblirmaret
1416 1947 1595 1999 animo
1620 1947 2016 2014 promotionem
2052 1947 2322 2001 exercitus
2355 1962 2529 2017 usque
2596 1950 2661 2002 ad
2712 1947 2956 2003 Iconium
3005 1949 3211 2004 cladem
3259 1966 3288 2002 a
3325 1951 3464 2005 lame
3528 1961 3691 2020 atque

434 2043 615 2113 inopia
643 2041 826 2112 pabuli
856 2040 988 2094 viris
1015 2039 1282 2112 equisque
1337 2038 1700 2091 miserrimam
1767 2049 2092 2092 accerseret.
2132 2037 2340 2093 Rursus
2369 2040 2688 2094 denuntiata
2718 2041 3064 2095 multitudine
3089 2041 3452 2097 Barbarornm
3484 2059 3512 2096 a
3539 2046 3690 2098 lveno

437 2135 666 2193 tantium
719 2135 1188 2199 commovebatur,
1225 2135 1420 2185 merito
1470 2139 1721 2184 metuens
1766 2144 1834 2184 ne
1881 2144 2008 2184 suos
2058 2132 2344 2199 pauciores
2411 2148 2474 2187 ac
2534 2131 2710 2188 fessos
2741 2143 2816 2187 tot
2871 2134 2978 2189 illis
3005 2137 3337 2191 obtereudos
3388 2139 3698 2192 recentibus

435 2229 938 2300 imprudentissime
993 2229 1280 2298 objiceret.
1343 2227 1402 2282 ln
1469 2227 1670 2281 talibus
1745 2227 2014 2296 angustiis
2089 2229 2375 2283 consilium
2426 2231 2564 2299 capit
2600 2230 2838 2300 prudens
2895 2231 3024 2287 illud
3081 2234 3297 2302 quidem
3347 2235 3440 2289 sed
3524 2237 3702 2292 audax

439 2332 644 2377 tamen.
684 2325 776 2380 Dei
803 2323 1128 2378 sententiam
1177 2321 1466 2392 exquirere
1509 2320 1774 2384 decernit,
1820 2319 2262 2390 consulendoque
2323 2323 2542 2378 oraculo
2607 2325 2917 2396 exquirere,
2958 2327 3154 2394 ecquid
3216 2338 3360 2382 recta
3433 2329 3700 2390 Iconium,

439 2419 516 2469 uti
590 2426 828 2483 ceperat,
901 2429 1122 2483 pergere
1173 2420 1476 2482 praestaret.
1524 2426 1590 2464 an
1639 2425 1768 2465 vero
1818 2409 2073 2466 suaderet
2149 2411 2327 2480 potius
2387 2414 2728 2481 venientibus
2775 2431 2804 2469 a
2857 2415 3139 2472 Philomeli
3202 2419 3456 2474 Barbarie
3512 2431 3704 2475 contra

438 2506 758 2562 occurrere?
786 2506 840 2560 ld
868 2506 1186 2575 exsequitur
1213 2504 1358 2558 hunc
1392 2503 1444 2556 in
1479 2502 1724 2556 modum.
1771 2501 2006 2556 Cltartas
2047 2513 2200 2572 parat
2231 2505 2366 2558 duas
2404 2504 2457 2558 in
2489 2505 2686 2574 quibus
2731 2506 2798 2562 de
2826 2519 3060 2578 utroque
3124 2509 3538 2566 deliberationis
3607 2528 3703 2566 ca-

438 2604 551 2670 pite
605 2601 835 2656 seorsim
895 2607 1265 2669 percontatur.
1317 2598 1519 2652 Ambas
1574 2598 1676 2652 sub
1730 2611 2012 2665 vesperam
2052 2598 2271 2653 excelso
2337 2599 2458 2654 loco
2524 2616 2686 2670 supra
2719 2617 2926 2657 sacram
2959 2620 3201 2659 mensam
3236 2608 3496 2674 collocat;
3527 2619 3692 2666 totam

442 2696 566 2747 hinc
623 2702 834 2748 noctem
885 2690 1116 2746 assiduis
1174 2689 1269 2745 Dei
1323 2689 1573 2744 laudibus
1626 2699 1681 2743 et
1763 2688 2026 2758 religione
2099 2701 2356 2759 perpetua
2406 2695 2660 2756 traducit,
2716 2695 2882 2749 Deum
2939 2697 3166 2764 intente,
3240 2715 3348 2768 quo
3400 2701 3694 2771 indigebat,

453 2805 706 2861 poscens.
741 2789 992 2844 Diluculo
1025 2787 1304 2858 ingressus
1369 2785 1598 2841 antistes
1665 2784 1887 2839 alteram
1939 2785 2330 2856 depositurum,
2394 2805 2513 2859 quae
2596 2789 2831 2861 primum
2890 2793 3087 2847 accidit
3171 2795 3348 2862 obvia,
3398 2799 3706 2856 chartarum.

441 2887 654 2953 arripit.
687 2881 927 2951 explicat
975 2879 1150 2948 palam
1208 2887 1262 2934 et
1299 2879 1520 2934 attentis
1566 2877 1825 2931 omnibus
1873 2877 2016 2932 clara
2096 2893 2227 2934 voce
2256 2881 2405 2949 legit.
2470 2882 2542 2935 Ea
2576 2884 2883 2953 imperatori
2919 2886 3177 2942 suadebat
3206 2889 3311 2943 iter
3388 2891 3715 2950 Philoman

443 2993 650 3034 versus.

529 3075 692 3128 ’Λλλὲι
737 3069 914 3124 ταῦτα
949 3067 1047 3138 μὲν
1079 3067 1148 3120 τὰ
1175 3065 1316 3120 κατᾶ
1341 3065 1434 3118 τὸν
1487 3065 1891 3135 αὐτοκράτορα.
1969 3064 2027 3117 '0

2208 3066 2304 3120 llic
2335 3066 2724 3136 relinquendus
2747 3067 3022 3136 paulisper
3047 3066 3209 3138 472
3241 3069 3556 3139 imperator,
3583 3078 3710 3130 dum

443 3169 501 3222 δέ
535 3183 598 3234 γε
623 3165 841 3234 -Βάρδας
879 3160 1162 3231 Βούρτζης
1188 3162 1244 3211 ὲν
1286 3159 1365 3228 τῷ
1410 3157 1628 3227 ἔχεσθαι
1656 3157 1757 3226 τῆς
1799 3157 1901 3228 ἤδη
1929 3158 2028 3226 ρη-

447 3261 636 3323 Θείσης
703 3254 824 3308 ὀδοῦ
865 3255 1183 3324 στράτευμα
1245 3251 1378 3302 πολὺ
1422 3249 1755 3318 θεασάμενος
1824 3247 2032 3317 emes,-

446 3368 535 3404 ναι
567 3350 701 3419 μετά
729 3349 820 3400 το]
854 3344 1170 3399 Μονολύκου
1191 3344 1279 3395 διὰ
1308 3344 1406 3412 τῆς
1428 3343 1676 3412 γεφύρας
1711 3341 1805 3394 τοῦ
1829 3341 2025 3410 Ζόμπη

447 3442 831 3508 ἐπειγόμενον,
905 3436 1156 3507 παρευθὺ
1212 3435 1578 3505 ὁπλισάμενος
1654 3434 2030 3504 συμμίγνυται

447 3536 661 3594 τούτοις
697 3532 828 3602 περί⁹
853 3536 954 3598 τὴν
979 3531 1072 3582 τοῦ
1123 3529 1386 3598 Ἀμορίου
1453 3526 1707 3589 πεδιάδα,
1751 3528 1846 3580 καὶ
1903 3526 2033 3596 νικᾷ

449 3627 820 3694 κατακράτος.
861 3624 1084 3693 Ἕτεροι
1138 3621 1196 3675 δὲ
1230 3621 1340 3675 ἀπὸ
1400 3619 1496 3673 τοῦ
1547 3618 1875 3674 άνατολικοῦ
1936 3618 2034 3690 μέ-

455 3736 582 3790 ρους
606 3717 845 3787 Τοῦρκοι
877 3713 1277 3785 κατερχόμενοι
1309 3712 1405 3765 καὶ
1434 3712 1509 3772 ὡς
1539 3712 1678 3783 πρὸς
1719 3710 1812 3763 τὸν
1853 3710 2032 3764 Μονό-

449 3809 614 3861 λυκον
670 3807 1022 3871 σπεύδοντες,
1071 3805 1489 3876 παρατυχόντες
1517 3806 1582 3874 τῇ
1630 3799 1730 3854 τοῦ
1785 3799 2032 3871 Βούρτζη

452 3895 803 3966 παρεμϐολῇ,
849 3895 1060 3947 ἐκείνου
1091 3895 1262 3964 μήπω
1312 3893 1642 3962 φθάσαντος,
1675 3892 2035 3964 ἀφαιροῦνται

450 3989 518 4039 τά
553 3987 940 4056 παρατυχόντα
995 3985 1272 4053 ὑποζύγια
1301 3985 1400 4048 τὰς
1438 3985 1481 4016 ¹⁹
1523 3985 1880 4056 παρασκευὰς
1928 3984 2037 4038 τῶν

454 4078 824 4150 στρατιωτῶν.
843 4079 899 4130 Ὀ
922 4077 979 4130 δὲ
1004 4074 1278 4147 Βούρτζης
1292 4076 1504 4130 ἐκεῖθεν
1523 4076 2039 4146 νικητὴς,ὑποστρέ-

454 4187 571 4239 φων
605 4168 701 4221 καὶ
731 4168 936 4239 πολλὴν
969 4168 1474 4238 συνεπιφερόμενος
1503 4167 1658 4220 λείαν
1682 4166 2038 4237 συνηντηκὼς

452 4281 558 4315 τινι
585 4262 696 4314 τῶν
729 4263 848 4314 ἐκεῖ
884 4261 1203 4332 ἐρχομένων
1249 4260 1345 4313 καὶ
1399 4259 1740 4330 μεμαθηκὼς
1800 4261 1949 4322 ὅπως
1986 4261 2036 4311 oi

455 4355 560 4406 Τοῦ
575 4370 698 4424 ρκοι
723 4353 946 4406 ἅπαντα
985 4353 1055 4405 τὰ
1084 4354 1142 4404 ὲν
1167 4353 1233 4421 τῇ
1274 4350 1598 4421 παρεμϐολῆ
1625 4350 1790 4402 αὐτοῦ
1819 4351 1912 4403 καὶ
1941 4349 2038 4420 τὴν

2132 3171 2252 3224 quae
2282 3157 2495 3210 interim
2523 3157 2709 3212 Bardze
2738 3161 3016 3228 contigere
3033 3162 3537 3220 reddimus.Bardas
3556 3168 3717 3222 Burt-

2133 3265 2244 3313 zi-s,
2305 3251 2429 3304 dum
2479 3250 2586 3316 via,
2639 3250 2715 3304 uti
2773 3252 3031 3317 diximus,
3084 3255 3402 3325 prreScripta
3444 3261 3715 3328 graditur,

2137 3341 2281 3395 videt
2316 3342 2591 3410 copiosum
2646 3345 2946 3397 exercitum
3004 3344 3307 3399 Turcorum
3355 3362 3450 3411 per
3497 3361 3714 3418 pontem

2134 3431 2322 3502 Zompi
2356 3449 2414 3488 se
2445 3433 2730 3505 Monolyco
2759 3436 3092 3506 conjungere
3127 3437 3529 3494 festinantium.
3563 3440 3717 3497 Stre-

2137 3537 2242 3576 nue
2268 3525 2537 3592 correptis
2564 3523 2730 3577 armis
2778 3525 2940 3578 irruit
2975 3526 3026 3578 in
3063 3525 3234 3595 ipsos,
3287 3544 3617 3596 manumque
3663 3533 3718 3587 in

2136 3613 2362 3682 planitie
2400 3615 2605 3669 Amorii
2643 3615 2860 3669 fortiter
2911 3619 3182 3681 conserit,
3232 3619 3494 3688 planeque
3553 3623 3722 3678 vincit

2137 3708 2442 3763 universos.
2476 3710 2544 3761 At
2578 3709 2797 3763 interim
2832 3710 2920 3764 alii
2964 3711 3032 3764 ab
3062 3712 3314 3766 orientali
3363 3724 3516 3782 parte
3555 3715 3717 3771 Turci

2137 3799 2204 3852 ad
2233 3797 2575 3869 Monolycnm
2615 3809 2970 3868 properantes
3003 3815 3097 3870 per
3135 3801 3346 3858 Burtzm
3383 3816 3558 3860 castra
3589 3823 3722 3862 non-

2140 3891 2268 3944 dum
2304 3891 2420 3959 ipso
2469 3891 2668 3946 reduce
2704 3901 3024 3960 transeunt;
3077 3909 3308 3964 quaque
3359 3897 3430 3950 ibi
3475 3899 3720 3967 jmnenta

2143 3998 2398 4052 reperere
2459 3985 2801 4054 militumque
2861 3987 3110 4042 sarcinas
3169 3989 3469 4057 deprzedati
3549 3992 3724 4045 obiter

2138 4076 2542 4144 praeterierunt.
2567 4076 2800 4133 Redibat
2833 4078 3005 4133 victor
3032 4078 3256 4134 Burtzes
3287 4081 3500 4150 agmine
3529 4083 3720 4152 praedae

2142 4166 2381 4236 iungentis
2411 4183 2582 4223 onere
2617 4168 3131 4241 impedimentisque
3168 4171 3402 4237 tardato,
3436 4190 3555 4227 cum
3592 4190 3722 4229 ecce

2142 4259 2210 4312 ab
2238 4268 2566 4314 occurrente
2596 4261 2828 4328 quodam
2866 4261 2924 4314 llt
2955 4263 3158 4317 certior
3189 4264 3397 4332 direpta
3433 4281 3530 4334 per
3568 4282 3718 4319 suam

2143 4349 2448 4404 absentiam
2510 4349 2681 4403 fuisse
2746 4360 2951 4414 castra,
3015 4350 3394 4422 Barbarosque
3458 4353 3721 4411 facinoris

453 4445 606 4498 λείαν
640 4446 822 4497 πᾶσαν
887 4443 1288 4511 ἀναλαϐόμενοι
1336 4440 1560 4512 ῷχοντο,
1610 4441 1950 4494 διεσκοπεῑτο
1985 4451 2027 4494 τί

2143 4452 2393 4496 auctores
2422 4441 2621 4496 abiisse
2654 4459 2772 4497 cum
2797 4443 2998 4512 praeda.
3026 4443 3370 4500 Deliberabat
3404 4447 3492 4500 hic
3519 4445 3723 4502 Bardas

453 4539 518 4590 ἂν
543 4538 649 4608 χρὴ
675 4539 876 4588 ποιεῖν.
922 4535 1129 4601 ὐξέως
1170 4535 1228 4587 δὲ
1245 4535 1334 4587 τὸν
1351 4534 1552 4603 δρόμον
1580 4535 1686 4586 τῶν
1733 4534 2036 4604 Βαρϐάρων

453 4627 819 4697 ποιουμένων,
873 4625 1038 4696 ἤθελε
1079 4627 1178 4696 μὲν
1212 4626 1307 4677 καὶ
1359 4625 1523 4688 αὐτὸς
1566 4623 1795 4678 ὄπισθεν
1817 4625 2037 4678 διώκειν

453 4719 690 4783 τούτων,
748 4719 848 4772 οὐκ
881 4719 1118 4788 ἠδύνατο
1170 4718 1228 4770 δὲ
1264 4717 1634 4788 κεκμηκότων
1662 4717 1773 4770 τῶν
1832 4717 2037 4772 ἵππων.

452 4815 566 4867 Καὶ
589 4813 676 4867 διὰ
705 4813 853 4866 τοῦτ’
885 4809 1141 4886 ἀπειπὼν
1164 4810 1265 4881 τὴν
1299 4809 1598 4874 ὲπιδίωξιν,
1625 4809 1700 4873 ὡς
1739 4809 1815 4879 μὴ
1852 4808 2036 4878 χεῖρόν

452 4923 508 4960 τι
537 4905 801 4976 συμϐαίη,
835 4903 1024 4974 βραδεῖ
1070 4902 1194 4958 ποδὶ
1221 4905 1318 4955 σὺν
1349 4901 1578 4971 εὐταξίᾳ
1611 4901 1840 4970 στείχων
1898 4900 2041 4954 κατὰ

452 5000 514 5052 τὺ
542 5001 874 5070 περίορηρον
904 4999 971 5051 τὰ
1001 4997 1102 5068 ἠδη
1157 4996 1391 5066 ρηθέντα
1430 4995 1523 5047 τοῦ
1575 4994 1822 5064 Βούρτζη
1868 5011 2043 5046 κατα-

461 5093 733 5163 λαμϐάνει
765 5091 1019 5161 πολίχνια
1044 5089 1139 5142 καὶ
1168 5088 1429 5153 ὲξοικίζει
1477 5087 1715 5142 ἅπαντα.
1771 5087 2043 5140 Κάκεῖθεν

455 5186 585 5248 τούς
616 5202 674 5238 τε
710 5182 1088 5254 δορυαλώτους
1113 5181 1538 5250 ἀναλαμϐάνων,
1600 5178 1700 5232 καὶ
1743 5179 1914 5246 ὁπόση
1958 5195 2044 5240 τις

455 5272 524 5347 ἦν
541 5276 833 5348 περιουσία
861 5277 971 5337 τοῖς
987 5274 1296 5342 Βαρϐάροις
1315 5273 1682 5343 ἐπαγόμενος,
1723 5273 1818 5325 καὶ⁸
1842 5271 2038 5340 μικρὸν

459 5369 518 5420 ὲν
557 5368 832 5438 ἐπικαίρῳ
861 5367 1013 5436 τόπῳ
1054 5365 1250 5418 ἑαυτόν
1283 5381 1342 5416 τε
1391 5367 1486 5418 καὶ
1513 5363 1722 5426 πάντας
1770 5377 2040 5414 κεκοπια-

462 5463 624 5524 κότας
701 5462 1177 5530 ἀνακτησάμενος,
1237 5459 1552 5529 ἀνίσχοντος
1609 5457 1765 5526 ἡλίου
1816 5456 1912 5526 τῆς
1963 5455 2039 5517 ὡς

2144 4534 2270 4597 quid
2297 4550 2432 4603 opus
2462 4535 2604 4589 facto
2641 4547 2802 4590 esset.
2833 4536 3100 4591 Audiebat
3133 4537 3410 4594 Barbaros
3441 4542 3724 4594 celeritate

2147 4616 2338 4698 magna
2373 4627 2478 4680 iter
2507 4625 2722 4693 facere;
2761 4628 2994 4682 instituit
3046 4639 3101 4684 et
3145 4631 3263 4700 ipse
3312 4646 3417 4686 non
3472 4634 3724 4701 segniore

2149 4723 2294 4791 ipsos
2321 4721 2522 4790 impetu
2557 4720 2800 4788 insequi;
2835 4728 2889 4774 at
2917 4721 3027 4775 cito
3071 4731 3328 4791 expertus
3374 4732 3456 4778 est
3507 4724 3557 4776 id
3607 4725 3725 4780 ﬁeri

2149 4829 2254 4867 non
2315 4826 2496 4881 posse,
2536 4813 2802 4881 siquidem
2840 4828 3003 4866 cursu
3053 4822 3106 4868 et
3140 4829 3315 4884 pugna
3363 4815 3490 4870 fessi
3528 4815 3729 4869 Roma-

2152 4919 2344 4958 norum
2377 4903 2501 4971 equi
2538 4901 3004 4955 continuationem
3035 4903 3408 4959 contentionis
3447 4920 3550 4960 nOu
3581 4904 3725 4959 ferc-

2148 4995 2300 5049 bant.
2332 4992 2475 5063 Ergo
2505 5007 2570 5047 ne
2601 4991 2726 5060 quid
2761 4992 2915 5062 pejus
2946 4993 3124 5059 ﬁeret,
3160 4995 3432 5050 moderari
3474 5013 3719 5067 gressum

2145 5096 2393 5151 coactus,
2431 5085 2575 5139 lento
2602 5083 2868 5138 duntaxat
2907 5101 3091 5155 passu,
3126 5088 3219 5142 sed
3277 5088 3547 5144 instructu
3584 5090 3724 5144 mili-

2147 5179 2252 5234 tari
2269 5194 2332 5232 ac
2351 5179 2674 5248 prazmunito
2688 5179 3062 5234 assectabatur
3081 5191 3478 5248 praecurrentes
3499 5182 3722 5238 Turcos.

2148 5271 2263 5325 Hoc
2288 5269 2448 5324 modo
2481 5283 2722 5339 pergens
2754 5269 2856 5323 sub
2889 5269 3185 5323 diluculum
3214 5272 3460 5338 pervenit
3490 5271 3542 5323 in
3573 5271 3726 5339 prius

2151 5372 2449 5418 memorata
2485 5359 2702 5414 Burtzae
2735 5360 2956 5430 Oppida,
2988 5374 3110 5430 qua:
3161 5359 3370 5414 civibus
3419 5371 3583 5429 atque
3636 5344 3724 5412 in-

2151 5455 2287 5510 colis
2323 5464 2522 5509 cuncta
2553 5453 2830 5519 exhausit,
2861 5454 3112 5522 captivos
3135 5466 3352 5522 quoque
3377 5452 3447 5506 ibi
3483 5463 3726 5521 repertos

463 5555 598 5621 πρὸς
654 5553 747 5606 τὸν
803 5553 1188 5622 αὐτοκράτορα
1255 5551 1530 5620 φερούσης
1584 5551 1782 5621 εῐχετο.
1817 5548 1908 5601 Ἐν
1963 5546 2027 5616 τᾷ

2151 5551 2390 5616 recepit;
2428 5557 2485 5601 et
2519 5546 2737 5615 proviso
2791 5546 2899 5599 illic
2925 5543 3236 5598 a‘Barbaris
3267 5549 3580 5598 commeatu
3609 5544 3726 5612 plu-

1826 5693 1919 5751 Du
1963 5687 2185 5766 Cnngii
2221 5693 2407 5748 notas.

537 5817 578 5848 ¹⁸
604 5816 862 5885 χγρτίων.
941 5819 982 5849 ¹⁹
1009 5818 1099 5869 καὶ
1139 5818 1257 5879 τάς.
