4108 6406
471 371 611 441 1139

1726 377 1949 440 ΑΝΝᾹΞ
2007 377 2393 440 (ΣΟΜΝΕΝΑΕ

3608 378 3748 446 1140

470 494 698 563 majoris
746 492 1025 550 Romanos
1071 497 1117 549 si
1171 505 1359 564 posset
1390 497 1766 565 conturbaret,
1801 514 1908 555 non
1946 514 2051 553 una

2161 497 2303 550 πάνυ
2332 498 2434 565 τὴν
2463 496 2694 567 πορείαν
2724 496 3034 566 ἀνειμένως
3080 493 3423 565 ποιούμενοι,
3454 495 3739 555 τοσοῦτον.

469 587 735 659 phalange
788 599 1066 654 conserta,
1102 588 1196 643 sed
1239 589 1394 660 juxta
1429 605 1493 646 ea
1545 605 1668 661 quae
1697 591 1857 660 paulo
1886 605 2050 660 supeo

471 680 585 734 rius
641 679 707 735 de
769 678 948 735 forma
1004 681 1356 736 Turcicarum
1415 682 1659 737 acierum
1716 683 2051 744 dicebamus,

472 772 764 836 distinctte,
798 771 1152 842 dispersaqne
1183 775 1302 830 sine
1342 774 1535 829 ordine
1573 775 1788 847 agmina
1826 791 2049 830 suorum

470 878 696 920 cursare
746 880 908 935 quam
961 867 1451 922 tumultuosissime
1510 868 1561 922 in
1614 878 1832 921 nostros
1876 868 2050 937 jubet.

476 953 741 1026 Sperabat
767 957 1020 1012 nimirum
1044 959 1203 1013 simul
1233 960 1511 1028 inopinata
1533 960 1821 1028 derepente
1848 960 2028 1026 specie

466 1046 864 1102 incurrentium
896 1063 1186 1117 equorum,
1219 1049 1378 1104 simul
1409 1051 1563 1103 vario
1591 1058 1643 1104 et
1687 1050 1792 1103 late
1825 1060 2055 1105 sonante

467 1140 604 1193 tanti
667 1148 851 1196 motus
908 1142 1135 1210 strepitu
1186 1142 1607 1212 trepidationem
1663 1143 1941 1197 incussum
1986 1139 2053 1194 iri

468 1232 614 1288 forte
666 1232 903 1304 aliquam
958 1236 1227 1289 exercitui
1273 1235 1541 1289 Enniano.
1604 1235 1801 1289 Verum
1864 1243 2051 1290 contra

466 1323 768 1395 imperator
801 1326 1056 1382 obstabat
1087 1327 1230 1381 velut
1258 1328 1424 1382 turris
1473 1328 1581 1383 alte
1627 1339 1853 1382 exstans
1900 1342 2051 1396 qua:-

465 1414 616 1481 dam,
668 1428 761 1471 aut
811 1419 1058 1472 columna
1100 1420 1261 1488 ignis,
1297 1419 1611 1475 cmlestisve
1644 1417 1748 1471 alia
1781 1418 2050 1487 quaepiam

2157 586 2232 650 ὡς
2273 589 2408 660 μηδὲ
2445 591 2615 643 κινεῖν
2653 588 2930 643 δοκεῖσθαι
2964 591 3075 655 τοῖς
3104 588 3441 659 Βαρϐάροις.
3483 586 3563 640 Δι’
3613 587 3746 656 ὅλης

2156 679 2252 733 οὖν
2281 683 2382 750 τῆς
2415 682 2627 751 ημέρας
2664 681 3105 751 προσϐάλλοντες
3136 682 3215 753 τῷ
3250 681 3547 750 Ῥωμαϊκῷ
3572 698 3742 754 στρα-

2157 772 2391 839 τεύματι
2428 775 2522 826 καὶ
2568 773 2734 843 μηδὲν
2787 772 3071 842 ἡνυκότες,
3117 773 3246 844 μήθ’
3280 773 3441 840 ὅλως,
3479 774 3615 843 μήτε
3677 775 3746 828 ἐκ

2164 864 2369 933 μέρους
2400 864 2705 919 διασπάσαι
2726 865 2787 919 τὸ
2818 864 3129 934 Ῥωμαϊκὸν
3175 866 3466 934 σύνταγμα
3487 864 3746 936 δυνηθέν-

2158 972 2271 1020 τες,
2300 951 2459 1019 αὖθις
2483 957 2620 1028 πρὸς
2638 959 2738 1021 τὰς
2759 957 3095 1029 ἀκρολοφίας
3120 958 3415 1029 ἀνέτρεχον
3446 958 3743 1026 ἄπρακτοι,

2161 1049 2255 1100 καὶ
2284 1049 2529 1120 πυρσοὺς
2561 1049 2867 1119 τηνικαῦτα
2899 1049 3156 1116 πλείονας
3185 1051 3493 1121 ἀνάψαντες
3513 1051 3584 1104 δι’
3613 1048 3745 1119 ὅλης
3774 1047 3791 1113 ,¹

2161 1140 2360 1203 νυκτὸς
2391 1141 2632 1211 ὠρύοντο
2656 1142 2912 1214 καθάπερ
2947 1142 3102 1197 λύκοι
3129 1161 3143 1175 ⁸
3181 1143 3298 1197 ἐστι
3326 1143 3371 1197 δ’
3398 1136 3460 1196 οὗ
3486 1144 3582 1196 καὶ
3605 1141 3747 1213 πρὸς

2157 1235 2287 1297 τοὺς
2329 1234 2640 1303 Ῥωμαίους
2682 1235 3053 1291 ἀπέσκωπτον
3081 1254 3098 1270 ο
3125 1233 3269 1310 ἦσαν
3305 1238 3416 1309 γὰρ
3449 1237 3545 1292 καί
3594 1253 3748 1302 τινες

2159 1327 2218 1379 ἐν
2265 1327 2450 1390 αὐτοῖς
2501 1327 2902 1399 μιξοϐάρϐαροι
2945 1330 3338 1400 ἑλληνίζοντες.
3377 1329 3740 1401 Αὑγαζούσης

2155 1419 2212 1472 δὲ
2234 1421 2333 1486 τῆς
2369 1420 2585 1490 ἡμέρας
2617 1419 2687 1472 τὰ
2734 1419 2876 1473 αὐτὰ
2913 1421 3314 1492 μηχανώμενος
3362 1425 3389 1477 6
3426 1422 3748 1485 Μονόλυκος

464 1505 773 1564 istiusmodi
825 1511 1054 1581 species,
1096 1520 1207 1565 toto
1244 1511 1350 1565 late
1385 1510 1601 1580 agmini
1636 1511 1929 1578 conspicua
1964 1525 2058 1562 no-

2161 1514 2269 1576 τοῖς
2299 1510 2570 1582 Τούρκοις
2601 1513 2869 1567 ἐπέταττε
2910 1516 3113 1570 ποιεῖν.

465 1610 729 1667 atrorum,
784 1612 1010 1658 cunctas
1034 1603 1153 1658 visu
1208 1602 1503 1673 phalangas
1553 1601 1944 1666 corroborans,
1978 1600 2267 1671 locumque
2297 1606 2545 1658 obtinere
2608 1618 2672 1659 ac
2718 1614 2938 1660 servata
3008 1605 3198 1662 eadem
3256 1622 3496 1678 semper,
3568 1619 3749 1673 eaque

465 1694 662 1764 ﬁgura,
722 1694 859 1749 ultra
927 1695 1126 1752 vadere
1176 1694 1500 1765 fortiterque
1555 1694 1759 1749 audere
1804 1708 2046 1763 praesens
2087 1705 2277 1748 attctor
2301 1694 2522 1764 juhens,
2563 1710 2773 1749 necnon
2828 1697 2894 1751 ad
2929 1699 3154 1754 tacitam
3229 1710 3485 1767 aspectus
3551 1698 3745 1753 admo-

466 1790 730 1845 nitionem
782 1792 921 1846 hanc
954 1807 1175 1863 quoque
1219 1792 1459 1847 vocalem
1499 1792 1706 1845 addens
1734 1829 1750 1853 ,
1823 1806 1928 1860 qua
1997 1808 2122 1845 vere
2164 1794 2674 1859 commemorabat;
2738 1793 3157 1862 haudquaquam
3220 1806 3345 1845 sese
3393 1789 3587 1844 salutis
3631 1802 3746 1843 suae

370 1916 377 1922 -
464 1899 626 1939 causa
658 1886 906 1956 privatas,
963 1887 1100 1941 tanti
1131 1885 1336 1941 laboris
1363 1883 1767 1953 expeditionem
1825 1886 2157 1952 suscepisse,
2214 1885 2308 1938 sed
2341 1885 2566 1954 gloriam
2617 1897 2682 1937 ac
2747 1882 3093 1951 splendorem
3160 1891 3440 1950 spectasse
3509 1877 3743 1932 Romani

462 1977 735 2044 nominis;
797 1979 918 2033 vitae
949 1986 1126 2037 autem
1171 1993 1236 2033 ac
1287 1978 1599 2034 securitatis
1638 1976 1872 2047 propriae
1916 1992 2024 2031 non
2069 1978 2142 2031 ita
2174 1990 2294 2030 esse
2322 1977 2576 2044 cupidum
2613 1986 2670 2029 ut
2700 1990 2804 2030 non
2826 1984 2974 2031 esset
3035 1974 3413 2044 paratissimus
3451 1971 3518 2026 ad
3581 1977 3749 2039 caput

464 2069 838 2124 devovendum
911 2084 1070 2125 suum
1140 2078 1483 2141 mortemque
1529 2070 1891 2138 appetendam
1980 2084 2076 2139 pro
2148 2069 2323 2123 salute
2369 2068 2605 2136 publica.
2639 2067 2711 2121 Ea
2765 2080 2989 2138 magnos
3030 2064 3284 2120 omnibus
3312 2063 3489 2117 oratio
3517 2061 3736 2117 animos

463 2164 691 2220 addidit.
724 2164 865 2235 Ergo
896 2169 1147 2235 praesenti
1203 2164 1517 2222 fortitudine
1550 2166 1796 2220 obtinere
1847 2164 2027 2220 locum
2068 2179 2165 2232 pro
2192 2180 2249 2217 se
2279 2162 2510 2234 quisque
2534 2163 2788 2231 lentoque
2814 2177 2877 2216 ac
2941 2161 3212 2215 constanti
3270 2174 3461 2229 gressu
3524 2154 3747 2223 vadere,

462 2257 629 2331 475
698 2268 757 2313 ιιι
819 2274 886 2315 ne
963 2261 1168 2316 moveri
1253 2261 1472 2331 quidem
1542 2256 1861 2313 viderentur
1926 2258 2256 2312 intuentibus
2316 2271 2381 2311 ex
2448 2254 2730 2308 intervallo
2780 2252 3054 2318 Barbaris,
3104 2266 3333 2320 quorum
3389 2250 3531 2305 inter
3576 2265 3750 2305 vanos

466 2353 728 2421 strepitus
779 2368 842 2407 ac
878 2352 1053 2408 minas
1088 2353 1286 2408 frustra
1356 2352 1485 2406 hinc
1534 2361 1697 2421 atque
1746 2351 1869 2406 inde
1918 2350 2300 2405 lacessenti-un
2368 2357 2483 2402 t0to
2547 2348 2634 2402 die
2664 2361 2756 2414 per
2800 2358 3070 2399 summam
3141 2342 3395 2397 fiduciam
3447 2355 3743 2410 paremque

463 2456 833 2516 contemptum
867 2448 1027 2517 plane
1074 2448 1441 2518 imperterrita
1480 2463 1765 2518 progressa
1818 2456 1921 2512 est,
1989 2443 2243 2514 nullaque
2298 2442 2377 2496 sui
2437 2454 2591 2511 parte
2644 2450 2789 2493 mota
2879 2436 3249 2492 Romanorum
3306 2434 3471 2488 acies.
3556 2431 3742 2500 Quare

465 2555 686 2595 suorum
718 2549 1011 2595 conatuum
1063 2541 1272 2610 experti
1311 2542 1605 2595 vanitatem
1677 2539 1867 2603 Turci,
1938 2537 2029 2593 ubi
2060 2551 2116 2591 se
2156 2536 2207 2588 in
2243 2535 2370 2604 jnga
2423 2533 2686 2587 montium
2736 2530 2948 2599 trepido
3000 2544 3161 2583 cursu
3213 2534 3538 2596 receperunt
3588 2524 3731 2581 irriti

464 2632 710 2701 pluribus
763 2634 959 2701 passim
1006 2635 1260 2688 εκυίιιιιίε
1294 2634 1528 2703 ignibus,
1563 2644 1720 2690 nocte
1748 2640 1859 2687 tota
1889 2632 2136 2701 luporum
2166 2631 2338 2683 instar
2403 2627 2715 2680 ulularunt:
2773 2623 3043 2679 interdum
3105 2622 3272 2675 etiam
3342 2619 3588 2673 convicia
3679 2620 3737 2676 in

465 2722 742 2778 Romanos
782 2725 1054 2795 iactantes
1085 2725 1294 2795 procul.
1347 2725 1513 2779 Erant
1569 2725 1716 2780 enim
1768 2725 1913 2779 inter
1942 2737 2037 2778 eos
2075 2719 2297 2789 quidam
2349 2718 2494 2771 misti
2549 2714 2766 2785 generis
2829 2712 3004 2768 Graeci
3058 2711 3213 2779 periti
3273 2707 3569 2763 sermonis.
3624 2703 3740 2763 Re-

454 2824 666 2904 deunte
716 2822 837 2877 luce
870 2833 1119 2890 perstans
1150 2822 1203 2875 in
1240 2821 1471 2876 consilio
1502 2820 1820 2891 Monolycus
1841 2820 2033 2875 eadem
2072 2832 2191 2886 qua:
2225 2813 2402 2883 pridie
2436 2810 2747 2880 imperabat
2779 2806 2976 2862 Turcis
3008 2815 3067 2860 ut
3100 2805 3369 2904 iacerent.

444 2896 508 2932 ’Ὗ
541 2916 654 2972 Hac
680 2917 799 2970 vice
822 2930 1001 2968 rerum
1047 2918 1294 2986 pervenit
1342 2918 1392 2967 in
1434 2924 1611 2970 castra
1656 2911 1887 2967 Turcica
1931 2914 2049 2981 ipse
2082 2916 2124 2974 Β

465 3011 718 3065 sultauus
740 3008 1118 3063 Clitziasthlan
1151 3009 1240 3076 qui
1273 3006 1735 3061 ordinatissimatn
1772 3002 2048 3072 composi-

468 3103 674 3157 tionem
717 3100 943 3155 liomani
1003 3100 1274 3153 exercitus
1320 3114 1481 3166 quam
1538 3097 1836 3168 subjectum
1882 3090 2056 3148 oculis

469 3192 707 3248 habebat
762 3201 1015 3246 accurate
1071 3189 1488 3258 contemplatus,
1543 3205 1650 3243 non
1690 3185 2052 3242 dissimulavit

467 3285 684 3353 quidem
716 3283 1130 3337 admirationem
1158 3297 1310 3336 suam
1338 3297 1354 3347 ;
1396 3280 1538 3334 idem
1573 3290 1752 3334 tamen
1788 3293 1887 3350 pro
1917 3275 2057 3333 fero-

467 3378 550 3430 cia
590 3377 768 3430 aetatis
803 3375 953 3446 (erat
983 3373 1404 3443 enimjuvenis)
1449 3387 1555 3427 non
1590 3371 1857 3427 abstinuit
1922 3370 2053 3441 quin

470 3468 714 3536 culparet
743 3469 1157 3535 increparetque
1189 3465 1333 3519 ultro
1370 3464 1732 3536 Monolycum,
1792 3473 2051 3532 tanquam

472 3558 725 3612 iantiliari
751 3558 974 3611 senibus
1011 3556 1242 3628 segnitie
1290 3556 1343 3609 in
1392 3556 1472 3608 rei
1525 3555 1777 3625 gerenda:
1822 3553 2055 3609 articulo

468 3656 805 3704 cunctatum.
856 3645 998 3717 Ergo
1039 3662 1161 3702 cum
1213 3646 1504 3701 instantius
1542 3662 1607 3700 ex
1659 3660 1727 3701 eo
1762 3653 2052 3714 quaereret,

469 3740 820 3808 quamobrem
853 3740 1099 3809 prtrlium
1129 3756 1251 3794 cum
1282 3737 1541 3793 Romanis
1565 3738 1744 3793 oblata
1768 3740 2059 3793 occasione

471 3831 790 3895 distulisset,
833 3832 1040 3885 audivit
1068 3831 1185 3886 haec
1211 3848 1238 3884 ιι
1271 3845 1403 3886 sene
1433 3847 1447 3885 ε
1492 3830 1762 3885 Nimirum
1794 3847 1887 3900 ego
1912 3830 2058 3883 senio

472 3920 659 3975 debilis
691 3932 738 3973 el
768 3920 1001 3982 defectus
1038 3922 1231 3976 animis
1273 3922 1550 3976 admovere
1603 3923 1672 3974 ad
1720 3937 1908 3975 manus
1954 3938 2059 3991 pu-

470 4025 631 4080 gnam
660 4028 779 4064 cum
815 4012 1129 4082 imperatore
1170 4021 1451 4067 cunctatus
1481 4012 1736 4067 hactenus
1766 4028 1917 4078 sum;
1962 4013 2059 4066 tibi

469 4105 517 4157 si
537 4114 615 4158 est
636 4104 856 4170 ﬁducia,
891 4105 1128 4173 experire
1158 4121 1276 4176 age,
1312 4122 1404 4174 per
1428 4121 1509 4160 me
1550 4104 1706 4173 licet;
1742 4121 1825 4160 res
1853 4118 1901 4161 et
1933 4122 2057 4160 suc-

469 4211 643 4249 cessus
669 4195 868 4249 docebit
899 4198 1008 4264 ipse
1034 4196 1204 4252 utrius
1238 4197 1519 4252 consilium
1567 4198 1838 4254 salubrius
1875 4198 2054 4267 fuerit.

466 4284 662 4344 Statim
684 4289 955 4357 sultanus,
991 4290 1073 4345 his
1102 4289 1324 4355 auditis,
1371 4291 1424 4346 in
1455 4306 1549 4346 eos
1582 4292 1672 4362 qui
1722 4302 2056 4363 postremum
2087 4257 2134 4320 C

468 4380 771 4436 conﬂabant
808 4398 1001 4453 agmen
1037 4383 1285 4440 iuveCtus
1331 4384 1447 4449 ipse
1492 4394 1606 4451 est;
1654 4385 1778 4439 aliis
1823 4383 2059 4452 satrapis

471 4489 682 4542 aequam
735 4490 859 4529 cum
913 4475 1257 4545 imperatoris
1313 4476 1494 4530 l'ronte
1549 4475 1776 4530 adversa
1822 4484 2056 4546 pugnam

476 4565 852 4631 demandavit;
895 4567 1031 4621 alios
1074 4578 1333 4636 pra-terea
1386 4565 1627 4635 seposuit
1679 4564 1772 4635 qui
1827 4565 2057 4620 alterum

478 4654 737 4709 Romana:
766 4656 905 4709 aciei
933 4658 1071 4710 latus
1104 4655 1462 4725 impressione
1483 4655 1595 4710 acri
1625 4670 1722 4725 per
1750 4656 1891 4711 idem
1922 4666 2058 4709 tem-

474 4760 575 4812 pus
595 4745 950 4802 lacesserent.
978 4747 1113 4801 Dum
1143 4749 1255 4803 haec
1285 4748 1476 4824 fierent
1497 4747 1834 4817 Nicephorus
1856 4745 2060 4819 Bryen-

473 4837 595 4890 nius
625 4837 808 4894 Caesar
839 4840 930 4910 qui
975 4841 1223 4896 dextrum
1263 4856 1434 4895 cornu
1468 4851 1576 4895 tum
1625 4838 1866 4908 regebat,
1889 4854 2057 4896 sensu

471 4940 698 5001 accepto
734 4932 964 5002 periculi
1010 4947 1074 4988 ac
1119 4932 1436 4989 certaminis
1475 4948 1664 4988 eorum
1716 4934 1806 5003 qui
1840 4944 2058 5004 postre-

470 5039 619 5078 mum
653 5025 942 5079 tuebantur
988 5041 1201 5094 agmen,
1239 5026 1543 5081 vehementi
1595 5025 1915 5080 trahebatur
1957 5026 2059 5079 im-

469 5125 597 5187 petu
630 5115 785 5170 fortis
805 5116 972 5170 animi
993 5117 1059 5171 ad
1090 5117 1266 5173 locum
1297 5118 1558 5187 tantisper
1582 5120 1968 5185 deserendum,
2000 5128 2060 5173 ut

471 5208 587 5263 suis
611 5224 643 5263 a
682 5217 832 5279 tergo
860 5206 1236 5262 laborantibus
1264 5208 1507 5277 adesset;
1544 5211 1745 5264 veritus
1778 5221 1956 5266 tamen
1985 5226 2056 5265 ne

470 5300 599 5371 quid
631 5302 771 5370 quod
813 5299 1182 5369 experientem
1218 5302 1506 5357 dedeceret
1547 5304 1737 5357 ducem
1769 5303 1963 5373 cupide
1992 5318 2056 5357 ac

468 5394 789 5464 iuveniliter
828 5394 1170 5449 commisisse
1201 5394 1501 5461 videretur,
1536 5397 1782 5450 cohibuit
1820 5395 2056 5450 ferocius

469 5482 602 5540 licet
629 5484 1076 5540 effervescentem
1102 5485 1156 5540 in
1181 5484 1452 5542 Barbaros
1481 5488 1744 5553 animum,
1780 5496 1834 5543 et
1862 5491 2057 5544 ordine

2237 2907 2362 2961 Ἐπλ⁵
2416 2903 2631 2966 τούτοις
2687 2899 3018 2955 καταλαϐὼν
3076 2897 3171 2952 καὶ
3228 2897 3391 2959 αὐτὸς
3428 2900 3455 2950 6
3496 2896 3757 2961 Κλιτζιαο

2164 2999 2332 3053 σθλᾶν
2368 2994 2659 3059 σουλτάνος
2694 2994 2789 3047 καὶ
2833 2992 3173 3062 θεασάμενος
3227 2990 3326 3061 τὴν
3371 2989 3470 3042 τοῦ
3520 3006 3756 3058 στρατο-

2160 3091 2324 3144 πέδου
2370 3086 2646 3153 εὐταξίαν,
2701 3083 2979 3153 ἐθαύμασε
3044 3082 3181 3149 μὲν,
3239 3079 3541 3150 ἀπέσκωψε
3573 3081 3631 3134 δέ
3661 3075 3755 3134 οἶα

2159 3183 2279 3245 νέος
2329 3180 2468 3251 πρὸς
2524 3177 2763 3248 γέροντα
2796 3176 2887 3229 τδν
2921 3174 3239 3230 Μονόλυκον
3267 3176 3402 3229 ὅπου
3446 3174 3610 3246 χάριν
3651 3173 3755 3245 τὴν

2163 3273 2306 3344 μετὰ
2351 3269 2450 3325 τοῦ
2507 3268 2913 3339 αὐτοκράτορος
2952 3265 3283 3320 ἀνεϐάλλετο
3326 3266 3528 3337 μάχην.
3566 3266 3627 3319 Ὀ
3653 3266 3711 3319 δὲ
3736 3307 3754 3332 ,

2171 3365 2319 3434 Ἐγὼ
2349 3362 2484 3433 μὲν,
2518 3362 2651 3432 ἔφη,
2709 3361 2788 3427 ὡς
2820 3360 3007 3429 γέρων
3050 3356 3088 3427 ἢ
3164 3356 3368 3423 δειλὸς
3405 3357 3756 3428 ἀγχέμαχον

2158 3459 2275 3525 τὴν
2309 3457 2440 3525 μετ’
2490 3452 2679 3508 αὐτοῦ
2730 3451 3107 3522 συμπλοκὴν
3148 3452 3538 3521 ἀνεϐαλόμην
3572 3449 3755 3521 μέχρι

2160 3549 2367 3604 τοῦδε·
2401 3551 2452 3602 εί
2481 3547 2549 3601 δὲ
2571 3546 2652 3600 σὺ
2681 3545 2917 3615 θαρῤῶν
2943 3541 3124 3614 ἦσθα,
3159 3542 3267 3613 ἄγε
3288 3542 3364 3611 δὴ
3395 3543 3753 3612 πειράσθητι

2161 3642 2261 3695 καὶ
2292 3639 2513 3705 αὐτός·
2555 3638 2622 3691 τὸ
2673 3633 2916 3705 πρᾶγμα
2947 3634 3198 3699 διδάξει.
3239 3633 3418 3696 Εὐθὺς
3455 3627 3549 3686 οὖν
3587 3632 3755 3694 αὐτὸς

2164 3735 2263 3804 μὲν
2292 3734 2409 3796 τοῖς
2441 3730 2575 3801 περὶ
2608 3728 2710 3801 τὴν
2751 3727 3025 3798 οὐραγίαν
3065 3726 3189 3780 οὖσι
3234 3724 3595 3796 προσέϐαλεν,
3633 3722 3752 3775 ἐτέ-

2166 3843 2281 3898 ροις
2316 3825 2629 3894 σατράπαις
2674 3821 2777 3892 τὴν
2825 3818 2970 3873 κατὰ
3002 3821 3299 3889 πρόσωπον
3352 3816 3448 3869 τοῦ
3481 3813 3754 3884 αὐτοκρά-

2160 3934 2322 3989 τορος
2378 3912 2693 3987 προσϐολὴν
2744 3911 3017 3976 ἐπέταξε,
3074 3910 3169 3962 καὶ
3225 3906 3411 3970 ἄλλοις
3465 3906 3566 3976 τὴν
3630 3903 3754 3956 καθ’

2160 4011 2363 4081 ἑτέραν
2403 4006 2651 4078 πλευρὰν
2703 4005 2803 4075 τῆς
2857 4002 3224 4074 παρατάξεως
3271 4000 3453 4071 μάχην
3506 3998 3750 4051 ἀνέθετο.

2175 4103 2237 4160 'O
2289 4101 2422 4172 γοῦν
2481 4099 2543 4152 τὸ
2606 4096 2784 4163 δεξιὸν
2842 4095 3013 4167 κέρας
3074 4093 3292 4163 ἐπέχων
3351 4092 3671 4161 Νικηφόρος
3723 4090 3755 4140 δ

2166 4194 2467 4268 Βρυέννιος
2521 4192 2765 4260 Καῖσαρ,
2797 4187 2899 4256 τῆς
2948 4185 3093 4240 κατὰ
3133 4184 3237 4250 τὴν
3268 4184 3536 4253 οὐραγίαν
3572 4183 3754 4251 μάχης

2162 4287 2514 4357 αἰσθόμενος,
2563 4278 2842 4352 ἐσφάδαζε
2901 4279 3001 4350 μὲν
3050 4275 3285 4347 ἀμύνειν
3337 4278 3450 4340 τοῖς
3499 4275 3752 4341 ὖπισθεν,

2161 4382 2263 4436 οὐκ
2300 4379 2461 4452 ἠθελε
2489 4375 2547 4431 δὲ
2596 4373 2857 4446 ἀπειρίας
2897 4372 2929 4442 ἢ
2976 4370 3233 4440 νεότητος
3279 4364 3616 4433 ἐνδείξασθαι
3662 4383 3755 4433 τι,

2162 4474 2279 4529 ἀλλ’
2312 4474 2499 4541 ἐπεῖχε
2550 4469 2730 4523 καίτοι
2770 4465 3051 4519 λυττῶντα
3100 4464 3192 4517 τὸν
3256 4463 3400 4516 κατὰ
3460 4461 3573 4514 τῶν
3606 4462 3752 4527 Βαρ-

2164 4568 2351 4639 ϐάρων
2378 4563 2576 4633 θυμὸν,
2623 4561 2725 4616 καὶ
2757 4560 2856 4613 σὺν
2894 4557 3124 4628 εὐταξίᾳ
3156 4556 3249 4609 ἐπὶ
3291 4553 3498 4608 ταυτοῦ
3533 4555 3754 4622 σχήμα-

2160 4671 2253 4722 τος
2294 4657 2395 4727 τὴν
2427 4655 2658 4726 πορείαν
2689 4651 2967 4705 ποιεῖσθαι
2997 4648 3320 4710 ἐσπούδαζε.
3357 4646 3659 4716 Καρτερῶς
3694 4643 3754 4695 δὲ

2167 4751 2279 4806 τῶν
2311 4749 2619 4821 Βαρϐάρων
2651 4743 3004 4818 μαχομένων,
3046 4743 3075 4794 6
3130 4740 3191 4794 τὸ
3245 4738 3535 4811 ἀριστερὸν
3581 4737 3755 4802 κέρας

2162 4845 2376 4915 ἐπέχων
2408 4844 2437 4896 6
2489 4839 2748 4909 φίλτατός
2802 4852 2892 4908 μοι
2937 4835 3048 4887 τῶν
3097 4832 3347 4900 ἀδελφῶν
3378 4834 3406 4883 6
3460 4831 3753 4900 Πορφυρο-

2160 4937 2359 5006 γέννης
2422 4933 2770 5002 Ἀνδρόνικος
2825 4928 2928 4989 τὰς
2981 4926 3135 4997 ἡνίας
3194 4924 3461 4994 στρέψας,
3508 4920 3754 4990 σφοδρὰν

2160 5028 2303 5083 κατὰ
2339 5026 2440 5097 τῆς
2488 5024 2626 5086 ἰδίας
2660 5021 2944 5091 φάλαγγος
2982 5017 3083 5088 τὴν
3118 5014 3263 5070 κατὰ
3293 5016 3403 5068 τῶν
3444 5013 3750 5084 Βαρϐάρων

2162 5119 2454 5174 ἐπέλευσιν
2502 5115 2825 5182 ἐποιήσατο.
2865 5108 2964 5171 Ὃς
2997 5111 3078 5171 είς
3110 5107 3171 5161 τὸ
3211 5107 3574 5176 χαριέστατον
3615 5103 3750 5155 αὐτὸ

2159 5213 2261 5283 τῆς
2291 5208 2509 5281 ἡλικίας
2543 5204 2848 5276 ἐληλυθὼς,
2878 5202 3084 5272 τόλμαν
3115 5201 3174 5255 δὲ
3208 5200 3440 5271 συνετὴν
3469 5197 3566 5252 καὶ
3588 5197 3749 5267 χεῖρα

2158 5305 2340 5372 δεξιὰν
2363 5304 2459 5357 καὶ
2484 5301 2745 5372 φρόνησιν
2778 5297 3041 5368 περιττὴν
3066 5299 3124 5348 ἐν
3152 5294 3416 5363 πολέμοις
3462 5293 3603 5362 έχων
3636 5288 3751 5358 πρὸ

2160 5395 2357 5468 καιροῦ
2392 5393 2588 5466 ᾤχετο,
2642 5392 2736 5444 καὶ
2771 5391 2846 5453 ὡς
2877 5389 2978 5442 οὐκ
3024 5389 3090 5442 ἄν
3117 5405 3197 5446 τις
3230 5386 3459 5457 ἤλπισεν
3496 5381 3554 5449 ἐξ
3584 5381 3747 5452 ἡμῶν

2157 5487 2374 5558 ἀπῆλθε
2407 5486 2502 5540 καὶ
2547 5482 2770 5537 κατέδυ.
2813 5481 2879 5535 Ὢ
2915 5476 3238 5549 νεότης.κα“ι
3272 5475 3425 5546 ἀκμὴ
3465 5476 3742 5542 σώματος,

469 5577 676 5647 optimo
702 5586 913 5632 servata
943 5579 1113 5650 ligura
1148 5579 1415 5635 universae
1447 5580 1604 5646 aciei,
1656 5580 1775 5635 loco
1804 5581 1910 5637 sibi
1955 5583 2052 5634 de-

2161 5582 2256 5635 κα“ι
2312 5581 2403 5631 ἐπὶ
2427 5578 2473 5610 ¹⁵
2527 5576 2637 5630 τῶν
2688 5574 2872 5628 ἵππων
2924 5571 3142 5644 ἆλματα
3195 5567 3409 5639 κοῦφαί
3463 5564 3564 5619 ποῦ
3607 5580 3747 5617 ποτε

1466 5717 1677 5798 Variae
1707 5717 2018 5782 lectiones
2054 5735 2133 5782 ex
2160 5716 2303 5781 cod.
2338 5714 2604 5778 Coislin.
2678 5730 2679 5733 ‘

542 5832 592 5866 ⁸⁸
609 5834 669 5887 τὸ
707 5835 825 5886 ἐπὶ.
