4108 6396
481 359 623 430 1147

1799 363 2033 424 ΑΝΝᾸΞ
2073 361 2461 425 COMNENA'.‘

3619 352 3755 417 llﬁl

483 475 743 533 invadere
779 477 1005 543 parabat
1057 471 1390 539 faventibus,
1417 483 1478 526 ut
1509 471 1626 526 lleri
1657 473 1886 538 assolet,
1923 474 2064 527 clam

2193 472 2334 542 ρόνον
2397 469 2832 526 ὐπεισελθόντων
2865 470 3014 540 αὐτῷ
3049 467 3352 538 σατραπῶν
3379 484 3546 521 τινων
3604 471 3772 522 ὁποία

485 569 566 624 illi
610 577 664 623 et
692 566 924 622 consilia
951 565 1263 634 auxiliaque
1297 563 1653 619 oﬂ'erentibus
1701 566 1936 633 satrapis
1958 569 2071 635 qui-

484 659 747 713 busdam.
777 658 1000 724 Aperuit
1027 658 1241 710 sultano
1269 670 1380 710 rem
1429 665 1592 709 totam
1629 656 1947 725 imperator,
1981 674 2072 710 an-

487 761 715 818 ctorque
739 747 816 800 illi
849 747 947 800 fuit
978 746 1222 800 morandi
1279 746 1542 816 tantisper
1579 748 1722 816 apud
1778 763 1837 802 se
1892 750 2070 819 quoad

489 839 728 894 certiora
784 837 1124 905 clarioraque
1183 835 1379 888 iudicia
1434 847 1715 890 exstarent
1742 838 1968 891 occulte
2020 840 2074 892 in

487 925 666 997 ipsum
705 927 994 989 coitionis,
1041 924 1194 993 cujus
1230 925 1441 994 primus
1494 927 1655 980 modo
1697 927 1878 983 l'ttvnus
1925 944 2073 983 ema-

490 1027 700 1074 nasset.
736 1016 827 1072 Sic
861 1018 1093 1087 provisis
1136 1017 1485 1073 inimicorum
1521 1019 1755 1082 insidiis,
1791 1034 2079 1090 compara-

496 1119 661 1178 toqne
697 1109 952 1176 praesidio
983 1110 1232 1163 securius
1263 1110 1543 1178 tutiusque
1577 1111 1874 1177 abiturum,
1901 1117 2078 1167 amice

492 1219 557 1258 ac
585 1203 902 1258 salutariter
929 1204 1252 1259 admonens.
1281 1203 1479 1258 Verum
1509 1205 1602 1260 ille
1635 1206 1838 1276 ingenti
1877 1206 2073 1261 liducia

488 1295 776 1350 consilium
837 1296 1168 1364 repudiavit.
1221 1296 1501 1362 Augustus
1551 1297 1737 1366 igitur,
1793 1311 1860 1351 ne
1908 1297 2078 1351 videri

489 1399 675 1457 posset
705 1389 755 1441 vi
788 1388 1038 1444 detinere
1075 1390 1140 1442 ad
1170 1405 1228 1443 se
1255 1390 1398 1444 ultro
1425 1389 1723 1459 profectum
1756 1391 2078 1457 principem,

487 1493 542 1536 et
570 1481 729 1535 nimis
755 1481 996 1536 sedulum
1027 1481 1260 1534 ollicium
1291 1483 1340 1536 in
1369 1468 1842 1550 reprehensionem
1891 1499 1953 1537 ac
1985 1498 2080 1538 ca-

494 1573 756 1626 lumniam
821 1575 1170 1639 traheretur,
1227 1589 1331 1628 suo
1386 1576 1461 1628 uti
1518 1574 1728 1644 judicio
1777 1575 2080 1629 Barbarum

492 1680 692 1736 passus
753 1674 860 1721 est.
919 1665 1043 1721 Haec
1101 1677 1310 1721 tantum
1371 1668 1588 1720 abeunti
1646 1667 1832 1722 dixit:
1886 1667 2083 1723 Melius

492 1755 705 1824 quidem
742 1755 1258 1826 fueratexspectare
1291 1759 1378 1814 hic
1411 1761 1476 1813 ad
1510 1769 1728 1825 tempus
1763 1759 2080 1816 modicum:

494 1860 680 1901 verum
712 1850 966 1917 quoniam
999 1850 1050 1902 id
1085 1851 1178 1904 tibi
1214 1849 1403 1920 utique
1431 1850 1581 1905 cordi
1617 1865 1722 1903 non
1756 1858 1857 1912 est,
1888 1851 2084 1903 cedere
2118 1845 2158 1901 Β

500 1955 585 1994 me
610 1955 836 1996 necesse
863 1951 947 1997 est
978 1943 1242 1995 voluntati
1279 1953 1403 1995 nne.
1431 1941 1666 1996 Tantum
1732 1951 1880 2010 peto,
1922 1941 2089 2010 priori

493 2032 723 2087 consilio
746 2036 1022 2094 exclusus.
1052 2036 1284 2087 alterum
1320 2045 1370 2086 ut
1401 2034 1502 2088 huc
1536 2050 1604 2088 ne
1637 2035 1870 2104 rejicias.
1897 2035 2092 2090 Sumus

498 2135 681 2181 tecum
717 2139 915 2180 censeo
957 2128 1213 2180 idoneum
1271 2143 1554 2180 numerum
1600 2129 2083 2195 cataphractorum

498 2218 740 2272 militum
773 2234 834 2273 ex
878 2219 1143 2273 Romanis
1175 2221 1383 2273 nostris
1434 2220 1525 2288 qui
1580 2230 1632 2273 te
1679 2220 1888 2272 salvum
1926 2230 2091 2288 atque

495 2309 823 2364 incolumem
854 2310 1098 2366 Iconium
1128 2326 1302 2381 usque
1342 2311 1447 2365 lido
1483 2312 1734 2380 praesidio
1767 2314 2084 2379 perducant.

493 2400 572 2455 Ne
601 2402 703 2455 hoc
729 2402 946 2470 quidem
987 2403 1299 2472 persuaderi
1365 2401 1622 2456 Sullanus
1655 2403 1821 2467 sivit,
1856 2413 1912 2456 ul
1957 2413 2086 2457 sunt

495 2493 768 2560 pervicaci
802 2493 1006 2548 ferocia
1047 2495 1392 2563 praeﬁdentes
1436 2493 1682 2554 Barbari.
1711 2509 1773 2548 ac
1810 2510 1947 2562 pene
1983 2512 2084 2546 Itu-

495 2587 590 2639 bes
622 2599 742 2638 sese
775 2585 918 2652 ipsas
948 2600 1276 2653 exsuperare
1354 2586 1723 2655 magnitudine
1793 2588 2138 2654 potentiaque
2177 2595 2480 2638 autumant.
2517 2583 2646 2640 Vale
2688 2584 2851 2654 igitur
2886 2583 3195 2653 imperatori
3226 2583 3400 2646 dicto,

495 2686 653 2731 natus
683 2677 908 2745 pecunia
945 2680 1216 2747 repetebat
1239 2681 1477 2745 domum;
1507 2690 1561 2732 at
1586 2695 1712 2735 ecce
1739 2691 1899 2736 nocte
1924 2685 2158 2751 quadam
2201 2681 2484 2733 dormienti
2511 2682 2779 2733 souminm
2813 2679 3058 2746 olfertur,
3125 2696 3229 2736 non
3290 2681 3358 2734 ab

2184 566 2374 619 είωθεν
2392 567 2465 629 ὡς
2483 567 2688 620 ἐπίπαν
2715 563 3342 634 γίνεσθαι,ξυνεϐούλευε
3369 563 3549 634 μεῖναι
3573 563 3776 633 μικρὸν

2183 659 2297 712 ἐστ’
2324 659 2388 714 ἂν
2418 662 2486 713 τά
2517 659 2638 714 κατ’
2673 657 2840 713 αὐτοῦ
2885 658 3244 727 μελετῶμενα
3286 657 3621 727 σαφέστερον
3651 655 3774 710 δια-

2185 753 2363 822 γνοίη.
2397 753 2505 804 Καὶ
2535 751 2713 814 οὕτως
2752 749 3118 803 ἀπελεύσεται
3149 747 3440 816 γινώσκων
3463 747 3531 800 τὰ
3564 765 3779 814 συμπε-

2187 845 2350 897 σόντα
2402 844 2494 896 καὶ
2533 843 2962 913 φυλαττόμενος.
3007 842 3066 893 Ὀ
3105 841 3161 894 δὲ
3198 841 3338 911 παρ’
3361 839 3515 892 οὐδὲν
3544 838 3644 909 τὴν
3675 839 3776 891 τοῦ

2185 937 2591 1007 αὐτοκράτορος
2627 936 2824 1006 βουλὴν
2851 934 3212 1003 λογισάμενος
3261 933 3355 985 καὶ
3395 931 3620 1002 θαρῤῶν
3646 933 3781 984 ἐαυ-

2185 1027 2285 1098 τῷ,
2315 1030 2497 1099 εἴχετο
2525 1027 2619 1082 τοῦ
2666 1027 2892 1082 σκοποῦ.
2929 1028 3048 1080 Ἵνα
3077 1025 3210 1092 γοῦν
3246 1024 3320 1094 μὴ
3366 1023 3494 1095 δόξῃ
3544 1026 3572 1076 ὁ
3616 1025 3776 1076 αὐτο-

2187 1118 2416 1188 κράτωρ
2473 1119 2564 1170 τὸν
2609 1117 2908 1187 αὐτόμολον
2965 1115 3259 1168 σουλτὰνον
3293 1113 3386 1183 βίᾳ.
3437 1115 3777 1182 κατασχεῖν,

2187 1206 2286 1258 καὶ
2320 1204 2512 1275 μῶμος
2568 1205 2820 1259 ἐντεῦθεν
2852 1204 3000 1274 αὐτῷ
3044 1203 3380 1282 προστριϐῇ,
3414 1203 3652 1256 ἐνεδίδου
3708 1205 3777 1272 τῇ

2187 1297 2382 1370 γνώμῃ
2439 1297 2534 1351 τοῦ
2594 1297 2906 1368 Βαρϐἀρου,
2962 1297 3203 1366 φάμενος
3238 1311 3254 1328 ο
3304 1294 3487 1348 Καλὸν
3545 1295 3648 1362 μὲν
3705 1291 3783 1366 ἦν

2189 1394 2512 1463 περιμεῖναι
2560 1391 2696 1454 τέως
2746 1391 2966 1460 μικρὸν,
3007 1391 3131 1442 ἐπεὶ
3173 1390 3230 1442 δὲ
3296 1387 3640 1456 καταθύμιόν
3691 1405 3780 1441 σοι

2189 1485 2348 1538 τοῦτὸ
2387 1487 2537 1538 ἐστιν
2567 1486 2870 1552 ἀναγκαῖον
2915 1486 3008 1536 τὸν
3054 1483 3307 1551 δεύτερον
3339 1483 3367 1534 ὅ
3419 1498 3554 1550 φασι
3605 1481 3782 1533 πλοῦν

2191 1577 2287 1630 καὶ
2348 1577 2778 1646 καταφράκτους
2827 1577 3169 1646 στρατίωτας
3215 1575 3436 1636 ἱκανοὺς
3487 1573 3787 1642 Ῥωμαίων

2191 1669 2252 1734 ἐξ
2281 1669 2437 1740 ἡμῶν
2464 1668 2835 1723 ἀναλαϐέσθαι
2892 1669 3020 1730 τοὺς
3059 1667 3270 1728 ἀϐλαϐῆ
3306 1683 3364 1719 σε
3410 1665 3781 1727 διασώσοντας

2198 1761 2391 1830 μέχρις
2418 1760 2584 1813 αὐτοῦ
2627 1758 2872 1813 Ἰκονίου.
2921 1758 3064 1810 ’Λλ.λ’
3096 1757 3216 1809 οὐδέ
3242 1755 3380 1825 πρὸς
3409 1756 3571 1808 τοῦτο
3608 1773 3782 1809 κατα-

2191 1854 2382 1922 πειθὴς
2416 1854 2443 1904 ὁ
2478 1851 2760 1923 Βάρϐαρος
2788 1846 2878 1922 ἦν,
2910 1852 3068 1903 ὁποῖα
3098 1849 3168 1901 τὰ
3201 1849 3309 1901 τῶν
3341 1847 3643 1917 Βαρϐάρων
3668 1847 3778 1920 ἢθη

2190 1946 2452 2015 ἀγὲρωχα
2502 1946 2726 2014 μονονοὺ
2763 1945 2857 1998 καὶ
2891 1942 3074 1997 αὐτῶν
3119 1940 3294 2009 νεφῶν
3343 1937 3788 2008 ὑπερϐάλλεσθαι

2189 2036 2477 2104 οἰομένων.
2540 2035 2956 2102 Συνταξάμενος
3021 2034 3198 2086 τοίνυν
3251 2029 3330 2100 τῷ
3394 2029 3784 2100 αὐτοκράτορι,

2191 2127 2285 2178 καὶ
2322 2125 2584 2195 χρήματα
2617 2125 2779 2177 ἱκανά
2803 2123 3013 2188 λαϐὼν,
3052 2123 3154 2191 τῆς
3199 2123 3338 2190 πρὸς
3381 2119 3451 2172 τά
3497 2118 3640 2172 οἴκοι
3686 2134 3788 2182 φε-

2194 2216 2398 2288 ρούσης
2451 2217 2651 2286 εἴχετο.
2719 2217 2968 2287 Ὄνειρος
3016 2215 3071 2268 δέ
3127 2233 3209 2277 τις
3280 2215 3573 2282 ἐφίσταται
3637 2210 3789 2280 αὐτῷ

2188 2309 2384 2372 νυκτὸς
2417 2310 2517 2362 οὐκ
2547 2309 2852 2378 ἀπατηλὸς,
2880 2308 3005 2362 οὐτε
3035 2311 3100 2362 ἐκ
3157 2309 3279 2370 Διὸς
3328 2307 3626 2376 πεμφθεὶς,
3659 2304 3786 2358 οὐτε

2189 2401 2298 2471 μὴν
2329 2401 2642 2472 ἐποτρύνων
2672 2401 2812 2470 πρὸς
2845 2403 3026 2471 μάχας
3061 2402 3154 2454 τὸν
3192 2401 3498 2472 Βάρϐαρον,
3527 2398 3790 2468 καθάπερ

2185 2494 2218 2563 ὴ
2249 2491 2479 2556 γλυκεῖά
2523 2509 2659 2562 φησι
2687 2491 2930 2560 ποίησις,

3481 2585 3651 2638 multa
3686 2583 3788 2637 do-

3461 2677 3593 2734 .Iove
3660 2680 3792 2734 mis-

495 2785 636 2831 sum,
671 2768 967 2823 iucitansve
999 2773 1064 2822 ad
1098 2786 1308 2840 pugnas
1341 2770 1663 2837 Barbarum,
1695 2773 1855 2840 quale
1887 2775 2072 2829 suavis
2113 2773 2351 2828 celebrat
2379 2770 2596 2826 Homeri
2632 2772 2786 2825 Musa
2813 2811 2828 2833 ,

570 2859 802 2929 referens
839 2859 1106 2914 Neleidem
1141 2861 1371 2916 Nestora
1407 2864 1555 2916 uultu
1591 2878 1611 2917 :

501 2954 595 3007 sed
643 2967 807 3008 verax
862 2953 1091 3007 nimium
1145 2969 1211 3008 ac
1259 2954 1436 3029 minas
1476 2956 1743 3010 malorum
1803 2958 2090 3011 eventibus

497 3045 823 3100 sanciendas
855 3042 1059 3098 ferens.
1082 3042 1384 3100 Videbatur
1406 3045 1510 3100 sibi
1535 3047 1809 3115 prendens
1842 3047 2090 3102 infestari

498 3119 836 3191 circumfuso
865 3136 1103 3206 undique
1137 3137 1382 3192 exercitu
1417 3154 1729 3192 muscarum
1766 3153 1928 3209 quem
1962 3141 2094 3192 ede-

2659 2863 2904 2930 Νηληΐῳ
2937 2855 3028 2916 vlt
3059 2861 3291 2928 ἐοικὼς,

2194 2955 2330 3010 ἀλλὰ
2350 2955 2572 3026 τ’ἀληθῆ
2601 2955 2678 3027 τῷ
2709 2955 2981 3025 Βαρϐάρῳ
3015 2954 3544 3025 προμαντευόμενος.
3585 2955 3793 3011 Ἐδόκει

2195 3046 2308 3116 γάρ
2325 3045 2465 3114 τάχα
2493 3046 2656 3114 μυίας
2675 3046 2719 3077 ³ο
2743 3047 2800 3098 ἐν
2825 3045 2900 3112 τῷ
2919 3046 3152 3116 ἀριστᾷν
3169 3044 3374 3113 ὁμαδὸν
3404 3045 3792 3115 περιχυθείσας

2197 3135 2368 3206 αὐτῷ,
2405 3139 2496 3189 καί⁵
2527 3136 2587 3189 ὃν
2625 3139 2925 3206 κατήσθιεν
2951 3137 3117 3206 ἄρτον
3141 3137 3204 3188 ἐκ
3229 3135 3338 3189 τῶν
3370 3136 3574 3204 χειρῶν
3606 3137 3794 3206 ἀφαρ-

500 3229 592 3280 bat
623 3243 818 3297 panem
854 3239 1185 3298 extorquere
1223 3231 1323 3299 ipsi
1369 3231 1435 3285 de
1472 3232 1722 3286 manibus
1753 3233 2087 3287 conantium.

2199 3229 2373 3282 πάσαι
2425 3227 2784 3290 σπευδούσας.
2833 3227 2940 3280 Τοῦ
2980 3226 3037 3280 δὲ
3095 3228 3584 3298 καταφρονητικῶς
3621 3229 3797 3282 διατι-

497 3316 766 3373 lrridebat
793 3320 1122 3376 insectorum
1163 3321 1500 3377 dilllabilium
1530 3339 1697 3376 vanos
1727 3334 1925 3389 motus,
1955 3339 2089 3378 con-

500 3411 857 3480 temptimqne
882 3414 1134 3484 abigebat
1162 3430 1176 3479 ;
1210 3429 1332 3468 cum
1367 3427 1588 3484 repente
1638 3431 1837 3471 musca;
1871 3427 2090 3470 vertun-

501 3512 589 3557 tur
617 3505 668 3558 in
696 3504 901 3569 leones,
938 3515 1142 3561 mutata
1166 3508 1274 3577 jam
1313 3516 1502 3562 natura
1541 3508 1700 3563 facile
1741 3509 1842 3576 ipsi
1880 3523 2090 3576 praeva-

504 3596 704 3651 lentes.
737 3597 1105 3667 EXperrectus
1143 3601 1319 3655 visum
1369 3612 1560 3654 narrat
1609 3601 1736 3655 dato
1768 3602 1867 3654 sibi
1909 3602 1962 3654 iu
1991 3601 2092 3655 via:

501 3689 762 3743 comitem
799 3691 865 3744 ab
897 3689 1228 3760 imperatore
1266 3692 1423 3747 militi
1452 3732 1466 3758 ,
1498 3692 1654 3761 cujus
1705 3694 1867 3746 etiam
1901 3695 1967 3746 de
2003 3693 2090 3745 iu-

502 3781 896 3849 terpru-tatione
924 3785 1125 3836 somnii
1160 3785 1491 3838 sententiam
1528 3787 1770 3853 exquirit
1803 3803 1817 3840 :
1854 3801 1962 3854 quo
2005 3802 2092 3841 re-

503 3872 806 3940 spondente
859 3871 1031 3926 videri
1078 3874 1184 3928 sibi
1227 3889 1542 3928 muscarum
1595 3875 1702 3932 illis
1761 3891 1824 3931 ac
1875 3877 2091 3932 leonum

504 3961 830 4026 iusultibus,
882 3977 1042 4018 veros
1097 3964 1441 4019 inimicorum
1495 3965 1746 4020 incursus
1794 3969 2086 4036 portendi,

507 4055 666 4106 Iidem
705 4054 878 4108 ariolo
909 4071 1013 4108 non
1050 4055 1276 4122 addidit,
1315 4071 1500 4110 verum
1535 4059 1612 4112 uti
1649 4069 1890 4128 cmperat
1940 4077 2096 4116 ruere

504 4159 761 4213 pergens,
796 4159 957 4215 quam
989 4147 1294 4216 improvide
1335 4148 1530 4204 inierat
1560 4191 1574 4214 ,
1631 4165 1822 4205 secure
1868 4151 2095 4208 nimium

506 4236 654 4291 nullo
687 4237 880 4291 idoneo
909 4245 1082 4292 tectus
1118 4239 1377 4294 comitatu
1415 4241 1554 4295 viam
1588 4242 1836 4314 urgebat.
1872 4243 2098 4299 Premi-

503 4331 576 4384 sit
613 4339 794 4384 tamen
843 4330 1224 4399 exploratores
1273 4334 1364 4401 qui
1405 4334 1804 4400 observarent,
1845 4351 1968 4390 mox
2009 4353 2095 4390 re-

505 4423 825 4484 nuntiaturi,
869 4439 995 4476 num
1024 4426 1114 4492 qui
1160 4425 1344 4478 hostes
1379 4427 1582 4494 egressi
1615 4427 1682 4480 ad
1730 4429 2088 4496 praedandum

504 4527 710 4570 essent.
761 4514 1059 4570 Oll‘endunt
1113 4517 1486 4585 exploratores
1538 4519 1712 4586 ipsum
1748 4519 1925 4574 Masut
1975 4537 2098 4576 cum

2196 3323 2429 3392 θεμένου
2480 3323 2575 3375 καὶ
2596 3321 3037 3391 ἀποδιοπομπεῖν
3090 3321 3531 3391 ἐπιχειροῦντος,
3568 3323 3792 3390 αἴφνης,

2192 3416 2273 3476 είς
2320 3415 2514 3468 λέοντα
2561 3413 2976 3479 ἀλλαξαμένους
3008 3414 3108 3484 τὴν
3143 3412 3305 3482 φύσιν
3341 3412 3435 3465 καὶ
3492 3414 3796 3484 ὑπερισχυ-

2191 3510 2356 3570 κότας
2417 3505 2607 3562 αὐτοὶ
2664 3507 3015 3570 Διυπνισθεὶς
3069 3505 3128 3558 δὲ
3190 3504 3270 3575 τῷ
3336 3505 3793 3575 συνοδοποροῦντι

2193 3601 2368 3671 τούτῳ
2423 3597 2734 3670 στρατιώτῃ
2795 3597 2891 3651 τοῦ
2949 3597 3360 3669 αὐτοκράτορος
3413 3598 3656 3667 διηγεῖτο
3701 3599 3793 3652 τὸν

2193 3691 2432 3762 ὄνειρον,
2468 3689 2877 3760 πυνθανόμενος
2919 3689 2974 3742 τί
3024 3689 3091 3743 ἀν
3145 3689 3409 3759 βούλοιτο.
3442 3688 3551 3741 Τοῦ
3602 3688 3660 3741 δὲ
3711 3690 3788 3751 είς

2194 3785 2423 3855 ἐχθροὺς
2448 3785 2548 3848 τὰς
2587 3785 2753 3854 μυίας
2791 3784 2834 3816 ³⁸
2867 3800 2926 3836 τε
2961 3785 3056 3835 καὶ
3081 3783 3206 3844 τοὺς
3233 3781 3455 3844 λέοντας
3480 3780 3791 3844 διαλύοντος

2195 3879 2287 3930 τὸν
2340 3877 2584 3948 δνειρον,
2622 3878 2784 3940 αὐτὸς
2821 3876 2888 3946 δὴ
2927 3873 3208 3929 πιστεύειν
3251 3875 3353 3928 οὐκ
3396 3873 3612 3944 ἢθελεν,
3652 3873 3794 3927 ἀλλά

2197 3971 2503 4032 σπουδαίως
2542 3971 2636 4022 καὶ
2665 3969 3090 4040 ἀπερισκέπτως
3115 3967 3212 4035 τῆς
3241 3967 3553 4035 ὁδοιπορίας
3585 3965 3794 4034 εἴχετο.

2200 4062 2442 4124 Σκοποὺς
2465 4062 2523 4114 δὲ
2557 4063 2697 4130 τάχα
2726 4061 3170 4132 προαπεστάλκει
3218 4059 3303 4128 ἐφ’
3330 4053 3374 4126 ᾧ
3410 4059 3794 4130 περιαθρήσαι

2202 4157 2276 4226 μή
2306 4173 2452 4218 τινες
2479 4154 2666 4226 ἐχθροὶ
2707 4157 2788 4219 είς
2823 4154 3106 4224 προνομὴν
3147 4151 3590 4222 ἐξεληλύθεισαν.
3632 4150 3800 4221 Αὐτῷ

2197 4249 2254 4302 δὲ
2286 4249 2364 4320 τῷ
2399 4248 2628 4302 Μασοὺτ
2658 4248 2709 4300 οί
2740 4247 2934 4300 σκοποὶ
2960 4243 3380 4314 ἐντετυχηκότες
3416 4243 3556 4312 μετά
3587 4242 3798 4310 πολλῆς

2202 4344 2466 4414 στρατιᾶς
2518 4343 2622 4414 ήδη
2681 4340 3201 4410 καταλαμϐάνοντι,
3267 4336 3362 4390 καὶ
3426 4336 3798 4406 ὁμιλήσαντες

2199 4435 2378 4504 τούτῳ
2433 4432 2751 4503 ξυνθέμενοί
2786 4449 2846 4484 τε
2898 4434 2962 4501 τῇ
3009 4429 3224 4482 ἐκείνου
3259 4427 3406 4480 κατά
3452 4426 3548 4478 τοῦ
3594 4425 3803 4477 Σαῖσάν

2204 4531 2420 4598 γνώμῃ,
2461 4525 2834 4595 ἐπέστρεψαν,
2866 4523 3072 4593 μηδένα
3104 4520 3409 4592 ἑωρακέναι
3442 4517 3802 4572 διαϐεϐαιού-

504 4609 751 4662 exercitu
785 4609 989 4678 ingenti
1035 4611 1283 4677 proxime
1329 4611 1438 4678 jam
1495 4613 1730 4668 distante
1783 4628 1812 4666 a
1872 4613 2087 4669 Sullanc

2208 4635 2380 4689 μενοι.
2449 4619 2648 4671 Πιστδν
2671 4617 2728 4670 δὲ
2770 4618 2862 4669 τὸν
2893 4614 3051 4682 λόγον
3105 4610 3387 4682 δεξαμένῳ
3437 4609 3518 4681 τῷ
3589 4608 3804 4660 Σαῖσάν

507 4716 666 4768 quem
700 4701 925 4755 infestus
953 4704 1189 4771 petebat.
1213 4702 1353 4768 Quid
1381 4703 1622 4758 lacerent
1641 4705 1800 4759 rebus
1825 4704 2098 4774 perditis?

518 4805 712 4860 nempe
741 4784 862 4846 eum
921 4792 1148 4848 fortiore
1179 4794 1565 4863 colloquuntur
1598 4805 1650 4851 et
1695 4796 2004 4866 proditione
2033 4813 2097 4852 ac

509 4886 737 4952 perlldia
763 4886 991 4942 salutem
1030 4888 1172 4957 pacti
1216 4889 1517 4957 pr0priam,
1563 4905 1631 4944 ex
1681 4893 1987 4960 composito
2024 4893 2092 4948 ad

2205 4708 2302 4762 καὶ
2345 4708 2806 4779 ἀπεριμερίμνως
2855 4704 3123 4766 ὁδεύοντι,
3160 4700 3426 4771 δυνάμεις
3472 4700 3622 4769 αὐτῷ
3669 4715 3803 4750 συν-

2205 4799 2413 4854 αντῶσι
2459 4799 2804 4872 βαρϐαρικαὶ
2856 4797 2955 4850 τοῦ
3006 4793 3254 4850 Μασούτ.
3311 4793 3680 4864 Προπηδὴσας
3738 4791 3802 4846 δὲ

2202 4894 2302 4962 τῆς
2351 4893 2639 4960 φάλαγγος
2667 4891 2851 4962 Γασής
2893 4890 2938 4922 ⁸⁸
2996 4886 3109 4960 (80)
3167 4903 3253 4950 τις
3295 4886 3412 4950 υίὸς
3457 4883 3555 4939 τοῦ
3585 4882 3797 4956 σατρά-

1547 4986 1748 5047 Variae
1779 4986 2091 5050 lectiones
2120 5005 2201 5050 ex
2235 4987 2381 5051 cod.
2427 4987 2696 5050 Coislin.

618 5081 663 5114 ³ο
691 5079 858 5152 μῦας.
937 5083 978 5115 ³¹
1009 5084 1177 5153 μῦας.
1257 5086 1302 5119 ³¹
1332 5085 1535 5157 Σαλής.

1598 5157 1742 5219 Car.
1784 5154 2122 5217 Dufresnii
2157 5158 2256 5219 Du
2293 5156 2513 5236 Cangii
2553 5161 2744 5216 noue.

583 5256 694 5326 (80)
727 5255 1083 5326 FaCﬁg-LQui
1121 5257 1186 5311 ab
1211 5257 1472 5313 Orderico
1508 5255 1695 5321 Vitali,
1726 5258 1821 5312 lib.
1860 5272 1938 5322 χι,
1979 5256 2090 5312 Ga-

511 5323 607 5391 zis,
640 5329 706 5379 ab
759 5328 888 5399 aliis
930 5323 1093 5399 Gazzi
1140 5338 1504 5399 nuncupatur.
1540 5329 1758 5399 Tyrius,
1810 5328 1905 5381 lib.
1991 5345 2085 5392 xu,

512 5417 629 5466 cap.
668 5399 700 5453 9
734 5416 745 5450 :
786 5397 1090 5460 Inﬁdelium
1123 5398 1518 5465 potentissimus
1548 5397 1812 5466 princeps,
1857 5407 1906 5450 et
1945 5400 2087 5459 apud

511 5486 635 5522 suos
667 5469 818 5522 valde
849 5467 1224 5536 formidabilis,
1259 5467 1484 5532 infelicis
1538 5470 1720 5536 populi
1775 5479 1821 5522 et
1871 5469 2086 5537 perﬁdia

512 5540 700 5608 plebis,
757 5539 992 5593 videlicet
1040 5537 1533 5592 Turcomannorum
1588 5539 1842 5608 Dominus
1892 5537 2083 5593 ϐακε.

508 5606 792 5671 Camerio,
834 5609 908 5662 De
942 5609 1088 5662 bellis
1121 5608 1366 5661 Antioch.
1422 5609 1576 5660 Amir
1624 5606 1756 5662 Gazi
1795 5609 2081 5662 Tartarum

513 5680 814 5734 amirnldus
855 5679 1079 5732 dicitur.
1123 5677 1245 5732 Fuit
1275 5694 1434 5746 porro
1459 5678 1622 5732 Gazis
1661 5679 1860 5732 Asanis
1913 5678 2086 5732 Catu-

517 5750 627 5810 chi,
667 5765 829 5816 quem
859 5758 1017 5802 antea
1047 5749 1265 5813 Saisan,
1298 5763 1392 5803 seu
1421 5747 1804 5814 Cliziastblan,
1835 5754 2090 5803 sultanus

518 5817 888 5885 interfecerat,
921 5819 1087 5874 (ilius.
1122 5818 1230 5875 Sed
1257 5835 1324 5874 an
1357 5818 1632 5875 Catucbus
1669 5819 1810 5874 idem
1844 5820 1916 5874 sit
1968 5835 2090 5874 cum

2195 5258 2501 5329 llalducho,
2559 5273 2679 5329 seu,
2741 5273 2770 5308 ιι
2837 5256 3116 5312 vocitatur
3169 5271 3197 5310 a
3247 5255 3440 5329 Tyrio,
3501 5254 3790 5329 Menttuco,

2192 5328 2573 5399 potentissimo
2638 5327 2936 5380 'l‘nrcornm
3011 5339 3250 5396 satrapa,

2191 5396 2353 5453 cbiuo
2389 5398 2720 5452 Damasceno
2779 5407 3004 5468 tyranno
3037 5399 3154 5451 net-i
3212 5403 3370 5452 datus
3397 5406 3481 5452 est
3532 5413 3620 5452 an.
3657 5396 3796 5456 Chr,

2193 5471 2352 5532 1H3,
2427 5483 2532 5520 non
2593 5469 2766 5522 ausim
2832 5469 3053 5521 omnino
3119 5468 3405 5530 afﬁrmare,
3473 5483 3594 5520 cum
3655 5470 3795 5521 Asa-

3335 5330 3426 5396 qtti
3492 5342 3522 5380 a
3603 5328 3797 5381 Dolde-

2201 5556 2326 5594 num
2379 5538 2680 5590 Caluchnm
2736 5553 2764 5591 a
2823 5538 3196 5592 Clziastblane
3253 5537 3516 5592 lconiensi
3576 5539 3800 5592 sultaoo

2190 5611 2466 5665 sublatum
2501 5609 2703 5663 scribat
2733 5611 2906 5662 Anna.
2938 5609 3069 5662 Vide
3095 5608 3358 5663 etconl‘er
3380 5609 3660 5662 Alberttnn
3688 5608 3795 5676 Aq,

2194 5682 2288 5734 lib.
2324 5696 2421 5744 xu,
2457 5695 2579 5744 cap.
2612 5680 2645 5734 9
2680 5690 2734 5732 et
2767 5679 2866 5744 1,7;
2896 5689 2951 5732 et
2982 5679 3226 5746 Tyrium,
3261 5681 3352 5732 lib.
3387 5695 3460 5742 st,
3494 5679 3704 5743 cap.l9
3739 5691 3796 5733 ct

2195 5752 2293 5804 20.
2326 5749 2468 5803 Idem
2500 5748 2822 5820 Qt'dericus,
2857 5765 2977 5820 pag.
3005 5748 3144 5815 8°29;
3181 5748 3390 5814 Gazioi,
3428 5759 3680 5817 nepotem
3741 5761 3796 5803 et

2201 5820 2473 5878 lnercdcm
2507 5818 2675 5874 Balad
2701 5818 2887 5888 Culcpi
2917 5818 3120 5875 domini
3150 5821 3319 5876 luisse
3365 5831 3554 5876 auctor
3608 5828 3715 5873 est.
