4108 6414
412 405 551 472 1149

1673 393 2081 454 ALEXIADIS
2123 394 2270 459 LIB.
2300 396 2425 458 XV.

3526 392 3666 461 1150

408 542 513 576 που
586 522 751 574 Ἀσὰν
809 510 1028 587 Kurd-31
1087 518 1187 588 τὴν
1240 518 1435 586 κλῆσιν
1490 514 1550 569 ὃν
1608 513 1982 585 προφθάσαςό

2090 513 2371 569 Saisanem
2434 514 2659 569 redeunt
2709 513 2878 587 5.80
2923 515 3309 570 conﬂrmantes
3357 527 3417 568 se
3463 516 3666 569 vidisse

406 614 610 669 Σαῖσάν
647 613 826 666 ἀνεῖλε
872 611 1182 672 σουλτάνον,
1227 609 1377 661 παίει
1422 608 1610 660 τοῦτον
1640 607 1728 659 διά
1763 604 1855 658 τοῦ
1901 605 1986 658 δό-

410 722 593 776 ρατος.
640 704 698 756 '0
730 704 786 756 δὲ
814 702 1028 771 γοργῶς
1051 700 1411 770 ἐπιστραφεὶς
1439 699 1737 770 ἐξαρπάζει
1767 698 1828 751 τὸ
1858 698 1986 767 δόρυ

406 798 515 852 τῶν
544 796 743 864 χειρῶν
766 794 859 847 τοῦ
885 794 1052 860 Γαζῆ,
1081 797 1320 862 φάμενος
1351 793 1428 856 ὡς
1453 795 1574 847 Οὐκ
1603 792 1774 861 ᾔδειν
1802 791 1985 858 ἔγωγε

408 889 499 941 ὅτι
531 887 627 941 καὶ
658 885 942 954 γυναῖκες
978 886 1095 939 νῦν
1119 884 1338 951 δόρατα
1360 884 1611 953 φέρουσι
1640 884 1769 938 καθ’
1793 882 1981 952 ἡμῶν,

409 978 507 1031 καὶ
536 976 837 1049 τηνικαῦτα
864 976 1084 1046 φεύγων
1114 976 1213 1045 τῆς
1241 977 1376 1046 πρὸς
1405 975 1497 1030 τὸν
1528 976 1751 1046 βασιλέα
1788 974 1983 1043 φερού-

413 1087 513 1138 σης
547 1069 743 1138 εἴχετο.
786 1069 1108 1138 Ἀπείργετο
1131 1068 1188 1121 δὲ
1225 1068 1377 1137 παρά
1406 1068 1498 1121 τοῦ
1545 1071 1985 1137 συνεφεπομένου

412 1161 561 1231 αὑτῷ
592 1161 825 1229 Πουχέα,
858 1161 915 1221 ὃς
941 1160 1018 1229 τῷ
1055 1162 1207 1229 μέρει
1233 1160 1326 1212 τοῦ
1351 1161 1576 1214 Macrob:
1607 1161 1774 1213 πάλαι
1820 1176 1989 1227 προσ-

409 1254 682 1322 κείμενος,
713 1253 792 1321 τῷ
829 1252 1139 1321 φαινομένῳ
1178 1252 1370 1319 φιλίως
1442 1252 1518 1318 τῷ
1564 1253 1766 1305 Σαῖσὰν
1802 1268 1975 1319 προσ-

409 1343 643 1413 εφέρετο
672 1341 738 1396 τά
758 1339 934 1411 λῴονα
964 1343 1104 1412 τάχα
1134 1343 1539 1410 ὑποτιθέμενος,
1582 1345 1646 1411 τῇ
1694 1341 1737 1392 δ’
1758 1341 1988 1412 ἀληθείᾳ

410 1435 593 1497 πάγας
622 1432 772 1501 αὐτῷ
807 1433 901 1484 καὶ
947 1430 1169 1501 βόθυνον
1200 1430 1443 1502 ὀρύττων
1464 1473 1479 1497 ,
1515 1431 1862 1496 ξυνεϐούλευε
1911 1431 1986 1500 μὴ

406 1521 547 1591 πρὸς
571 1522 662 1573 τὸν
695 1520 919 1590 βασιλέα
948 1520 1363 1590 παλινοστῆσαι,
1410 1520 1547 1573 ἀλλά
1592 1523 1671 1584 εἰς
1702 1520 1763 1573 τὸ
1809 1518 1989 1587 Τυγά-

406 1630 521 1668 νιον
569 1613 614 1645 ³³
650 1612 933 1677 εἰσελθεῖν,
988 1612 1185 1683 μικρὸν
1219 1615 1319 1681 τῆς
1362 1613 1482 1667 ὀδοῦ
1523 1612 1986 1682 παρεκκλίναντα,

408 1705 681 1775 πολίχνιον
714 1705 771 1757 δὲ
815 1703 972 1758 τοῦτο
1013 1704 1241 1773 ἔγγιστα
1270 1705 1366 1759 τοῦ
1414 1705 1738 1775 Φιλομηλίου
1781 1705 1987 1757 διακεί-

408 1813 593 1866 μενον.
628 1796 882 1849 Πείθεται
935 1799 1049 1857 τοῖς
1096 1797 1190 1850 τοῦ
1262 1799 1476 1867 Πουχέα
1506 1798 1687 1864 λόγοις
1724 1798 1752 1849 ὁ
1786 1796 1989 1849 Σαῖσάν

405 1888 623 1957 νήπιος,
656 1887 751 1941 καὶ
779 1886 1103 1939 καταλαϐὼν
1134 1890 1194 1941 τὸ
1224 1889 1491 1956 Τυγάνιον
1514 1888 1804 1961 προσηνῶς
1836 1893 1987 1960 παρά

404 1980 518 2033 τῶν
567 1976 801 2032 ἐποίκων
857 1978 1150 2049 Ῥωμαίων
1200 1980 1434 2050 ἐδέχθη,
1465 1982 1847 2050 γινωσκόντων
1892 1982 1991 2051 τὴν

406 2068 547 2139 πρὸς
572 2068 736 2121 αὑτὸν
765 2068 857 2121 τοῦ
913 2068 1177 2138 βασιλέως
1207 2071 1513 2140 εὐμένειαν.
1578 2069 1991 2135 Καταλαϐόντες

406 2160 463 2214 δὲ
488 2163 537 2213 οἱ
572 2159 871 2232 Βάρϐαροι,
909 2162 1003 2213 καὶ
1044 2162 1207 2225 αὐτὸς
1244 2164 1273 2215 ὁ
1305 2163 1532 2217 Μασοὺτ
1581 2162 1991 2232 περιζώσαντες

407 2251 641 2321 γύροθεν
673 2251 740 2305 τὰ
779 2253 932 2322 τείχη
966 2253 1100 2322 πρὸς
1136 2254 1454 2325 πολιορκίαν
1485 2257 1770 2309 ἀπένευον.
1818 2256 1877 2308 ’0
1910 2256 1987 2319 δὲ,

409 2343 701 2412 προκύψας
745 2344 985 2404 ἄνωθεν,
1029 2345 1281 2415 μεγάλως
1323 2347 1600 2417 ἡπειλεῖτο
1645 2350 1758 2412 τοῖς
1788 2350 1987 2419 όμοφύυ

409 2433 522 2496 λοις
578 2433 745 2486 αὑτοῦ
802 2435 1108 2505 Βαρϐάροις
1138 2478 1152 2501 ,
1200 2437 1324 2489 ὅσον
1359 2438 1458 2508 ἤδη
1496 2438 1675 2507 λέγων
1730 2439 1990 2509 δυνάμεις

421 2522 735 2590 Ῥωμαϊκὰς
784 2524 1224 2591 καταλαμϐάνειν
1268 2525 1466 2588 αὐτοὺς
1509 2524 1602 2578 τοῦ
1654 2526 1989 2596 αὐτοκράτο-

412 2630 525 2681 ρος,
564 2614 655 2665 καὶ
689 2614 737 2666 εί
772 2614 846 2683 μὴ
899 2613 1166 2668 παύσεται
1196 2615 1295 2685 τῆς
1329 2616 1507 2688 μάχης
1539 2616 1820 2669 πείσεσθαι
1859 2617 1990 2671 τόσα

408 2706 506 2758 καὶ
554 2706 702 2757 τόσα.
757 2705 1107 2759 Ἀνθίσταντο
1168 2707 1224 2760 δὲ
1289 2709 1381 2760 καὶ
1412 2708 1461 2759 οἱ
1511 2709 1661 2771 ὲντδς
1728 2707 1990 2777 Ῥωμαῖοι

406 2798 519 2857 τοῖς
544 2795 808 2864 Τούρκοις
837 2795 1123 2863 γενναίως.
1169 2795 1230 2849 '0
1259 2795 1314 2848 δὲ
1364 2796 1607 2865 Πουχέας
1640 2797 1738 2864 τὴν
1782 2796 1989 2866 σκηνὴν

404 2886 789 2958 διαῤῥήγνυσι,
844 2887 933 2937 καὶ
976 2884 1069 2936 τὸν
1119 2884 1492 2954 κρυπτόμενον
1537 2887 1604 2956 τῇ
1650 2884 1783 2955 δορᾷ
1828 2885 1991 2937 λύκον

407 2979 486 3037 εις
517 2976 827 3045 τούμφανὲς
870 2975 1182 3045 ἐξαγαγὼν,
1234 2977 1447 3029 κάτεισι
1496 2977 1609 3029 τῶν
1658 2977 1877 3046 τειχῶν,
1913 2978 1989 3046 τῷ

410 3067 512 3137 μὲν
576 3068 778 3121 Σαῖσάν
831 3068 1209 3138 ὑποσχόμενος
1265 3067 1539 3139 θαρσύναι
1603 3069 1804 3138 μᾶλλον
1861 3069 1988 3132 τοὺς

2088 608 2378 662 neminem.
2400 606 2515 664 Non
2534 608 2793 662 dubitavit
2824 608 3019 662 Saisan
3045 607 3173 675 quin
3204 621 3329 661 vera
3356 614 3662 659 narrarent.

2088 696 2324 764 Indeque
2372 707 2522 752 tanto
2575 698 2806 753 solutius
2860 699 3240 766 incantiusque
3291 697 3657 765 progredienti

2088 800 2387 843 occurrunt
2416 790 2584 857 capia!
2619 789 2919 843 barbarica:
2962 789 3174 851 Masuti,
3206 804 3269 841 ex
3308 796 3413 841 tam
3448 788 3660 838 atlmnla

2091 882 2281 935 vicinia
2314 883 2544 951 primum
2579 884 2706 937 visae
2756 894 2813 936 ut
2846 900 2910 937 ex
2946 883 3231 936 instructis
3262 881 3543 935 ordinibus
3583 881 3664 930 ei-

2090 985 2200 1029 tato
2230 976 2427 1043 impetu
2469 991 2791 1045 procurrens
2816 976 2986 1030 Gazes
3017 976 3234 1045 quidam
3268 974 3407 1027 lilius
3430 985 3664 1040 satrapa:

2088 1066 2231 1120 Asan
2255 1066 2459 1120 Catuch
2482 1052 2633 1131 dicti,
2661 1082 2820 1135 quem
2848 1067 2956 1136 jmt
2986 1066 3257 1119 snltanum
3287 1075 3441 1117 antea
3473 1064 3661 1116 Saisan

2090 1159 2406 1222 occiderat,
2446 1158 2726 1213 Saisanem
2757 1160 2939 1212 statim
2979 1158 3153 1223 ipsum
3192 1165 3475 1210 assecutus
3507 1155 3663 1206 hasta

2089 1252 2336 1304 cominus
2374 1251 2726 1318 percusserit.
2776 1249 2999 1316 Qtando
3041 1249 3228 1301 Saisan
3266 1260 3485 1301 strenue
3530 1260 3662 1299 con-

2089 1354 2279 1393 versus
2309 1350 2610 1407 correptam
2640 1341 2848 1393 hastam
2879 1338 3040 1393 Gazis
3068 1340 3316 1391 manilms
3352 1344 3661 1405 extorquet,

2090 1434 2204 1487 hate
2252 1431 2407 1484 simul
2441 1430 2603 1485 verba
2646 1432 2848 1484 addens
2887 1447 2901 1483 :
2949 1428 3251 1484 Nesciebmu
3292 1430 3530 1483 mulieres
3565 1428 3660 1481 Ita-

2088 1533 2200 1577 uas
2232 1538 2370 1576 nunc
2398 1521 2534 1591 ferre
2566 1532 2747 1575 contra
2780 1538 2891 1575 nos.
2935 1522 3031 1575 His
3058 1521 3216 1575 dictis
3264 1519 3401 1588 fugae
3429 1536 3487 1574 se
3515 1536 3667 1572 man-

2100 1615 2193 1668 dat
2222 1624 2367 1667 recta
2399 1628 2520 1667 eum
2556 1613 2607 1666 in
2636 1614 2813 1665 locum
2852 1613 3133 1665 intendens
3161 1627 3379 1666 cursum
3417 1610 3506 1663 ubi
3550 1620 3669 1664 erat

2090 1707 2403 1776 imperator.
2442 1705 2546 1759 Sed
2578 1705 2863 1758 revocabat
2900 1719 3024 1758 eum
3059 1717 3243 1756 comes
3271 1702 3389 1771 ejus
3419 1702 3669 1755 Puclteas

2093 1798 2283 1853 Masuti
2318 1799 2561 1867 partibus
2594 1798 2720 1851 olim
2768 1798 3026 1861 studens;
3063 1807 3120 1850 at
3150 1809 3257 1864 quo
3293 1795 3463 1862 magis
3500 1808 3665 1847 noce-

2096 1900 2197 1956 ret,
2228 1889 2387 1943 ﬁdem
2414 1900 2468 1943 et
2517 1888 2946 1942 benevolentiam
2982 1889 3034 1940 in
3067 1886 3333 1939 Masntum
3375 1883 3665 1939 simulans.

2092 1981 2236 2050 Ergo
2270 1980 2315 2032 is
2362 1978 2683 2031 auctoritate
2733 1991 2796 2029 ac
2842 1975 3021 2045 specie
3069 1973 3363 2029 consiliarii
3419 1972 3665 2027 ﬁdissimi

2090 2087 2376 2142 aggressus
2403 2071 2658 2125 miserum
2693 2070 2822 2122 nihil
2860 2069 3041 2122 minus
3070 2082 3229 2136 quam
3259 2066 3528 2134 perditum
3558 2066 3669 2119 ibat

2092 2163 2365 2217 hominem
2386 2161 2608 2230 laqueos
2636 2160 2854 2214 incauto
2878 2161 3107 2213 tendens
3129 2168 3182 2213 et
3204 2156 3412 2212 loream
3438 2158 3667 2211 fodiens.

2091 2254 2361 2311 Suadebat
2396 2263 2575 2307 autem
2609 2253 2658 2306 ei
2688 2267 2755 2307 ne
2807 2260 3172 2306 reverteretur
3208 2251 3274 2303 ad
3323 2253 3624 2319 Augustum
3650 2288 3668 2315 ,

2090 2349 2183 2401 sed
2216 2346 2396 2414 potius
2426 2345 2494 2400 de
2530 2345 2611 2397 via
2646 2342 2938 2397 deﬂectens
3000 2342 3301 2411 paululum,
3365 2340 3664 2411 Tyganium

2090 2438 2482 2504 ingrederetur,
2535 2436 2851 2504 oppidulum
2896 2434 2946 2486 id
2980 2443 3062 2487 est
3092 2435 3252 2485 situm
3286 2449 3393 2487 non
3444 2434 3599 2501 longe
3634 2450 3664 2487 a

2091 2528 2428 2583 Philomelio.
2450 2528 2635 2583 Credit
2684 2525 2915 2580 Puchea:
2954 2525 3138 2579 infelix
3194 2523 3386 2579 Saisan
3444 2525 3666 2593 ignarus

2092 2630 2351 2690 quantum
2385 2619 2485 2677 sibi
2516 2619 2647 2675 mali,
2668 2620 3055 2681 conscisceret,
3086 2616 3500 2687 'l‘yganiumque
3537 2633 3668 2685 prn-

2094 2716 2266 2771 lectus
2304 2730 2332 2765 a
2376 2712 2632 2767 Romanis
2668 2711 2841 2765 locum
2890 2710 3265 2764 obtinentibus
3291 2750 3306 2774 ,
3358 2726 3454 2778 pro
3489 2711 3666 2764 amico

2095 2807 2440 2873 imperatoris
2467 2804 2676 2873 (pacem
2722 2803 2864 2856 enim
2904 2803 3097 2854 factam
3135 2803 3523 2869 cognoverant)
3564 2804 3670 2856 ad.

2093 2900 2291 2953 missus
2322 2905 2689 2965 exceptusque
2734 2894 2989 2948 benevole
3022 2902 3128 2948 est.
3176 2894 3254 2947 ite
3300 2893 3539 2947 Masntus
3570 2909 3668 2948 c0-

2093 2987 2263 3054 gnita,
2321 3001 2506 3040 muros
2541 2985 2719 3054 oppidi
2769 2998 2965 3037 corona
3022 2984 3262 3052 undique
3327 2984 3672 3052 amplectitur

2093 3092 2322 3146 seseque
2349 3079 2417 3131 ad
2450 3076 2904 3145 oppugnationem
2939 3075 3192 3144 accingit.
3226 3074 3451 3130 Interim
3482 3076 3677 3142 despe-

405 3160 658 3223 ἐποίκους
694 3160 779 3230 ἐφ’
809 3153 853 3228 ᾧ
901 3160 1278 3230 γενναιότερον
1322 3160 1703 3224 ἀνθίστασθαι,
1727 3159 1982 3213 ἀπειλού-

2092 3180 2248 3226 ctans
2282 3185 2313 3224 e
2345 3169 2515 3223 muris
2546 3182 2779 3235 superne
2809 3164 3003 3219 Saisan
3039 3167 3198 3219 minis
3238 3167 3549 3235 increpabat
3585 3168 3670 3218 in-

407 3270 568 3321 μενος
598 3252 884 3321 δὲμᾶλλον
933 3253 1118 3315 αὐτοῖς
1163 3252 1257 3307 καὶ
1306 3252 1695 3324 ξυμϐουλεύων
1747 3252 1988 3307 ἐνδοῦναι

404 3344 499 3394 καὶ
554 3343 652 3406 τὰς
708 3344 883 3405 πύλας
937 3344 1290 3408 ἀναπετάσας
1333 3348 1445 3407 τοῖς
1492 3345 1851 3415 Τού(.κοις,εί
1901 3344 1976 3414 μὴ

406 3432 679 3502 βούλοιντο
707 3432 1051 3503 βαρϐαρικῆς
1090 3434 1269 3504 χειρὸς
1294 3434 1672 3505 παρανάλωμα
1704 3435 1979 3503 γενέσθαι,

401 3524 615 3576 πολλῶν
672 3525 957 3593 δυνάμεων
1015 3524 1117 3594 ἠδη
1180 3525 1724 3597 καταλαμϐανουσῶν
1772 3529 1863 3580 καὶ⁸
1927 3528 1986 3592 ἐξ

401 3614 563 3669 αὑτοῦ
600 3617 875 3685 Χορασάν.
909 3618 971 3669 Ol
1005 3616 1083 3680 δὲ,
1125 3617 1184 3668 τὸ
1228 3616 1411 3686 μέντοι
1477 3617 1565 3670 διὰ
1616 3619 1675 3671 τὸ
1703 3617 1810 3671 τῶν
1845 3619 1988 3689 Βαρ-

402 3706 591 3777 ϐάρων
625 3709 829 3777 πλῆθος
862 3710 1375 3778 ἐκδειματούμενοι,
1406 3710 1467 3762 τὸ
1497 3710 1554 3763 δέ
1585 3728 1668 3764 τοι
1722 3714 1815 3764 καὶ
1863 3716 1984 3775 ταῖς

400 3800 493 3853 τοῦ
518 3801 731 3871 Πουχέα
755 3800 1083 3870 ξυμϐουλαῖς
1114 3801 1450 3867 πεισθέντες,
1477 3804 1868 3875 παραχωροῦσι
1887 3804 1984 3873 τῆς

399 3894 606 3945 εἰσόδου
649 3898 761 3957 τοῖς
802 3892 1094 3965 Τούρκοις·
1121 3897 1211 3948 καί
1258 3895 1615 3960 συλλαϐόντες
1642 3899 1734 3950 τὸν
1778 3898 1983 3950 Σαῖσάν

401 3986 732 4050 σουλτάνον,
769 3986 1132 4055 ἀποστερηῦσι
1195 3986 1306 4039 τῶν
1368 3988 1652 4057 ὀμμάτων.
1721 3991 1982 4061 Ὀργάνου

398 4074 454 4126 δὲ
480 4074 615 4141 πρὸς
660 4072 818 4127 τοῦτο
863 4073 1294 4143 χρησιμεύοντος
1333 4076 1682 4144 ἀπορούντων
1718 4080 1779 4130 τὸ
1823 4079 1978 4131 δοθὲν

398 4165 477 4235 τῷ
516 4166 717 4218 Σαῖσάν
748 4167 899 4234 παρὰ
923 4165 1016 4217 τοῦ
1064 4166 1467 4235 αὐτοκράτορος
1526 4171 1823 4238 μανουῒλην
1867 4171 1980 4242 (81)

397 4259 761 4327 ἐχρημάτισε.
788 4260 893 4311 Καὶ
916 4255 983 4327 ἦν
1007 4257 1133 4310 ἰδεῖν
1158 4259 1462 4327 τηνικαῦτα
1485 4261 1545 4312 τὸ
1565 4261 1771 4330 δοχεῖον
1802 4264 1981 4330 φωτὸς

402 4351 627 4413 σκότους
668 4354 761 4402 καὶ
783 4349 1163 4421 ἀμαυρώσεως
1194 4351 1413 4418 γεγονὸς
1452 4352 1650 4406 αἴτιον.
1694 4354 1878 4425 Αὐτὴν
1910 4356 1966 4409 δέ

396 4461 520 4495 τινα
576 4445 781 4511 μικράν
833 4443 915 4496 ἔτι
969 4444 1295 4496 ὑποϐλέπων
1330 4446 1465 4497 ἐπάν
1496 4446 1555 4498 τὸ
1597 4444 1818 4499 Ἰκόνιον
1856 4465 1974 4519 χει-

2098 3261 2349 3331 gentibus
2385 3259 2617 3315 rebelles
2666 3274 2794 3313 Suos
2844 3258 3131 3323 Barbaros,
3168 3259 3495 3313 detmntians
3543 3259 3673 3326 ipsis

2094 3350 2280 3404 adfore
2314 3366 2435 3403 mox
2468 3348 2769 3402 Romanum
2814 3349 3114 3401 exercitum
3185 3347 3513 3415 imperatore
3558 3350 3677 3416 ipso

2095 3444 2374 3505 ductante,
2407 3440 2561 3506 cujus
2593 3437 2732 3492 haud
2768 3439 2927 3492 dubie
2958 3437 3163 3490 victore
3200 3437 3400 3504 impetu
3424 3476 3438 3499 ,
3478 3438 3530 3489 ni
3565 3453 3674 3489 ma-

2097 3542 2213 3585 ture
2249 3531 2597 3595 absisterent,
2645 3530 2854 3597 passuri
2906 3538 3088 3583 essent
3130 3538 3372 3582 extrema
3420 3542 3669 3597 quaeque.

2093 3623 2464 3679 Conlirmabat
2493 3635 2586 3676 eas
2617 3622 2787 3674 minas
2824 3620 2979 3674 fortis
2999 3629 3053 3673 et
3072 3629 3329 3672 constans
3357 3634 3671 3686 propugna-

2094 3718 2165 3771 tio
2217 3716 2624 3779 Romanorutn;
2670 3722 2779 3767 tum
2828 3711 3075 3766 Pucheas
3135 3712 3310 3765 velum
3354 3712 3667 3777 abrumpit,

2094 3809 2297 3861 larvam
2330 3808 2499 3875 ponit,
2531 3815 2583 3859 et
2621 3806 2875 3861 latentem
2907 3809 3173 3863 hactenus
3223 3810 3323 3863 sub
3374 3810 3512 3875 pelle
3555 3824 3670 3862 nte-

2093 3907 2227 3961 liore
2254 3906 2433 3972 lupum
2465 3906 2516 3957 in
2552 3912 2792 3973 apertum
2826 3921 3106 3971 exse-rens,
3139 3907 3464 3960 descendite
3492 3922 3667 3972 muro,

2092 3999 2277 4070 specie
2312 3997 2554 4066 quidem,
2602 4005 2658 4049 ut
2707 3996 2983 4066 indigenas
3030 4006 3081 4050 et
3132 3998 3276 4050 cives
3329 3996 3509 4065 oppidi
3569 3996 3670 4065 (sic

2090 4093 2232 4147 enim
2264 4088 2477 4143 Saisani
2531 4103 2589 4142 se
2639 4087 2913 4141 facturum
2953 4088 3321 4155 promittebat)
3363 4088 3428 4139 ad
3462 4101 3663 4156 propu-

2090 4179 2286 4247 gnandi
2319 4177 2597 4230 audaciam
2643 4177 3115 4244 constantiamque
3165 4176 3426 4239 (innaret,
3481 4191 3666 4228 revera

2094 4280 2150 4323 ut
2195 4267 2357 4321 minis
2405 4267 2755 4334 consiliisque
2796 4266 2942 4334 ipsos
2986 4267 3300 4334 perpelleret
3362 4268 3427 4318 ad
3482 4276 3667 4333 por-tas

2090 4357 2281 4411 Turcis
2320 4356 2661 4423 aperiendas,
2695 4356 2744 4407 ni
2781 4355 2999 4408 mallent
3044 4357 3339 4409 barbaricis
3388 4371 3507 4408 mox
3542 4356 3663 4424 gla-

2090 4450 2194 4503 diis
2226 4448 2425 4502 misere
2444 4446 2675 4509 coneidi;
2705 4447 3126 4501 innumerabiles
3151 4447 3294 4501 enim
3314 4448 3447 4502 alias
3468 4457 3672 4514 praeter

402 4535 828 4605 ραγωτούμενος
864 4536 1157 4598 κατέλαϐε,
1191 4538 1499 4607 τεθάρρηκε
1542 4538 1700 4591 τοῦτο
1730 4544 1795 4611 τῇ
1825 4543 1970 4612 τιθῇ,

2089 4560 2175 4599 eas
2207 4558 2344 4613 quas
2372 4548 2660 4595 cernerent
2692 4541 2983 4592 adventare
3012 4541 3194 4608 copias
3218 4579 3233 4602 ,
3270 4552 3380 4592 tum
3418 4540 3657 4603 aliunde,

401 4627 636 4694 κάκείνη
687 4625 744 4677 δὲ
768 4629 835 4695 τῇ
886 4625 1052 4678 αὑτοῦ
1101 4629 1431 4695 όμευνέτιδι,
1470 4630 1563 4681 καὶ
1597 4630 1740 4683 οὕτω
1774 4635 1971 4702 μέχρις

398 4716 585 4769 αὐτῶν
618 4716 798 4768 ἀκοῶν
827 4717 921 4769 τοῦ
943 4718 1170 4770 Μασοὺτ
1206 4720 1233 4770 ὁ
1262 4720 1414 4786 λόγος
1448 4721 1732 4786 ἐφθακὼς,
1784 4726 1969 4789 ἐξετά-

402 4806 531 4876 ραξε
590 4808 688 4874 τὴν
729 4807 907 4876 ψυχὴν
954 4807 1047 4859 τοῦ
1080 4809 1390 4877 Βαρϐάρου.
1436 4812 1497 4862 ’0
1519 4812 1595 4876 δὲ,
1631 4812 1806 4882 Θυμοῦ
1845 4817 1979 4887 πλη-

400 4897 572 4962 σθεὶς,
607 4896 683 4964 τῷ
721 4895 966 4965 Ἐλεγμῷ
1016 4898 1293 4969 (τατράπη
1316 4907 1341 4966 tl
1373 4900 1427 4952 δὲ
1453 4896 1604 4963 οὗτος
1639 4904 1748 4957 τῶν
1782 4906 1981 4973 ἐπιφα-

398 4988 530 5058 νῶν)
600 4987 883 5057 ἐπέσκηψε
919 4987 1007 5043 διὰ
1039 4992 1239 5059 νευράς
1274 4991 1464 5044 τοῦτον
1483 4994 1749 5061 ἀπάγξαι,
1782 4998 1973 5052 Tomi)-

2088 4644 2202 4687 tum
2240 4649 2269 4687 e
2303 4633 2618 4688 Chorosane
2649 4631 2781 4699 ipso.
2812 4632 3006 4686 inculte
3035 4633 3315 4684 audientes
3349 4631 3471 4684 talia
3494 4670 3509 4695 ,
3540 4646 3673 4698 par-7

2088 4730 2180 4779 tim
2224 4736 2390 4787 ιιιιιιιι,
2422 4724 2616 4790 partim
2646 4724 2969 4777 auctoritate
2994 4724 3223 4777 Puclwa:
3249 4723 3500 4788 peruncti,
3530 4738 3664 4789 pan-

2084 4819 2220 4871 dunt
2253 4827 2473 4883 repente
2506 4813 2698 4867 Turcis
2735 4814 2894 4866 ostia.
2937 4813 3014 4866 llli
3052 4814 3505 4881 comprehensum
3537 4813 3653 4865 sul-

2086 4920 2268 4964 tauum
2300 4908 2577 4961 Saisanem
2607 4906 2778 4959 oculis
2808 4907 3042 4974 privant,
3066 4904 3182 4958 loco
3213 4906 3392 4959 idonei
3425 4906 3663 4963 alterius

2083 5002 2148 5054 ad
2192 5000 2243 5052 id
2274 4998 2597 5066 supplicium
2646 4994 2984 5049 inferendum
3037 4998 3406 5062 instrumenti,
3450 4998 3656 5052 caude-

1442 5111 1642 5173 ναι-ιω
1689 5115 1991 5179 lectiones
2038 5135 2115 5180 ex
2151 5117 2289 5179 cod.
2337 5113 2599 5175 Coislin.

475 5207 520 5238 ³³
539 5207 613 5257 Tu
624 5208 843 5275 ράγιον.

1441 5322 1583 5384 Car.
1636 5323 1957 5385 Dufresnii
1995 5326 2091 5385 Du
2122 5324 2343 5403 Canéii
2378 5332 2563 5386 iiOitB.

472 5444 583 5515 (81)
614 5443 1008 5515 Menenium».
1032 5442 1209 5515 Recte
1242 5445 1505 5513 interpres
1561 5448 1956 5507 candelabrum,

402 5513 488 5568 ex‘
534 5515 744 5567 Meursii
798 5513 1079 5569 Glossario
1131 5517 1310 5568 vertit.
1387 5516 1517 5567 Nam
1582 5517 1689 5570 faili
1744 5529 1964 5572 ennstat

404 5587 575 5637 virum
604 5585 870 5657 eruditum
903 5586 1040 5649 apud
1077 5582 1294 5657 Ducam,
1330 5601 1447 5650 cap.
1475 5585 1569 5651 59,
1605 5590 1692 5640 ubi
1726 5590 1962 5657 μανουά-

403 5654 763 5725 λιαλονιιιίιιιις
814 5655 1219 5725 interpretatur.
1270 5656 1608 5725 Anonytnus,
1669 5654 1736 5710 de
1762 5658 1963 5723 templo

403 5722 462 5776 S.
499 5722 711 5790 Sophia:
769 5740 782 5776 :
837 5722 1114 5792 Σταυροὺς
1166 5722 1223 5775 δὲ
1262 5722 1486 5790 ἐποίησε
1531 5727 1714 5788 πέντε,
1758 5757 1827 5767 --
1867 5722 1961 5779 καὶ

399 5792 717 5847 Ιιίανουάλια
738 5792 834 5845 δύο
859 5792 1148 5863 ὁλόχρυσα.
1175 5803 1278 5849 etc.
1314 5796 1455 5847 Auro
1482 5793 1603 5863 fusa
1633 5800 1735 5850 duo
1772 5802 1935 5851 cunde

2070 5450 2241 5502 labra.
2303 5449 2374 5502 lta
2435 5449 2811 5504 Combefisius.
2875 5450 3164 5512 Μενάλιον,
3222 5461 3318 5513 pro
3400 5441 3654 5513 Μανουά-

2070 5517 2201 5581 λιον,
2234 5523 2470 5572 occurrit
2515 5520 2566 5571 in
2624 5518 2771 5589 Orig.
2819 5517 2859 5572 C
2895 5520 2955 5572 P.
2995 5521 3101 5571 Καὶ
3149 5511 3371 5585 μενάλια
3404 5513 3497 5565 δύο
3533 5511 3650 5564 ὁλόο

2071 5605 2272 5661 χρυσα;
2297 5600 2381 5661 est
2402 5601 2579 5642 autem
2607 5592 2995 5661 candelaln-um
3022 5589 3160 5655 quod
3187 5601 3347 5661 manu
3372 5591 3639 5661 gestator.

2068 5654 2406 5712 Candelabro
2439 5660 2621 5729 igitur,
2647 5659 2761 5711 vice
2793 5658 3019 5726 μύδρου,
3046 5654 3147 5710 seu
3181 5654 3309 5707 ferri
3335 5654 3639 5730 candentis,

2074 5730 2214 5789 quod
2278 5740 2387 5780 tum
2447 5720 2654 5790 aberat,
2720 5720 2863 5780 visus
2900 5720 3196 5789 "ademptus
3258 5732 3342 5775 est
3396 5720 3634 5775 Saisaui.

2073 5796 2205 5850 Vide
2236 5797 2525 5851 Historiam
2560 5809 2794 5851 nostram
2827 5795 2982 5849 Gallo
3015 5794 3145 5865 Byz.
3185 5809 3243 5846 n.
3275 5792 3367 5846 54.
