4108 6432
430 395 560 462 1151

1738 395 1965 455 ΛΝΝιἘ
1995 396 2379 458 (ΖΟΜΝΕΝΑΞ

3546 390 3703 458 1152'

426 514 578 568 labro
609 510 897 564 abutentes
941 507 1082 577 quod
1131 504 1330 561 Saisan
1380 494 1521 561 idem
1560 507 1702 562 dono
1736 522 1907 574 nuper
1953 507 2022 559 ab

2156 523 2219 559 κον
2284 507 2439 569 τέλος
2518 506 2589 562 τά
2641 505 2735 560 τοῦ
2798 505 3003 562 Σαῖσὰν
3063 503 3360 560 σουλτάνου
3421 501 3581 574 ἔσχεν
3634 502 3699 570 ἐξ

427 599 670 673 Angusto
698 609 1003 667 acceperat.
1043 597 1224 663 Itaque
1255 599 1448 652 mirum
1480 599 1664 653 videre
1696 609 1804 651 tum
1835 598 2009 663 licuit,

427 693 592 765 481
635 708 727 747 vas
754 708 947 762 nempe
979 692 1115 745 lucis
1145 692 1197 744 in
1229 706 1450 745 causam
1475 692 1740 745 cmcitatis
1765 691 2007 744 tenebrao

2122 596 2386 661 ἀϐουλίας
2449 598 2527 667 μὴ
2591 598 2906 661 πεισθέντος
2956 600 3080 660 ταῖς
3135 597 3232 651 τοῦ
3278 597 3695 673 ,αὐτοκράτορσι

2117 688 2537 759 παραινέσεσιν.

434 794 658 852 rumque
692 798 1039 837 conversum.
1071 781 1339 835 Caeterum
1376 798 1481 836 non
1535 782 1770 851 perfecte
1823 784 2003 850 inepta
2079 780 2145 834 ad
2218 781 2363 835 hunc
2391 781 2924 837 eﬂ‘ertum‘macbina
2956 782 3171 837 videndi
3210 782 3314 836 vim
3342 779 3554 837 Saisani
3590 796 3689 852 pe-

434 884 683 929 remerat.
724 874 962 941 Namque
996 875 1040 928 is
1071 872 1309 928 Iconium
1364 875 1429 929 ad
1461 890 1678 928 manum
1711 874 1976 928 deductus
2017 873 2215 929 nutrici
2246 871 2424 929 fassus
2452 886 2537 929 est
2565 890 2678 929 suae
2703 890 2988 941 superesse
3019 875 3122 931 sibi
3194 890 3417 943 parvum
3484 861 3681 944 quem-

437 962 561 1020 dam
599 981 754 1019 usum
788 965 929 1018 ornli

1006 963 1140 1018 luris
1188 963 1472 1030 appulsum
1544 965 1739 1033 exigue
1789 966 2093 1019 sentientis.
2134 962 2329 1018 Nutrix
2373 965 2427 1018 id
2457 980 2714 1029 arcanum
2748 966 2865 1034 ejus
2895 967 3050 1021 uxori
3097 964 3373 1034 patefecit,
3407 968 3549 1036 quod
3579 967 3697 1026 illa,

437 1063 541 1116 title
571 1076 762 1125 netnpe
789 1073 852 1112 ac
884 1074 1033 1112 more
1071 1059 1338 1123 muliebri,
1370 1060 1448 1114 sic
1485 1060 1734 1131 religiose
1774 1058 2154 1114 absconditum
2185 1060 2391 1123 habuit,
2421 1069 2479 1114 ut
2507 1062 2654 1115 brevi
2690 1077 2775 1116 res
2813 1065 2879 1116 ad
2906 1060 3100 1115 Masutt
3157 1075 3316 1115 aures
3379 1070 3683 1116 emanaret.

435 1150 739 1203 Commovit
811 1150 1157 1201 vehementer
1223 1150 1463 1203 animum
1535 1142 1755 1203 Barbari
1840 1150 1963 1205 talis
2005 1153 2246 1216 nuntius;
2280 1166 2446 1220 quare
2478 1154 2555 1206 ira
2605 1154 2855 1207 incensus
2899 1152 3118 1222 Elegtuo
3162 1164 3426 1220 satrapae.
3477 1156 3567 1209 uni
3620 1168 3689 1210 ex

436 1243 753 1304 illustribus,
785 1240 1003 1295 mandat
1035 1251 1091 1292 ut
1124 1257 1245 1295 eum
1282 1257 1446 1296 nervo
1489 1242 1809 1311 strangulet.
1843 1241 1996 1297 Hunc
2036 1244 2195 1297 linem
2231 1246 2417 1298 habuit
2445 1246 2690 1299 sultauus
2719 1244 2933 1307 Saisan,
3000 1255 3054 1297 et
3098 1243 3362 1313 ejusmodi
3442 1246 3685 1301 fructum

436 1332 758 1390 inconsulta:
805 1347 918 1387 sua:
966 1334 1279 1400 pertinacia:
1334 1335 1539 1399 retulit,
1591 1336 1734 1404 quod
1777 1335 2021 1390 consiliis
2060 1336 2399 1405 imperatoris
2434 1337 2808 1402 obtemperare
2832 1337 3126 1392 recusavit.

507 1446 805 1516 Imperator
829 1445 1043 1499 interim
1078 1445 1368 1500 reducebat
1401 1449 1705 1502 exercitum
1731 1448 1783 1501 in
1821 1448 2010 1502 urbem

440 1539 666 1606 regiam,
698 1539 886 1593 eadem
920 1537 1075 1604 plane
1099 1538 1380 1607 disciplina
1414 1550 1469 1593 et
1491 1541 1626 1594 aciei
1647 1540 2014 1608 descriptione

439 1644 506 1683 ac
546 1629 719 1682 forma
751 1628 855 1682 iter
887 1627 1019 1682 illud
1052 1643 1320 1700 peragens
1363 1629 1558 1696 quibus
1603 1637 1762 1684 antea
1813 1643 1931 1683 erat
1966 1630 2020 1684 in

441 1719 623 1774 hostili
660 1720 777 1772 solo
813 1733 965 1774 usus.
1015 1719 1074 1773 In
1111 1735 1218 1789 quo
1248 1721 1539 1775 verendum
1585 1720 1717 1774 mihi
1758 1721 1916 1776 video
1960 1736 2026 1776 ne

2210 1452 2269 1503 ’0
2297 1450 2354 1504 δὲ
2402 1451 2761 1521 αὐτοκράτωρ
2800 1451 2901 1519 τῆς
2956 1451 3093 1520 πρὶς
3147 1452 3245 1520 τὴν
3300 1450 3710 1520 βασιλεύουσαν

2127 1543 2410 1614 φερούσης
2455 1544 2654 1610 εἴχετο,
2710 1543 2810 1612 τὴν
2852 1542 3163 1613 παράταξιν
3219 1542 3399 1595 διόλου
3466 1544 3559 1596 ἐπὶ
3608 1542 3712 1612 τῆς

2129 1636 2298 1690 αὐτοῦ
2336 1637 2685 1706 συντηρήσας
2715 1634 2994 1700 εὐταξίας.
3052 1634 3212 1688 Ἀλλὰ
3251 1636 3560 1704 παράταξιν
3615 1638 3717 1689 καὶ

2131 1731 2419 1800 φάλαγγάς
2448 1747 2531 1792 τις
2565 1728 2803 1794 ἀκούων,
2831 1727 2967 1781 ἀλλὰ
2988 1726 3365 1797 δορυαλώτους
3395 1729 3488 1781 καὶ
3536 1727 3715 1795 λάφυ-

442 1814 566 1881 qnis
588 1813 758 1867 aciem
794 1821 849 1867 et
878 1812 1177 1881 phalangas
1225 1813 1473 1877 audiens,
1522 1814 1771 1882 captivos
1811 1826 2029 1883 quoque

2156 1840 2225 1888 ›α,
2263 1821 2401 1876 ἀλλὰ
2445 1820 2753 1892 στρατηγὸν
2793 1821 2889 1873 καὶ
2924 1819 3445 1888 ξυνταγματάρχας,
3501 1821 3719 1886 νομίζοι

444 1918 509 1957 ac
530 1902 703 1974 spolia
730 1942 745 1968 ,
780 1902 1164 1972 imperatorem
1195 1910 1250 1957 et
1287 1903 1337 1958 ei
1387 1913 1708 1971 praesentem
1764 1903 2032 1956 submini-

444 2005 685 2051 strantes
736 1995 788 2048 iu
830 1995 1102 2050 ductando
1142 2008 1365 2063 operam
1419 1994 1588 2049 duces
1633 2008 1700 2049 ac
1748 1994 2035 2064 praefectos

449 2091 733 2152 militares.
766 2090 962 2144 usitata
997 2089 1090 2143 illa
1122 2089 1324 2157 cogitet
1355 2103 1476 2157 quae
1530 2090 1598 2143 ab
1645 2088 1920 2144 historicis
1946 2096 2039 2141 aut

450 2183 621 2252 poetis
664 2197 750 2236 res
778 2181 1000 2235 bellicas
1034 2180 1313 2235 metnoriw
1346 2178 1753 2243 mandantibus,
1785 2178 1902 2233 istis
1933 2179 2038 2230 eis-

456 2277 577 2326 dem
615 2272 885 2339 designari
912 2269 1185 2326 vocabulis
1211 2280 1635 2326 consueverunt.
1653 2270 1817 2339 Atqui
1837 2284 2036 2323 novum

453 2379 555 2434 ego
581 2372 635 2418 et
669 2364 966 2417 inauditum
998 2362 1251 2432 quiddam
1287 2362 1484 2416 refero.
1516 2361 1609 2416 Sic
1631 2362 1775 2417 enim
1797 2365 2038 2415 omnium

453 2458 546 2524 qui
576 2472 688 2510 rem
722 2463 1046 2526 praesentem
1085 2465 1211 2509 tunc
1242 2454 1515 2519 viderunt,
1546 2454 1788 2509 unanimi
1821 2452 2038 2508 confes-

456 2549 608 2603 sione
640 2558 879 2612 constat,
910 2549 1045 2602 aciei
1080 2550 1302 2616 tiguram
1333 2558 1385 2601 et
1413 2548 1861 2615 compositionem
1903 2547 2041 2602 hanc

455 2638 625 2695 fuisse
664 2638 845 2703 talem,
879 2639 1093 2708 qualem
1126 2654 1299 2708 neque
1329 2640 1453 2707 quis
1484 2639 1710 2694 vidisset
1760 2655 2000 2708 unquam
2024 2681 2041 2707 ,

458 2745 635 2798 neque
673 2730 1058 2784 historicorum
1095 2732 1383 2799 quisquam
1411 2771 1427 2796 ,
1457 2732 1629 2785 visam
1679 2731 1815 2785 alias
1867 2740 2046 2800 poste-

458 2833 644 2874 rorum
697 2821 972 2874 memoriae
1029 2821 1364 2875 tradidisset.
1427 2820 1570 2876 Sane
1632 2831 1742 2875 tum
1775 2823 2046 2891 praecipue

462 2911 682 2978 quando
732 2909 968 2963 Iconium
1018 2927 1210 2966 versus
1250 2913 1608 2980 promovebat
1661 2927 1723 2967 se
1772 2912 2047 2967 Romanus

460 3003 754 3065 exercitus,
790 3004 983 3057 mirum
1016 3012 1134 3058 erat
1167 3004 1348 3058 videre
1394 3019 1558 3074 quam
1607 3014 1795 3059 exacta
1836 3006 2048 3061 ratione

461 3094 673 3148 ordinis
708 3104 931 3161 quanta.
970 3105 1345 3164 quantumque
1400 3095 1632 3148 invicem
1686 3098 2048 3163 respondente

2135 1914 2201 1968 ἂν
2257 1914 2484 1967 ἐκείνων
2537 1912 2784 1980 ἀκούειν,
2841 1912 3044 1966 ὁποίων
3101 1912 3252 1975 ἆπας
3308 1911 3583 1978 ἱστορικὸς
3621 1913 3725 1964 καὶ

2136 2004 2371 2075 ποιητὴς
2399 2004 2737 2074 ξυγγράφων
2780 2007 3081 2074 μέμνηται’
3123 2002 3240 2056 ἀλλ’
3278 2001 3419 2071 αὑτὴ
3455 2002 3487 2073 ἠ
3534 2003 3718 2071 παρά-

2135 2096 2293 2159 ταξις
2329 2101 2493 2165 καινὴ
2524 2112 2608 2159 τις
2640 2098 2737 2151 καὶ
2772 2095 3078 2164 παράδοξος
3124 2096 3298 2148 ἆπασι
3335 2098 3720 2161 κατεφαίνετο,

2139 2186 2235 2238 καὶ
2257 2187 2451 2239 ὁποίαν
2477 2187 2650 2250 οὐδεὶς
2685 2186 2907 2241 πώποτε
2966 2187 3219 2240 τεθέαται
3268 2185 3384 2237 οὗθ’
3419 2186 3719 2257 ἱστορήσας

2138 2281 2253 2340 τοῖς
2292 2280 2586 2347 ἐσύστερον
2623 2278 3046 2349 παρεπέμψατο.
3091 2279 3264 2332 Ἐπὰν
3299 2280 3407 2349 γὰρ
3459 2278 3556 2345 τῆς
3584 2274 3724 2345 πρὸς

2138 2372 2201 2424 τὸ
2245 2371 2465 2425 Ἰκόνιον
2491 2372 2671 2442 εἴχετο
2703 2371 3158 2440 συντεταγμένοις
3182 2388 3241 2425 τε
3279 2373 3591 2441 ἐπορεύετο,
3622 2368 3723 2420 καὶ

2142 2460 2419 2532 εὔρυθμον
2451 2463 2602 2534 αὐτῷ
2628 2464 2727 2532 τὴν
2754 2462 2971 2532 κίνησιν
2996 2462 3092 2515 τοῦ
3146 2464 3530 2530 συντάγματος
3584 2461 3722 2511 ἐπε-

2143 2554 2357 2621 ποίητο,
2429 2549 2584 2614 εἶπες
2637 2554 2703 2607 ἂν
2758 2553 2857 2623 τὴν
2904 2554 3162 2623 φάλαγγα
3217 2555 3399 2606 πᾶσαν
3455 2551 3579 2603 ἰδὼν
3625 2551 3727 2602 καὶ

2144 2644 2474 2713 κινουμένην
2512 2643 2772 2713 ἀκίνητον
2806 2644 3010 2713 μένειν,
3030 2644 3125 2696 καὶ
3154 2644 3457 2712 ἱσταμένην
3491 2642 3728 2708 πορεύε-

2146 2734 2291 2787 σθαιο
2329 2734 2407 2804 τῷ
2463 2734 2562 2801 μὲν
2598 2734 2706 2804 γὰρ
2756 2733 3119 2804 συνασπισμῷ
3149 2736 3244 2787 καὶ
3274 2736 3340 2804 τῇ
3399 2733 3733 2802 ἀλληλουχίαν.

2144 2825 2245 2892 τῆς
2280 2824 2638 2892 παρατάξεως
2686 2828 2797 2885 τοῖς
2823 2823 3141 2884 ἀσαλεύτοις
3170 2823 3357 2894 ὄρεσιν
3393 2820 3578 2892 ἐῴκει,
3611 2824 3732 2883 ταῖς

2146 2913 2201 2966 δὲ
2237 2913 2570 2982 μεταϐάσεσι
2598 2915 2934 2967 κεκινείσθαι
2976 2913 3165 2983 ὥσπερ
3200 2912 3339 2977 ζῶον
3374 2912 3630 2982 μέγιστον
3672 2909 3735 2963 ἐν

2147 3004 2180 3073 ἠ
2216 3003 2485 3071 σύμπασα
2526 3002 2741 3071 φάλαγξ
2774 3002 2880 3056 ὑπὸ
2918 3006 3050 3072 μιᾶς
3075 3003 3381 3073 κινουμένη
3432 3003 3529 3055 καὶ
3562 3018 3736 3071 μετα-

2153 3094 2414 3149 ϐαίνουσα
2437 3096 2634 3166 ψυχῆς.
2683 3095 2852 3150 Ἐπὰν
2886 3097 2942 3150 δὲ
2968 3097 3030 3149 τὸ
3068 3095 3401 3167 Φιλομὴλιον
3432 3093 3542 3163 (82)
3570 3093 3737 3147 κατι-

465 3197 722 3237 mensura
755 3194 996 3238 motuum
1028 3194 1377 3251 cunctorum,
1410 3185 1824 3256 progrederetur
1868 3188 2049 3241 multi-

2156 3186 2318 3240 λαϐεν
2349 3187 2728 3259 ἁπανταχόθεν
2773 3189 2899 3252 τοὺς
2924 3188 3037 3241 ὑπὸ
3080 3191 3240 3260 χεῖρα
3273 3189 3383 3241 τῶν
3430 3187 3738 3259 Βαρϐάρων

468 3276 596 3328 tudo
636 3284 806 3330 tanta.
852 3277 1092 3332 Dixisses
1133 3279 1439 3333 universam
1492 3279 1712 3335 intuens
1763 3280 1934 3336 aciem
1993 3289 2049 3336 et

467 3380 593 3419 rum
622 3367 1059 3437 progrederetur,
1086 3370 1365 3425 immotam
1396 3378 1543 3424 stare
1567 3412 1582 3435 ,
1609 3380 1664 3424 et
1692 3386 1816 3425 cum
1871 3372 2050 3426 cousi-

466 3464 632 3506 steret
666 3493 681 3519 ,
721 3455 1010 3523 proﬁcisci.
1069 3456 1205 3511 Nam
1240 3460 1635 3514 contesseratio
1676 3472 1951 3515 scutorum
1998 3471 2054 3517 et

444 3546 699 3615 μιίιίιιιηι
722 3548 958 3603 adhaesio
990 3558 1200 3615 mutua,
1232 3551 1574 3621 servatisque
1606 3566 1825 3622 semper
1845 3553 2050 3608 eisdem

470 3637 765 3703 distantiis,
801 3640 936 3695 aciei
986 3642 1156 3710 ﬁgura
1198 3657 1590 3710 perseverans,
1636 3646 1875 3715 speciem
1915 3647 2055 3716 obji-

473 3728 650 3784 ciebat
676 3732 860 3800 procul
899 3735 1249 3790 cernentibus
1272 3776 1288 3801 ,
1329 3735 1488 3806 quasi
1544 3736 1807 3790 montium
1851 3747 2052 3791 acterna

473 3825 774 3877 constantia
805 3823 1055 3881 brorum.
1111 3825 1229 3882 Mox
1283 3838 1462 3882 tamen
1516 3842 1640 3883 cum
1675 3836 1822 3883 tanta
1893 3827 2057 3883 simul

475 3911 644 3966 moles
692 3927 1016 3981 moveretur,
1044 3918 1329 3972 videbatur
1364 3926 1547 3974 tantus
1588 3920 1868 3975 exercitus
1949 3936 2055 3974 una

474 4003 623 4057 velut
647 4011 885 4072 vegetari
920 4008 1225 4076 agitarique
1256 4010 1404 4065 intus
1433 4010 1636 4064 anima.
1669 4009 1769 4066 Ubi
1820 4011 1922 4064 hac
1973 4026 2061 4065 ra-

480 4094 628 4149 tione
661 4095 1035 4153 Philomelium
1071 4111 1390 4166 perventum
1447 4108 1552 4167 est,
1607 4110 1938 4157 convocatos
1995 4116 2062 4158 ac

479 4187 735 4243 collectos
763 4188 1086 4259 undique,ut
1113 4193 1365 4261 superius
1393 4196 1596 4249 dictmn
1623 4205 1725 4258 est,
1749 4210 1844 4251 eos
1869 4209 2063 4252 omnes

366 4328 387 4333 _
480 4282 574 4350 qui
605 4281 707 4335 sub
739 4282 1099 4339 Barbarorum
1125 4287 1412 4356 tyrannide
1448 4287 1737 4358 g--mebant
1762 4326 1779 4353 ,
1813 4303 1938 4344 cum
1973 4302 2066 4343 ca-

484 4379 678 4448 ptivis,
717 4380 955 4450 ipsisque
1011 4378 1328 4435 mulieribus
1369 4393 1432 4433 ac
1484 4379 1726 4448 parvulis
1772 4389 1827 4433 et
1881 4377 2063 4446 praeda

484 4472 755 4535 universa,
800 4473 871 4526 ita
907 4486 1190 4542 regressus
1224 4471 1522 4539 imperator
1549 4479 1674 4533 est,
1733 4479 1789 4524 et
1848 4480 2069 4539 propter

483 4576 653 4629 genus
689 4561 1049 4616 multitudinis
1094 4560 1328 4615 imbellis
1381 4571 1438 4614 et
1497 4560 1795 4628 spoliorum
1848 4559 2072 4629 impedi-

487 4660 750 4716 mentum,
782 4651 1215 4721 progressionem
1246 4648 1484 4703 universi
1515 4648 1788 4701 exercitns
1812 4662 1950 4702 novo
2012 4655 2071 4702 et

490 4742 556 4794 ad
613 4758 768 4795 usum
819 4749 1138 4811 praesentem
1197 4739 1609 4795 accommodato
1659 4737 2066 4807 gubernandam

493 4840 918 4899 temperamento
941 4832 1180 4889 duceret.
1204 4830 1487 4899 Accipit-in
1521 4829 1757 4882 medium
1789 4828 2071 4900 phalangis

490 4938 749 4993 personas
774 4923 1077 4979 imbecilles
1109 4923 1229 4978 illas
1253 4935 1394 4991 quas
1424 4920 1684 4983 diximus,
1713 4929 1767 4974 et
1801 4919 2067 4985 sarcinas,

489 5025 547 5068 et
570 5013 945 5069 strenuitatem
968 5013 1258 5070 militarem
1290 5014 1358 5067 ad
1409 5012 1615 5066 lentum
1680 5009 1948 5065 modicum
2004 5025 2071 5066 ac

493 5106 655 5161 veluti
683 5104 1030 5161 formicarum
1064 5105 1347 5178 proprium
1379 5117 1599 5172 passum
1626 5102 1792 5174 cogit.
1820 5101 1989 5157 Erant
2015 5103 2071 5158 in

498 5200 651 5259 turba
685 5199 773 5254 illa
806 5199 1055 5254 mulieres
1110 5215 1216 5254 non
1265 5214 1451 5268 pauca:
1499 5207 1712 5250 uterum
1764 5203 2072 5264 gestantes,

498 5290 649 5344 multi
683 5289 882 5344 morbis
919 5291 1186 5360 impliciti.
1229 5288 1300 5345 Ut
1330 5304 1563 5359 quaeque
1597 5288 1790 5342 mulier
1840 5288 2075 5341 instante

505 5383 1027 5447 paritudineteutari
1054 5381 1332 5436 doloribus
1365 5391 1629 5448 cceperat,
1684 5379 1809 5433 tuba
1863 5379 2076 5449 signum

497 5472 1082 5546 exercitniasztoti
1163 5472 1511 5542 imperatoris
1560 5472 1712 5539 jussu
1773 5472 1838 5525 ad
1899 5469 2082 5523 consi-

504 5568 748 5622 stendum
779 5567 1060 5621 edebatur.
1095 5564 1555 5633 Obtemperabant
1581 5578 1768 5616 omnes
1802 5561 2075 5632 figebant-

2152 3279 2629 3351 ἀναρῤυσάμενος,
2678 3279 2823 3335 καθά
2889 3295 2997 3333 που
3068 3281 3162 3333 καὶ
3223 3279 3433 3334 ἄνωθεν
3492 3278 3737 3348 εἴρηται,

2157 3373 2322 3438 μέσον
2350 3374 2447 3441 τῆς
2465 3373 2839 3443 ’παρατάξεως
2865 3372 3159 3433 εἰσελάσας
3191 3371 3320 3433 τούς
3349 3389 3408 3424 τε
3451 3371 3735 3439 δορυαλώ-

2153 3481 2282 3529 τους
2346 3468 2443 3520 acati.
2499 3467 2673 3530 αὐτὰς
2706 3467 2771 3536 δὴ
2814 3468 3082 3534 γυναῖκας
3117 3466 3212 3518 καὶ
3262 3466 3432 3518 τέκνα
3480 3466 3578 3517 καὶ
3638 3463 3751 3530 τὴν·

2153 3555 2302 3608 λείαν
2337 3557 2555 3611 ἃπασαν
2597 3558 3055 3628 ὑπαναστρὲφων,
3106 3557 3298 3628 ἡρέμα
3337 3575 3394 3611 τε
3442 3556 3743 3627 ἐπορεύετο

2156 3652 2250 3701 καὶ
2276 3644 2387 3702 οἷον
2417 3649 2671 3720 σχολαίαν
2698 3668 2757 3703 τε
2783 3636 2878 3704 καὶ
2909 3651 3373 3721 μυρμηκίζουσαν
3398 3649 3495 3719 τὴν
3519 3650 3740 3719 κίνησιν

2157 3739 2484 3807 ἐπεποίητο.
2549 3739 2704 3790 Ἐπεὶ
2746 3737 2804 3790 δέ
2864 3739 2957 3790 καὶ
3002 3738 3202 3791 πολλαὶ
3279 3738 3395 3792 τῶν
3463 3739 3747 3806 γυναικῶν

2159 3828 2462 3898 ἐγκύμονες
2488 3825 2647 3900 ἦσαν,
2673 3829 2860 3882 πολλοὶ
2887 3829 2944 3882 δέ
2976 3829 3070 3882 καὶ⁴
3094 3829 3270 3892 νόσοις
3313 3829 3748 3900 συνεσχέθησαν,

2158 3915 2400 3985 ὁπηνίκα
2422 3933 2508 3980 τις
2537 3917 2676 3986 πρὸς
2706 3916 2765 3968 τὸ
2786 3917 2968 3969 τεκεῖν
2999 3915 3266 3986 ἠπείγετο
3303 3917 3467 3986 γυνὴ,
3507 3917 3755 3984 σάλπιγξ

2159 4007 2466 4076 τηνικαῦτα
2494 4008 2725 4078 ἠχοῦται
2749 4007 2981 4077 νεύματι
3004 4008 3099 4061 τοῦ
3122 4009 3551 4078 αὐτοκράτορος,
3583 4008 3753 4078 ἀτρε-

2166 4103 2291 4168 μεῖς
2321 4099 2531 4162 πάντας
2590 4099 2792 4157 ἐποίει.
2851 4100 2950 4153 καὶ
2984 4097 3135 4152 ἅπαν
3173 4099 3234 4152 τὸ
3285 4098 3575 4170 σύνταγμα
3629 4098 3755 4149 ἐκεῖ

2164 4186 2513 4259 παραχρῆμα
2548 4189 2820 4260 εἱστήκει.
2855 4189 3028 4243 Ὅταν
3065 4190 3123 4242 δὲ
3162 4189 3433 4241 τεκοῦσαν
3497 4187 3753 4257 μεμαθή-

2167 4298 2276 4341 κοι,
2301 4280 2459 4344 ἄλλος
2481 4275 2616 4352 ἦχος
2649 4281 2712 4333 ού
2747 4281 2988 4351 συνήθης
3020 4281 3114 4333 καὶ
3159 4282 3257 4347 τῆς
3299 4280 3569 4348 κινήσεως
3616 4294 3756 4347 προ-

2169 4371 2431 4440 κλητικὸς
2463 4372 2814 4442 ἡχὴσας,τὴν
2847 4370 3156 4440 ὁδοιπορίαν
3180 4370 3386 4423 ἅπασιν
3412 4368 3754 4439 ἐπώτρυνεν.

2170 4462 2236 4517 El
2267 4463 2324 4516 δέ
2357 4480 2440 4526 τις
2485 4465 2580 4517 καὶ
2610 4462 2867 4529 ἐθανάτα,
2901 4463 2969 4515 τά
2997 4464 3140 4515 αὐτὰ
3171 4458 3329 4524 αὖθις
3358 4461 3575 4528 ἐγίνετο
3603 4461 3694 4513 καὶ
3724 4461 3759 4513 ὁ

2174 4555 2537 4625 αὐτοκράτωρ
2573 4553 2712 4625 πρὸς
2766 4554 2859 4608 τὸν
2915 4553 3219 4623 θνήσκοντα
3260 4553 3613 4620 παρεγίνετο.
3659 4550 3763 4604 καὶ

2177 4647 2344 4717 ἱερεῖς
2378 4645 2840 4717 προσεκαλοῦντο,
2882 4646 3011 4708 τοὺς
3067 4644 3474 4704 ἐπιτελευτίους
3531 4642 3760 4714 ᾁσοντες

2177 4737 2406 4807 ὕμνους,
2464 4738 2560 4791 καὶ
2614 4737 2725 4791 τῶν
2777 4736 3143 4806 ἀγιασμάτων
3214 4734 3618 4803 μεταδώσοντες
3679 4731 3761 4803 τῷ

2177 4831 2494 4902 θνήσκοντι,
2528 4832 2623 4883 καὶ
2656 4830 2799 4883 οὕτω
2828 4831 2935 4882 τῶν
2964 4830 3055 4881 ἐπὶ
3079 4829 3191 4890 τοῖς
3211 4826 3508 4879 τελευτῶσι
3536 4825 3761 4879 πάντων

2177 4924 2429 4993 νομίμως
2484 4922 2870 4981 τελεσθέντων,
2935 4920 3057 4972 οὐδὲ
3093 4919 3292 4991 μέχρις
3350 4918 3417 4972 ἂν
3446 4920 3473 4970 ὁ
3503 4917 3762 4988 θνήσκων

2177 5014 2553 5088 ἐνσοριασθεῖς
2611 5014 2809 5083 ἐτάφη,
2875 5012 3000 5064 οὐδὲ
3063 5010 3241 5082 βραχὺ
3294 5009 3394 5081 τὴν
3450 5008 3767 5080 παράταξιν

2182 5106 2479 5178 συνεχώρει
2521 5107 2811 5160 κινεῖσθαι.
2867 5105 3140 5174 Ὀπηνίκα
3163 5104 3222 5156 δὲ
3254 5104 3553 5174 ἀριστῆσαι
3582 5102 3773 5172 τούτῳ

2180 5202 2395 5271 ἐδέησε,
2448 5197 2721 5269 γυναῖκάς
2777 5213 2837 5248 τε
2880 5196 2976 5249 καὶ
3039 5195 3242 5267 ἄνδρας
3276 5196 3468 5247 ὁπόσοι
3521 5192 3693 5253 νόσοις

2182 5297 2334 5367 γήρᾳ
2375 5293 2723 5363 κεκμηκότες
2762 5285 2905 5361 ἦσαν
2945 5287 3429 5357 μετακαλούμενος
3470 5285 3539 5337 τὰ
3586 5283 3766 5336 πλείω

2181 5387 2293 5441 τῶν
2323 5386 2637 5456 ἐδεσμάτων
2666 5386 2851 5446 αὐτοῖς
2887 5380 3198 5453 παρετίθει,
3238 5380 3335 5432 καὶ⁸
3366 5380 3493 5439 τούς
3544 5375 3764 5427 συνδει-

2186 5476 2457 5537 πνοῦντας
2491 5471 2640 5542 αὐτῷ
2668 5471 2831 5527 τοῦτο
2869 5472 3047 5524 ποιεῖν
3088 5466 3511 5538 παρεκελεύετο·
3558 5464 3652 5515 καὶ
3692 5458 3773 5535 ἦν

2188 5569 2221 5636 ὴ
2277 5564 2530 5635 τράπεζα
2614 5560 2911 5615 πανδαισία
2969 5575 3053 5620 τις
3113 5554 3295 5627 θεῖκὴ,
3362 5555 3464 5607 οὐκ
3511 5552 3770 5624 ὁργάνων

1575 5701 1716 5763 Car.
1752 5696 2083 5761 Dufresnii
2113 5700 2206 5761 Du
2249 5700 2470 5779 Cangii
2516 5706 2709 5762 notas.

578 5826 693 5893 (82)
728 5826 795 5879 Τὸ
827 5825 1210 5895 Φιλομήλιον.
1247 5824 1509 5897 Zonaras,
1539 5837 1657 5892 pag.
1689 5819 1818 5876 255.
