4108 6412
463 349 597 414 1155

1765 345 1991 406 ΑΝΝᾸΞ
2027 343 2408 405 (ΖΟΜΝΕΝΕ

3579 338 3714 406 1156

461 461 667 526 ctandi,
705 459 902 513 avertit
926 457 979 510 in
1004 455 1466 527 exspectationem
1506 455 1609 509 dici
1631 465 1857 522 postera:
1896 453 2040 523 cogi-

2151 451 2460 521 ἀνθρώπων
2526 447 2922 518 λελωϐημένων
2973 447 3386 516 ἐνδιαιτήματα.
3422 445 3576 498 Ἐστι
3606 449 3716 516 γὰρ

463 551 694 602 lationes
712 552 1078 618 praesentium.
1102 562 1321 601 monere
1333 547 1510 600 statim
1529 560 1846 606 conscenso,
1861 546 2033 612 prima

463 639 583 694 face
609 641 873 694 Palatium
909 640 1097 693 tenuit.
1133 638 1399 692 Postridie
1423 647 1565 690 totus
1586 647 1704 690 erat
1737 639 1786 689 in
1808 636 2037 704 captivis

469 735 873 800 peregrinisque
903 732 1179 785 curandis.
1210 730 1411 783 Pueros
1444 729 1610 798 igitur
1633 737 1894 798 quotquot
1943 742 2035 780 or-

465 825 670 892 phanos
690 824 905 876 amissis
924 822 1240 890 parentibus
1257 836 1373 874 ama
1383 835 1454 874 rae
1469 819 1718 872 orbitatis
1733 831 2037 872 aeruninoso

467 925 719 980 gravatos
743 914 902 982 jngo;
933 921 1195 982 quotquot
1221 911 1385 965 etiam
1419 911 1541 963 vitae
1591 909 1882 963 sanctioris
1915 924 2039 974 pro-

472 1007 758 1062 fessionem
784 1022 1008 1060 exorsos
1040 1006 1240 1074 reperit
1265 1045 1279 1066 ,
1328 1005 1620 1073 assignavit
1662 1003 2039 1070 distribuitque

467 1100 798 1161 educandos,
833 1098 950 1151 illos
976 1097 1191 1165 quidem
1225 1097 1672 1165 consanguineis;
1716 1095 1812 1148 hos
1857 1104 2036 1147 autem

466 1205 562 1257 per
593 1190 918 1242 monasteria
947 1189 1223 1256 dispersos
1270 1186 1540 1258 prml‘ectis
1579 1201 1856 1240 sacrorum
1907 1185 2041 1240 isto-

466 1297 586 1336 rum
620 1282 873 1344 canibus,
904 1280 1157 1335 omnibus
1190 1281 1454 1334 mandans
1489 1295 1556 1334 ne
1595 1278 1712 1331 illos
1744 1277 2039 1344 mancipio-

468 1387 582 1423 rum
614 1371 730 1424 loco
764 1371 1027 1424 ducerent
1062 1371 1412 1433 haberentve,
1445 1371 1538 1423 sed
1572 1380 1627 1422 ut
1675 1368 1872 1422 liberos
1901 1368 2037 1422 libe-

467 1464 654 1516 raliter
709 1462 1094 1524 instituerent,
1149 1460 1551 1530 disciplinisque
1603 1461 1776 1513 omnis
1825 1460 2041 1528 generis

467 1555 731 1620 honestis,
773 1556 942 1607 sacris
968 1553 1095 1620 quin
1145 1552 1306 1607 etiam
1350 1552 1544 1606 litteris
1572 1551 1896 1605 erudiendos
1947 1566 2043 1605 cu-

467 1657 674 1701 rarent.
707 1646 980 1711 Quosdam
1018 1645 1180 1698 etiam
1227 1644 1342 1712 ipse
1398 1644 1498 1697 sibi
1562 1655 1806 1697 servatos
1870 1643 2038 1712 recipi

462 1739 625 1808 jussit
677 1739 729 1790 in
776 1753 894 1790 eam
923 1751 1082 1803 quam
1139 1736 1346 1790 alendis
1403 1735 1665 1805 orphanis
1699 1735 2036 1788 excitaverat

2143 545 2272 598 ἰδεῖν
2301 543 2526 605 τούτους
2561 544 2683 595 κατ’
2707 543 2876 613 ἄνδρα
2902 542 3134 596 ἕκαστον
3160 540 3553 610 ἐπερχόμενον,
3576 541 3714 594 ὅπου

2142 638 2242 707 μὲν
2286 635 2543 704 τυφλοὺς,
2573 637 2709 688 ὅπου
2749 635 2806 687 δὲ
2857 635 2951 687 καὶ
2983 633 3209 704 χωλοὺς,
3236 633 3371 687 ὅπου
3415 633 3474 685 δέ
3511 651 3563 686 τι
3611 637 3710 686 καὶ

2139 729 2268 783 ἄλλο
2292 729 2464 782 κακὸν
2494 729 2739 797 ἔχοντας·
2781 725 2878 795 τὴν
2911 725 3072 779 στοὰν
3097 723 3443 792 Σολομῶντος
3471 725 3535 777 ἂν
3565 721 3720 788 εἶπες

2144 823 2271 876 ἰδὼν
2303 822 2508 891 μεστὴν
2538 821 2846 888 ἀνθρώπων
2873 817 3295 888 πεπηρωμένων
3326 820 3394 870 τά
3433 818 3570 886 μέλη
3621 818 3722 872 καὶ

2140 914 2238 967 ὅλα
2263 914 2331 966 τὰ
2349 914 2601 981 σώματα.
2631 913 2689 964 Ὀ
2708 912 2763 964 δὲ
2793 911 2990 974 κύκλος
3019 907 3244 970 διπλοῦς
3269 925 3326 960 τε
3355 908 3451 961 καὶ
3472 909 3720 978 δίδυμος.

2141 1006 2205 1057 Οἱ
2234 1004 2336 1073 μὲν
2360 1006 2465 1073 γὰρ
2491 1005 2603 1058 ἄνω
2634 1003 2727 1056 καὶ
2761 1003 3026 1071 μετέωροι
3052 999 3370 1054 κατοικοῦσι
3403 1001 3511 1052 τῶν
3543 1018 3722 1068 πεπη-

2144 1096 2404 1166 ρωμένων
2422 1094 2626 1148 τούτων
2646 1093 2856 1164 ἀνδρῶν
2885 1111 2944 1146 τε
2971 1093 3064 1145 καὶ
3089 1093 3391 1160 γυναικῶν,
3414 1094 3464 1144 οἱ
3490 1092 3545 1145 δὲ
3568 1093 3722 1144 κάτω

2145 1187 2235 1239 καὶ
2265 1185 2546 1255 πρόσγειοι
2582 1183 3013 1254 παρασύρονται.
3047 1181 3119 1235 Τὸ
3165 1182 3220 1235 δὲ
3253 1181 3349 1235 τοῦ
3385 1181 3586 1234 κύκλου
3622 1181 3723 1250 μέ-

2142 1277 2322 1345 γεθος.
2342 1277 2501 1338 εἴτις
2527 1275 2940 1338 ὲθέλειτούτους
2971 1275 3122 1338 ἰδεῖν,
3149 1275 3456 1345 ἀρξάμενος
3479 1274 3723 1342 πρωῖἾεν

2143 1370 2222 1429 είς
2252 1369 2496 1437 ἑσπέραν
2523 1366 2586 1419 ἂν
2615 1365 2705 1418 τὸν
2737 1363 2938 1418 κύκλον
2964 1367 3308 1420 συνετέλεσε.
3339 1365 3579 1434 Τοιαύτη
3618 1365 3719 1434 μὲν

2146 1460 2179 1528 ὴ
2209 1458 2382 1522 πόλις,
2417 1458 2648 1511 τοιοῦτοι
2689 1457 2746 1509 δὲ
2785 1460 2876 1511 καὶ
2908 1460 2957 1510 οἱ
3008 1457 3109 1525 τῆς
3144 1459 3355 1520 πόλεως
3388 1458 3590 1524 ταύτης
3639 1459 3724 1508 ol-

2143 1553 2395 1619 κήτορες,
2447 1549 2573 1603 οὐτε
2636 1549 2849 1619 γήπεδα
2902 1549 3143 1619 ἔχοντες,
3192 1548 3316 1602 οὔτε
3366 1548 3718 1621 ἀμπελῶναςἱ

2144 1641 2266 1694 οὕτε
2315 1660 2368 1694 τι
2405 1641 2532 1696 ἄλλο
2565 1640 2808 1694 τοιοῦτον
2841 1641 2970 1710 περὶ
3009 1639 3037 1692 6
3066 1641 3160 1692 τὸν
3205 1638 3550 1710 ἀνθρώπινον
3606 1639 3724 1709 βίον

2145 1733 2480 1803 ὴσχολῆσθαι
2538 1732 3057 1801 καταλαμϐάνομεν,
3095 1731 3232 1784 ἀλλὰ
3269 1731 3411 1784 κατὰ
3453 1731 3547 1784 τὸν
3601 1729 3724 1784 Ἰὼϐ

469 1830 734 1883 domum:
773 1830 825 1882 in
881 1844 982 1897 qua
1034 1841 1156 1882 cum
1212 1839 1410 1896 praeter
1454 1836 1704 1880 casteram
1754 1841 2038 1893 corporum

2150 1825 2373 1885 ἕκαστος
2403 1823 2434 1892 ἦ
2467 1823 2676 1892 ἑκάστη
2706 1824 2805 1891 τὴν
2856 1825 2956 1891 μὲν
2989 1822 3500 1892 δημιουργηθεῖσαν
3531 1823 3724 1884 αὐτοῖς

468 1935 655 1974 curam
705 1919 888 1973 ludum
938 1932 1154 1986 quoque
1215 1917 1538 1972 instituisset
1602 1915 1924 1970 litterarium
1990 1915 2042 1968 in

469 2027 578 2082 quo
603 2012 692 2080 qui
726 2012 920 2064 vellent
943 2009 1242 2078 disciplinis
1266 2009 1579 2063 liberalibus
1606 2008 1772 2060 imbui
1799 1995 2042 2074 possent,

472 2112 602 2156 time
639 2102 758 2172 ejus
795 2103 902 2154 ludi
933 2100 1202 2169 pra‘fectis
1242 2114 1305 2151 ac
1332 2099 1682 2153 scientiarum
1721 2097 2045 2167 prolessori-

469 2194 568 2249 bus
602 2194 792 2247 borum
823 2192 1206 2246 institutionem
1239 2192 1301 2242 ad
1333 2204 1524 2244 onmes
1556 2190 1816 2244 doctrina:
1865 2198 2046 2257 partes

469 2284 888 2340 commendavit.
937 2283 1067 2338 Erat
1112 2283 1255 2336 istud
1325 2282 1845 2352 orphanotrophium
1879 2281 1933 2334 in
1982 2295 2044 2334 ea

469 2375 968 2444 Constantinopolis
997 2386 1147 2443 parte
1182 2361 1510 2442 qnmlarcem
1552 2382 1779 2442 spectat.
1824 2370 1898 2425 lbi
1940 2387 2044 2439 qua

469 2480 532 2523 os
569 2467 722 2522 Ponti
756 2471 995 2537 aperitur
1024 2467 1188 2519 aedem
1222 2480 1432 2519 sacram
1474 2480 1595 2517 cum
1629 2467 1916 2533 reperisset
1946 2465 2048 2516 im-

470 2570 688 2630 perator
713 2559 1030 2627 capacitatis
1065 2557 1351 2620 maximae,
1387 2557 1687 2611 dedicatam
1743 2557 1794 2609 in
1829 2558 2046 2609 nomine

471 2654 649 2722 magni
707 2651 936 2721 apostoli
978 2649 1172 2713 Pauli,
1224 2650 1410 2703 urbem
1475 2649 1582 2703 illic
1631 2649 1683 2702 iu
1727 2649 1858 2703 urbe
1901 2650 2045 2717 regia

469 2746 686 2800 molitus
711 2755 766 2798 et
796 2745 1186 2797 architectatus
1236 2752 1321 2797 est
1362 2743 1544 2798 aliam.
1601 2741 1777 2810 Ipsum
1829 2744 2044 2811 quidem

469 2839 611 2906 quod
647 2837 756 2890 dixi
791 2836 1049 2904 templum
1109 2837 1160 2886 in
1211 2834 1650 2888 eminentissimo
1678 2834 1828 2887 urbis
1886 2835 2048 2903 hujus

473 2944 652 2996 parvae
675 2929 840 2981 situm
877 2926 1124 2978 exstabat
1159 2926 1277 2980 loco
1307 2925 1452 2978 velut
1468 2924 1631 2996 483
1653 2942 1745 2978 arx
1775 2927 2042 2995 quaedam.

477 3018 777 3085 Utrumque
818 3020 882 3068 ad
919 3016 1056 3068 latus
1091 3029 1224 3068 nova
1261 3015 1452 3068 civitas
1501 3031 1649 3083 aequa
1687 3016 2047 3084 descriptione

471 3110 809 3178 protenditur
836 3112 901 3162 ad
935 3108 1106 3162 stadia
1132 3112 1182 3162 in
1213 3107 1427 3177 longum
1459 3108 1730 3178 latumque
1754 3110 2048 3178 quamlibet

474 3201 674 3266 multa;
698 3202 902 3254 circum
928 3215 1044 3254 eam
1077 3213 1302 3268 surgunt
1333 3200 1569 3268 Undique
1600 3201 1793 3254 domus
1816 3203 2044 3264 erebrzc,

475 3291 772 3346 diversoria
815 3306 1108 3360 pauperum
1144 3310 1157 3344 :
1199 3303 1253 3345 et
1286 3293 1426 3358 quod
1488 3294 1876 3346 humanitatem
1923 3293 2047 3345 Au-

474 3387 612 3454 gusti
656 3385 996 3438 commendat
1035 3385 1301 3453 prmcipue
1327 3423 1342 3448 ,
1385 3383 1662 3438 hominum
1709 3384 1961 3456 debilium
1996 3393 2051 3438 et

476 3475 679 3528 morbis
721 3483 815 3526 aut
849 3474 1163 3527 vulneribus
1199 3473 1588 3528 labi-laetorum
1633 3488 1902 3544 receptus.
1945 3477 2050 3531 Eos

476 3568 600 3621 inde
629 3569 809 3620 videre
835 3577 922 3620 est
956 3567 1149 3619 viritim
1182 3569 1534 3634 proeedentes
1558 3581 1623 3620 ex
1657 3583 1750 3621 sua
1785 3583 2052 3638 quemque

480 3659 698 3726 regione
730 3676 744 3719 ;
777 3659 902 3713 hinc
939 3659 1154 3726 quidem
1179 3673 1373 3721 cacos,
1403 3659 1547 3712 illinc
1567 3659 1810 3722 claudos,
1833 3660 2052 3715 aliunde

478 3753 584 3806 alio
617 3754 925 3806 laborantes
968 3749 1292 3804 incommodi
1319 3764 1536 3819 genere.
1565 3747 1872 3804 Salomonis
1897 3751 2053 3818 plane

481 3845 778 3913 quamdam
817 3845 1084 3911 porticum
1139 3853 1189 3896 le
1227 3852 1380 3911 putes
1428 3842 1542 3895 haec
1595 3857 1824 3896 cernens
1855 3843 2051 3896 intueri

481 3935 735 3988 relertam
770 3935 1076 3989 hominibus
1101 3936 1180 3989 vel
1223 3935 1561 3988 membratim
1612 3935 1874 3989 mutilatis
1902 3972 1917 3996 ,
1970 3935 2052 3991 vel

481 4027 744 4080 ulcerosis
795 4041 858 4079 ac
911 4026 1051 4078 male
1107 4025 1312 4079 allectis
1363 4035 1475 4080 toto
1503 4040 1745 4093 corpore.
1783 4025 2055 4082 Circuitus

481 4129 602 4170 erat
631 4116 820 4184 duplex
863 4117 1078 4186 gemina
1117 4126 1343 4184 uterque
1376 4116 1775 4188 contignatione
1811 4121 2056 4172 substru-

483 4217 627 4260 CIus.
662 4203 957 4274 Utrubique
991 4216 1098 4259 tam
1126 4207 1178 4260 in
1212 4207 1506 4262 ccenaculis
1531 4223 1690 4276 quam
1742 4209 1792 4261 in
1835 4207 2055 4262 inferio-

480 4295 630 4349 ribus
659 4295 919 4350 cubiculis
956 4296 1309 4363 quiescebant
1340 4312 1402 4350 ac
1427 4297 1758 4350 curabuntur
1815 4299 2050 4352 mutilati

477 4394 571 4438 aut
603 4387 806 4440 morbis
830 4384 1012 4439 amicti
1072 4386 1240 4441 variis
1297 4402 1434 4452 quos
1481 4387 1717 4442 diximus
1772 4389 2055 4456 utriusque

2146 1917 2326 1968 οἰκίαν
2377 1917 2520 1967 οἰκεῖ
2551 1935 2561 1944 ·
2596 1916 2878 1984 αὐτὸματα
2915 1915 2971 1968 δὲ
3015 1917 3084 1967 τὰ
3130 1915 3262 1984 πρὸς
3290 1916 3496 1987 τροφήν
3537 1931 3597 1967 τε
3628 1915 3725 1968 καὶ

2149 2006 2360 2076 σκέπην
2408 2006 2559 2075 παρά
2599 2007 2697 2074 τῆς
2749 2005 3040 2074 βασιλικῆς
3075 2005 3260 2075 χειρὸς
3306 2005 3493 2067 αὐτοῖς
3529 2002 3722 2072 ἐπορί-

2147 2100 2288 2164 ζετο·
2315 2100 2407 2154 καὶ
2433 2103 2536 2168 γάρ
2562 2101 2620 2152 τὸ
2649 2100 3092 2170 παραδοξότατον
3121 2100 3171 2152 οἱ
3199 2100 3510 2170 ὰκτήμονες
3532 2098 3725 2170 ὥσπερ

2146 2193 2293 2256 τινὲς
2320 2193 2579 2245 δεσπόται
2609 2193 2864 2261 κτήματα
2895 2192 3109 2263 ἔχοντες
3138 2192 3232 2243 καὶ
3267 2191 3565 2260 προσόδους
3590 2207 3725 2242 παν·

2145 2285 2408 2347 τοδαπὰς,
2461 2283 2793 2355 φροντιστὰς
2843 2285 3052 2354 ἔχουσι,
3109 2283 3202 2337 καὶ
3249 2282 3343 2336 τοῦ
3393 2283 3510 2352 βίου
3540 2283 3728 2338 αὐτῶν

2148 2377 2512 2445 ἐπιμελητάς,
2564 2377 2730 2430 αὐτόν
2760 2393 2820 2429 τε
2873 2375 2969 2428 τὸν
3033 2376 3417 2447 αὐτοκράτορα
3473 2375 3730 2436 καὶτοὺς

2149 2469 2294 2538 ἀμφὶ
2337 2470 2429 2522 τὸν
2482 2471 2866 2540 αὐτοκράτορα
2922 2469 3322 2539 σπουδεργούς.
3385 2469 3563 2521 Ὅπου
3616 2468 3729 2536 γάρ

2147 2560 2347 2630 δήποτε
2377 2561 2480 2628 γῆς
2522 2561 2712 2630 κτῆμα
2749 2559 2816 2632 ἦν
2847 2564 2905 2614 ὲν
2941 2561 3094 2632 καλῷ
3127 2563 3408 2632 κείμενον,
3437 2561 3638 2614 ταύτὸν
3667 2563 3725 2613 δὲ

2148 2655 2324 2705 εἰπεῖν
2384 2652 2738 2722 εὐπρόσοδον,
2791 2655 2906 2715 τοῖς
2963 2652 3214 2721 ἀδελφοῖς
3271 2652 3484 2715 τούτοις
3543 2653 3728 2722 φέρων

2148 2742 2421 2811 ἐνείματο.
2468 2743 2587 2812 Ἀφ’
2621 2737 2696 2797 ὧν
2731 2739 2878 2807 οἶνός
2913 2761 2974 2797 τε
3009 2745 3191 2808 αὐτοῖς
3252 2744 3394 2798 κατὰ
3443 2745 3728 2812 ποταμοὶς

2150 2837 2373 2906 ἐπιρρεῖ
2406 2835 2502 2888 καὶ
2530 2837 2694 2904 ἄρτος
2729 2836 2824 2888 καὶ
2873 2837 2974 2888 ὅσα
3006 2835 3100 2888 ἐπὶ
3132 2835 3251 2897 τοῖς
3285 2834 3472 2905 ἄρτοις
3508 2832 3728 2885 σιτοῦν-

2147 2945 2237 2980 ται
2271 2927 2571 2998 ἄνθρωποι.
2621 2929 2682 2981 Ol
2714 2928 2770 2980 δὲ
2833 2926 3109 2990 ἐσθίοντες
3161 2927 3303 2997 ὑπὲρ
3333 2919 3588 2996 ἀριθμὸν,
3629 2927 3728 2978 καὶ

2147 3021 2286 3089 τάχα
2319 3018 2506 3089 τολμῶ
2566 3019 2662 3072 καὶ
2697 3019 2870 3087 λέγω,
2904 3019 3049 3072 εἴποι
3101 3036 3186 3082 τις
3233 3020 3321 3085 ἂν,
3355 3019 3491 3090 πρὸς
3525 3019 3586 3071 τὸ
3629 3016 3726 3072 τοῦ

2153 3110 2288 3180 ἐμοῦ
2320 3111 2570 3180 Σωτῆρος
2611 3110 2798 3180 θαῦμα
2830 3113 2938 3164 τῶν
2991 3110 3422 3181 ἑπτακισχιλίων
3456 3109 3598 3179 φημὶ
3633 3109 3730 3164 καὶ

2154 3201 2614 3273 πεντακισχιλίων
2650 3201 3019 3272 ἀναφέρεσθαι
3071 3202 3133 3256 τδ
3189 3201 3281 3255 τοῦ
3325 3200 3730 3270 αὐτοκράτορος

2148 3294 2334 3366 ἔργον.
2381 3294 2522 3348 Ἀλλ’
2554 3296 2736 3348 ἐκεῖσε
2794 3297 2859 3348 ὲκ
2912 3296 3074 3348 πέντε
3121 3293 3304 3364 ἄρτων
3351 3293 3730 3365 ἐκορέσθησαν

2148 3387 2414 3458 χιλιάδες,
2445 3387 2582 3441 καθὸ
2612 3388 2703 3438 και
2724 3389 2752 3440 6
2778 3387 2911 3450 Θεὸς
2947 3388 2974 3439 6
3009 3386 3468 3456 θαυματουργῶν,
3493 3385 3733 3438 ἐνταῦθα

2148 3477 2205 3530 δὲ
2233 3476 2302 3530 τὰ
2345 3476 2444 3548 μὲν
2501 3478 2602 3544 τῆς
2649 3477 3068 3545 φιλανθρωπίας
3124 3477 3224 3545 τῆς
3277 3476 3429 3539 θείας
3481 3475 3731 3544 ἐξέχεται

2151 3567 2390 3638 ὲντολῆςο
2419 3567 2481 3621 τὸ
2504 3566 2548 3622 δ’
2571 3567 2717 3633 ἄλλο,
2744 3570 2921 3620 ἐκεῖσε
2952 3569 3048 3637 μὲν
3079 3567 3283 3637 θαῦμα,
3301 3563 3400 3622 ὧδε
3421 3567 3476 3621 δὲ
3496 3568 3732 3638 χορηγία

2154 3659 2415 3732 βασιλικὴ
2471 3660 2535 3714 τὸ
2587 3659 2864 3730 αὔταρκες
2926 3663 3040 3724 τοῖς
3094 3659 3345 3730 ἀδελφοῖς
3407 3661 3730 3731 πορίζουσα.

2154 3747 2308 3807 Εἶδον
2340 3751 2453 3821 ἐγὼ
2496 3752 2594 3806 καὶ
2628 3752 2802 3822 γραῦν
2838 3756 3074 3820 γυναῖκα
3112 3753 3216 3805 ὐπὸ
3255 3753 3492 3816 νεάνιδος
3522 3755 3732 3817 ὐπττρε-

2150 3842 2438 3914 τουμένην,
2471 3844 2565 3896 καὶ
2591 3843 2760 3913 ἄνδρα
2791 3843 2995 3911 τυφλὸν
3025 3844 3132 3896 ὐπὸ
3165 3843 3462 3914 βλέποντος
3515 3842 3733 3911 ἀνθρώ-

2153 3954 2255 3988 που
2287 3935 2631 4006 χειραγωγού
2643 3953 2826 4004 μενον,
2858 3938 2948 3988 καὶ
2982 3935 3160 3990 ἄποδα
3224 3937 3393 3999 πόδας
3438 3936 3651 4006 ἔχοντα,
3672 3937 3735 3988 οὐ

2151 4027 2279 4088 τούς
2335 4024 2555 4088 ἑαυτοῦ,
2613 4025 2750 4078 ἀλλά
2808 4028 2936 4090 τούς
3002 4027 3338 4097 ἀλλοτρίους,
3393 4026 3487 4080 καὶ
3537 4027 3735 4095 ἄχειρα

2154 4118 2247 4172 ὐπ’
2275 4118 2489 4190 ἀνδρῶν
2542 4117 2747 4189 ἑτέρων
2793 4119 3338 4190 χειραγωγούμενον,
3399 4123 3494 4174 καὶ
3557 4119 3735 4189 βρέφη

2152 4211 2518 4282 τιθηνούμενα
2548 4211 2679 4281 παρ’
2706 4211 3008 4282 ἀλλοτρίων
3043 4213 3322 4283 μητέρων,
3350 4214 3444 4266 και
3492 4213 3739 4284 παραλύ-

2153 4319 2280 4366 τους
2301 4303 2583 4358 ὐπ’άλλων
2611 4305 2708 4357 ἀνθ
2720 4304 2919 4372 ρώπων
2943 4305 3389 4375 δουλευομένους,
3418 4304 3734 4375 εὐρώστων.

2158 4393 2266 4446 Καὶ
2311 4393 2450 4457 ὅλως
2481 4393 2704 4448 διπλοῦν
2752 4390 2820 4465 ἧν
2849 4397 2910 4448 τὸ
2964 4396 3170 4464 πλῇθος
3215 4396 3325 4448 τῶν
3359 4397 3734 4466 τρεφομένων,

479 4490 640 4530 sexus
669 4475 958 4538 homines;
990 4477 1039 4528 hi
1071 4478 1266 4531 sublati
1321 4478 1374 4531 in
1440 4478 1637 4532 coelum
1688 4478 1934 4539 liberius.
1999 4479 2048 4532 hi

2155 4487 2262 4539 τῶν
2302 4487 2399 4557 μὲν
2433 4489 2512 4550 είς
2559 4487 2981 4558 δουλευομένους
3019 4489 3470 4559 ἀριθμουμένων,
3522 4491 3630 4541 τῶι
3665 4491 3726 4543 δὲ

478 4577 637 4622 terra:
667 4569 920 4621 humilius
961 4571 1182 4633 admoti,
1249 4581 1409 4638 prout
1457 4570 1716 4638 cujusque
1762 4569 2055 4624 necessitas

478 4670 531 4712 et
565 4659 668 4712 loci
701 4661 838 4713 ratio
887 4660 1153 4714 ferebant.
1189 4661 1356 4714 Porro
1396 4661 1556 4712 istius
1605 4660 1817 4713 aedilicii
1853 4660 2050 4728 gemini

480 4749 687 4803 circum
731 4751 972 4820 undique
1015 4752 1276 4805 adstructi
1326 4752 1745 4825 magnitudinem
1803 4767 1961 4806 nosse
2008 4751 2053 4806 si

480 4841 603 4908 quis
636 4840 813 4907 cupiat
842 4879 857 4905 ,
894 4856 959 4894 ex
983 4856 1047 4895 eo
1075 4842 1344 4895 aestimare
1388 4843 1588 4912 poterit
1628 4843 1769 4910 quod
1819 4857 1941 4897 vere
1976 4843 2059 4896 di-

480 4947 598 4984 cam
642 4948 656 4984 :
696 4934 930 4984 futurum
973 4947 1163 5003 nempe
1185 4943 1239 4985 ut
1266 4933 1358 5000 qui
1391 4936 1487 4986 hos
1513 4943 1743 5002 aegrotos
1771 4949 1866 5002 per
1891 4933 2058 4988 cellas

480 5029 576 5075 aut
635 5023 990 5077 contubernia
1062 5038 1294 5092 superne
1355 5023 1688 5092 inl‘eriusque
1765 5025 2058 5094 dispositos

483 5111 657 5181 primo
691 5111 862 5166 visere
893 5114 1124 5166 diluculo
1162 5117 1440 5182 ccepisset,
1491 5117 1556 5178 is,
1595 5115 1636 5168 si
1669 5130 1856 5170 clunes
1903 5115 2058 5170 vellet

483 5217 822 5272 percurrere,
856 5205 944 5256 vix
977 5205 1271 5258 commissa
1306 5221 1526 5274 vespera
1554 5207 1926 5260 lustrationem
1955 5209 2055 5261 ab-

483 5301 715 5352 solveret
747 5316 760 5352 :
797 5301 934 5354 adeo
956 5311 1112 5354 erant
1135 5303 1284 5355 multi
1316 5311 1532 5372 tamque
1553 5305 1659 5358 lato
1686 5307 1859 5374 spatio
1889 5305 2065 5374 longis

484 5393 763 5446 ordinibus
787 5393 1047 5462 porrecti.
1075 5391 1247 5446 Tanta
1281 5396 1393 5450 haec
1423 5407 1540 5450 erat
1579 5398 1794 5463 civitas,
1835 5405 1914 5451 tot
1947 5398 2064 5465 ejus

487 5486 657 5548 cives,
687 5498 914 5551 quorum
951 5499 1110 5540 nemo
1137 5501 1259 5540 cum
1287 5488 1509 5542 haberet
1535 5489 1728 5542 liiiidos
1754 5530 1768 5552 ,
1817 5492 2013 5558 praadia
2048 5529 2064 5553 ,

488 5575 784 5642 hortosve,
841 5591 998 5630 nemo
1051 5580 1274 5641 vineas,
1329 5589 1423 5632 aut
1462 5581 1604 5634 aliud
1654 5582 1912 5648 ejusmodi
1959 5599 2064 5651 quo

491 5665 705 5720 fundari
765 5667 1136 5736 possessiones
1183 5671 1458 5724 hominum
1491 5683 1542 5724 et
1591 5688 1738 5740 spem
1769 5676 1941 5730 victus
1998 5691 2063 5730 ac

2166 4582 2246 4644 είς
2269 4581 2642 4644 δουλεύοντας.
2676 4582 2766 4652 Τῷ
2803 4583 2903 4649 μὲν
2933 4583 3302 4652 αὐτοκράτορι
3367 4584 3468 4637 οὐκ
3498 4582 3624 4651 ἐξῆν
3659 4583 3738 4651 τῷ

2165 4672 2467 4742 παραλύτῳ
2500 4674 2700 4726 εἰπεῖν’
2736 4676 2967 4744 Ἔγειρε
3001 4675 3100 4728 καὶ
3135 4677 3470 4742 περιπάτειο
3499 4675 3619 4728 οὐδὲ
3659 4676 3741 4746 τῷ

2159 4763 2345 4834 τυφλῷ
2384 4763 2645 4820 κελεῦσαι
2704 4767 2764 4819 τὸ
2793 4767 3029 4836 βλέπειν,
3068 4768 3189 4819 οὐδὲ
3221 4768 3299 4836 τῷ
3331 4768 3406 4839 μὴ
3435 4767 3613 4838 ἔχοντι
3640 4771 3739 4818 πί-

2162 4857 2259 4920 δας
2291 4859 2615 4927 ἐπιτρέπειν
2646 4862 2976 4930 περιπατεῖν
3006 4876 3020 4891 ·
3047 4860 3221 4915 ταῦτα
3257 4859 3326 4932 ἦν
3362 4861 3456 4915 τοῦ
3499 4864 3742 4929 Μονογε-

2162 4947 2288 5009 νοῦς
2329 4950 2425 5002 καὶ
2461 4950 2530 5001 δι’
2578 4951 2725 5022 ἡμᾶς
2764 4953 3051 5020 γεγονότος
3096 4953 3390 5024 ἀνθρώπου
3445 4955 3540 5006 καὶ
3597 4955 3740 5024 ὑπὲρ

2164 5039 2466 5108 ἀνθρώπων
2495 5041 2753 5094 ἐνταυθοῖ
2787 5041 3279 5112 πολιτευσαμένου.
3315 5046 3381 5096 Ἀ
3422 5043 3478 5096 δὲ
3511 5046 3740 5113 προσῆν,

2165 5131 2353 5183 ἐκεῖνα
2380 5134 2546 5184 ποιεῖ·
2580 5132 2854 5202 ὑπηρέται
2872 5133 3088 5204 ἑκάστῳ
3112 5134 3309 5187 διδόναι
3329 5137 3739 5206 πεπηρωμένῳ,

2168 5224 2262 5276 καὶ
2299 5223 2398 5294 τὴν
2430 5226 2604 5294 αὐτὴν
2662 5225 2923 5292 πρόνοιαν
2965 5227 3175 5280 τιθέναι
3232 5227 3310 5297 τῷ
3347 5227 3739 5298 λελωϐημένῳ,

2160 5312 2240 5382 τῷ
2270 5313 2590 5380 ὑγιαίνοντι.
2629 5315 2787 5368 Ὥστε
2819 5315 2871 5368 εἴ
2900 5334 2984 5380 τις
3012 5317 3259 5387 βούλοιτο
3291 5319 3390 5390 τὴν
3427 5320 3556 5372 νέαν
3587 5321 3744 5371 πόλιν

2165 5407 2503 5474 καταμαθεῖν
2529 5408 2594 5475 ἢν
2621 5411 2683 5459 ὲκ
2703 5407 2922 5478 βάθρων
2947 5411 2974 5462 6
3002 5411 3134 5479 ἐμὸς
3167 5413 3348 5481 πατὴρ
3393 5411 3742 5480 ἀνεδείματο,

2164 5499 2476 5564 τετραπλῆν
2501 5499 2565 5552 ἂν
2588 5500 2685 5553 ἷδοι
2706 5502 2804 5570 τὴν
2838 5502 2993 5555 πόλιν
3020 5505 3113 5556 καὶ
3134 5503 3448 5572 πολλαπλῆν
3468 5504 3575 5556 τῶν
3593 5507 3748 5556 κάτω

2164 5590 2274 5642 τῶν
2339 5591 2474 5658 ἄνω,
2557 5594 2664 5646 τῶν
2715 5595 3044 5666 ἀμφοτέροις
3089 5597 3299 5658 τούτοις

2174 5684 2370 5751 μένων.

3374 5596 3465 5660 ὲξυ
3475 5616 3545 5666 πη
3557 5614 3711 5657 ρετου
3733 5628 3745 5637 -

493 5761 663 5827 copiae
697 5764 953 5818 constitui
985 5765 1231 5822 videmus
1265 5784 1281 5822 :
1315 5767 1409 5823 sed
1464 5769 1689 5838 quisque
1739 5781 1793 5826 et
1839 5787 2066 5842 quaeque
2105 5777 2239 5831 Jobo
2293 5779 2364 5832 illi
2415 5783 2464 5834 in
2516 5783 2856 5852 sterquilinio
2895 5785 3138 5838 omnium
3183 5801 3371 5855 egeno,
3459 5788 3598 5856 quod
3676 5787 3745 5838 ad
