4108 6404
370 361 506 424 1131
1627 364 2037 423 ALEXIADIS
2088 365 2237 424 LIB.
2275 366 2395 426 XV.
3481 373 3615 438 1:58

342 485 615 541 quemque
640 470 887 542 privatim
920 476 1205 541 attinebit,
1232 487 1370 531 esset
1437 477 1748 543 persimilis,
1815 488 1992 531 tamen
2034 486 2149 531 erat
2178 480 2419 533 mirabile
2450 482 2728 538 abundare
2765 498 2956 539 omnes
3000 484 3206 540 idoneis
3247 488 3496 541 omnibus
3549 492 3618 543 ad

345 578 499 616 usum
551 567 731 621 rebus.
761 569 1001 638 Angusto
1035 572 1292 624 nimirum
1327 570 1527 624 liberali
1583 586 1740 624 manu
1790 581 2113 640 suggerente
2139 572 2266 639 ipsis
2288 588 2624 642 quaecunque
2686 579 2753 630 ad
2827 580 3209 635 habitationem
3273 590 3327 635 et
3392 593 3620 639 tectum,

342 655 414 709 ad
446 658 646 710 victum
680 660 1042 730 vestitumque
1072 678 1205 731 opus
1234 677 1408 717 erant.
1436 666 1563 729 Qme
1628 664 1759 730 ipsis
1811 663 1992 717 omnia
2034 680 2156 717 cum
2190 666 2308 718 sine
2341 668 2514 734 pretio
2554 684 2618 723 ac
2655 684 2782 723 cura
2813 686 3005 739 sponte
3056 689 3117 728 ac
3147 675 3312 743 gratis
3368 675 3617 742 proveni-

342 761 508 812 rent,
568 750 898 819 inopinatum
950 756 1274 809 cernebatur
1333 757 1629 823 quiddam;
1685 756 1929 808 homines
1968 756 2210 808 omnium
2243 760 2949 826 pauperrimuslatifundia,
3031 768 3318 835 vectigales
3412 779 3619 825 terras,

361 856 425 894 ac
454 854 747 909 proventus
770 847 946 899 onmis
968 849 1181 915 generis
1206 850 1435 915 habere;
1467 851 1592 917 quin
1623 851 1784 901 etiam
1814 847 2158 901 curatoribus
2189 858 2350 918 atque
2397 849 2730 905 administris
2789 869 2969 907 rerum
3029 866 3082 908 et
3145 868 3608 925 npportunnatmn

348 949 570 988 suarum
600 938 671 990 nti
696 937 943 1004 plurimis
976 938 1151 1005 iisque
1187 940 1511 1001 illustribus,
1554 940 1668 1007 ipso
1696 938 1945 991 videlicet
1986 938 2314 1006 imperatore
2366 940 2807 1010 principibusque
2847 945 2981 996 aulae
3016 960 3078 998 ae
3115 949 3363 1015 eugnatis
3391 949 3608 1001 comiti-

349 1028 560 1096 busque
592 1030 731 1082 illius
772 1047 785 1082 :
818 1031 906 1095 qui
936 1031 1152 1097 qnident
1186 1047 1396 1085 suunna
1427 1033 1529 1085 lide
1560 1046 1624 1086 ac
1657 1030 1856 1086 efﬁcaci
1892 1029 2074 1085 studio
2107 1031 2340 1083 rationes
2374 1031 2599 1084 istorum
2643 1048 2933 1101 pauperum
2970 1048 3221 1091 curantes
3255 1040 3409 1093 sicuti
3439 1054 3611 1092 terra-

350 1137 471 1174 rum
497 1123 764 1187 praedium
788 1127 989 1191 optimo
1014 1128 1174 1178 situm
1195 1125 1312 1180 loco
1353 1126 1608 1179 uberrimi
1642 1134 1932 1193 proventus
1956 1124 2476 1189 animadverterent,
2516 1128 2749 1192 agebant
2796 1131 2979 1182 statim
3012 1141 3067 1185 nt
3108 1133 3155 1184 id
3210 1134 3296 1185 isti
3340 1136 3614 1188 sodalitati

350 1218 762 1269 attr.bueretur.
798 1214 1004 1280 Quibus
1036 1218 1229 1271 deinde
1262 1218 1404 1273 velut
1432 1233 1495 1272 ex
1528 1216 1857 1288 perennibus
1889 1218 2130 1273 fontibus
2163 1217 2213 1269 in
2242 1216 2433 1270 horum
2464 1219 2808 1285 quotidianus
2842 1236 2969 1275 usus
2998 1226 3367 1277 cunviclurttttt
3402 1238 3454 1279 et
3484 1229 3603 1279 vina

352 1309 520 1376 largis
547 1307 856 1362 ﬂuminibus
890 1308 1169 1363 alllucreul
1201 1321 1255 1365 et
1285 1312 1435 1379 panis
1465 1326 1529 1365 ac
1555 1327 1891 1381 quaecunque
1914 1314 1979 1365 ad
2028 1326 2219 1380 panem
2264 1309 2440 1363 victus
2497 1310 2762 1365 humanus
2792 1316 3070 1369 consuevit
3108 1318 3305 1370 aldere
3345 1322 3597 1384 proveni-

348 1413 490 1467 rent,
530 1402 753 1469 benigna
808 1418 904 1455 nec
934 1402 1164 1456 delieere
1197 1413 1464 1457 metuente
1490 1406 1665 1472 copia.
1691 1406 1848 1471 Atqui
1881 1416 2036 1458 erant
2059 1403 2149 1471 qui
2186 1402 2383 1454 istltinc
2412 1403 2772 1469 pascebantur
2795 1406 2974 1473 plures
2998 1424 3161 1477 quam
3184 1411 3303 1476 quis
3335 1422 3602 1464 autumet.

353 1501 430 1552 lta
462 1506 515 1547 ut
548 1495 743 1566 (modo
778 1505 952 1550 tamen
988 1497 1037 1548 id
1073 1497 1198 1549 mihi
1239 1513 1329 1565 per
1360 1496 1643 1550 Dominum
1675 1495 1853 1551 Jesnm
1884 1494 2078 1565 liceat)
2114 1494 2339 1547 audeam
2374 1511 2496 1547 cum
2528 1495 2823 1549 Salvaturis
2852 1498 3134 1562 miraculo,
3188 1513 3392 1570 septem
3424 1506 3601 1557 humi-

352 1604 479 1641 num
515 1602 566 1641 et
597 1588 791 1641 iterum
837 1592 1073 1657 quinque
1136 1590 1297 1642 millia
1337 1589 1606 1659 pascentis
1643 1592 1796 1654 hauc_
1855 1587 2195 1655 imperatoris
2231 1586 2629 1653 providentiam
2699 1599 2751 1640 et
2808 1588 3187 1645 liberalitatem
3223 1594 3407 1663 aliquo
3461 1599 3618 1649 modo

351 1680 624 1734 conferre.
660 1677 888 1733 Interest
914 1690 1091 1735 tanien
1140 1688 1282 1749 quod
1311 1683 1419 1736 illic
1447 1684 1683 1751 quinque
1741 1693 1837 1736 aut
1887 1690 2095 1746 septem
2134 1680 2384 1745 panibus,
2414 1683 2634 1735 totidem
2663 1682 2936 1735 hominum
2972 1686 3136 1737 millia
3175 1699 3413 1741 saturata
3456 1701 3610 1744 stmt.

353 1777 495 1827 Deus
532 1788 722 1842 nempe
754 1774 894 1828 Dl'US
930 1788 1047 1830 erat
1080 1776 1165 1843 qui
1199 1776 1451 1829 nimirttm
1489 1776 1560 1830 ibi
1586 1776 1987 1843 omnipotentize
2030 1790 2141 1827 sua:
2169 1772 2362 1824 edebat
2403 1774 2695 1841 specimen.
2736 1775 2831 1827 Hie
2865 1774 2994 1826 nihil
3023 1777 3125 1828 nisi
3159 1788 3384 1832 conatus
3416 1783 3608 1835 buma-

351 1869 537 1924 nitatis
574 1870 689 1934 fuit,
725 1880 1054 1940 prscceptum
1088 1889 1114 1923 ιι
1158 1871 1267 1924 Deo
1297 1870 1608 1936 impositum
1642 1868 1971 1932 hominibus,
1999 1876 2055 1921 ut
2084 1880 2268 1923 mutuo
2300 1870 2356 1924 in
2390 1884 2498 1941 quo
2564 1871 2792 1939 quisque
2851 1881 3027 1937 potest
3066 1872 3153 1924 alii
3206 1873 3338 1927 alios
3375 1872 3564 1941 juvent
3590 1916 3605 1939 ,

362 1963 589 2031 implere
614 1966 933 2028 satagentis.
982 1962 1149 2036 484
1182 1964 1320 2031 Ergo
1354 1962 1465 2016 illic
1519 1963 1736 2031 quidem
1772 1960 2032 2013 mirabilis
2070 1959 2293 2017 eﬂectus
2328 1964 2708 2032 omnipotentis
2737 1967 2967 2017 dextera:
3009 1982 3022 2018 :
3058 1969 3143 2019 hic
3186 1967 3400 2037 largitio
3441 1970 3613 2039 impe-

353 2056 553 2111 ratoria
586 2056 857 2110 sodalibus
885 2068 990 2107 tam
1028 2058 1211 2110 nmltis
1249 2058 1407 2111 unius
1440 2066 1609 2110 vastae
1638 2056 1829 2108 domus
1859 2056 2217 2112 contubernio
2247 2058 2513 2113 devinctis
2541 2067 2732 2112 cuncta
2775 2073 2893 2126 quae
2930 2072 3087 2114 erant
3120 2063 3185 2115 ad
3220 2079 3373 2117 usum
3424 2082 3613 2119 neces-

346 2148 486 2200 saria
512 2147 805 2214 pra-bebat.
830 2147 1057 2202 Juvabat
1092 2166 1175 2202 me
1200 2150 1383 2203 videre
1410 2148 1516 2202 illic
1546 2163 1710 2202 anum
1752 2149 1820 2202 ab
1847 2147 2189 2203 adulescente
2214 2151 2396 2205 curari
2434 2150 2630 2204 femina
2658 2168 2671 2215 ;
2717 2168 2918 2206 cmcum
2958 2154 3131 2208 virum
3166 2171 3193 2207 a
3221 2156 3433 2210 vidente
3455 2175 3615 2213 manu

346 2240 467 2293 duci
498 2255 511 2300 ;
548 2240 766 2293 claudos
798 2250 889 2293 ant
916 2243 1192 2295 mutilatos
1218 2241 1464 2309 pedibus,
1492 2241 1655 2310 pedes
1680 2241 1879 2295 habere
1918 2256 2022 2295 non
2056 2257 2203 2304 suos,
2234 2242 2325 2295 sed
2362 2241 2532 2296 aliena
2588 2245 3349 2320 benignitate.commodatos;
3386 2250 3622 2318 propriis

346 2345 615 2394 carentes,
647 2335 945 2386 amicorum
979 2334 1191 2387 vit-ariis
1222 2335 1294 2386 uti
1330 2334 1618 2398 manilms;
1674 2334 1837 2386 orbus
1889 2333 2124 2387 infantes
2179 2343 2409 2387 matrum
2451 2334 2749 2389 alienarum
2797 2336 3058 2392 uberibus
3108 2338 3333 2406 lactari;
3375 2341 3612 2409 denique

350 2425 600 2478 homines
633 2425 956 2495 paralyticos
982 2434 1037 2479 et
1066 2425 1317 2480 resolutis
1354 2426 1556 2488 nervis,
1590 2426 1797 2479 debiles
1837 2425 2066 2479 aliorum
2101 2427 2394 2480 valentium
2439 2426 2752 2482 ministeriis
2798 2430 3045 2496 snpplere
3068 2431 3335 2484 defectum
3360 2433 3614 2486 inertium

349 2515 739 2568 membrorum.
767 2515 950 2584 Itaque
982 2519 1032 2570 itt
1065 2518 1375 2569 universum
1431 2515 1633 2583 duplici
1693 2531 1891 2585 genere
1948 2517 2232 2571 multitudo
2294 2519 2636 2586 imperatoris
2690 2520 2946 2589 impensis
3000 2522 3189 2574 istoin
3240 2525 3357 2575 loco
3412 2528 3614 2578 nutrita

350 2612 636 2664 constabat
672 2628 683 2664 :
718 2609 807 2664 alii
835 2612 1099 2680 siquidem
1131 2622 1287 2666 erant
1320 2610 1513 2679 quibus
1566 2611 2004 2676 ministrabatnr;
2071 2613 2157 2664 alii
2212 2613 2301 2679 qui
2358 2613 2761 2667 ministrabant.
2823 2614 2990 2667 Porro
3021 2617 3292 2681 Angustus
3334 2633 3438 2669 non
3502 2634 3620 2670 eam

353 2706 584 2761 habebat
613 2709 717 2762 vim
750 2726 854 2777 qua
889 2721 1068 2777 posset
1099 2707 1290 2763 effectu
1322 2717 1603 2777 seqnente,
1645 2709 1825 2762 dicere
1857 2708 2152 2778 paralyticu
2175 2708 2339 2776 Surge
2368 2721 2415 2761 et
2448 2711 2680 2775 ambula,
2706 2721 2795 2762 aut
2828 2727 2971 2763 ea-co
3013 2712 3303 2780 prmi-ipere
3330 2722 3387 2763 ιιι
3412 2714 3611 2773 videat,

350 2800 666 2853 antearenti
704 2800 927 2869 pedibus
953 2800 1130 2853 subito
1154 2800 1305 2869 jussu
1338 2815 1581 2868 gressum
1640 2799 1935 2866 indulgere.
1975 2799 2197 2868 Propria
2242 2801 2332 2853 illa
2383 2810 2617 2869 potestas
2670 2802 2766 2853 fuit
2830 2802 3096 2870 L’nigeniti
3150 2806 3239 2871 qui
3278 2803 3613 2858 humanitate

354 2905 572 2961 propter
596 2908 693 2947 nos
724 2903 1023 2960 assumpta,
1049 2893 1213 2947 vitam
1247 2893 1334 2946 bie
1361 2894 1503 2947 inter
1536 2892 1783 2947 homines
1809 2894 2045 2945 humano
2107 2893 2266 2945 modo
2298 2908 2361 2945 ac
2386 2902 2545 2960 captu
2578 2894 2910 2959 superiorem
2943 2896 3117 2947 duxit.
3152 2892 3283 2958 Quae
3313 2906 3490 2948 autem
3525 2895 3627 2947 im-

353 3001 571 3056 perator
604 2989 794 3057 potuit,
826 2988 1079 3041 nimirum
1110 2989 1400 3057 unicuique
1436 2988 1679 3042 mntilatu
1710 3003 1773 3042 ac
1799 2989 2160 3042 membrorum
2193 3004 2288 3039 nsn
2320 2999 2473 3057 rapto
2509 2990 2784 3055 prOprimn
2819 2988 3070 3042 addicere
3140 2988 3397 3041 famulum
3425 2989 3489 3041 ad
3523 3003 3623 3040 ειι-

355 3081 618 3135 rationem
640 3091 692 3133 et
721 3081 1058 3147 obsequium,
1090 3092 1142 3133 ct
1174 3090 1279 3133 tant
1308 3082 1544 3148 mgrutis,
1574 3095 1731 3146 quam
1765 3082 1910 3132 sanis
1934 3093 2165 3150 mgrotos
2196 3082 2528 3140 curantibus,
2594 3080 2875 3146 providere
2910 3082 3109 3147 pariter
3151 3080 3218 3133 de
3250 3082 3389 3133 victu
3416 3082 3623 3143 stabili,

354 3188 419 3227 ea
455 3188 585 3226 sane
613 3173 912 3241 perprolixe
947 3173 1087 3225 fecit.
1122 3172 1385 3225 (la-ternm
1423 3172 1466 3224 si
1504 3172 1621 3237 quis
1657 3170 2051 3224 diStinctiorem
2092 3175 2290 3225 habere
2351 3173 2594 3224 notitiam
2633 3175 2781 3225 urbis
2841 3174 2997 3225 istius
3040 3172 3165 3225 velit
3194 3188 3221 3225 a
3256 3183 3411 3239 patre
3444 3192 3562 3227 meo
3595 3190 3625 3227 a

354 3266 723 3319 fundamentis
750 3266 1047 3327 aediﬁcatae,
1082 3265 1125 3316 is
1152 3265 1287 3318 sliat
1312 3263 1695 3329 quadrifariam
1736 3264 1875 3315 divis
1897 3278 1964 3315 ιιιι
2000 3263 2170 3323 illam,
2202 3264 2303 3316 nisi
2332 3265 2492 3315 etiam
2527 3264 2882 3327 plurifariam,
2929 3265 3114 3318 luisse.
3150 3264 3466 3319 Conflabant
3498 3286 3615 3323 eatn

354 3360 612 3412 nimirum
650 3358 740 3427 qni
773 3361 822 3408 in
854 3358 1220 3422 superioribus
1252 3356 1502 3408 tabulatis
1532 3366 1583 3408 et
1623 3354 1971 3408 inferioribus
2002 3356 2352 3409 conclavibus
2377 3356 2559 3422 {egroti
2594 3357 2983 3409 decumbebant
3041 3357 3426 3410 desidebantve
3464 3375 3477 3411 :
3510 3368 3621 3413 tum

353 3453 446 3519 qui
481 3468 585 3504 tam
614 3450 982 3516 superioribus
1017 3450 1164 3501 hisce
1195 3466 1352 3513 quam
1380 3450 1501 3501 aliis
1536 3449 1761 3501 inferius
1796 3450 2114 3517 degentibus
2147 3460 2427 3501 curatores
2458 3448 2749 3513 famuliqne
2802 3449 3205 3509 ministrabant.

427 3545 589 3596 ‘.\).).'1
617 3545 699 3602 τίς
724 3541 1095 3611 ἐξαριθμῆσαι
1114 3541 1408 3607 δυνήσαιτο
1426 3542 1553 3602 τοὺς
1579 3540 1700 3592 καθ’
1726 3541 1939 3609 ἡμέραν

2116 3540 2184 3591 At
2219 3540 2342 3606 quis
2375 3553 2694 3590 enumerare
2730 3538 2791 3587 ad
2828 3546 3079 3589 exactum
3119 3549 3281 3604 queat
3332 3552 3464 3607 quot
3514 3543 3626 3596 illic

354 3638 657 3697 ἐσθίοντας.
686 3635 718 3703 ἢ
750 3633 850 3702 τὴν
876 3632 998 3685 καθ’
1034 3634 1272 3699 ἑκάστην
1300 3632 1574 3701 δαπάνην,
1612 3635 1707 3683 καὶ
1732 3633 1831 3699 τὴν
1857 3647 1941 3697 γι-

354 3732 589 3797 νομένην
630 3726 710 3788 εἰς
752 3726 982 3777 ἕκαςτον
1036 3728 1330 3794 πρόνοιανς
1394 3723 1488 3786 Εἰς
1540 3726 1749 3775 ἐκεῖνον
1830 3723 1942 3792 γὰρ

355 3819 617 3887 ἀναφέρω
672 3818 761 3870 καὶ
821 3818 888 3868 τὰ
931 3816 1051 3884 μετ’
1100 3816 1304 3866 ἐκεῖνον
1334 3829 1348 3844 °
1382 3816 1593 3876 ἐκεῖνος
1647 3816 1758 3885 γὰρ
1790 3816 1941 3883 ἀφω-

358 3909 550 3979 ρίσατο
566 3906 634 3958 τὰ
651 3905 760 3958 ἀπὸ
784 3905 885 3973 γῆς
904 3904 1281 3971 καὶ-Θαλάττης
1304 3905 1476 3971 αὐτῆς
1500 3905 1775 3972 προνοίας·
1798 3906 1943 3957 ἐκεῖ·

358 4019 445 4063 νος
473 3998 644 4068 δὲτὴν
675 3998 907 4067 δυνατὴν
935 3996 1215 4067 ῥᾳστώνην
1243 3997 1425 4058 αὐτοῖς
1449 3998 1845 4065 περιποιήσατο
1873 3996 1938 4049 ³⁵.

359 4092 403 4142 Il
413 4090 713 4160 ροκὰθηται
735 4089 842 4157 γὰρ
860 4089 999 4157 ἁνήρ
1018 4104 1100 4148 τις
1119 4086 1225 4138 τῶν
1240 4086 1595 4150 ἐνδοξοτάτων
1618 4087 1942 4157 φροντιστὴς

355 4186 460 4252 τῆς
515 4183 850 4253 μυριάνδρου
886 4182 1121 4248 ταυτησὶ
1163 4181 1397 4241 πόλεως.
1439 4183 1936 4250 Ὀρφανοτροφείον

356 4280 412 4331 δὲ
432 4277 604 4347 ταύτῃ
630 4273 893 4342 τοῦνομα.
928 4273 1424 4342 Ὀρφανοτροφείον
1444 4270 1554 4337 (85)
1579 4270 1635 4321 δὲ
1666 4284 1942 4338 προσαγοο

362 4368 604 4439 patient,
633 4368 715 4420 ὅτι
745 4368 777 4435 ἡ
809 4365 949 4433 πρὸς
983 4364 1106 4425 τοὺς
1135 4362 1411 4431 ὀρφανοὺς
1441 4363 1535 4413 καὶ
1560 4358 1939 4430 ἀποστρατεύ-

357 4476 485 4521 τους
534 4455 920 4525 φιλανθρωπία
953 4453 1048 4505 τοῦ
1083 4454 1512 4522 αὐτοκράτορος,
1543 4452 1667 4503 ὅθεν
1698 4453 1793 4502 καὶ
1825 4448 1942 4503 τοῦ-

358 4567 499 4617 νομα
532 4548 881 4613 ἐπεκράτησε
909 4544 1010 4611 τῆς
1050 4542 1158 4594 ἀπὸ
1180 4542 1288 4593 τῶν
1304 4540 1555 4612 ὀρφανῶν
1587 4540 1939 4610 προμηθείας*

362 4638 594 4708 σὲκρετπι
634 4636 745 4701 (86)
788 4634 897 4702 γὰρ
945 4632 1037 4684 ἐπὶ
1076 4631 1285 4691 τούτοις
1340 4630 1474 4680 πᾶσι
1516 4632 1611 4681 καὶ
1655 4630 1930 4700 λογοπρα-

359 4729 479 4797 γίαι
508 4726 616 4779 τῶν
650 4726 1040 4794 προνουμένων
1075 4722 1119 4752 ³⁸
1160 4724 1253 4773 καὶ
1287 4720 1354 4772 τὰ
1391 4720 1500 4773 τῶν
1525 4722 1776 4791 πενήτων
1807 4724 1943 4792 κτή-

364 4840 511 4893 ματα
545 4820 642 4872 καὶ
669 4815 1057 4887 χρυσόδουλλοι
1109 4812 1258 4879 λόγοι
1313 4810 1772 4879 ἐπιὸραϐεύοντες
1830 4814 1943 4874 τοῖς

2046 3630 2289 3699 quotidie
2318 3646 2411 3681 ora
2451 3641 2828 3695 pascerentur,
2853 3639 3112 3696 quantum
3146 3629 3197 3681 in
3224 3630 3275 3683 id
3306 3642 3625 3699 sumptuum

2046 3723 2451 3792 profligaretnr.
2478 3737 2639 3787 quam
2674 3720 2913 3772 Μέμνησο
2947 3734 3220 3787 quamque
3271 3722 3456 3774 sedula
3510 3724 3628 3777 siu-

2047 3814 2205 3883 gulus
2253 3813 2327 3867 ibi
2382 3812 2615 3880 quisque
2670 3809 3013 3879 providentia
3052 3823 3362 3873 curaretur,
3420 3824 3624 3881 quanta

2049 3906 2315 3971 hodieque
2348 3905 2599 3972 largitate
2630 3902 2825 3968 cuique
2854 3903 3034 3955 victus
3068 3910 3120 3955 et
3148 3912 3339 3955 cratera
3380 3919 3629 3955 necessa-

2049 3997 2124 4050 ria
2156 3997 2522 4065 praebeantur.
2556 3994 2684 4046 Nam
2725 4001 2776 4046 et
2811 4007 2874 4045 ea
2925 3992 3036 4059 ipsa
3088 4008 3209 4058 qua:
3250 4003 3369 4058 post
3419 4004 3626 4060 patrem

2055 4104 2254 4153 meum,
2283 4087 2350 4140 ab
2381 4086 2499 4154 ipso
2530 4087 2798 4151 instituta,
2834 4085 3055 4147 durant,
3095 4084 3165 4137 illi
3209 4100 3327 4136 meo
3353 4085 3476 4153 jure
3510 4088 3630 4138 vin-

2050 4180 2196 4241 dico,
2235 4189 2294 4231 ut
2336 4177 2401 4230 ad
2436 4177 2651 4230 laudem
2709 4177 2881 4244 ipsius
2930 4177 3127 4229 merito
3176 4174 3482 4229 referenda.
3538 4176 3629 4230 ll'e

2046 4269 2191 4321 enim
2227 4266 2534 4319 maritimos
2572 4265 2691 4317 illus
2724 4275 3146 4330 terrcStresqne,
3186 4265 3327 4314 unde
3374 4265 3475 4315 ista
3527 4267 3629 4316 du—

2046 4369 2191 4422 rant,
2230 4357 2437 4411 reditus
2491 4356 2774 4417 attribuit;
2829 4352 2917 4404 ille
2967 4353 3050 4404 Vel
3106 4353 3297 4405 domus
3349 4351 3630 4420 inquilinis

2046 4447 2227 4510 istius,
2260 4446 2342 4499 vel
2378 4446 2529 4498 ttrbis
2579 4444 2814 4501 civibus.
2862 4441 2975 4494 haec
3006 4441 3138 4504 otia,
3173 4440 3310 4492 hanc
3353 4441 3626 4504 cupiusam

2049 4539 2292 4605 requiem
2325 4546 2378 4589 et
2416 4536 2579 4587 vitam
2615 4547 2894 4593 securam,
2919 4532 3326 4584 liberalissimis
3350 4532 3465 4584 suis
3505 4530 3629 4583 futt-

2046 4629 2239 4683 dorum
2264 4626 2591 4697 optimorum
2622 4636 2674 4677 et
2704 4633 3037 4677 {talentorum
3075 4636 3338 4674 censuum
3377 4622 3629 4689 assigna-

2049 4720 2291 4774 ti0nibus
2357 4731 2518 4785 quam
2580 4715 2693 4768 ﬁeri
2763 4713 2941 4781 potuit
2995 4712 3322 4765 firmissimis
3376 4712 3627 4765 cunfecit.

2053 4812 2314 4865 Praesidet
2353 4810 2440 4861 isti
2472 4807 2573 4860 tuti
2607 4807 2795 4859 decent
2832 4802 2946 4857 fere
2975 4803 3177 4856 civium
3224 4802 3391 4855 millia
3447 4820 3626 4857 nume-

361 4875 719 4984 ⁸ερεφομένοῐέ
750 4910 807 4959 τδ
835 4875 1223 4974 ἀναφαίρετον.
1263 4902 1353 4972 Τῷ
1381 4875 1582 4971 δὲ’ναῷ
1618 4902 1711 4955 τοῦ
1771 4919 1940 4971 μεγα-

2055 4904 2195 4956 ranti
2221 4903 2428 4957 civitati
2462 4901 2546 4953 vir
2572 4914 2637 4953 ex
2665 4891 3052 4951 illustrissimis
3082 4895 3303 4962 quidam
3325 4911 3445 4949 cum
3467 4898 3629 4966 ple-na

360 5007 671 5074 λοκὴρυκος
728 5000 955 5063 Παύλου
1011 4997 1209 5066 κλῆρος
1264 4996 1436 5065 μέγας
1486 4996 1803 5048 κατείλεκτο
1850 4997 1944 5048 καὶ

364 5100 552 5160 πολὺς,
606 5096 699 5147 καὶ
756 5093 950 5160 φώτων
1006 5090 1298 5157 δαψίλεια,
1358 5088 1452 5140 καὶ
1512 5088 1959 5156 παραγενόμενος

2063 4995 2380 5049 moderandi
2414 5002 2611 5047 cuncta
2666 4988 3129 5060 (lispensaudique
3179 4999 3474 5055 potestate.
3527 4992 3629 5045 0r-

2069 5085 2524 5154 pbanotrophium
2548 5096 2840 5139 commune
2861 5094 3057 5134 nomen
3081 5088 3162 5134 est
3188 5080 3453 5135 universa:
3477 5082 3629 5137 istius

1400 5180 1602 5241 Varias
1635 5179 1944 5241 lectiones
1977 5196 2054 5239 ex
2088 5180 2232 5241 cod.
2272 5178 2544 5241 Coislin.

435 5295 479 5327 ³⁸
505 5290 955 5363 περιεποιήσατο,
1028 5287 1073 5319 ³⁸
1111 5284 1549 5355 προνοουμένων.

1437 5394 1579 5457 Car.
1618 5391 1944 5454 Dufresnii
1972 5395 2075 5456 Du
2102 5393 2328 5473 Cangii
2365 5400 2551 5457 notae.

436 5509 550 5579 (85)
622 5504 1181 5579 'prarorpogpsior.
1250 5499 1523 5579 Definitur
1565 5496 1939 5579 Orpltattotro-

365 5565 551 5648 pitiuni
590 5593 616 5630 a
644 5565 865 5648 Juliano
897 5565 1269 5648 antecessore,
1317 5568 1612 5648 Qonstitut.
1698 5584 1711 5620 :
1764 5565 1935 5619 Locus

364 5637 698 5709 uenerabilis,
726 5646 781 5697 in
806 5660 908 5709 quo
940 5643 1241 5711 parentibus
1280 5639 1476 5711 orbati“
1507 5637 1659 5705 pueri
1702 5652 1934 5702 pascun-

368 5728 475 5772 tur.
512 5718 643 5771 Vide
680 5720 781 5782 leg.
807 5708 876 5767 5‘2
908 5708 1029 5766 cod.
1061 5713 1127 5765 de
1153 5714 1316 5780 episc.
1338 5719 1393 5782 et
1422 5708 1565 5782 Ulcr.

444 5787 554 5857 (a6)
588 5774 861 5856 Σέκρέτα.
901 5774 1306 5838 δωοιειιιιιιίιοο
1335 5780 1452 5833 loco
1486 5779 1813 5843 interpretor
1851 5774 1933 5827 tuo

2048 5515 2166 5553 rum
2197 5499 2477 5567 iudiciale,
2515 5500 2569 5553 in
2605 5512 2712 5566 quo
2739 5498 2805 5553 de
2841 5500 3005 5554 rebus
3038 5508 3090 5553 ct
3141 5498 3353 5566 praediis
3402 5497 3468 5551 ad
3510 5495 3615 5552 Or-

2045 5570 2503 5638 pbanutrophimn
2528 5568 2903 5638 spectantibus
2930 5568 3053 5621 lites
3086 5569 3453 5635 agitabantur,
3485 5568 3624 5634 quod

2047 5639 2264 5693 videtur
2308 5640 2549 5707 indicare
2595 5655 2690 5690 vnx
2758 5638 3161 5707 λογοπραγίας,
3220 5652 3340 5706 quae
3384 5640 3625 5705 proxime

2045 5712 2313 5778 sequitur.
2352 5706 2483 5763 Vide
2524 5722 2707 5761 notata
2738 5710 2801 5759 ad
2851 5724 2969 5775 pag.
3003 5708 3089 5760 70.
