4108 6420
475 343 608 409 1159

1743 333 1969 392 ΛΝΝᾸΞ
2008 332 2387 393 COMNENE

3591 323 3613 388 1
3634 326 3728 389 τιτι]

468 455 682 508 familia:
713 452 945 519 ingentis
978 459 1068 504 aut
1097 447 1246 501 urbis
1276 445 1478 514 po'ius,
1510 461 1822 516 quanquam
1872 447 1924 499 in
1978 463 2034 498 ru

2148 451 2226 511 εἰς
2279 447 2493 498 τουτονὶ
2533 446 2625 497 τὸν
2678 444 2833 506 νεὼν,
2872 446 3001 509 fici;
3033 446 3098 500 ἂν
3148 445 3341 515 χοροὺς
3388 444 3730 512 ἑκατέρωθεν

463 559 595 598 sane
621 559 724 596 non
758 542 858 595 soli
895 540 1126 608 orphani
1149 540 1389 600 aluntur,
1411 538 1501 591 sed
1533 538 1793 591 militibus
1821 553 2040 606 quoque.

469 645 555 687 aut
591 633 838 686 emeritis
876 642 1054 692 artate,
1076 639 1168 684 aut
1191 631 1398 688 morbo,
1429 628 1790 692 mutilationc,
1821 630 2045 682 vultu-rc

469 725 737 778 debilibus
773 733 1046 792 receptum
1081 723 1258 780 istbuc
1295 720 1636 774 commodum
1682 724 1897 788 aperuit
1947 737 2042 788 pa-

2148 539 2492 597 ἁντάδοντας.
2565 534 2842 597 Κατέταξε
2907 536 3013 604 γὰρ
3069 533 3146 604 τῷ
3205 534 3314 586 τῶν
3380 533 3725 586 Ἀποστόλων

2152 629 2258 697 νεῷ
2295 627 2430 697 (87),
2456 626 2678 698 ᾅδοντα,
2707 627 2800 678 καὶ
2824 625 3058 695 ᾀδούσας
3085 625 3225 679 κατὰ
3251 625 3340 678 τὸν
3373 625 3724 694 Σολομῶντα·

2150 721 2414 786 ἐπιμελὲς
2443 721 2551 789 γὰρ
2583 720 2676 773 καὶ
2705 719 2764 772 τὸ
2796 720 2904 772 τῶν
2931 718 3289 772 διακονισσῶν
3323 718 3433 789 (88)
3492 720 3731 790 πεποίηο

1514 833 1654 895 Car.
1690 835 2021 896 Dufresnii
2057 838 2157 900 Du
2196 836 2419 913 Cangii
2469 843 2652 897 notua.

541 965 652 1030 (87‘t
689 962 771 1026 Τῷ
823 963 941 1014 τὼν
971 958 1358 1030 Ἀποστόλῳν
1401 957 1538 1022 νεῷ.
1589 957 1734 1030 Petri
1779 965 1832 1010 ct
1889 956 2043 1010 Pauli

469 1035 741 1092 Ecclesim,
777 1047 892 1096 qua:
920 1032 978 1083 ll.
1009 1029 1154 1080 l’auli
1187 1029 1344 1090 paulo
1380 1040 1503 1080 ante
1534 1029 1753 1081 dicitur.

536 1105 645 1174 (88)
689 1098 1157 1174 atauoutao’ér.”
1181 1099 1612 1174 Diacouissarum
1670 1100 2036 1174 _i_iomen__jam

471 1168 646 1228 indea
697 1170 1020 1225 Christianae
1068 1168 1338 1233 religionis
1393 1169 1736 1222 incunabulis
1789 1171 2034 1224 auditum

469 1251 738 1297 testantur
789 1241 998 1292 abunde
1035 1237 1093 1292 D.
1135 1237 1352 1296 Paulus.
1393 1239 1552 1305 epist.
1593 1240 1655 1289 ad
1706 1237 1862 1293 Rom.
1913 1255 2034 1307 cap.

465 1331 576 1369 χιιι,
607 1313 696 1365 ubi
734 1309 971 1364 Phoeben
1021 1308 1271 1360 διάκονον
1298 1309 1399 1376 τῆς
1429 1311 1484 1361 ὲν
1530 1310 1866 1376 Κεγχρειαῖς
1941 1311 2035 1361 ὲκ-

465 1382 691 1448 κλησξας
741 1378 1123 1441 commendat;
1171 1387 1225 1429 et
1275 1378 1336 1431 Β.
1388 1378 1649 1448 lgnatius,
1709 1381 1800 1444 qui
1862 1378 2034 1448 Epist.

464 1460 526 1507 ad
557 1447 973 1507 Antiorlieuses.
1001 1448 1099 1507 τὰς
1124 1447 1652 1503 διακόνουςίετιΙιιιιιι.
1692 1448 1799 1501 Sed
1836 1447 2039 1503 ct’me-

467 1524 622 1576 Illii'il
656 1518 1040 1577 Tbeodoritus,
1068 1517 1160 1569 lib.
1192 1531 1307 1578 xm,
1343 1534 1460 1585 cap.
1502 1518 1586 1580 14,
1622 1518 1862 1574 mulieris
1915 1519 2034 1585 pie-

468 1606 578 1646 tate
611 1590 860 1657 insignis,
890 1586 1003 1659 τοῦᾲ
1035 1590 1131 1656 τῆς
1175 1588 1452 1659 διακονίας
1499 1588 1818 1659 Ῠὴξιωμένης
1872 1587 2036 1659 χαρί-

468 1679 694 1730 cruat-cog,
751 1670 801 1709 et
853 1657 1077 1730 alterius
1129 1658 1444 1730 sacroiisto
1490 1658 1774 1730 iungentis
1813 1657 2037 1730 munere

469 1727 825 1790 S‘ozonienus,
865 1727 1220 1798 lib.tv,cap_.
1260 1727 1348 1781 24.
1386 1728 1699 1798 Dionysiam
1743 1727 1800 1782 S.
1836 1728 2037 1798 Euthy-

467 1805 556 1856 mii
592 1812 815 1852 matrem
855 1799 920 1847 ab
951 1797 1130 1849 Otreio
1163 1795 1495 1850 Melitenensi
1521 1795 1774 1866 (episcopo
1821 1795 2039 1852 ordina-

471 1885 578 1926 tam
619 1871 783 1922 fuisse
815 1867 1173 1936 diaconissani
1207 1877 1396 1920 auctor
1426 1877 1507 1921 est
1535 1869 1772 1936 Cyrillus
1809 1869 1860 1921 in
1895 1869 2040 1935 ejus-

466 1948 585 1996 dem
620 1937 891 2006 Eutbymii
919 1935 1062 1999 Vita,
1098 1952 1216 2006 «ap.
1272 1952 1306 1998 ι,
1343 1954 1393 1990 ιι.
1430 1937 1482 1990 5'.
1543 1935 1782 1991 Aliarum
1836 1939 2037 1991 mentio

464 2025 543 2065 est
567 2010 703 2077 apud
725 2005 1030 2077 Crispinum
1069 2009 1119 2057 iu
1149 2005 1268 2059 Vita
1291 2007 1348 2060 S.
1376 2006 1646 2077 Parthenii
1669 2008 1837 2072 episc.
1876 2013 2042 2070 Lam-

466 2076 643 2149 psac,
674 2093 794 2149 cap.
833 2076 968 2149 2,n.
1004 2076 1067 2126 17
1092 2093 1105 2141 ;
1133 2076 1388 2149 Marcum
1409 2076 1464 2149 in
1495 2076 1618 2149 Vita
1663 2078 1717 2130 S.
1749 2077 2035 2148 Porphyrii

465 2144 636 2218 epist).
669 2144 950 2218 Ga‘zcitsis,
979 2161 1094 2212 cap.
1130 2146 1212 2206 12,
1245 2162 1294 2198 ιι.
1331 2145 1452 2200 102.
1488 2144 1757 2218 Ministrns
1794 2165 1818 2218 a
1847 2144 2038 2215 priinis

464 2220 790 2274 Christianis
819 2217 1080 2268 vocitatas
1124 2227 1313 2269 auctor
1336 2223 1420 2269 est
1469 2217 1632 2268 etiam
1674 2217 1899 2283 Plinius,
1940 2218 2033 2272 lib.

463 2307 520 2356 χ,
553 2289 710 2357 epist.
756 2285 844 2346 97,
879 2285 1018 2357 quod
1051 2287 1276 2357 scilicet,
1309 2296 1364 2337 ut
1392 2285 1631 2357 _diacoui
1685 2286 1950 2353 episcopis
1984 2296 2036 2339 et

465 2354 798 2428 pi-us'luytt-eris
836 2354 1080 2413 aderant,
1115 2370 1222 2420 quo
1261 2356 1324 2408 iis
1352 2355 1554 2428 divina
1612 2358 2035 2428 exsequentibus

465 2426 645 2482 cilicia
675 2434 934 2479 uavarcnt
963 2439 1207 2490 cpi-ram,
1254 2427 1321 2477 ita
1351 2426 1454 2478 illae
1485 2426 1536 2477 in
1581 2429 1755 2479 sacris
1788 2427 2032 2480 ministe-

469 2501 564 2553 riis
591 2516 650 2552 ea
675 2495 1113 2554 obibantmuuia,
1140 2511 1259 2561 quae
1283 2497 1492 2550 diaconi
1517 2496 1618 2564 ipsi
1639 2496 1786 2548 salvo
1809 2500 2032 2563 pudore,

471 2571 554 2621 vel
600 2568 762 2621 ctiam
819 2565 1024 2634 absque
1062 2565 1376 2618 oli'cnsiouis
1432 2575 1555 2618 nota
1607 2581 1864 2634 peragere
1927 2581 2032 2618 non

471 2647 742 2707 poterant,
775 2636 824 2686 in
853 2633 1048 2707 ciliciis
1075 2637 1395 2707 pra-sertim,
1457 2651 1576 2703 quae
1612 2633 1886 2707 mulieres
1909 2651 2034 2703 spc-

465 2705 716 2764 ctabant;
748 2705 894 2756 verbi
920 2705 1114 2772 gratia,
1134 2709 1176 2755 si
1198 2706 1262 2756 ad
1297 2705 1484 2757 balnea
1519 2705 1828 2772 procedere,
1849 2706 1892 2757 si
1917 2720 2038 2758 cor-

467 2795 594 2845 pora
626 2775 811 2828 nudari
828 2776 1066 2845 qualibet
1084 2790 1146 2826 ex
1165 2789 1327 2827 causa
1348 2789 1569 2845 necesse
1594 2786 1758 2837 esset,
1788 2784 1845 2845 u_t
1872 2785 1954 2827 est
1982 2776 2034 2828 in

467 2842 701 2902 Constit.
735 2843 973 2910 Apostol.
1013 2844 1104 2895 lib.
1143 2860 1220 2903 ιιι.
1253 2860 1372 2912 cap.
1407 2844 1493 2906 15,
1529 2852 1584 2897 et
1615 2847 1752 2909 apud
1804 2842 2037 2912 Epipha-

471 2919 638 2978 nimn,
689 2917 881 2968 haeres.
943 2913 1030 2973 79,
1074 2914 1151 2964 vel
1196 2915 1237 2965 si
1284 2915 1464 2966 divino
1507 2913 1840 2967 instruenda
1876 2915 2035 2967 verbo

470 2997 646 3047 erant,
687 2985 767 3036 vel
801 2983 1056 3035 doceme
1090 2983 1306 3036 rustica:
1337 2993 1392 3038 et
1441 2984 1708 3051 imperitae
1755 2984 2032 3047 mulieres,

468 3075 574 3124 quo
608 3067 848 3120 tempore
887 3053 1223 3120 baptizandae
1252 3065 1396 3115 sunt,
1419 3054 1662 3124 qualiter
1693 3059 1746 3106 et
1795 3054 2035 3124 baptiza-

2153 957 2378 1022 alia'que
2415 954 2698 1008 unctiones
2751 953 3108 1020 cxsequcndm
3143 965 3317 1010 crant.
3378 969 3498 1006 cum
3551 954 3722 1007 solum

2154 1027 2384 1079 frontem
2411 1035 2641 1088 cingeret
2673 1025 2952 1094 diaconus.
2983 1023 3160 1091 Atque
3192 1026 3256 1077 de
3290 1025 3436 1094 bisce
3473 1025 3724 1094 ministe-

2151 1097 2250 1148 riis
2279 1094 2663 1163 iutelligendus
2690 1093 2967 1148 videretur
3013 1094 3139 1144 Atto
3179 1092 3469 1158 episcopus
3504 1092 3689 1147 Veraci
3715 1127 3728 1133 ι

2150 1166 2340 1226 lensis,
2371 1165 2528 1231 epist.
2565 1163 2618 1225 8,
2669 1167 2794 1217 dum
2837 1164 2913 1214 ait
2961 1163 3223 1218 diacouas
3261 1165 3597 1217 ministrandi
3646 1164 3728 1217 ιερι

2148 1236 2455 1302 baptizandi
2487 1234 2705 1302 ofﬁcium
2741 1235 3066 1300 sumpsisse;
3129 1249 3232 1286 non
3261 1235 3401 1299 quod
3453 1249 3636 1289 revera
3673 1238 3723 1286 id

2147 1305 2316 1359 munii
2371 1320 2609 1370 unquam
2659 1303 2913 1363 obierint,
2946 1305 3040 1356 sed
3084 1305 3224 1368 quod
3275 1307 3325 1356 in
3380 1304 3728 1358 administra-

2149 1378 2296 1429 tione
2336 1375 2494 1428 istius
2522 1377 2848 1428 sacramenti
2892 1372 3106 1426 feminis
3147 1374 3326 1427 collati
3377 1374 3724 1428 ministrave-

2150 1447 2276 1499 rint.
2355 1442 2490 1496 Cum
2563 1445 2725 1510 igitur
2785 1444 3087 1509 praecipuus
3138 1443 3181 1495 is
3235 1444 3421 1497 fuiSset
3478 1454 3721 1497 veli-rum

2146 1515 2579 1569 Christianorum
2666 1527 2861 1579 scopus
2918 1519 2975 1565 ut
3027 1528 3354 1578 paganorum
3419 1517 3721 1578 prmsertim

2147 1599 2584 1648 casterorumque
2620 1586 2854 1640 vitarent
2923 1582 3204 1646 scandala,
3259 1585 3310 1635 in
3369 1584 3725 1640 muliebribus

2145 1657 2338 1712 oﬂiciis
2393 1655 2729 1708 adhibendas
2777 1663 3105 1705 censuerunt
3164 1654 3418 1708 mulieres
3451 1693 3466 1717 ,
3529 1654 3724 1709 viduas

2149 1726 2438 1780 virtutibus
2475 1727 2748 1789 probatas,
2809 1732 2968 1776 aetate
3027 1733 3264 1776 maturas
3311 1735 3363 1778 ct
3416 1736 3718 1792 provectas,

2147 1813 2268 1868 quae
2293 1796 2686 1868 sexagesimum
2715 1794 2888 1868 aetatis
2911 1796 3275 1868 .eicessisseut
3311 1810 3536 1868 annum,
3566 1795 3717 1868 jttx'u

2151 1861 2476 1934 prmceptuiu
2513 1864 2780 1934 Apostoli,
2817 1861 2922 1916 lad
2950 1861 3188 1916 Timeth.
3228 1880 3347 1930 cap.
3393 1881 3442 1916 v.
3478 1864 3626 1929 Quod
3665 1875 3722 1917 et

2149 1933 2415 1991 Sancitum
2449 1945 2632 1999 postea
2675 1949 2704 1987 a
2738 1933 3045 1988 Theodosio
3079 1941 3267 1986 auctor
3307 1944 3391 1987 cst
3427 1934 3716 2000 'l'beopba-

2147 2023 2264 2070 nes,
2294 2015 2346 2060 et
2375 2020 2400 2056 a
2423 2004 2819 2066 Valentiniano,
2848 2005 2928 2059 li-x
2961 2003 3026 2056 27
3055 2004 3185 2056 Cod.
3209 2002 3411 2056 Tbeod.
3441 2005 3504 2058 de
3533 2003 3712 2072 Episr.

2147 2079 2350 2130 ριιεΙιιι·⁸
2386 2073 2519 2126 llinc
2559 2075 2809 2143 abietate
2847 2075 3203 2143 provectiore,
3243 2074 3596 2140 πρεσέῑύτιδες
3631 2075 3715 2125 di-

2146 2160 2244 2200 ctat
2277 2148 2327 2199 iu
2357 2145 2588 2198 concilio
2622 2142 2855 2197 Laodic.
2881 2163 3002 2198 can.
3043 2145 3062 2195 1
3092 2161 3104 2203 ;
3155 2145 3591 2212 προκαθήμεναι,
3628 2161 3710 2195 se-

2146 2221 2338 2277 niores,
2374 2214 2578 2268 Isidoro
2609 2213 2916 2278 Mercatori,
2948 2213 3296 2285 πρεσϐύτιδες
3324 2216 3667 2285 ἱεροπρεπξῖς
3697 2233 3714 2273 ;

2147 2289 2205 2341 S.
2266 2286 2536 2338 Antiocho
2586 2285 2731 2338 hom.
2781 2286 2872 2344 '2l.
2917 2297 2970 2340 et
3026 2286 3283 2351 γυναῖκες
3331 2284 3708 2353 πρεσϐύτιόε;,

2147 2361 2237 2410 καὶ
2283 2355 2634 2420 Θεόπνενᾳτοι
2677 2357 2937 2422 μητέρες,
2986 2355 3240 2418 Palladio,
3290 2355 3338 2406 iu
3392 2353 3607 2414 Ptiefat,
3645 2356 3710 2405 ad

2150 2428 2292 2480 Hist.
2318 2424 2656 2483 Lausiacam.
2691 2427 2833 2492 quod
2873 2429 2922 2476 in
2955 2424 3192 2479 Ecclesia
3226 2426 3436 2476 t-a'teris
3471 2425 3713 2478 mulieri-

2129 2501 2245 2551 bus
2281 2497 2551 2564 praeirent.
2590 2496 2640 2548 iu
2667 2499 3018 2549 COLSt‘SSibUS
3043 2495 3270 2562 primum
3306 2498 3469 2547 oblini
3493 2494 3710 2564 rentiu-

2147 2563 2292 2627 ('IIIII,
2322 2579 2481 2632 atque
2506 2569 2638 2616 adeo
2671 2565 2768 2633 τὴν
2795 2567 3180 2630 γυναικωνῖτιν
3216 2565 3421 2630 ὲκκὶησ
3449 2563 3708 2626 αστικῶς,

2146 2655 2238 2689 seu
2273 2647 2468 2689 cu-tum
2504 2636 2814 2688 muliebrem
2851 2646 3115 2704 rcgercnt.
3153 2645 3210 2687 ιιι
3241 2646 3323 2687 est
3351 2635 3491 2703 apud
3527 2634 3713 2686 Balsa-

2149 2722 2382 2768 monem,
2429 2705 2524 2757 lib.
2577 2722 2610 2760 γ
2654 2704 2806 2757 Jnris
2847 2705 3313 2759 Graeco-Romani.
3365 2705 3707 2758 Postiuoduni

2147 2777 2407 2830 indultum
2436 2784 2536 2839 est,
2579 2785 2636 2827 ut
2663 2790 2780 2842 quae
2805 2791 3003 2828 annum
3037 2775 3545 2842 quinquagesimum
3581 2777 3710 2827 atti-

2145 2857 2356 2911 gerant.
2389 2847 2452 2896 ad
2489 2845 2912 2898 diaconissuruut
2946 2848 3191 2898 ordinem
3228 2844 3432 2897 admitti
3467 2854 3710 2912 possent.

2144 2915 2362 2970 Novella
2399 2913 2694 2967 .Iustinint'i
2737 2931 2808 2973 γι,
2862 2919 2941 2969 vel
2983 2916 3170 2968 saltem
3217 2914 3709 2982 quadragesimum,

2145 2985 2278 3039 Nov.
2339 3000 2530 3048 cum,
2589 3000 2705 3052 cap.
2763 2985 2848 3049 15,
2882 2997 2936 3039 et
2985 2985 3457 3038 concil.Cbalced.
3505 2998 3705 3038 (eorum.

2145 3072 2269 3110 can.
2324 3055 2428 3113 l5;
2466 3070 2573 3122 quo
2620 3063 2879 3120 praeterea
2928 3053 3166 3109 cavetur.
3206 3055 3542 3107 diaconissas
3590 3066 3713 3118 pOSt

472 3116 569 3179 tori
610 3116 1022 3195 responderent,
1055 3135 1104 3195 i_-_t
1148 3137 1370 3188 accepto
1403 3116 2040 3195 baptismatedeinceps
2065 3116 2109 3179 C
2146 3116 2496 3195 χειροτονίαν·
2541 3116 2645 3178 non
2688 3140 2847 3190 posse
2903 3126 2968 3178 ad
3022 3125 3239 3192 nuptias
3301 3125 3566 3188 transire;
3592 3116 3708 3174 iubi

475 3189 738 3259 viverent,
776 3205 831 3246 ut
861 3200 941 3244 est
968 3191 1020 3244 iu
1047 3191 1257 3245 Canon.
1289 3193 1534 3246 Arabicis
1565 3192 1777 3245 concilii
1805 3189 2035 3253 Nicaeni,

469 3284 592 3317 can.
629 3266 714 3326 74,
750 3274 805 3317 et
843 3263 1130 3332 iuisynodu
1164 3262 1418 3332 Cartbag.
1469 3277 1542 3324 tv,
1585 3278 1708 3321 can,
1745 3262 1828 3314 12.
1887 3261 2041 3315 Unde

469 3336 631 3406 417
661 3347 711 3388 et
745 3334 863 3406 aut).
898 3331 1227 3406 Hieronymo
1262 3334 1332 3406 dit
1354 3331 1520 3386 untur
1549 3333 1722 3406 insito
1763 3349 1893 3406 sexu
1933 3333 2035 3406 mi-

468 3402 720 3460 nistrasse
752 3404 1070 3456 diaconissa:
1101 3403 1154 3455 in
1182 3403 1437 3473 baptismo
1460 3414 1505 3454 et
1538 3402 1831 3473 ministerio
1863 3403 2039 3467 verbi;

468 3477 723 3546 quodet
778 3478 972 3546 docent
1018 3470 1273 3546 praeterea
1331 3472 1549 3546 Novella
1606 3470 1899 3546 Justiniaui
1964 3489 2037 3546 v_t,

467 3541 584 3613 cap.
619 3545 672 3609 6,
704 3551 756 3598 et
783 3541 1021 3613 Joanucs
1057 3542 1328 3607 Moschus,
1364 3543 1416 3596 iu
1455 3541 1613 3594 Prato
1643 3545 1814 3605 spirit.
1837 3558 1956 3612 cap.
1983 3543 2036 3608 5,

468 3612 556 3668 ubi
595 3615 769 3668 innuit
801 3612 1050 3667 mulieres
1089 3614 1255 3680 ipsas,
1290 3628 1410 3666 cum
1446 3613 1511 3666 ad
1561 3627 1778 3665 sacrum
1837 3614 2040 3680 baptis-

470 3701 613 3738 mum
644 3684 990 3745 accederent,
1031 3685 1200 3734 nudas
1234 3698 1457 3750 prorsus
1489 3681 1695 3740 fuisse;
1733 3684 1874 3752 quod
1906 3698 2034 3749 prue-

469 3766 614 3808 terea
682 3761 920 3822 testatur_
946 3752 1018 3822 ﬁt).
1075 3753 1496 3822 Chrysostoiutts
1565 3752 1616 3803 in
1679 3751 1916 3822 Epistula
1970 3751 2038 3804 ad

470 3823 842 3878 Innocentium
893 3819 1022 3885 PP.,
1062 3819 1202 3890 quae'
1249 3823 1302 3875 in
1372 3819 1491 3874 Vita
1540 3823 1708 3888 ipsius
1746 3839 1771 3873 a
1802 3821 2039 3875 Palladio

468 3896 772 3959 conscripta
804 3891 1035 3958 legitur;
1067 3898 1418 3958 Itrtnaturque
1449 3890 1499 3943 id
1531 3906 1594 3942 ex
1629 3892 1859 3943 concilio
1889 3890 2036 3944 Con~

470 3961 955 4028 stautiuopolitauo
1023 3962 1125 4014 sub
1179 3960 1408 4020 lle-nua,
1475 3961 1593 4013 Act.
1660 3960 1712 4021 5,
1766 3976 1886 4028 pag.
1935 3961 2033 4013 571

467 4033 598 4085 edit.
638 4031 793 4090 1618,
827 4031 877 4081 in
936 4045 1040 4096 quo
1107 4031 1378 4097 objectqu
1439 4029 1596 4081 l’etro
1646 4029 2036 4094 Alexandrino,

471 4104 612 4168 quod
668 4116 788 4152 cum
839 4099 1006 4151 Malia
1071 4101 1300 4162 quadam
1340 4100 1479 4151 nttda
1523 4098 1574 4150 in
1635 4099 2034 4166 baptisterium,

470 4170 780 4238 priusquam
809 4170 894 4221 illa
932 4169 1312 4238 baptizaretur,
1365 4170 1643 4237 ingressus
1676 4181 1840 4233 esset,
1874 4171 2038 4238 nulli-

470 4258 573 4306 que
597 4236 684 4292 abi
732 4236 1038 4292 introeundi
1089 4240 1398 4292 facultatem
1433 4236 1828 4294 concessisset.
1885 4236 2038 4292 Unde

466 4311 718 4377 proclivis
743 4319 826 4363 est
845 4310 1230 4377 conjecturam
1262 4309 1411 4362 viria
1444 4309 1688 4363 diaconis
1727 4311 1777 4362 in
1804 4323 1925 4362 eum
1969 4308 2036 4361 ﬁ-

465 4397 585 4434 nen.
620 4379 1054 4448 denudabantur,
1079 4390 1137 4432 ut
1163 4392 1352 4433 auctor
1375 4391 1456 4432 est
1481 4379 1768 4448 Dionysius
1793 4377 2035 4446 AreOpa-

2147 3194 2485 3266 χειροτσνίας
2511 3210 2609 3247 vox
2646 3208 2752 3247 non
2787 3210 2883 3266 pro
2909 3196 3269 3266 ordinatione,
3290 3208 3712 3266 scut-onsccra-

2147 3264 2293 3320 tione
2323 3267 2576 3326 sumitur,
2609 3265 2701 3318 sed
2737 3280 2833 3332 pro
2860 3264 3252 3318 benedictione.
3287 3264 3490 3332 Duplex
3514 3265 3713 3330 quippe

2146 3335 2242 3390 fuit
2282 3334 2610 3403 χειροθεσία,
2637 3335 2890 3401 εὐλογίας
2926 3335 3196 3396 videlicet,
3227 3345 3280 3387 et
3304 3332 3709 3403 καθιερώδεως,

2145 3416 2202 3460 ιιι
2231 3402 2311 3458 ait
2335 3402 2611 3465 Tarasius,
2647 3416 2786 3471 patr.
2842 3403 2946 3458 (ΣΡ.
2976 3417 3080 3457 act.
3113 3405 3132 3456 l
3166 3404 3380 3457 concilii
3416 3402 3614 3456 Nicieni
3651 3418 3708 3466 ιι,

2145 3491 2261 3543 pag.
2297 3475 2421 3539 486,
2459 3485 2685 3542 utraque
2718 3491 2971 3528 manuum
3015 3474 3364 3542 impositioue
3401 3474 3536 3526 facta
3567 3489 3581 3535 ;
3616 3478 3707 3526 sed

2144 3548 2411 3614 posterior
2439 3543 2541 3598 fuit
2562 3543 2921 3599 ordinationis
2946 3555 3000 3598 et
3021 3543 3472 3609 consecrationis,
3500 3557 3617 3610 qua:
3641 3545 3708 3593 ad

2142 3618 2424 3685 episcopos
2455 3624 2508 3668 et
2543 3617 2886 3685 presbyteros
2917 3616 3215 3683 spectabat,
3251 3617 3417 3667 altera
3452 3628 3577 3665 vero
3613 3614 3706 3685 lie-

2145 3683 2494 3748 ucdictionis,
2528 3683 2798 3752 quotuodo
2834 3685 3120 3751 baptizatis
3168 3699 3355 3736 manus
3398 3683 3711 3746 imponeba-

2147 3769 2250 3818 tur,
2288 3766 2344 3808 ttt
2374 3769 2564 3807 auctor
2606 3766 2682 3804 est
2732 3755 3087 3818 Hieronymus
3130 3765 3313 3807 contra
3351 3753 3583 3808 Lucifer.
3624 3755 3705 3806 \el

2145 3815 2528 3893 paenitentibus
2556 3824 2804 3894 41814
2845 3815 3027 3892 lapsis.
3068 3824 3361 3877 Concilium
3400 3822 3709 3874 Arausion—

2144 3911 2272 3946 nmn
2315 3911 2354 3956 ι,
2387 3910 2509 3946 can.
2554 3893 2622 3946 io
2657 3913 2670 3947 ε
2712 3893 3038 3948 Diaconisste
3083 3893 3381 3946 omnimodo
3421 3907 3522 3943 non
3559 3893 3706 3943 ordio

2144 3965 2334 4016 nanda:
2365 3981 2382 4014 :
2420 3965 2464 4015 si
2503 3980 2619 4032 quin
2646 3966 2762 4030 jam
2803 3975 2942 4022 sunt,
2977 3964 3321 4032 benedictioni
3363 3977 3479 4030 qua:
3517 3961 3707 4032 populo

2144 4029 2723 4099 impenditur,’capita
2775 4034 3103 4085 submittant.
3162 4029 3463 4085 Concilium
3529 4029 3706 4096 Epito-

2143 4119 2329 4166 ncnsc,
2374 4117 2494 4156 can.
2543 4102 2606 4154 21
2653 4121 2666 4158 :
2727 4102 3016 4155 Viduurum
3059 4103 3524 4161 consecrationem,
3573 4116 3704 4166 quas

2140 4175 2392 4226 diaconos
2448 4183 2656 4239 vocant,
2715 4173 2777 4225 ab
2832 4174 2973 4225 omni
3013 4177 3219 4240 regione
3273 4181 3451 4222 nostra
3504 4170 3706 4235 penitus

2140 4243 2475 4310 abrogamus,
2509 4243 2680 4294 solum
2714 4243 2788 4294 eis
2827 4243 3141 4309 pauitentiw
3175 4243 3576 4294 benedictionem
3608 4240 3708 4290 im-

2140 4314 2395 4380 ponendo,
2419 4313 2465 4364 id
2485 4319 2567 4365 est
2594 4318 2862 4380 quomodo
2885 4312 3265 4376 paenitentibus
3291 4325 3479 4362 ntamts
3504 4311 3701 4376 imp0ui

2143 4382 2298 4434 solet.
2331 4380 2568 4435 Proinde
2619 4383 2836 4434 verbum
2870 4381 3275 4433 consecrationis
3311 4380 3382 4432 ita
3432 4381 3702 4444 accipien-

463 4452 652 4520 gita,et
673 4447 966 4517 Gregorius
983 4448 1372 4520 Nazianzenus,
1393 4447 1715 4520 ora_t._40’,de
1747 4449 2035 4520 baptismo;
2075 4467 2113 4519 ο
2145 4451 2271 4504 dum
2306 4461 2520 4504 constat
2554 4453 2692 4518 apud
2728 4451 3106 4514 Fortunatam,
3139 4453 3188 4504 in
3230 4451 3347 4503 Vita
3377 4458 3574 4520 salicta:
3605 4447 3710 4500 lia-

465 4516 536 4573 ita
578 4516 920 4582 mulieribus,
948 4535 1068 4585 quin
1115 4518 1342 4572 seorsim
1374 4533 1403 4569 a
1444 4517 1572 4570 viris
1628 4516 2039 4586 baptizabantur

464 4590 627 4659 (ιιιιυιι
656 4590 856 4659 iudicat
879 4591 1021 4643 Urdo
1043 4587 1340 4659 Romanos,
1361 4597 1412 4640 et
1435 4588 1788 4659 Augustinus,
1817 4587 1906 4659 lib.
1926 4602 2035 4659 xxii

462 4656 540 4712 De
563 4657 822 4721 cirit.Dei,
839 4675 958 4726 cap.
979 4659 1057 4725 8,)
1078 4657 1412 4711 diaconissas
1437 4658 1488 4708 in
1514 4671 1694 4708 earum
1719 4656 2037 4708 denudatio-

465 4745 530 4782 ne
567 4727 923 4782 ministrasse.
962 4727 1151 4781 Ilabita
1188 4737 1364 4780 tamen
1390 4726 1454 4778 iis
1483 4726 1534 4778 in
1579 4726 1918 4777 caeremoniis
1941 4742 2036 4790 pti-

464 4798 611 4851 doris
639 4799 772 4851 ratio
797 4807 878 4851 est
904 4813 917 4860 ;
951 4813 1072 4850 nam
1111 4807 1168 4849 ut
1202 4809 1393 4850 auctor
1423 4807 1505 4848 cet
1529 4793 1802 4856 Clemens,
1832 4795 1925 4846 lib.
1951 4811 2030 4860 ut,

466 4883 587 4934 cap.
617 4868 702 4930 16,
729 4870 900 4920 virum
934 4869 998 4920 ad
1030 4868 1355 4934 baptismum
1387 4866 1693 4920 venientem
1722 4865 2032 4931 excipiebat

467 4941 748 4999 diaconus,
772 4936 1046 4990 mulierem
1072 4939 1379 4989 diaconissa
1406 4951 1420 4987 :
1449 4935 1533 4988 cui
1560 4942 1844 5002 [)I‘Ol'tlcrett
1877 4935 2032 4987 istius

467 5006 638 5076 partis
670 5007 988 5073 baptisterii;
1051 5008 1103 5057 in
1159 5021 1262 5073 qua
1312 5006 1717 5076 baptizari-eatur
1751 5003 2030 5069 mulicres,

465 5075 646 5130 claves
673 5076 975 5130 t-ounniSste
999 5085 1174 5137 erant,
1210 5086 1266 5126 ut
1287 5088 1369 5128 est
1395 5075 1536 5142 apud
1591 5077 1840 5127 eumdem
1893 5077 2029 5128 scri-

467 5156 696 5215 ptorem,
723 5145 815 5215 lib.
847 5159 968 5215 yttt,
991 5160 1111 5212 cap.
1142 5143 1233 5207 28,
1270 5153 1432 5212 atque
1469 5147 1591 5215 inde
1652 5147 1892 5196 diaconus
1924 5145 2032 5215 rdii-

465 5213 661 5270 cuntur
692 5231 721 5267 a
754 5213 816 5266 ll.
845 5213 1079 5283 lguatio,
1137 5217 1293 5280 epist.
1324 5216 1356 5268 9
1390 5234 1401 5268 :
1439 5214 1561 5264 Τῶν
1615 5215 1786 5279 ἁγίων
1844 5214 2029 5265 πυλῶν

466 5285 711 5354 φρουροί.
749 5283 938 5352 Itaque
988 5300 1109 5338 cum
1145 5285 1554 5351 baptizabantur
1586 5288 1862 5344 mulieres,
1911 5285 2030 5336 dia-

463 5371 632 5408 conus
687 5358 766 5408 eis
818 5355 1047 5406 frontem
1104 5355 1223 5405 oleo
1282 5363 1469 5406 sancto
1524 5366 1730 5406 tantum
1767 5354 2022 5420 angebat,

465 5427 802 5492 postmodum
832 5434 1057 5477 caeteras
1112 5426 1393 5478 auctiones
1440 5424 1728 5491 peragebat
1757 5427 1866 5476 :Uu
1922 5427 2029 5491 γὰρ

462 5497 674 5563 ἀνάγκη
709 5496 970 5562 γυναῖκας
997 5494 1100 5545 ὑπὸ
1139 5493 1332 5562 ἀνδρὸς
1386 5493 1834 5563 κατοπτεύεσοαι,
1869 5505 1924 5545 ιιι
1954 5505 2031 5545 ait

465 5568 605 5618 idem
636 5562 906 5618 Clemens.
962 5565 1190 5618 l’romde
1253 5562 1530 5631 probabile
1575 5576 1678 5625 est,
1732 5567 1832 5616 etsi
1876 5568 2029 5616 nuda:

461 5639 528 5688 ad
571 5638 942 5701 baptisterium
1003 5634 1374 5702 procederent,
1433 5643 1620 5700 operta
1691 5643 1871 5686 tinueu
1927 5638 2022 5684 ltu-

464 5706 644 5756 buisse
679 5714 874 5755 nudata
913 5720 1134 5769 corpora
1189 5706 1351 5755 ΙιιιιιὉ
1400 5707 1603 5770 aliquo,
1650 5707 1792 5772 quod
1821 5723 1845 5754 a
1897 5705 2026 5756 setis

463 5776 782 5826 diatontssis
839 5775 1142 5826 autcrrctur
1179 5813 1192 5829 .
1264 5791 1383 5826 cum
1439 5777 1488 5825 id
1558 5789 1642 5826 tes
1696 5776 2021 5840 noStulabat,

2144 4522 2424 4588 degundis,
2452 4536 2570 4585 cap.
2592 4516 2693 4581 22,
2721 4523 2845 4574 (Ιιιιιι
2878 4530 3079 4588 narrat,
3117 4532 3174 4574 ut
3209 4521 3319 4572 lucc
3349 4521 3429 4584 pia
3464 4516 3704 4570 Franco-

2143 4587 2259 4640 rum
2295 4591 2475 4656 regina
2516 4589 2582 4642 B.
2622 4589 2938 4644 Metlartlum
2971 4587 3366 4642 Noviomensem
3405 4588 3703 4656 episcopum

2139 4654 2506 4726 supplicaverit
2545 4662 2824 4724 instanter,
2859 4668 2916 4712 ut
2966 4661 3138 4728 ipsam
3184 4668 3385 4712 mutata
3421 4654 3551 4711 veste
3595 4654 3704 4728 ρο-

2139 4725 2281 4780 mino
2318 4741 2662 4782 consecraret.
2700 4732 2833 4784 Cum
2863 4725 3010 4782 enim
3045 4735 3307 4782 abnueret
3341 4741 3562 4780 sanctus
3592 4725 3700 4778 Me-

2138 4801 2359 4862 dardns,
2397 4811 2605 4853 intrans
2642 4799 2736 4852 illa
2779 4801 2835 4854 in
2871 4801 3166 4852 sacrarium
3209 4797 3516 4850 monachica
3569 4805 3706 4848 veste

2137 4869 2398 4930 induitur,
2431 4871 2663 4934 procedit
2697 4872 2765 4920 ad
2803 4869 2990 4928 altare,
3033 4872 3240 4922 beatum
3280 4866 3587 4919 tlledardum
3617 4865 3700 4916 liis

2136 4939 2304 4990 verbis
2339 4941 2651 5007 alloquitur,
2687 4941 2862 4992 dicens
2902 4953 2920 4990 :
2958 4940 3016 4991 Si
3043 4957 3121 4992 me
3147 4952 3456 4992 consecrare
3483 4935 3704 4987 distule-

2136 5009 2229 5069 ris,
2254 5017 2303 5059 et
2329 5009 2444 5076 plus
2469 5011 2749 5066 hominem.
2776 5024 2932 5077 quant
2959 5007 3124 5060 Deum
3158 5009 3417 5071 timueris,
3445 5010 3507 5057 de
3538 5022 3700 5057 manu

2134 5089 2227 5130 tua
2267 5095 2298 5130 α
2327 5089 2537 5145 pastore
2571 5080 2678 5132 ovis
2710 5082 2888 5130 anima
2926 5083 3238 5148 requiretur.
3280 5085 3396 5143 Quo
3437 5077 3528 5130 ille
3560 5091 3699 5148 con-

2134 5149 2428 5200 testationis
2479 5163 2763 5200 concussus
2811 5145 3076 5214 tonitrua,
3131 5166 3288 5201 manu
3343 5145 3695 5217 superposita,

2134 5221 2447 5270 consecravit
2492 5218 2792 5280 diaconum,
2835 5218 2886 5269 id
2936 5231 3041 5282 est,
3089 5235 3279 5271 manus
3326 5219 3690 5285 itnpositicue.

2134 5287 2201 5339 At
2231 5303 2261 5340 e
2304 5298 2492 5340 ('0utra
2535 5289 2839 5341 benedictio
2876 5303 2972 5356 pro
3005 5290 3344 5342 ordinatione
3371 5303 3602 5342 sumitur
3638 5289 3690 5341 in

2133 5356 2364 5409 concilio
2390 5357 2765 5410 Aurelianensi
2800 5374 2858 5423 ιι,
2892 5374 3015 5410 can.
3051 5359 3116 5410 17
3152 5376 3167 5412 :
3200 5359 3428 5411 Femina:
3464 5373 3577 5424 qua:
3609 5357 3695 5409 be-

2133 5428 2479 5479 nedictionem
2527 5428 2843 5481 diaconatus
2892 5428 3143 5481 hactenus
3186 5439 3369 5480 contra
3415 5429 3694 5480 interdicta

2132 5513 2387 5548 canonum
2418 5509 2746 5562 acceperunt,
2787 5501 2830 5550 si
2853 5499 2920 5549 ad
2955 5500 3258 5567 conjugium
3285 5497 3575 5566 probantur
3598 5497 3696 5549 ite-

2133 5583 2248 5616 rum
2276 5567 2552 5629 devolutw,
2580 5586 2608 5618 a
2632 5572 2996 5621 communione
3021 5569 3300 5633 pellantur.
3339 5567 3404 5620 Et
3433 5568 3642 5620 can.18
3675 5586 3688 5620 :

2133 5635 2340 5687 Planta
2371 5639 2533 5690 etiam
2559 5648 2614 5688 ut
2650 5639 2782 5688 nulli
2811 5641 3137 5703 postmodum
3165 5639 3372 5705 [cntinw
3404 5638 3693 5690 diaconalis

2132 5705 2417 5757 benedimio
2448 5723 2541 5775 pro
2578 5709 2890 5760 conditionis
2919 5710 3077 5774 hujus
3101 5709 3388 5775 fragilitate
3424 5708 3690 5759 credatur.

2133 5776 2423 5828 ltainuatos
2464 5779 2590 5830 otitu
2627 5780 3016 5846 Cataplnyges,
3064 5793 3204 5845 quod
3254 5781 3503 5830 mubeics
3537 5792 3691 5840 posse
