4108 6452
524 443 661 508 2ῗ65

1721 437 2143 498 ALEXIADIS
2177 439 2322 501 LIB.
2399 441 2520 503 XV.

3639 444 3658 501 l
3680 442 3775 502 1C6

512 559 758 620 ἑστᾶσιν,
809 555 859 609 οἱ
903 554 1004 624 μὲν
1058 556 1186 624 περὶ
1219 555 1519 624 ἐρωτήσεις
1559 551 1888 622 ἐπτοημένοι
1919 568 2100 624 γραμ-

2213 556 2754 624 merosissimumque
2785 554 3074 625 insignium
3103 555 3348 610 virorum
3380 555 3484 610 ritu
3533 555 3776 626 legitimo

513 649 778 720 ματικὲις,
833 651 882 701 οἱ
935 648 992 700 δὲ
1048 647 1387 716 ξυγγραφεῖς
1437 646 1545 698 τῶν
1591 645 1906 714 λεγομένων
1974 661 2097 713 σχε-

511 746 619 799 δῶν
682 745 816 818 (91).
879 748 990 801 Καὶ
1029 745 1181 798 ἔστιν
1242 745 1370 798 ἰδεῖν
1429 744 1522 797 καὶ
1578 743 1808 797 Λατῖνον
1863 739 2094 795 ἐνταῦθα

515 838 1069 910 παιδοτριϐούμενον,
1119 839 1215 894 καὶ
1269 837 1488 909 Σκύθην
1536 834 1936 907 Ἐλληνίξοντα,
2000 835 2094 887 καὶ

524 929 796 1001 Ῥωμαῖον
845 931 913 985 τὰ
960 931 1068 984 τῶν
1121 930 1396 1001 Ἑλλήνιον
1453 928 1870 999 συγγράμματα
1926 943 2095 997 μετα-

509 1021 916 1093 χειριζόμενον,
964 1023 1063 1076 καὶ
1106 1023 1197 1077 τὸν
1238 1021 1608 1092 ἀγράμματον
1646 1018 1889 1090 Ἕλληνα
1918 1014 2094 1088 ὀρθῶς

517 1115 922 1186 Ἐλληνίζοντα.

2210 645 2317 698 Deo
2346 645 2771 699 ministrantium
2799 645 3120 716 collegium:
3159 645 3338 698 addita
3371 647 3596 716 insuper
3630 647 3779 714 larga

2203 737 2360 806 copia
2427 738 2690 792 funalium
2739 737 3159 806 lampadumque
3217 738 3283 792 ad
3336 752 3492 792 sacra
3549 738 3775 792 lumina.

2203 829 2392 899 itaque
2434 831 2747 901 ingrediens
2785 828 2928 883 forte
2959 830 3062 884 hoc
3115 829 3373 900 templum
3409 829 3620 886 videres
3652 845 3776 884 cum

2202 923 2452 992 religiosa
2499 923 2780 993 voluptate
2838 930 3188 992 comparatos
3238 921 3368 976 hinc
3422 929 3588 990 atque
3647 921 3778 976 inde

2199 1017 2636 1084 commissosque
2668 1016 2865 1071 choros
2899 1015 3124 1070 alternis
3185 1015 3525 1069 cantantium
3574 1028 3639 1068 ac
3684 1029 3777 1068 re-

2203 1107 2607 1177 spondentium.
2643 1105 2774 1162 Nam
2805 1107 2928 1161 huic
2957 1108 3293 1177 quoque,uti
3323 1117 3373 1160 et
3398 1107 3776 1175 Apostolorum

510 1223 682 1268 sacra:
720 1210 821 1264 aedi
872 1219 1156 1265 cantorum
1219 1219 1276 1266 et
1331 1207 1692 1264 cantatricqu
1744 1202 2224 1276 (quemadmodum
2287 1202 2413 1255 olim
2473 1200 2963 1272 llierosolymitano
3013 1201 3211 1268 templo
3263 1199 3542 1267 Salomon)
3601 1207 3776 1253 coetus

511 1309 815 1372 perpetuos
855 1302 1166 1367 addixerat,
1200 1317 1392 1372 magna
1452 1300 1694 1354 adhibita
1743 1295 2084 1368 providentia
2127 1309 2192 1348 ne
2226 1293 2546 1348 diaconissis
2594 1295 2660 1346 ad
2710 1308 2868 1348 suum
2921 1292 2995 1346 ibi
3047 1291 3409 1346 ministerium
3443 1290 3777 1361 fungeudum

510 1399 727 1452 deesset
762 1412 1000 1468 unquam
1053 1397 1254 1467 aliquid
1288 1415 1304 1454 :
1339 1411 1475 1452 neve
1537 1396 1680 1450 istuc
1713 1392 1937 1448 admissi
1984 1407 2048 1446 ex
2093 1389 2266 1445 lberia
2303 1389 2554 1444 monachi
2601 1390 2692 1457 qui
2747 1403 2970 1460 peregre
3025 1397 3183 1443 antea
3243 1388 3781 1458 ConStantinopolim

510 1491 744 1560 ingressi
778 1495 1079 1561 precariam
1113 1491 1354 1547 ostiatim
1411 1489 1822 1544 emendicantcs
1853 1497 1909 1541 et
1943 1484 2251 1540 instabilem
2327 1485 2601 1538 ducebant
2633 1484 2820 1549 vitam,
2854 1483 2999 1537 nulla
3036 1493 3192 1554 parte
3243 1486 3564 1539 necessariae
3611 1485 3784 1554 c0pite

506 1583 903 1638 deficerentur.
941 1583 1036 1644 llis
1066 1584 1212 1638 enim
1236 1598 1452 1653 quoque
1485 1583 1535 1635 in
1579 1582 1681 1635 hac
1711 1579 1857 1634 velut
1885 1593 2021 1632 nova
2074 1576 2208 1631 urbe
2243 1576 2415 1646 patris
2445 1577 2549 1630 mei
2583 1577 2894 1647 peramplas
2928 1577 3232 1646 magnificis
3275 1580 3581 1648 sumptibus
3633 1583 3780 1636 ardes

509 1681 804 1742 exstruxit,
837 1679 890 1732 in
937 1679 1140 1749 quibus
1169 1690 1462 1735 consuetas
1495 1679 1625 1748 ipsis
1657 1691 1830 1732 sacrae
1875 1674 2137 1747 doctrinae
2173 1673 2668 1727 commentationes
2711 1683 2764 1728 et
2822 1675 3100 1745 religionis
3147 1675 3320 1730 oflicia
3372 1677 3474 1731 rite
3515 1679 3668 1732 obire
3715 1694 3780 1731 ac

513 1770 766 1823 meditari
801 1773 975 1826 otiose
999 1782 1222 1842 possent
1251 1791 1264 1826 :
1297 1772 1447 1840 large
1475 1772 1713 1842 praebitis
1743 1785 1809 1824 ex
1841 1768 2035 1824 errario
2065 1767 2282 1836 publico
2313 1783 2432 1836 quae
2465 1769 2530 1822 ad
2561 1767 2762 1822 victum
2799 1767 2930 1838 ipsis
2961 1769 3329 1839 vestitumque
3361 1773 3779 1826 convenientem

509 1876 648 1928 opus
701 1874 877 1916 erant.
917 1861 1093 1917 Jactet
1124 1878 1183 1917 se
1211 1872 1474 1934 quantum
1510 1863 1731 1916 libuerit
1758 1859 2068 1916 Alexander
2106 1857 2194 1912 ille
2244 1874 2468 1928 magnus
2498 1862 2566 1913 ob
2598 1859 2982 1914 Alexandriam
3022 1859 3074 1913 in
3115 1859 3374 1931 Egypto,
3413 1862 3779 1929 llurcphaluui

511 1958 563 2010 in
599 1957 797 2018 Media,
833 1957 1235 2029 Lysimachiam
1269 1959 1321 2012 in
1353 1957 1632 2026 Ethiopia
1675 1955 1929 2012 conditas
1977 1970 2004 2008 a
2057 1969 2115 2008 se
2171 1953 2371 2020 uibcs;
2411 1953 2710 2024 imperator
2757 1954 2976 2024 quidem
3025 1954 3252 2009 Alexius
3314 1972 3594 2026 nunquam
3646 1959 3783 2012 adeo

512 2051 614 2105 sibi
651 2049 890 2119 placebit
933 2049 989 2103 in
1047 2059 1126 2104 tot
1163 2050 1292 2109 illis,
1347 2065 1486 2118 quas
1537 2049 1652 2104 fere
1699 2049 1902 2118 ubique
1933 2037 2202 2100 terrarum
2253 2048 2322 2102 ab
2370 2063 2433 2102 eo
2492 2055 2730 2101 structas
2763 2046 2991 2110 scimus,
3039 2046 3390 2114 civitatibus;
3447 2058 3504 2104 ut
3552 2066 3657 2104 non
3716 2053 3783 2106 de

514 2148 615 2202 hic
660 2144 1008 2217 potissimum
1049 2162 1076 2200 a
1127 2161 1185 2201 se
1237 2147 1502 2211 fundata,
1542 2144 1805 2200 instructa
1865 2151 2171 2212 ornataque
2219 2143 2505 2212 glorietur.
2568 2141 2741 2196 Porio
2797 2143 3052 2210 templum
3111 2141 3212 2196 hoc
3280 2149 3336 2197 et
3387 2145 3783 2199 monasterium

512 2242 839 2312 ingredienti
883 2242 978 2296 tibi
1029 2242 1095 2296 ad
1137 2240 1326 2294 larvam
1361 2247 1686 2303 occurrent;
1735 2238 1803 2292 ad
1864 2237 2148 2291 dexteram
2215 2237 2394 2308 magni
2454 2237 2639 2306 templi
2695 2237 2888 2290 domus
2956 2235 3155 2290 visitur
3213 2235 3544 2292 institutioni
3604 2239 3781 2292 dicata

507 2350 832 2408 puerorum,
860 2336 1132 2404 ludusque
1165 2332 1470 2387 litterarius
1505 2330 1766 2401 orphanis
1799 2347 1864 2385 ex
1900 2331 2046 2384 omni
2090 2344 2289 2400 genere
2330 2330 2566 2383 maxime
2615 2343 2844 2382 numero
2869 2327 3113 2382 collectis
3172 2327 3451 2398 frequens,
3509 2331 3782 2400 impositis

511 2428 888 2498 grammaticis
958 2423 1328 2498 prmfecmque
1381 2425 1651 2479 classibus
1703 2439 1802 2479 suo
1857 2423 2090 2492 singulis
2150 2424 2458 2493 magistro,
2514 2423 2616 2479 sub
2672 2422 2834 2478 unius
2901 2427 3176 2477 communi
3236 2439 3366 2478 cura
3418 2425 3781 2486 moderatoris

476 2522 710 2575 summi
762 2519 852 2589 qui
909 2517 1124 2573 cunctis
1171 2526 1324 2572 stans
1373 2517 1582 2570 medius
1647 2515 1913 2583 invigilat.
1969 2513 2200 2568 Ordines
2251 2516 2459 2569 circum
2517 2513 2776 2582 descripti
2836 2513 3161 2567 discentium
3217 2522 3370 2568 sunt.
3431 2513 3498 2568 Hi
3560 2516 3777 2585 quidem

507 2616 941 2671 eleinentaribus
990 2614 1100 2669 illis
1155 2615 1347 2685 primis
1385 2611 1930 2680 interrogatiunculis
1985 2622 2223 2668 mentem
2277 2627 2339 2666 ac
2375 2613 2694 2674 memoriam
2734 2611 2898 2666 rudes
2932 2619 3157 2667 acuunt.
3212 2611 3318 2666 Alii
3381 2613 3640 2668 nonnullo
3663 2613 3776 2684 jam

507 2707 764 2762 videlicet
811 2723 915 2761 usu
971 2707 1082 2761 nixi
1123 2707 1511 2774 scriptitandis
1564 2715 1900 2760 exercentur
1947 2707 2168 2763 schedis
2222 2707 2323 2778 (sic
2357 2705 2502 2760 enim
2561 2702 2860 2774 appellant)
2892 2717 2908 2757 :
2946 2704 3132 2759 videre
3197 2703 3286 2759 hic
3320 2715 3404 2760 est
3469 2704 3642 2761 Latini
3691 2724 3785 2776 ge—

507 2799 659 2854 neris
694 2815 924 2869 puerum
987 2815 1094 2851 non
1148 2797 1337 2852 minus
1379 2806 1531 2851 recte
1593 2811 1755 2865 quam
1807 2796 1950 2865 apud
2003 2813 2134 2852 suos
2189 2798 2388 2867 linguae
2437 2795 2668 2864 propriae
2719 2793 3005 2864 praeceptis
3057 2794 3209 2864 ﬁngi,
3252 2806 3306 2850 et
3357 2797 3610 2867 Scytham
3674 2817 3780 2856 nou

509 2889 800 2946 infeliciter
847 2890 1118 2960 loquendo
1169 2889 1569 2957 scribendoque
1621 2887 1808 2943 Graeca
1867 2891 2102 2958 eonariﬁ,
2127 2899 2181 2942 et
2234 2889 2538 2942 Romanqu
2608 2887 2673 2940 ad
2707 2884 3024 2940 Graecorum
3070 2887 3309 2958 linguam
3364 2893 3785 2967 disciplinasqua

510 2984 761 3050 institui;
801 2992 856 3038 et
886 2999 1008 3038 eun.
1067 2982 1158 3050 qui
1195 2991 1320 3035 ortu
1370 2983 1635 3036 duntaxat
1667 2997 1730 3035 ac
1761 2991 1910 3036 sorte
1944 2983 2206 3036 nascendi
2253 2981 2502 3043 Graecus,
2558 2978 2834 3050 acquisito
2889 2995 2991 3035 usu
3041 2979 3344 3037 litterarum
3399 2990 3780 3061 perceptisque

509 3073 796 3138 doctrinis,
828 3074 986 3126 istius
1015 3073 1251 3128 nominis
1287 3072 1457 3127 decus
1494 3073 1652 3126 tueri.

587 3170 830 3222 Τοιαῦτα
882 3168 937 3220 δὲ
1003 3169 1133 3239 περὶ
1163 3167 1262 3239 τὴν
1293 3168 1518 3238 λογικὴν
1552 3169 1838 3222 παίδευσιν
1884 3167 1952 3220 τὰ
2001 3167 2094 3220 τοῦ
2132 3177 2171 3231 Β

524 3261 766 3326 Ἀλεξίου
821 3261 1240 3329 σπουδάσματα.
1298 3259 1407 3313 Τοῦ
1466 3260 1522 3313 δὲ
1565 3260 1854 3330 σχέδουςή
1904 3261 2091 3330 τέχνη,

512 3351 735 3421 εὕρημα
785 3351 894 3400 τῶν
945 3351 1230 3420 νεωτέρων
1262 3350 1381 3400 ἐστὶ
1431 3351 1524 3400 καὶ
1559 3349 1655 3417 τῆς
1692 3349 1778 3417 ἐφ’
1808 3348 1966 3419 ἡμῶν
1996 3365 2092 3416 γε·

511 3443 663 3504 ν’ᾶς.
698 3439 948 3509 Παρίημι
977 3439 1035 3494 δὲ
1078 3438 1396 3502 στυλιανούς
1432 3457 1587 3504 τινας
1634 3442 1728 3492 καὶ
1759 3443 1888 3502 τοὺς
1935 3441 2092 3510 λεγο-

517 3533 717 3603 pte-Even;
780 3531 1190 3601 Λογγιόἁρδους
1254 3530 1350 3584 καὶ
1406 3531 1560 3593 ὅσους
1622 3532 1712 3582 ἐπὶ
1768 3532 2094 3602 συναγωγὴν

513 3627 875 3696 ἐτεχνὰσαντο
907 3623 1271 3676 παντοδαπῶν
1300 3623 1608 3693 ὀνομάτων,
1649 3624 1742 3676 καὶ
1794 3624 1919 3687 τοὺς
1965 3624 2091 3676 Ἀτ-

512 3719 703 3780 τικοὺς
759 3717 854 3770 καὶ
913 3715 1212 3784 γεγονότας
1270 3714 1364 3768 τοῦ
1423 3716 1574 3787 ἱεροῦ
1632 3716 1939 3784 καταλόγου
1996 3717 2097 3786 τῆς

516 3811 778 3878 Μεγάλης
873 3810 1004 3881 παρ’
1045 3811 1178 3879 ἡμῖν
1241 3808 1564 3878 ἐκκλησίας,
1624 3802 1699 3862 ὧν
1734 3809 1975 3880 παρίημι
2031 3809 2100 3863 τὰ

515 3904 780 3971 ὀνόματα,
816 3901 955 3954 ἀλλὰ
987 3901 1080 3954 νῦν
1119 3902 1270 3955 οὐδὲν
1302 3903 1358 3953 ὲν
1394 3901 1634 3972 δευτέρῳ
1670 3902 1817 3970 λόγῳ
1868 3902 1935 3953 τὰ
1969 3903 2099 3972 περὶ

518 3995 726 4046 τούτων
783 3993 894 4044 τῶν
954 3992 1250 4064 μετεώρων
1309 3995 1404 4046 καὶ
1462 3992 1706 4060 ποιητῶν
1769 3993 1864 4046 καὶ
1918 3994 2099 4046 αὐτῶν

526 4086 920 4152 συγγραφέων,
959 4084 1054 4135 καὶ
1093 4084 1192 4152 τῆς
1245 4085 1353 4136 ἀπὸ
1384 4084 1590 4137 τούτων
1624 4086 1939 4155 ἐμπειρίας·
1971 4102 2103 4137 πετο

526 4177 650 4229 τεία
681 4176 738 4228 δὲ
777 4177 839 4228 τὸ
878 4175 1229 4244 σπούδασμα,
1265 4175 1363 4228 καὶ
1393 4176 1530 4230 ἄλλα
1561 4177 1627 4228 τὰ
1676 4178 1814 4247 ἔργα
1846 4177 2104 4247 ἀθέμιτα.

528 4271 718 4324 Ταῦτα
771 4269 828 4322 δὲ
881 4269 1046 4336 λέγω,
1099 4268 1378 4339 ἀχοομένη
1429 4269 1516 4321 διὰ
1562 4273 1662 4337 τὴν
1713 4267 1954 4339 παντελῆ
2005 4270 2105 4340 τῆς

523 4363 820 4428 ἐγκυκλίου
885 4361 1226 4422 παιδεύσεως
1281 4360 1580 4430 ἀμέλειαν·
1635 4360 1794 4413 τοῦτο
1839 4364 1946 4432 γάρ
2001 4378 2104 4431 μου

527 4456 628 4524 τὴν
663 4454 846 4524 ψυχὴν
877 4454 1198 4522 ἀναφλέγει,
1229 4454 1314 4507 ὅτι
1357 4454 1493 4507 πολὺ
1530 4455 1660 4524 περὶ
1707 4454 1883 4507 ταῦτα
1934 4455 2113 4508 ἐνδια-

526 4547 760 4615 τέτριφα
787 4560 800 4575 '
853 4544 955 4598 κᾶν
995 4544 1221 4597 ἐπειδὰν
1256 4544 1620 4616 ἀπήλλαγμαι
1674 4545 1770 4616 τῆς
1807 4544 2109 4616 παιδαριώ-

2276 3165 2338 3219 lli
2372 3165 2729 3231 fruetus,ha:c
2776 3168 3073 3236 specimina
3102 3179 3321 3224 exstant
3353 3174 3516 3227 studii
3548 3176 3780 3246 ingentis

2201 3273 2310 3326 quo
2343 3259 2569 3312 Alexius
2609 3259 2675 3311 ad
2707 3274 3059 3328 progressum
3106 3261 3182 3316 rei
3213 3261 3512 3330 litterariae,
3545 3278 3783 3322 rectaru-

2203 3370 2310 3423 que
2366 3355 2418 3409 in
2478 3354 2780 3422 disciplinis
2815 3356 3134 3410 liberalibus
3188 3366 3241 3412 et
3287 3359 3589 3416 disserendi
3639 3377 3779 3429 arte,

2199 3445 2595 3502 institutionem
2623 3446 2931 3514 juventutis
2963 3445 3258 3501 ferebatur.
3284 3446 3400 3501 Juttt
3428 3452 3570 3519 quod
3613 3453 3782 3510 Sche-

2201 3539 2394 3593 darum
2432 3538 2592 3607 paulo
2633 3545 2758 3591 ante
2801 3539 3132 3592 mentionem
3187 3538 3311 3606 feci,
3362 3556 3450 3596 ars
3501 3559 3564 3599 ea
3617 3556 3701 3600 est
3747 3562 3779 3600 a

2205 3630 2600 3685 recentioribus
2635 3640 2800 3700 atque
2841 3635 2974 3685 adeo
3003 3631 3178 3685 aetatis
3210 3633 3369 3703 hujus
3427 3647 3626 3690 nostrae
3663 3654 3778 3692 ma-

2201 3721 2384 3793 gistris
2415 3723 2653 3775 inventa.
2687 3720 2956 3776 Prmteteo
3007 3738 3135 3778 vero
3184 3727 3445 3795 stylianos
3491 3732 3776 3797 quosdam,

2203 3823 2257 3866 et
2299 3815 2390 3882 qui
2454 3813 2783 3884 Longibardi
2837 3826 3126 3882 vocantur,
3173 3833 3236 3872 ac
3275 3818 3413 3874 alios
3466 3823 3781 3894 quicunque

2203 3915 2320 3959 arte
2372 3921 2436 3959 ac
2489 3905 2744 3960 methodo
2805 3908 3149 3962 \ocahularia
3217 3913 3438 3966 collecta
3507 3921 3782 3984 digessere

2205 3997 2385 4051 omnis
2418 3999 2634 4066 generis
2665 3998 2970 4062 nominum,
3002 4011 3056 4052 et
3082 4001 3313 4067 Atticos,
3348 4014 3402 4056 et
3453 4018 3546 4058 eos
3574 4008 3664 4073 qui
3715 4025 3784 4063 ex

2206 4106 2365 4145 sacro
2397 4093 2646 4162 catalogo
2707 4092 2916 4161 Magna:
2967 4097 3108 4160 apud
3160 4109 3260 4148 nos
3306 4094 3564 4152 Ecelesia:
3617 4097 3788 4172 486

2205 4181 2447 4245 fuerunt,
2509 4199 2739 4250 quorum
2808 4186 2969 4238 edere
3017 4186 3106 4238 hic
3160 4188 3376 4240 nomina
3451 4205 3560 4244 non
3623 4194 3782 4256 tanti,

2210 4288 2352 4326 nunc
2383 4273 2621 4341 quidem,
2659 4273 2920 4328 arbitror.
2952 4274 3222 4330 Cancrum
3255 4277 3523 4345 ejusmodi
3565 4283 3784 4336 novitiis

2209 4365 2448 4421 inventis
2482 4365 2689 4420 facmm
2724 4367 2878 4421 video
2909 4377 2965 4420 ut
3009 4369 3328 4424 sublimium
3379 4372 3596 4428 illorum
3638 4387 3786 4431 vete-

2213 4472 2336 4510 rum
2390 4459 2740 4524 scriptorum,
2793 4469 3098 4527 poetarum,
3153 4462 3499 4534 ipsorumque
3558 4467 3787 4521 histori-

2210 4563 2402 4604 corum
2432 4565 2616 4620 0pera,
2653 4565 2718 4605 ne
2746 4551 2998 4607 secumlis
3029 4554 3247 4621 quidem
3281 4556 3558 4613 hodiernae
3582 4559 3782 4630 juven-

1564 4659 1710 4720 Car.
1747 4658 2076 4722 Dufresnii
2113 4663 2211 4725 Du
2244 4664 2470 4744 Cangii
2496 4672 2682 4729 notae.

599 4761 712 4835 (9i)
740 4760 1531 4852 22.96613lSchedographiam
1563 4763 1831 4852 intelligit,
1861 4779 1953 4817 seu
1987 4781 2101 4848 eam

2211 4767 2413 4852 λέγειν.
2475 4771 2627 4836 Quod
2651 4787 2849 4852 “porro
2893 4772 3090 4852 AGrmAci.
3117 4773 3563 4852 exegioypatcpeiv,
3616 4775 3787 4832 Latini

523 4836 894 4906 grammatica:
916 4842 1121 4899 partem
1180 4849 1281 4899 qua
1309 4839 1562 4884 docentur
1588 4835 1942 4906 adolescentes
1965 4837 2093 4889 scri-

520 4904 612 4973 pta
641 4904 952 4970 intelligere,
987 4912 1080 4954 aut
1115 4911 1356 4970 probare,
1399 4915 1454 4954 ut
1485 4914 1566 4955 est
1600 4907 1738 4971 apud
1772 4904 2090 4960 Manlianum

522 4973 842 5044 Capellam,
872 4973 1097 5044 libatlt.
1154 4975 1226 5026 l‘la
1268 4977 1409 5026 enim
1447 4974 1524 5024 vis
1569 4986 1653 5026 est
1707 4976 1852 5028 vocis
1911 4976 2096 5044 σχέδος

525 5043 666 5113 apud
686 5043 966 5105 BaSIIium,
987 5043 1124 5095 libro
1151 5044 1288 5110 Περὶ
1316 5044 1654 5111 γυμνασίας
1671 5043 2096 5113 γραμματικῆς,

526 5119 613 5168 ubi
649 5117 714 5169 de
746 5115 1002 5166 vocabulo
1056 5115 1466 5182 σχεδογραφεῐν.
1538 5115 1705 5166 [Ιόυεν
1747 5119 1996 5182 γίνεταις
2037 5120 2101 5169 ἐκ.

522 5185 617 5238 τοῦ
649 5184 1038 5256 ᾳχὲδους,ῌκσὶ
1096 5185 1187 5256 τοῦ
1240 5186 1454 5254 γράφω.
1497 5184 1580 5256 ῨΤΑὸ
1635 5184 1690 5256 δὲ
1720 5185 1932 5256 σχέδος,
1960 5189 2108 5256 παρὰ

525 5258 587 5308 τὸ
618 5254 748 5324 χέω,
775 5263 839 5327 et_
863 5253 1014 5327 χεδος
1043 5254 1250 5327 σχέδος,
1270 5259 1430 5306 οἱονεὶ
1460 5255 1521 5327 το
1539 5253 1784 5327 διαχέ-ωνί
1801 5257 1892 5308 καὶ
1919 5253 2106 5327 διαχο-

530 5323 676 5397 ρίζον
708 5329 805 5386 τὰς
825 5323 996 5397 λέξεις
1028 5326 1125 5397 _c't_n:‘
1157 5325 1424 5392 ἀλλήλων.
1456 5323 1714 5397 “limpii
1741 5327 1800 5378 τὸ
1837 5323 2103 5392 σκεδᾶζω,

529 5393 799 5448 exstitisti).
845 5393 1246 5463 Σκεδαζόμεναι
1291 5398 1399 5463 γὰρ
1433 5395 1490 5448 αἱ
1541 5393 1734 5461 λέξεις,
1795 5401 1890 5448 καί
1942 5400 2106 5448 οἱονεὶ

529 5468 923 5534 μεριζόμεναι,
995 5469 1095 5535 εις,
1141 5463 1343 5531 γνῶσιν
1414 5466 1955 5535 παραλαμϐάνονται.
2033 5468 2104 5519 ’Ἡ

525 5540 679 5606 παρὰ
739 5537 802 5587 τὸ
861 5535 996 5603 σχῶ,
1053 5534 1112 5586 τὸ
1143 5535 1353 5606 κρατῶ,
1387 5535 1569 5604 σχεδος
1623 5539 1684 5587 τὸ
1731 5537 1840 5588 τῶν
1889 5536 2101 5590 πολλῶν

528 5603 865 5659 συνεκτικόν.
899 5606 1139 5660 Gloss-ar.
1187 5605 1281 5658 Gr.
1334 5603 1454 5658 Lat.
1500 5606 1802 5675 σχεδιάζειν
1832 5607 2099 5660 iuterduut

526 5677 650 5728 ἀντὶ
704 5675 798 5727 τοῦ
859 5676 1196 5744 χειρονομεῖν
1255 5677 1521 5728 interdum
1584 5678 1675 5727 ἐπὶ
1736 5677 1827 5727 τοῦ
1888 5680 1952 5728 ἐκ
2010 5676 2102 5728 τοῦ

527 5746 874 5815 παραχρῆμα
908 5747 1175 5814 λέγοντος,
1209 5760 1273 5797 ea:
1303 5757 1529 5812 tempore
1560 5749 1753 5810 dicere,
1780 5747 2106 5814 interpreta-

531 5825 640 5886 tur,
691 5829 750 5868 ut
795 5815 1004 5885 σχέδιον
1053 5830 1116 5867 ex
1142 5829 1368 5882 tempore
1397 5818 1614 5869 dictum.
1643 5818 1716 5869 lta
1751 5821 1890 5886 apud
1939 5819 2108 5886 llesy-

529 5885 738 5954 Chium,
772 5885 1075 5957 σχεδιάζειν
1104 5898 1185 5940 est
1244 5889 1308 5938 ὲκ
1356 5886 1760 5958 παρατυχόντος
1788 5885 1860 5941 ίέν
1902 5885 2102 5958 ἑτοίμῳ

2204 4842 2368 4962 Edere,
2407 4853 2586 4909 partes
2632 4844 2836 4897 dicunt.
2887 4841 3202 4898 Gotefi'idus
3237 4841 3466 4912 Viterb’q
3511 4857 3654 4916 part.
3699 4866 3790 4904 art

2254 4921 2343 4962 aut
2364 4931 2403 4962 ι.
2436 4927 2451 4962 :

2254 4921 2403 4964 antlt.
2436 4927 2451 4964 :

2209 4980 2363 5054 lium:
2398 4999 2599 5051 quoque
2629 4984 2990 5052 grammatica?
3035 5000 3272 5037 summus
3303 4984 3542 5040 Donatus
3573 4989 3625 5041 in
3651 5002 3788 5054 erle,

2209 5049 2551 5120 Hieronymus
2575 5049 2690 5105 cuiu
2715 5053 2969 5121 discipulo
2995 5061 3141 5106 docet
3168 5059 3320 5109 edere
3351 5067 3546 5121 partes.

2219 5122 2716 5191 Sehedogiaphiam
2781 5126 3143 5178 recentiorum
3213 5128 3488 5180 inventum
3539 5143 3660 5182 esse
3713 5130 3790 5182 ait

2216 5191 2391 5256 Anna,
2424 5196 2831 5262 ιιιιιθυῑριιοεψιε
2857 5196 2907 5246 in
2937 5211 2997 5246 ea
3023 5194 3310 5262 magistros
3335 5198 3579 5250 nominat
3605 5201 3787 5252 nescio

2217 5276 2352 5333 quos
2403 5262 2681 5331 Stylianos
2723 5275 2777 5315 et
2821 5262 3231 5329 Langobardos.
3278 5282 3371 5320 seu
3427 5264 3608 5328 Italos.
3654 5283 3789 5333 quos

2214 5329 2807 5404 glziliei'_Radulphus,
2871 5335 2976 5404 lib.
3022 5352 3080 5399 ll,
3139 5352 3276 5404 cap.
3321 5335 3424 5399 l2;
3481 5346 3534 5389 et
3589 5329 3788 5392 Paulus

2217 5399 2616 5464 Warnefridus,
2649 5399 2775 5456 'lib.
2835 5419 2883 5455 τι
2951 5403 3024 5457 De
3054 5399 3508 5473 gestis'Laugub”
3560 5419 3678 5472 cap.
3733 5406 3783 5468 7,

2211 5474 2578 5540 gt'atntnatit'a:
2607 5489 2714 5540 pra:
2737 5476 2948 5529 cmteris
2985 5475 3274 5542 impensius
3309 5489 3530 5542 operam
3575 5475 3786 5531 dedisse

2215 5552 2504 5614 testantur,
2558 5544 2850 5614 Adrquain
2906 5545 3272 5614 granunaticm
3329 5553 3534 5614 partem
3600 5546 3787 5614 referri

2213 5613 2410 5665 debent
2459 5612 2723 5683 Manuelis
2769 5611 3097 5683 Mosciiopuli
3151 5617 3283 5667 liber
3333 5613 3476 5681 Περὶ
3528 5613 3788 5683 σχεδῶν,

2212 5693 2266 5735 et
2299 5683 2567 5754 cjusdem_
2593 5681 2775 5738 Basilii
2865 5681 3188 5736 (Exercitatio
3240 5681 3605 5754 grammatica.
3637 5685 3788 5754 Ejus-

2216 5755 2356 5806 modi
2381 5765 2504 5806 suut
2528 5752 2802 5824 Prisciani
2824 5755 3145 5821 partitiones
3179 5749 3458 5811 duiodeciiu
3490 5749 3790 5824 primorqu

2215 5838 2465 5880 versuum
2501 5821 2784 5880 IEneidos.
