4108 6472
479 537 619 603 1169

1718 544 2134 606 ALEXIADIS
2178 546 2326 607 LIB.
2381 549 2505 609 XV.

3595 543 3729 613 11Ἰο

468 653 566 704 καὶ
629 647 944 719 ἐξήνεγκεν.
1017 649 1246 721 Ἀπάρτι
1301 659 1412 722 γαρ
1468 652 1533 706 τὸ
1586 651 1722 708 πολὺ
1781 655 1881 726 τῆς
1940 655 2052 710 τῶν

2168 672 2258 724 ζυςι
2290 673 2568 714 murmure
2600 660 3028 724 susurrautiu’m,
3070 657 3231 712 llomo
3257 657 3572 726 Bogomilus
3602 672 3711 723 est,

467 741 744 812 ἑσπερίων
793 740 892 795 καὶ
939 739 1095 812 ἑῴων
1140 742 1481 816 ἀποθέμενος
1521 747 1844 818 φροντίδος,
1907 748 2048 816 πρὸς

468 834 528 885 τὸ
578 830 1102 906 πνευματικώτερον
1153 834 1349 889 ἑαυτὸν
1400 838 1699 892 ἐπέτεινεν.
1797 839 1884 892 Ἐν
1914 841 2049 893 πᾶσι

466 924 576 993 γὰρ
607 923 718 975 τῶν
771 921 1032 979 ἁπάντων
1080 926 1342 996 ἐκράτειο
1395 930 1453 981 ὲν
1487 929 1670 998 λόγοις
1716 930 2051 996 διδακτικοϊς

466 1015 594 1078 τοὺς
625 1015 755 1086 περὶ
785 1015 945 1084 λόγον
988 1013 1393 1083 ἐσπουδακότας
1423 1023 1581 1076 ἐνίκα
1607 1039 1622 1056 ο
1662 1024 1722 1076 ἐν
1757 1023 1964 1092 μάχαις
1993 1026 2050 1078 δὲ

471 1109 564 1162 καὶ
599 1111 960 1181 στρατηγίαις
989 1112 1100 1166 τῶν
1137 1114 1197 1168 ἐν
1225 1115 1411 1179 ὅπλοις
1458 1117 1889 1189 Θαυμαζομένων
1920 1120 2053 1173 ὑπε-

469 1206 671 1273 ρεῖχεν.
692 1203 779 1268 Ὠς
806 1204 864 1256 δὲ
896 1205 929 1259 ἡ
964 1205 1072 1260 τῶν
1110 1207 1424 1278 Βογομίλων
1449 1209 1760 1281 ἅπανταχοῦ
1805 1211 1903 1282 ἤδη
1937 1211 2050 1265 are-

470 1313 684 1365 σπαρτο
713 1299 894 1367 φήμη.
927 1296 1211 1362 Βασίλειος
1234 1300 1345 1370 γάρ
1367 1318 1450 1363 τις
1478 1304 1712 1372 μοναχδς
1739 1303 1960 1358 ὠδὺνων
1982 1307 2051 1372 ⁸⁷,

469 1386 682 1441 δώδεκα
741 1390 842 1458 μὲν
898 1389 1040 1460 ἔχων
1098 1392 1368 1463 μαθητὰς,
1423 1392 1518 1456 οὓς
1569 1397 1662 1448 καὶ
1715 1397 2055 1462 ἀποστόλους

468 1479 748 1549 ὠνόμαζε,
793 1483 1263 1554 συνεφελκόμενος
1316 1485 1372 1538 δὲ
1423 1487 1517 1539 καὶ
1568 1488 1880 1560 μαθητρίας
1926 1496 2051 1548 τινὰ

473 1573 675 1642 γύναια
709 1576 960 1645 κακοήθη
989 1576 1083 1628 καί⁸
1111 1579 1476 1649 παμπόνηρα,
1510 1581 1805 1652 ὲφήπλωσε
1833 1583 1934 1655 τὴν
1959 1603 2054 1639 κα⁴

483 1665 610 1718 κίαν
652 1666 999 1737 ἁπανταχοῦ.
1053 1668 1162 1722 Καὶ
1209 1669 1411 1735 πολλὰς
1457 1672 1637 1743 ψυχὰς
1687 1675 1846 1746 δίκην
1881 1679 2055 1749 πυρὸς

471 1758 804 1829 ἐπενείματο
828 1760 888 1812 τὸ
912 1765 1107 1824 κακὸν,
1141 1762 1241 1815 οὐκ
1299 1765 1546 1836 ἠνείχετο
1591 1768 1623 1837 ἡ
1661 1767 1756 1821 τοῦ
1788 1768 2057 1838 βασιλέως

470 1851 620 1922 ψυχή
646 1868 661 1884 ο
700 1851 779 1922 τῷ
807 1870 890 1906 τοι
923 1855 1016 1906 καὶ
1043 1854 1294 1926 διερευνᾷ
1345 1858 1413 1910 τὰ
1445 1860 1574 1928 περὶ
1607 1861 1705 1930 τῆς
1760 1863 2050 1932 αἱρέσεως,

472 1942 569 1996 καί
593 1959 738 2005 τινες
762 1944 871 1996 τῶν
915 1946 1232 2016 Βογομίλων
1277 1948 1362 2011 είς
1393 1949 1462 2002 τὰ
1508 1951 1784 2023 ἀνάκτορα
1836 1955 2053 2024 ἤγοντο.

471 2034 753 2100 ’Ἅπαντες
782 2037 839 2090 δὲ
872 2037 1151 2091 Βασίλειόν
1181 2041 1700 2114 τιναοκατήγγελλον
1733 2045 2058 2101 διδάσκαλον

474 2130 571 2182 καὶ
613 2132 914 2198 κορυφαῖον
970 2132 1368 2202 πρωτοστάτην
1408 2135 1507 2202 τῆς
1559 2136 1934 2209 Βογομιλικῆς
1967 2141 2056 2194 αἱ·

476 2222 706 2292 ρέσεως.
749 2223 843 2275 Ἐκ
872 2223 1082 2277 τούτων
1140 2225 1198 2278 δὲ
1231 2226 1516 2290 Διόλὰτιύς
1549 2246 1636 2291 τις
1677 2233 2059 2302 κατασχεθεὶς,

473 2315 596 2368 ἐπεὶ
627 2315 987 2386 ἐρωτώμενος
1012 2317 1370 2386 ἁνομολογεῖν
1404 2321 1504 2373 οὐκ
1531 2321 1811 2387 ἠϐούλετο,
1849 2325 2062 2391 αἰκίαις

473 2406 828 2473 παραδοθεὶς,
893 2407 1197 2477 τηνικαῦτα
1248 2408 1338 2460 τὸν
1409 2409 1706 2479 λεγόμενον
1776 2413 2060 2469 Βασίλειον

476 2497 838 2567 ἀνωμολὸγει,
877 2499 971 2552 καὶ
1004 2498 1097 2562 οὓς
1127 2500 1795 2583 ἐκεῖνοίπροὺχειρίσατο
1825 2505 2062 2561 ἀποστό-

476 2589 625 2654 λους.

2153 751 2254 805 sub
2278 749 2385 806 ista
2418 752 2548 806 mihi
2573 752 2753 822 specie
2775 751 3013 821 lupinatn
3038 751 3185 805 intus
3216 751 3474 820 obtegens
3502 751 3730 806 rabiem.

2155 841 2308 898 Hanc
2342 851 2547 899 sectam
2577 844 2819 900 tenebris
2851 843 2958 898 illis
2993 843 3127 911 ipsis
3173 853 3226 895 et
3273 842 3730 902 dissitttulatione,

2153 933 2308 1000 cuius
2355 934 2577 987 obtentu
2626 933 2800 987 latens
2851 932 3072 1001 impune
3127 929 3504 1002 grasSabatur,
3539 945 3602 982 eo
3634 944 3736 982 uo-

2154 1027 2456 1083 centiorcm
2507 1026 2799 1095 minusque
2852 1023 3194 1080 tolerabilem
3251 1033 3407 1091 pater
3457 1022 3604 1077 velut
3651 1021 3738 1075 iu-

2155 1131 2406 1178 cantator
2445 1121 2663 1188 sapiens
2713 1128 3021 1188 serpentem
3073 1125 3330 1177 astutam.
3388 1131 3452 1170 ex
3498 1130 3634 1169 cavo
3672 1130 3737 1167 ac

2154 1230 2316 1286 specu
2350 1225 2461 1268 tuta
2489 1211 2820 1267 carminibus
2868 1210 3009 1266 velut
3055 1210 3376 1279 quibusdam
3428 1209 3615 1262 elicuit
3680 1207 3734 1260 itt

2155 1308 2444 1377 lucemque
2477 1304 2726 1374 protulit.
2755 1301 2962 1372 Nempe
2994 1317 3116 1356 cum
3147 1310 3227 1356 tot
3275 1301 3437 1354 rebus
3471 1315 3534 1354 ac.
3570 1300 3736 1353 tantis

2155 1403 2326 1474 gestis
2353 1409 2583 1467 urgente
2609 1397 2800 1451 morbo
2823 1410 2887 1449 ac
2920 1395 3072 1449 senio
3103 1393 3376 1462 paululum
3410 1408 3468 1448 se
3496 1393 3741 1446 relaxas-

2156 1502 2237 1550 set
2273 1508 2300 1546 a
2337 1493 2485 1546 curis
2517 1489 2846 1559 reipublicae,
2873 1485 3037 1559 487
3073 1486 3328 1554 pleraque
3391 1484 3738 1539 orientalium

2157 1599 2212 1643 et
2240 1586 2591 1641 occiduorum
2627 1590 2903 1635 tractuum
2931 1577 3407 1633 administratione
3439 1575 3558 1630 lidis
3589 1591 3741 1629 com-

2159 1678 2437 1741 mendata,
2485 1677 2602 1746 ipse
2653 1674 2817 1728 homo
2865 1681 3103 1725 actuosae
3141 1669 3360 1734 indolis,
3395 1669 3484 1737 qui
3531 1677 3745 1722 mutare

2160 1771 2567 1840 occupationem
2595 1783 2706 1822 non
2733 1765 2987 1821 omittere
3011 1771 3212 1832 posset,
3232 1761 3298 1818 ad
3323 1777 3409 1817 res
3431 1761 3746 1831 spiri‘uales

2161 1874 2216 1921 et
2245 1862 2524 1934 religionis
2558 1876 2742 1916 curam
2775 1857 3030 1913 intendit.
3066 1857 3242 1926 Atque
3275 1865 3332 1908 ut
3363 1863 3482 1908 erat
3529 1853 3581 1906 in
3622 1868 3749 1906 om-

2165 1959 2325 2013 nibus
2370 1971 2490 2024 quze
2539 1959 2726 2022 ageret
2770 1949 3064 2015 excellens,
3131 1962 3294 2017 supra
3327 1960 3517 2000 omnes
3566 1943 3656 2012 qui
3690 1943 3746 1996 id

2165 2055 2343 2120 ipsum
2375 2050 2535 2102 unice
2583 2045 3015 2110 meditarentur;
3069 2041 3383 2111 pariterque
3418 2040 3469 2092 in
3515 2035 3742 2092 docendi

2157 2140 2442 2204 facultate,
2481 2153 2547 2192 ac
2584 2132 2894 2205 disputandi
2944 2140 3054 2186 tum
3087 2129 3390 2185 subtilitate
3438 2137 3548 2180 tum
3579 2125 3746 2180 uber-

2163 2243 2276 2290 tate
2358 2230 2651 2298 magistros
2723 2220 3519 2289 exercitatissimos;[pariter
3575 2217 3745 2271 duces

2158 2327 2397 2397 optimos
2428 2339 2488 2376 ac
2531 2319 2950 2391 probatissimos
3003 2316 3078 2370 rei
3130 2313 3384 2368 militaris
3426 2320 3542 2366 arte
3574 2309 3744 2370 omni,

2163 2416 2558 2490 prmliandiqne
2593 2412 2674 2465 vel
2707 2413 2909 2464 virtute
2943 2407 3027 2462 vel
3059 2407 3324 2461 industria
3376 2413 3495 2472 post
3542 2418 3600 2456 se
3660 2415 3749 2454 re—

2170 2512 2480 2579 linqueret;
2517 2507 2680 2560 etiam
2715 2505 2766 2556 in
2799 2502 2994 2555 horum
3044 2498 3452 2570 Bogomilorum
3500 2496 3754 2560 conjura-

2173 2603 2319 2658 tione
2349 2608 2538 2653 contra
2569 2593 2868 2649 Ecclesium
2919 2589 3126 2644 nefaria
3186 2588 3512 2658 indaganda,
3566 2582 3754 2654 proie-

478 2683 667 2748 renda,
699 2683 1115 2754 exstinguenda,
1147 2699 1367 2755 operam
1436 2701 1599 2756 supra
1621 2705 1812 2745 omnes
1844 2695 2066 2749 navavit
2094 2710 2157 2751 ac
2181 2673 2589 2749 commendavit.
2614 2700 2786 2741 suam.
2821 2682 2930 2737 Res
2958 2682 3011 2737 in
3038 2681 3183 2736 hunc
3204 2679 3423 2734 modum
3458 2693 3516 2732 se
3544 2673 3758 2731 habuit.

481 2773 680 2828 Multus
709 2774 962 2832 adluebat
992 2794 1173 2834 sermo
1201 2781 1439 2850 undique
1471 2783 1536 2837 de
1566 2783 1881 2855 Bogomilis,
1911 2803 2212 2860 eorumque
2238 2803 2377 2843 nova
2405 2791 2579 2848 secta,
2627 2791 2679 2836 et
2713 2778 3076 2850 profectibus.
3129 2777 3203 2832 Ea
3250 2777 3392 2829 fama
3449 2772 3760 2827 invaluerat

481 2882 551 2921 cx
587 2883 652 2922 eo
684 2871 826 2939 quod
859 2870 1092 2926 Basilius
1126 2873 1346 2942 quidam
1383 2877 1682 2930 monachus
1718 2879 2055 2948 impietatem
2095 2885 2254 2938 istam
2303 2883 2418 2950 ipse
2454 2879 2638 2932 animo
2671 2884 3012 2942 conceptam,
3066 2888 3175 2940 quo
3228 2871 3498 2939 proferret
3550 2849 3756 2922 circum

477 2959 767 3028 latissime,
797 2965 1079 3022 duodecim
1116 2969 1220 3022 sibi
1269 2971 1565 3040 discipulos
1608 2972 1959 3041 arljunxerat,
2014 2993 2152 3048 quos
2210 2986 2264 3031 et
2298 2973 2579 3043 apostolos
2635 2971 2942 3025 nominarat
2995 2986 3008 3021 :
3065 2967 3286 3022 trahens
3340 2979 3466 3018 cum
3522 2964 3652 3032 ipsis
3703 2971 3760 3018 et

482 3058 799 3126 discipulas,
849 3061 1196 3117 mulierculas
1229 3080 1520 3133 pravorum
1557 3081 1770 3122 morum
1803 3084 1866 3122 ac
1902 3071 2063 3140 plane
2114 3071 2338 3142 perdita
2376 3067 2670 3136 nequitize;
2731 3067 2924 3118 horum
2960 3061 3278 3116 rlimissione
3310 3072 3756 3126 quoquoversum

480 3150 819 3218 impietatem
853 3154 1250 3212 incredibiliter
1276 3161 1594 3228 propagavit
1625 3177 1805 3224 suam,
1837 3163 2110 3219 ilamntam
2141 3178 2487 3235 quocumque
2519 3178 2581 3216 ac
2611 3169 2816 3232 pestem
2851 3157 3142 3210 animabus
3173 3153 3412 3216 miseris,
3449 3152 3602 3222 ignea
3648 3151 3759 3204 cir-

481 3258 608 3295 cum
644 3245 953 3310 vel0citate,
991 3247 1194 3302 ferens.
1232 3247 1326 3303 liis
1357 3253 1655 3317 imperator
1682 3256 1923 3323 acceptis
1949 3270 2057 3309 non
2092 3256 2269 3310 tenuit
2307 3269 2386 3318 se,
2422 3269 2518 3323 pro
2573 3267 2636 3306 eo
2680 3266 2787 3320 quo
2819 3247 3050 3303 interius
3099 3248 3217 3314 eius
3268 3244 3484 3300 animus
3533 3243 3761 3298 ardebat

488 3333 604 3386 zr-lo
636 3335 853 3390 sincero
884 3338 973 3391 Dei
1006 3337 1216 3407 gloriae,
1249 3341 1543 3408 quominus
1573 3343 1828 3398 erunibus
1858 3344 2105 3414 vestigiis
2139 3353 2303 3399 sectae
2332 3342 2535 3397 cubilia
2563 3341 2702 3396 clam
2746 3339 3022 3394 nascentis
3072 3336 3373 3404 indagaret.
3423 3334 3551 3388 Duci
3587 3333 3653 3386 ad
3690 3349 3750 3414 se

487 3425 542 3478 iu
574 3428 847 3494 palatium
882 3430 1095 3482 curavit
1126 3429 1394 3497 quosdam
1426 3445 1456 3484 e
1491 3429 1807 3498 Bogomilis.
1845 3433 2104 3488 Omnium
2134 3444 2255 3488 erat
2308 3432 2656 3488 consentiens
2714 3428 2999 3498 responsio
3051 3425 3348 3494 praesidere
3408 3425 3505 3477 toti
3563 3405 3762 3477 hwresi

486 3519 746 3573 Basilittttt
783 3520 946 3574 istum
978 3521 1136 3589 plane
1167 3522 1515 3591 coryphaeum
1547 3536 1710 3578 secta:
1739 3526 1906 3580 totius
1931 3541 1992 3581 ac
2019 3527 2180 3599 longe
2215 3527 2540 3598 principem,
2573 3524 2960 3590 doctoremque
2987 3534 3282 3574 summum.
3311 3516 3429 3583 Quo
3455 3516 3764 3569 distinctior

494 3618 791 3674 haberetur
823 3618 898 3673 rei
928 3617 1168 3687 cognitio
1200 3617 1388 3682 t0tius,
1422 3617 1688 3673 Diblatius
1718 3635 1749 3675 e
1780 3619 2076 3691 Bogomilis
2111 3635 2300 3692 captus
2328 3622 2549 3692 quidam
2599 3629 2707 3682 est,
2761 3634 2823 3673 ac
2870 3618 3126 3686 quoniam
3161 3623 3352 3682 sponte
3405 3612 3559 3667 fateri
3605 3626 3764 3666 recu-

487 3715 670 3778 sabat,
705 3711 1000 3782 quaestioni
1035 3711 1316 3781 subjectus
1349 3715 1526 3783 quoad
1551 3713 1855 3770 declararet
1885 3717 2006 3786 quis
2035 3726 2089 3774 et
2116 3719 2203 3774 ubi
2233 3726 2382 3774 esset
2411 3718 2514 3772 iste
2547 3714 2805 3778 Basilius,
2853 3710 3058 3782 quique
3092 3705 3331 3763 ordinati
3389 3705 3457 3759 ab
3501 3719 3569 3759 eo
3614 3703 3761 3760 fere-

489 3812 688 3862 liantur
719 3803 973 3874 apostoli.

557 3898 755 3952 Τοίνυν
796 3898 895 3968 τὴν
924 3897 1119 3952 τούτου
1180 3897 1518 3970 ἀναζήτησιν
1580 3901 1810 3966 πολλοὺς
1843 3903 1870 3955 ὑ
1903 3904 2064 3958 αὑτο-

2244 3905 2551 3976 Compertis
2581 3904 2686 3959 rite
2742 3900 2994 3956 omnibus
3048 3896 3259 3952 dimissi
3315 3893 3383 3948 ab
3435 3892 3763 3962 imperatore

487 3992 711 4064 κράτωρ
751 3991 975 4044 ἀνέθετο
1003 4007 1017 4021 ·
1051 3991 1146 4044 καὶ
1181 3991 1323 4060 δῆτα
1373 3994 1733 4062 ἀναφαίνεται
1763 3995 1858 4049 τοῦ
1892 3998 2069 4051 Σατα-

430 4159 438 4168 ‘
487 4086 624 4154 ναὴλ
686 4083 1113 4154 ἀρχισατράπης
1169 4083 1470 4150 Βασίλειος,
1521 4086 1582 4138 τὸ
1641 4087 1841 4157 ἔνδυμα
1904 4106 2073 4158 μονα-

434 4169 444 4217 ἷ
489 4176 603 4247 χδς,
633 4173 1032 4242 κατεσκληκὼς
1060 4175 1120 4226 τί»
1151 4175 1468 4246 πρόσωπον,
1499 4179 1598 4246 τὴν
1637 4178 1854 4247 ὑπήνην
1893 4179 2072 4248 ψιλὸς,

440 4304 446 4351 ί
491 4269 741 4338 εὐμήκης
769 4268 868 4336 τὴν
923 4264 1166 4336 ἡλικίαν,
1219 4267 1718 4336 πολυτροπώτατος
1752 4273 2074 4341 μεταχειρί-

490 4363 693 4417 σασθαι
721 4361 820 4431 τὴν
844 4361 1120 4414 ἀσέϐειαν.
1148 4361 1256 4415 Καὶ
1287 4360 1488 4413 αὐτίκα
1539 4363 1567 4413 ὁ
1599 4363 1985 4434 αὐτοκράτωρ,
2013 4363 2075 4416 τὸ

495 4455 828 4526 ἑνδομυχοῦν
882 4454 1088 4508 ἐθέλων
1143 4452 1467 4524 παρασὺραι
1497 4457 1618 4517 ταῖς
1649 4455 2073 4522 πειθανάγκαις,

495 4549 884 4622 μετακαλεῖται
914 4549 1006 4600 τὸν
1031 4547 1199 4614 ἀνδρα
1231 4547 1351 4616 μεθ’
1383 4547 1496 4600 οἵου
1529 4550 1949 4619 προσχήματος·
1979 4551 2077 4604 καὶ

489 4641 598 4710 γὰρ
637 4641 733 4693 καὶ
769 4638 962 4692 θώκων
997 4638 1346 4707 ὑποξανέστη
1374 4638 1416 4671 ³⁸
1447 4639 1618 4709 αὐτῷ,
1658 4641 1754 4694 καὶ
1807 4641 2078 4711 καθέδρας

497 4732 802 4801 μετέδωκε,
843 4732 938 4785 καὶ
967 4730 1254 4801 τραπέζης
1297 4729 1400 4800 τῆς
1434 4731 1633 4800 αὐτῆς,
1673 4733 1771 4786 καὶ
1809 4733 1941 4804 ὃλην
1971 4733 2070 4805 τὴν

495 4826 696 4897 ὁρμιὰν
734 4825 832 4893 τῆς
868 4824 1042 4892 ἄγρας
1073 4823 1225 4894 αὑτῴ
1254 4824 1617 4895 κατεχάλασε,
1669 4827 1763 4879 καὶ
1811 4826 1873 4879 τὸ
1911 4827 2076 4894 ἄγκι-

495 4936 657 4990 στρον
689 4916 1023 4987 περιπείρας
1058 4916 1426 4981 παντοδαποῖς
1463 4918 1772 4972 δελέεσσι³⁹
1805 4920 1884 4990 τῷ
1913 4937 2070 4990 παμ-

496 5013 658 5082 φάγῳ
686 5010 861 5082 τούτῳ
896 5011 1051 5082 κήτει
1093 5012 1368 5082 παρέσχεν
1401 5013 1695 5080 ἐμφαγεῖν,
1735 5013 1829 5066 καὶ
1868 5015 1990 5067 ὅλον
2015 5013 2076 5066 τδ

496 5106 791 5174 φάρμακον
830 5103 912 5173 τῷ
947 5103 1170 5173 μοναχῷ
1204 5102 1381 5174 τούτῳ
1414 5104 1508 5156 καὶ
1549 5102 1808 5172 πολλαχῷ
1839 5103 1939 5172 τὴν
1972 5120 2074 5156 κα-

496 5196 622 5250 κίαν
674 5194 856 5265 φέρων
906 5193 1085 5262 ἐνέχει
1136 5193 1228 5246 διὰ
1286 5194 1559 5247 παντοίων
1634 5193 2073 5263 ὑποκρινόμενος

2176 4009 2616 4066 quoquoversum
2647 3990 2863 4063 plurimi
2899 3997 3046 4054 sunt,
3099 3987 3191 4057 qui
3246 3984 3479 4037 latentes
3528 3983 3764 4038 investi-

2176 4095 2370 4159 garent
2405 4085 2612 4140 erroris
2638 4091 2892 4137 auctores
2947 4094 3010 4134 ac
3062 4085 3343 4147 caperent.
3392 4075 3596 4129 Horum
3633 4089 3764 4128 cura

2177 4179 2603 4246 coinprehensus
2654 4175 2870 4229 tandem
2912 4179 2995 4226 est
3032 4169 3336 4224 Satanaelis
3388 4168 3764 4234 archisatrapa

2177 4271 2434 4333 Basilius,
2468 4280 2619 4324 veste
2648 4265 2971 4329 monachus,
3003 4262 3368 4317 exterminata
3401 4259 3557 4322 facie,
3592 4257 3759 4313 barba

2180 4381 2322 4430 rara,
2355 4366 2516 4419 homo
2552 4363 2603 4416 in
2633 4362 2867 4429 strigosa
2921 4357 3095 4412 macie
3130 4354 3463 4425 prmlongus,
3510 4360 3564 4405 at
3615 4350 3765 4404 mille

2179 4457 2476 4511 instructus
2501 4453 2710 4507 artibus
2736 4452 2802 4506 ad
2838 4450 3018 4503 fucum
3068 4445 3400 4509 iaciendum,
3447 4455 3763 4511 seetamque

2179 4549 2469 4616 impuram,
2496 4558 2659 4614 quam
2703 4541 3080 4611 profitebatur,
3130 4535 3638 4592 commendandam.
3684 4533 3764 4586 Ex

2181 4641 2284 4694 hoc
2317 4639 2610 4708 imperator
2633 4633 2900 4690 eblandiri
2945 4647 3206 4686 arcanum
3253 4628 3511 4692 coitionis
3542 4627 3765 4681 cl-mcu-

2182 4733 2330 4784 larizc
2379 4745 2502 4784 cum
2550 4725 2944 4788 constituisset,
3001 4732 3364 4791 opportunum
3406 4734 3512 4774 non
3556 4715 3768 4787 putavit

2181 4824 2364 4878 odium
2432 4830 2486 4875 et
2545 4820 2894 4874 acerbitatem
2956 4815 3129 4883 primo
3190 4823 3411 4882 aspectu
3475 4809 3762 4881 prtrfet‘re.

2182 4916 2321 4982 Quin
2371 4913 2556 4983 potius
2615 4907 2823 4963 liberali
2882 4906 3062 4960 fronte
3124 4903 3393 4959 denmleet
3437 4902 3763 4957 accersitmu

2183 5007 2493 5068 hominem,
2551 5002 2850 5070 ofﬁciisque
2895 4999 3089 5053 invitat
3191 4998 3336 5052 ultro
3396 5013 3411 5052 :
3471 5010 3764 5064 assurgens

2179 5097 2439 5159 venienti,
2466 5093 2815 5162 assidereque
2838 5090 2939 5144 sibi
2969 5088 3167 5156 jubeus
3189 5129 3204 5156 ,
3237 5099 3350 5142 tum
3380 5089 3542 5143 etiam
3567 5101 3766 5141 mensae

2182 5205 2368 5246 secum
2408 5187 2568 5256 regiae
2603 5182 2879 5240 communi
2914 5183 3163 5238 accubitu
3216 5182 3489 5252 dignatus.
3549 5179 3641 5232 Sic
3696 5179 3762 5229 li-

502 5253 758 5360 paeqti];
788 5286 938 5357 αὑτῷ
970 5253 1180 5339 ἐθέλειν
1217 5286 1472 5354 γενέσθαι
1498 5299 1512 5315 ⁸
1552 5287 1657 5338 οὐκ
1716 5253 1882 5347 αὐτὸς
1908 5253 2064 5355 ’τάχα

2181 5298 2336 5336 neam
2365 5278 2603 5334 intendit
2632 5285 2798 5330 totam
2829 5276 3067 5346 piscator
3092 5275 3283 5340 scitus,
3308 5283 3363 5327 et
3387 5274 3602 5325 hamum
3639 5266 3762 5320 irri-

505 5381 690 5452 μόνος,
727 5379 868 5431 ἀλλὰ
897 5379 992 5431 καὶ
1022 5378 1050 5430 ὁ
1095 5377 1258 5430 αὑτοῦ
1299 5377 1530 5447 ἀδελφδς
1562 5378 1832 5439 Ἰσαάκιος
1862 5378 1889 5429 ὁ
1917 5377 2081 5431 σεϐα-

500 5469 827 5541 στοκράτωρ
857 5484 869 5496 ·
905 5470 1001 5522 καὶ
1025 5469 1207 5522 πάντα
1237 5469 1302 5522 τὰ
1327 5469 1462 5535 παρ’
1501 5467 1670 5523 αὑτοῦ
1701 5468 1975 5539 λεγόμενα
1998 5468 2076 5531 ὡς

497 5563 561 5616 ὲκ
589 5563 741 5627 θείας
795 5562 979 5632 ὀμφῆς
1027 5559 1343 5629 λογίζεσθαι
1390 5560 1487 5613 καὶ
1521 5560 1773 5616 ὑπείκειν
1815 5560 1990 5627 τούτῳ
2021 5561 2082 5613 ὲν

498 5655 689 5718 πᾶσιν,
722 5655 771 5707 εί
805 5653 966 5725 μόνον
992 5653 1093 5721 τὴν
1116 5654 1214 5722 τῆς
1239 5650 1420 5721 ψυχῆς
1450 5651 1602 5720 αὑτῷ
1631 5651 1908 5722 σωτηρίαν
1938 5666 2077 5720 πρα-

496 5745 864 5819 γματεύσοιτο
915 5745 944 5798 ὁ
1002 5745 1261 5809 κάκιστος
1286 5743 1598 5807 Βασίλειος.
1653 5743 1765 5799 Καὶ
1797 5741 1912 5813 ἐγὼ
1937 5741 2077 5812 μὲν,

2174 5382 2326 5430 tante
2389 5372 2521 5426 varii
2567 5367 2785 5442 generis
2837 5369 3118 5437 praeﬁxum
3173 5380 3335 5428 esca,
3391 5360 3571 5414 voraci
3634 5357 3761 5413 huic

2176 5466 2377 5537 objecit
2407 5475 2555 5529 ceto;
2589 5477 2653 5518 ac
2685 5477 2792 5534 quo
2826 5461 3097 5516 illecebris
3121 5456 3372 5514 omnibus
3404 5453 3755 5520 pharmaeum

2179 5558 2254 5613 ita
2288 5556 2556 5617 condiret,
2601 5563 2662 5608 ut
2691 5554 2743 5608 id
2785 5550 3061 5608 solitarius
3114 5548 3216 5602 iste
3264 5539 3598 5614 plurifarius,
3635 5553 3762 5592 ver-

2177 5660 2333 5706 sutus
2364 5649 2455 5702 hic
2497 5647 2721 5717 inquam
2765 5654 2820 5700 et
2863 5648 3134 5698 emunctae
3184 5637 3407 5692 malitiae
3456 5632 3764 5687 monachus

2177 5741 2471 5797 exsorbere
2497 5739 2778 5795 induceret
2803 5734 3141 5797 inanimum,
3157 5744 3280 5786 sese
3302 5727 3403 5799 ipsi
3430 5722 3758 5793 discipulum

1567 5877 1772 5941 Caroli
1799 5876 2125 5941 Dufresnii
2147 5877 2244 5939 Du
2273 5873 2493 5955 Cangii
2524 5881 2717 5936 notas.

571 6007 618 6042 ⁸⁷
648 6005 1135 6078 πολυτροπὼτατος
1167 6004 1656 6081 μεταχειρίσασθαι
1685 6003 1785 6078 τὴν
1819 6002 2135 6094 Βογομίλων
2171 5999 2462 6090 ιίισέδειςινἒ
2530 5997 2577 6034 ³⁸
2602 5990 2969 6080 ὑπεξανέστη.
3054 5989 3099 6029 ³⁸
3123 5983 3415 6044 δελέασιθ.
