4108 6400
460 453 598 518 1173

1665 466 2080 527 ALEXIAD‘IS
2121 469 2270 531 LIB.
2318 473 2432 534 XV.

3580 469 3716 534 1174

449 570 574 636 γίας
597 565 818 638 ἐχώρει,
838 568 932 623 καὶ
963 569 1098 642 πρὸς
1122 570 1234 643 πῦρ
1252 571 1346 627 καὶ
1372 573 1645 644 μάστιγας
1670 577 1766 630 καὶ
1802 578 2031 648 μυρίους

2137 583 2382 652 criminis
2410 583 2636 638 facultas
2675 583 2837 650 nulla;
2873 600 2993 640 eum
3027 586 3366 641 abundarent
3397 585 3461 638 ad
3495 587 3715 642 conv'c-

452 659 720 724 θανάτους
767 662 1315 735 ἀντιπαρατάξασθαι
1356 665 2029 736 ὑπισχνεῖτο.ῐ1επιστεύ-

455 769 585 805 κασι
629 753 739 824 γὰρ
781 755 830 806 οἰ
893 755 1237 826 πλανώμενοι
1291 751 1444 814 οὗτοι
1503 759 1791 830 Βογὸμιλοι
1843 765 2029 817 πᾶσαν

454 844 672 908 ἀπόνως
703 845 1028 915 ὑπενεγκεῖν
1057 849 1353 920 τιμωρίαν,
1399 853 1649 920 ἀγγέλων
1683 853 1846 924 δῆθεν
1869 855 2030 924 ἐξαρ-

454 935 733 1001 παζόντων
755 938 926 1008 αὐτῆς
939 939 1040 1011 τῆς
1063 943 1584 1012 πυρκαῖᾶ;.ῐῐολλῶν
1606 945 1663 999 δὲ
1690 947 1907 1000 πάντων
1929 950 2032 1001 αὺ-

461 1028 574 1080 τῶν
609 1029 704 1082 καὶ
727 1030 824 1100 τὴν
846 1031 1100 1086 ἀσέϐειαν
1122 1035 1507 1100 ὀνειδιζόντων,
1543 1039 1636 1092 καί
1665 1039 1776 1092 ὅσοι
1807 1041 1906 1110 τῆς
1945 1043 2040 1094 αὑπ-

453 1119 548 1171 τοῦ
581 1122 857 1186 ἀπωλείας
906 1124 1055 1195 αὐτῷ
1077 1129 1562 1199 κεκοινωνήκασιν,
1599 1131 1626 1182 ὁ
1651 1130 1810 1194 αὐτὸς
1847 1127 1914 1202 ἦν
1931 1134 2038 1186 Βα-

456 1210 650 1275 σίλειος
679 1214 1044 1286 ἀμετακλινής
1070 1217 1364 1288 Βογόμιλος
1395 1221 1795 1289 γενναιότατος.
1844 1224 2036 1276 Καίτοι

455 1307 735 1373 πυρκαϊᾶς
813 1307 1218 1380 ἀπειλουμένης
1282 1314 1378 1365 καὶ
1446 1313 1624 1366 ἄλλων
1695 1313 2019 1380 κακὼσεων,

455 1392 628 1466 ἀπρὶξ
683 1399 776 1450 τοῦ
831 1400 1088 1471 δαίμονος
1139 1403 1338 1472 εἴχετο,
1378 1404 1472 1457 καὶ
1517 1405 1611 1458 τὸν
1654 1405 1820 1459 αὐτοῦ
1857 1408 2033 1460 Σατα-

453 1485 589 1556 ναὴλ
605 1489 954 1558 ὴγκαλίζετο.
985 1495 1338 1566 Ἐμφρουρος
1360 1495 1417 1548 δὲ
1444 1496 1700 1561 πολλάκις
1717 1498 2030 1566 γενόμενος,

454 1579 552 1632 καί.
589 1583 723 1653 πρὸς
771 1587 867 1638 τοῦ
931 1586 1199 1656 βασιλέως
1241 1592 1596 1661 πεμπόμενος
1641 1591 1736 1644 καὶ
1772 1591 2032 1655 πολλάκις

453 1675 944 1746 παρακαλούμενος
970 1681 1069 1752 τὴν
1097 1683 1750 1754 ἀσέδειανέξομόσασθαι,
1769 1682 2031 1748 ὡσαύτως

451 1759 565 1834 εἶχε
588 1768 723 1836 πρὸς
757 1772 854 1832 τὰς
887 1773 982 1826 τοῦ
1018 1774 1283 1844 βασιλέως
1323 1776 1722 1848 παρακλήσεις.

2139 675 2338 730 tionem
2376 677 3154 733 evidentissima.testimonia.
3198 677 3366 750 489
3421 677 3561 747 Ergo
3621 679 3714 732 ad-

2139 768 2413 824 versarius
2474 767 2672 823 fatendi
2746 771 3128 825 necessitatem
3200 771 3252 824 in
3322 769 3714 840 impudentiam

2141 868 2377 923 vertens,
2413 861 2556 929 quod
2612 861 2832 916 infitiari
2868 879 2969 917 non
3025 872 3235 931 poterat
3265 863 3407 918 ultro
3446 861 3717 914 allirmare

2139 950 2395 1019 perfricta
2429 951 2640 1018 fronte,
2689 968 2750 1007 ac
2799 955 3106 1008 contumaci
3138 970 3232 1008 ore
3291 952 3478 1007 multis
3536 952 3716 1005 verbis

2139 1043 2426 1099 adstruere
2450 1045 2647 1100 institit
2685 1063 2698 1100 :
2736 1046 2939 1100 addens
2977 1059 3098 1101 sese
3128 1047 3191 1099 ad
3227 1044 3715 1113 propugnationem

2136 1136 2217 1190 sui
2246 1137 2514 1206 dogmatis
2548 1137 2722 1206 ignem
2744 1180 2758 1202 ,
2790 1137 3021 1208 ﬂagella,
3061 1147 3367 1207 mortesque
3396 1137 3713 1189 innumeras

2139 1228 2541 1296 paratissimum
2595 1230 2800 1284 subire.
2865 1230 3043 1284 Causa
3101 1239 3220 1285 erat
3314 1230 3718 1299 provocationis

2141 1320 2366 1375 audacis
2432 1321 2653 1376 insanus
2680 1339 2832 1376 error
2881 1333 3048 1378 sectae
3089 1324 3395 1378 communis
3448 1323 3718 1376 universa:

2136 1410 2560 1482 Bogomilorum.
2616 1415 2679 1467 lli
2739 1416 2882 1468 enim
2920 1415 3065 1470 inter
3114 1431 3282 1484 nugas
3329 1422 3550 1468 caeteras
3584 1414 3712 1466 illud

2136 1505 2489 1572 persuasione
2522 1506 2791 1573 pertinaci
2835 1507 3181 1575 arripuerant
3214 1543 3230 1568 ,
3287 1520 3407 1559 sese
3434 1505 3717 1556 tormentis

2137 1595 2570 1665 quibuscumque
2611 1613 2730 1665 qum
2781 1598 2908 1668 ipsis
2957 1597 3096 1652 forte
3127 1600 3578 1659 admoverentur,
3637 1597 3718 1648 in-

2139 1688 2298 1743 noxie
2327 1705 2391 1742 ac
2416 1689 2533 1743 sine
2580 1705 2743 1744 sensu
2797 1691 3172 1749 defuncturos.
3217 1689 3423 1756 angelis
3470 1688 3719 1741 videlicet

2133 1788 2336 1847 przesto
2373 1779 2568 1834 futuris
2606 1781 2696 1848 qui
2732 1797 2825 1836 eos
2869 1781 2950 1835 vel
3004 1797 3033 1836 e
3066 1782 3210 1852 rogis
3246 1779 3561 1835 ardentibus
3603 1795 3718 1832 ma-

451 1862 576 1909 turo
609 1874 838 1914 accursu
875 1865 1050 1920 seduli
1098 1870 1466 1937 proriperent.
1501 1869 1599 1924 llic
1641 1870 1754 1940 jam
1795 1886 1901 1926 non
1949 1871 2240 1927 orthodoxi
2298 1872 2472 1927 solum
2524 1889 2735 1940 omnes,
2771 1889 2959 1930 verum
2992 1875 3063 1928 illi
3121 1877 3284 1930 etiam
3320 1876 3565 1947 plerique
3615 1873 3708 1942 qui

451 1947 662 2003 nefario
716 1952 842 2008 huic
905 1955 1285 2015 haeresiarchae
1336 1975 1455 2018 sese
1505 1963 1571 2017 ad
1636 1977 1792 2018 suam
1859 1963 2157 2034 perniciem
2211 1966 2598 2023 dementandos
2662 1969 2953 2037 aliquando
3011 1971 3406 2038 permiseram,
3463 1967 3714 2022 certatim

449 2040 736 2111 increpare
781 2047 1012 2103 delirum
1075 2061 1278 2120 caput,
1338 2053 1644 2124 probraque
1709 2070 2025 2126 congerere.
2084 2053 2180 2112 Illo
2241 2068 2428 2112 contra
2481 2059 2534 2112 in
2597 2059 3466 2128 obstinatione_desperatissima
3553 2056 3712 2124 plane

449 2133 796 2204 Bogomilica:
821 2145 1179 2200 contumacia:
1201 2161 1321 2202 sese
1361 2148 1662 2203 obdurante
1688 2150 1858 2218 magis
1885 2164 1948 2207 ac
1976 2149 2146 2219 magis
2170 2193 2183 2214 ,
2218 2149 2534 2218 animosque
2560 2150 2676 2207 illos
2703 2153 2926 2208 stolidos
2955 2167 3017 2206 ac
3042 2153 3309 2206 minarum
3340 2151 3710 2218 malorumque

445 2241 820 2300 eontemptum
883 2247 1158 2293 ostentare
1212 2249 1471 2309 pergente
1542 2239 2092 2296 confidentissimum.
2175 2240 2251 2296 lta
2317 2252 2374 2296 ut
2447 2242 2644 2298 frustra
2704 2245 2815 2315 jam
2881 2245 2982 2314 ipsi
3058 2245 3383 2312 supplicium
3445 2243 3719 2303 incendii,

448 2341 730 2397 patriaeque
793 2329 846 2383 id
915 2346 1082 2400 genus
1163 2333 1527 2387 acerbissimae
1609 2333 2041 2401 intentarentur;
2089 2336 2316 2388 etenitn-
2374 2335 2487 2400 ille,
2557 2337 2698 2391 malo
2773 2338 2860 2393 cui
2931 2352 2991 2392 se
3078 2337 3357 2390 addixerat
3435 2335 3720 2389 adhaerens

450 2416 724 2473 mordicus
777 2420 956 2491 genio,
1008 2431 1324 2492 pestemque
1383 2423 1704 2478 exosculans
1758 2428 2074 2494 propriam,
2127 2428 2210 2481 sui
2282 2441 2341 2482 se
2405 2428 2593 2483 infelix
2643 2445 2672 2482 a
2736 2429 3017 2499 complexu
3077 2428 3381 2484 Satanaelis
3420 2429 3576 2482 avelli
3606 2445 3712 2481 non

449 2511 774 2580 patiebatur.
830 2513 1037 2582 Saepius
1090 2515 1144 2569 in
1200 2517 1502 2571 custodiam
1569 2515 1726 2572 datus
1786 2528 1904 2584 est;
1978 2518 2174 2588 saepius
2227 2521 2524 2576 accersitus
2586 2522 2709 2576 inde
2777 2523 2845 2577 ab
2903 2525 3266 2591 imperatore,
3329 2520 3528 2575 frustra
3590 2537 3719 2575 SILI-

448 2610 666 2664 dentem
726 2621 781 2664 et
834 2621 1218 2678 provocantem
1275 2612 1481 2667 audivit
1540 2613 1726 2680 illum,
1791 2622 1850 2667 ut
1921 2614 2024 2668 sibi
2068 2616 2352 2670 consulere
2419 2632 2784 2686 revocarcque
2839 2617 3062 2686 impium
3136 2617 3365 2687 dogma,
3421 2627 3476 2671 et
3540 2618 3722 2671 redire

448 2704 516 2758 ad
569 2703 781 2776 frugem
884 2704 1153 2777 fidemque
1222 2707 1402 2763 vellet.

449 2798 572 2853 rissi
582 2815 686 2853 ma.

535 2889 698 2944 Ἀλλά
731 2892 791 2945 τὸ
841 2894 972 2964 περί
1028 2894 1218 2949 τοῦτον
1253 2895 1476 2964 γεγονὸς
1505 2896 1705 2968 πέρας,
1742 2895 1817 2967 μὴ
1847 2914 2024 2966 παρα·
2059 2901 2100 2956 Β

449 2984 772 3056 δράμωμεν
799 2986 964 3059 πρινὴ
990 2987 1101 3059 γάρ
1127 2990 1305 3061 τούτῳ
1352 2989 1640 3058 ἐπιϐλέψαι
1682 2989 1771 3043 τὸν
1805 2990 2032 3062 βασιλέα

450 3075 781 3148 δριμύτερον
839 3078 980 3148 μετά
1035 3079 1134 3151 τὴν
1192 3081 1294 3151 τῆς
1352 3081 1608 3144 ἀσεϐείας
1651 3083 2030 3154 ἑξαγόρευσιν,

450 3171 725 3243 ἀπῄειμεν
749 3171 824 3243 τῷ
856 3172 992 3236 τέως
1024 3173 1106 3237 εἰς
1146 3174 1392 3228 οἰκίσκον
1417 3176 1537 3234 τινὰ
1569 3177 1828 3246 κείμενον
1861 3178 2032 3248 ἀγχοῦ

449 3283 554 3320 που
604 3264 716 3318 τῶν
769 3265 1070 3336 βασιλικῶν
1115 3268 1438 3338 οἰκημάτων
1497 3269 1623 3340 ἄρτι
1692 3269 1926 3340 πρώτως
1962 3272 2030 3326 δι’

447 3360 616 3414 αὐτὸν
647 3361 1190 3416 κατασκευασθέντα.
1228 3363 1469 3434 Ἐσπέρα
1489 3363 1546 3417 δὲ
1573 3361 1663 3436 ἦν,
1689 3366 1782 3420 καὶ
1805 3367 1853 3420 οί
1876 3367 2034 3422 ἀστέ-

453 3469 546 3524 ρες
574 3453 623 3506 οἱ
668 3453 782 3506 ἄνω
833 3455 1055 3523 αἰθρίας
1081 3455 1270 3526 οὔσης
1300 3457 1718 3526 ἀπήστραπτον,
1757 3459 1850 3512 καὶ
1879 3460 1911 3531 ή
1944 3477 2033 3513 σευ

449 3545 587 3617 λήνη
623 3545 761 3614 μετά
793 3546 1012 3601 σύνοδον
1045 3547 1143 3618 τὴν
1187 3548 1428 3619 ἑσπέραν
1473 3549 1687 3620 ἐκείνην
1736 3551 2027 3624 ὲπύρσευε.

452 3637 561 3690 Τοῦ
600 3637 656 3690 δὲ
687 3637 922 3708 μοναχοῦ
995 3639 1094 3707 τὴν
1152 3639 1349 3693 κέλλαν
1391 3641 1662 3705 εἰσδύντος
1697 3645 1826 3713 περί
1857 3645 2030 3714 μέσας

451 3727 657 3790 νύκτας
681 3729 1008 3798 αὐτομάτως
1035 3727 1173 3781 λίθοι
1197 3729 1500 3801 χαλαξηδὸν
1535 3732 1674 3786 κατά
1704 3736 1803 3804 τῆς
1833 3735 2030 3805 κὲλλης

449 3819 760 3884 ἐϐάλλοντο,
814 3820 998 3890 χειρὸς
1059 3821 1158 3890 μὲν
1215 3823 1494 3892 μηδεμιᾶς
1547 3825 1850 3899 ῥιπτούσης
1904 3830 2031 3894 τοὺς

449 3912 654 3979 λίθους,
681 3915 817 3986 μηδέ
847 3933 994 3979 τινος
1021 3915 1442 3981 καταλιθοῦντος
1470 3919 1760 3991 ἀνθρώπου
1798 3922 1889 3976 τὸν
1918 3923 2032 3978 δαι-

427 4005 686 4089 ὶμονιώδη
713 4006 901 4061 τοῦτον
929 4007 1126 4064 ἀσόἄν.
1151 4011 1386 4081 Μήνιμα
1410 4011 1454 4064 δ’
1481 4007 1572 4084 ἦν,
1605 4013 1682 4078 ὡς
1715 4015 1882 4084 ἔοικε,
1920 4018 2029 4071 τῶν

431 4098 596 4168 ’ἀμφὶ
659 4099 752 4151 τὸν
817 4097 1103 4170 Σαταναὴλ
1157 4101 1429 4171 δαιμόνων
1491 4105 1913 4178 ὲξωργισμένων
1972 4113 2030 4164 ὲν

1491 2707 1667 2765 Surdo
1738 2710 2039 2764 cauebatur
2104 2716 2159 2763 et
2229 2716 2306 2763 tot
2385 2711 2522 2766 ictus
2593 2709 2646 2765 iu
2705 2711 2897 2766 incude
2959 2711 3322 2780 pcrdehautur
3383 2711 3552 2765 multo
3612 2713 3717 2766 du-

2201 2896 2430 2951 luterim
2465 2896 2609 2968 quod
2661 2897 2712 2951 itt
2743 2895 2846 2952 hoc
2891 2897 3114 2952 homine
3159 2897 3458 2968 prodigium
3490 2900 3719 2969 contigit

2137 3005 2242 3043 non
2287 2999 2693 3060 prietereatnus.
2733 2991 2872 3045 Ante
2925 2991 3070 3046 enim
3106 3007 3265 3060 quam
3303 2991 3506 3046 larvam
3551 2993 3717 3060 depo-

2135 3082 2335 3136 suisset
2391 3083 2725 3152 imperator;
2777 3100 2872 3147 ac,
2919 3086 3063 3153 quod
3095 3083 3287 3140 deinde
3333 3095 3454 3153 post
3504 3087 3731 3156 penitus-

2133 3191 2450 3245 expressam
2505 3176 2880 3232 haeresiarchte
2942 3178 3088 3248 pravi
3146 3178 3227 3231 sui
3274 3178 3540 3248 dogmatis
3594 3195 3722 3233 eon-

2135 3268 2426 3324 fessionem
2458 3268 2608 3333 fecit,
2645 3269 2866 3339 impium
2904 3280 2959 3324 ut
2983 3283 3102 3326 erat
3129 3271 3378 3335 meritus,
3411 3272 3714 3326 minacibus

2133 3363 2306 3418 oculis
2366 3371 2421 3417 et
2452 3377 2642 3418 severo
2671 3363 2819 3415 vultu
2845 3373 2992 3418 esset
3016 3363 3318 3428 contuitus,
3351 3365 3446 3419 sed
3485 3367 3717 3419 durante

2134 3455 2309 3510 adhuc
2366 3455 2458 3510 illo
2510 3469 2671 3524 quem
2722 3455 2973 3523 superius
3036 3456 3318 3510 retulimus
3379 3471 3712 3524 cengressu,

2134 3563 2253 3601 cum
2275 3548 2386 3617 jam
2420 3548 2666 3617 proferre
2685 3547 2926 3616 quaedam
2950 3565 3014 3605 ex
3048 3550 3263 3605 arcanis
3309 3552 3421 3604 suis
3451 3555 3709 3606 sensibus

2134 3641 2367 3709 cepisset
2413 3639 2646 3696 Basilius
2671 3679 2687 3703 ,
2715 3643 2950 3695 nondum
2981 3651 3160 3693 tamen
3194 3642 3453 3696 edidisset
3486 3645 3670 3696 omnia
3695 3685 3712 3706 ,

2132 3735 2362 3804 contigit
2420 3745 2477 3789 ut
2541 3735 2838 3804 recipiente
2899 3749 2959 3789 se
3009 3735 3100 3788 illo
3160 3738 3264 3789 sub
3314 3750 3590 3802 vesperam
3659 3739 3720 3789 in

2133 3825 2512 3880 domunculatn
2549 3825 2648 3896 ipsi
2701 3834 2968 3893 paratam,
3026 3839 3089 3878 ac
3123 3825 3174 3878 in
3220 3826 3336 3896 ejus
3387 3843 3548 3879 usum
3605 3829 3718 3894 pri-

2133 3933 2222 3972 mo
2254 3928 2555 3982 structam,
2625 3933 2787 3988 prope
2843 3920 3018 3986 regias
3063 3917 3206 3973 mdes
3276 3935 3468 3973 serena
3522 3931 3726 3986 nocte,

2135 4010 2504 4065 renidentibus
2546 4025 2680 4080 puro
2729 4010 2868 4064 coelo
2923 4009 3135 4072 stellis,
3167 4012 3348 4064 statim
3403 4011 3468 4064 ad
3501 4012 3616 4080 ejus
3663 4013 3715 4065 in

2133 4118 2251 4157 eam
2307 4104 2498 4158 cellam
2562 4105 2868 4173 ingressum
2922 4104 3066 4159 circa
3099 4115 3311 4158 noctem
3355 4105 3582 4159 mediam
3617 4121 3714 4158 au-

426 4187 608 4274 ¹δεινῷ
637 4189 982 4259 ποιουμένων
1010 4192 1091 4244 ὅτι
1119 4191 1182 4263 δὴ
1216 4193 1285 4247 τά
1316 4194 1452 4264 πρὸς
1481 4196 1574 4248 τὸν
1600 4195 1829 4267 βασιλέα
1857 4201 2026 4273 ἐξωρ-

2135 4195 2278 4250 ditus
2336 4196 2518 4263 fragor
2585 4197 2774 4266 ingens
2813 4194 3159 4264 lapidationis
3206 4197 3390 4250 densze
3436 4196 3718 4265 grandinis

446 4285 672 4357 χήσατρ,
750 4286 844 4339 καὶ
878 4286 1118 4358 διωγμὸν
1177 4287 1320 4342 κατά
1368 4289 1466 4362 τῆς
1519 4289 1727 4360 πλάνης
1772 4291 2027 4366 λαμπρὸν

447 4378 717 4449 δπήγαγε.
745 4379 854 4431 Καὶ
896 4378 1069 4433 ταῦτα
1103 4379 1203 4450 μὲν
1247 4382 1716 4454 Παρασκευῖώτης
1751 4386 2026 4458 καλούμε-

447 4485 538 4533 νος
587 4470 929 4540 ἀφωρισθείς
961 4471 1008 4504 ⁵ο
1068 4471 1244 4542 φύλαξ
1309 4469 1450 4528 εἴναι
1485 4474 1579 4528 τοῦ
1639 4475 2028 4548 δαιμονιὼδους

445 4562 662 4615 ἐκείνου
697 4562 958 4633 γέροντος
1010 4565 1086 4628 ὡς
1124 4567 1200 4636 μὴ
1241 4566 1430 4621 ἄδειαν
1477 4569 1620 4639 ἔχειν
1671 4573 2027 4641 προσομιλεῖν

445 4666 576 4715 τινι,
605 4651 700 4704 καὶ
727 4650 831 4722 τῆς
860 4651 1028 4706 αὑτοῦ
1057 4653 1235 4724 λύμης
1267 4655 1612 4725 μεταδιδόναι
1651 4660 1717 4713 τὰ
1754 4662 2025 4732 φρικωδέο

450 4758 643 4809 στατα,
679 4745 968 4814 ἐπώμνυτο
1009 4745 1140 4799 ἰδεῖν
1166 4764 1226 4799 τε
1251 4748 1345 4801 καὶ
1378 4750 1609 4804 ἀκοῦσαι
1644 4753 1741 4822 μὲν
1765 4755 1891 4818 τοὺς
1918 4754 2028 4810 τῶν

449 4833 797 4905 βαλλομένων
819 4837 1003 4902 λίθους
1035 4840 1127 4892 καὶ
1155 4841 1296 4894 κατὰ
1328 4844 1432 4912 γῆς
1473 4845 1567 4897 καὶ
1593 4845 1737 4898 κατὰ
1767 4847 2028 4917 κεράμων

449 4927 669 5000 κρότον,
732 4929 857 4983 ἰδεῖν
908 4930 965 4984 δὲ
1016 4936 1264 5006 συνεχεῖς
1299 4936 1395 4988 καὶ
1426 4936 1872 5011 ἀλλεπαλλήλους
1900 4943 2028 5008 τοὺς

447 5017 650 5084 λίθους,
709 5020 912 5091 μηδένα
949 5022 1006 5075 δὲ
1054 5025 1309 5095 μηδαμοῦ
1357 5027 1449 5080 τὸν
1495 5027 1759 5097 βάλλοντα
1802 5033 2030 5096 τούτους

449 5109 774 5167 θεάσασθαι.
827 5114 1286 5186 Συνεπελάμϐανε
1319 5119 1428 5189 γὰρ
1458 5123 1524 5192 τῇ
1552 5121 1661 5174 τῶν
1687 5121 1853 5176 λίθων
1884 5128 2028 5197 φορᾷ

448 5207 543 5257 καὶ
567 5205 794 5276 σεισμός
841 5225 928 5272 τις
950 5208 1152 5278 ἀθρόος
1183 5211 1277 5264 καί
1301 5212 1362 5265 τὸ
1391 5213 1654 5270 ἐπίπεδον
1678 5216 2025 5289 ὲκεκλὸνητο,

446 5295 546 5349 καὶ
594 5297 663 5352 τὰ
717 5299 849 5370 περὶ
902 5299 991 5354 τὸν
1032 5301 1231 5372 ὄροφον
1271 5305 1658 5376 ὲτετρύγεσαν.
1720 5309 1779 5363 '0
1842 5311 2029 5381 μέντοι

449 5389 942 5461 Παρασκευῖὼτης,
975 5393 1105 5464 πρὶν
1146 5395 1246 5464 μὲν
1288 5397 1587 5468 ὑπονοῆσαι
1636 5403 1694 5454 τι
1720 5401 1882 5473 ἔργον
1913 5405 2027 5458 δαι-

449 5478 653 5550 μόνιον,
677 5483 927 5554 ἐθάρρει,
954 5484 1030 5548 ὡς
1057 5487 1265 5551 ἐκεῖνος
1293 5487 1556 5556 ἔφασκεν
1603 5494 1744 5564 ὁρῶν
1772 5495 1828 5549 δὲ
1851 5497 1932 5549 ὅτι
1977 5498 2030 5550 οἰ

2135 4287 2264 4342 ritu.
2299 4285 2568 4342 Volabant
2614 4286 2821 4357 passim
2851 4287 2994 4353 jacta
3031 4302 3159 4341 saxa
3207 4288 3261 4339 in
3311 4286 3500 4340 cellam
3523 4327 3536 4347 .
3568 4287 3715 4341 nulla

2123 4378 2364 4447 jaciente
2396 4396 2576 4448 manu;
2643 4397 2709 4435 ne
2761 4396 3033 4450 quoquam
3075 4379 3428 4450 quantumvis
3473 4381 3712 4434 circum-

2130 4475 2398 4542 spicerct,
2449 4473 2884 4528 animadvertere
2939 4472 3153 4527 valente
3204 4479 3482 4526 auctorem
3561 4471 3715 4526 facti.

2131 4563 2397 4617 Nimirum
2442 4563 2603 4615 homo
2645 4562 2864 4630 quidem
2915 4577 3075 4616 nemo
3118 4560 3372 4614 furiatum
3425 4561 3587 4617 istum
3633 4561 3719 4615 itt-

2133 4655 2364 4710 festahat
2428 4655 2678 4711 abbatem
2717 4655 2856 4710 :sed
2917 4655 3031 4724 ipse
3062 4671 3184 4708 cum
3223 4654 3334 4708 suis
3381 4655 3714 4708 «immanibus

2132 4749 2389 4804 Satanae!
2451 4747 2572 4802 irati
2637 4747 2839 4802 hemini
2899 4748 3041 4814 qttod
3117 4746 3162 4800 is
3216 4747 3490 4818 mysteriis
3549 4756 3716 4801 sectae

2131 4843 2269 4912 apud
2305 4843 2688 4912 imperatorem
2711 4837 3040 4903 eEtttiendis,
3073 4853 3292 4907 gravem
3321 4840 3370 4890 itt
3402 4849 3713 4892 nascentem

2131 4936 2378 4992 haeresim
2432 4933 2864 5004 persecutionem
2925 4931 3293 4994 concitasset,
3355 4930 3452 4984 bas
3521 4931 3588 4982 ah
3650 4945 3717 4982 eo

2131 5043 2320 5098 pmnas
2372 5027 2703 5096 repetebant.
2776 5023 2945 5092 Hujus
3017 5024 3092 5076 rei
3169 5033 3449 5077 auctorem
3537 5021 3713 5075 haben

2129 5118 2604 5181 Parasceviotam,
2642 5117 2721 5172 sic
2753 5127 3003 5171 vocatum
3059 5115 3356 5169 hominem.
3411 5112 3712 5169 Connuissa

2131 5212 2257 5266 huic
2289 5209 2466 5266 fuerat
2490 5209 2705 5264 interim
2761 5208 3004 5262 custodia
3037 5204 3256 5260 fanatici
3286 5220 3453 5269 seus,
3497 5205 3712 5255 datum-

2130 5319 2234 5375 que
2267 5303 2542 5374 negotium
2585 5311 2642 5356 ut
2666 5309 2915 5366 caveret,
2975 5315 3041 5352 ne
3096 5299 3186 5366 qui
3240 5314 3361 5352 cum
3410 5311 3474 5349 eo
3525 5309 3621 5361 per
3657 5293 3711 5346 id

2130 5407 2342 5467 tempus
2391 5410 2552 5463 agere
2581 5409 2644 5449 ac
2674 5403 2884 5464 pestem
2940 5391 3163 5446 nefaria:
3223 5390 3394 5457 ipsius
3446 5386 3709 5441 doctrinm

2129 5503 2424 5558 congressu
2475 5499 2835 5554 sermoneque
2891 5483 3061 5553 ipsius
3089 5481 3311 5535 haurire
3367 5487 3605 5547 possent.
3660 5477 3710 5531 ls
3779 5481 3784 5485 ’

449 5569 548 5640 μὶν
582 5571 721 5627 λίθοι
743 5575 974 5642 ἄνωθεν,
1021 5571 1135 5631 οἷον
1160 5582 1353 5648 εἰπεῖν,
1385 5582 1812 5657 ὲξωμὸρίζοντο,
1847 5588 2026 5642 καὶτὸ

2134 5586 2259 5638 dum
2314 5599 2375 5637 ea
2420 5598 2550 5637 cura
2587 5581 2900 5650 fungeretur
2928 5577 3102 5632 oculis
3132 5577 3244 5630 suis
3292 5585 3455 5644 atque
3486 5573 3710 5625 auribus

442 5663 725 5734 γερόντιον
753 5668 932 5722 ἐκεῖνο
960 5669 1021 5723 τὸ
1053 5671 1468 5745 αἰρεσιαρχικδν
1502 5675 1806 5731 ἐνεδεδύκει
1835 5697 1893 5733 τε
1927 5684 2014 5734 καὶ

2134 5693 2191 5731 se
2238 5690 2530 5744 usurpasse
2582 5689 2701 5745 quae
2755 5671 3037 5728 retulimus
3088 5667 3252 5724 etiam
3302 5667 3518 5736 juratus
3564 5665 3710 5718 allii-d-

1515 5822 1713 5884 Variae
1743 5823 2053 5888 lectiones
2098 5840 2176 5885 ex
2211 5823 2352 5888 cod.
2382 5821 2658 5886 Coislin.

548 5909 592 5942 ”
628 5910 962 5981 ἀφορισθείς.
