4108 6404
438 411 580 482 1175
634 362 645 369 ’
1714 418 1942 479 sum
1965 411 2348 479 causam
3574 388 3710 456 me

437 526 630 594 mavit,
660 527 974 597 audivisse,
1039 528 1296 602 inquam',
1356 531 1624 599 tragorem
1703 530 2015 601 vidisseque

2135 523 2595 588 ιναποκέκλειστο,
2645 522 2726 588 εἰς
2754 521 3020 592 δαίμονας
3064 514 3126 571 τδ
3163 515 3328 588 ἔργον
3379 509 3702 579 ἀνενεγκὼν

438 620 757 688 grandinem
817 622 1089 677 ruentium
1143 621 1380 693 lapidum
1437 622 1493 677 in
1544 621 1694 678 cellae
1726 631 1924 678 tectum
1960 637 2025 676 ac

2135 622 2234 677 οὐκ
2258 615 2403 690 εἶχεν
2430 620 2457 672 ὃ
2476 636 2530 671 τι
2556 616 2653 671 καλ⁸
2680 615 2916 685 γένοιτο.

445 714 653 782 tegulas
721 726 879 784 atque
926 716 978 773 in
1028 717 1206 774 solum
1276 718 1757 789 circumpositum,
1818 718 2155 773 collisionem
2207 731 2271 771 ac
2311 715 2620 770 conﬂictum
2683 711 2891 766 olfensu
2948 704 3333 764 resnltantium
3393 708 3450 756 et
3520 697 3701 753 imbre

430 803 660 858 assiduo
715 805 1015 873 pluentium
1070 807 1214 861 clare
1253 817 1499 876 notasse;
1554 807 1769 863 nemine
1820 808 2028 876 uspiam
2082 807 2485 870 animadverso,
2553 805 2636 857 cui
2700 810 2781 858 tot
2829 816 3083 858 satorum
3140 808 3249 855 tam
3301 804 3560 852 constans
3612 805 3713 844 ve-

441 895 779 966 hemensque
840 897 1071 968 jactatio
1133 909 1319 969 posset
1392 900 1576 956 tribui.
1639 900 1806 972 590
1861 899 2179 969 Quanquam
2241 909 2293 955 et
2353 897 2568 952 aliunde
2633 895 2767 950 satis
2832 892 3128 964 apparebat
3208 902 3329 943 esse
3392 886 3483 941 hic
3536 882 3716 950 majus

433 988 695 1057 quid-lam
768 990 1003 1047 humana
1068 991 1153 1058 vi;
1232 992 1432 1047 etenim
1509 1006 1617 1061 quo
1681 999 1926 1060 tempore
1989 990 2317 1045 desaeviebat
2370 987 2577 1059 grando
2640 983 2886 1053 lapidea',
2966 990 3126 1037 terra;
3178 991 3397 1048 quoque
3467 989 3498 1029 a
3550 972 3718 1027 fundo

441 1093 618 1138 motus
675 1086 884 1141 exstitit
956 1089 1294 1152 vehemens.
1366 1088 1590 1157 soloque
1646 1087 1850 1143 circum
1893 1098 2129 1142 tremore
2174 1101 2280 1140 nou
2353 1084 2517 1139 dubio
2583 1079 2923 1136 subsultaute
2956 1116 2970 1142 ,
3037 1071 3292 1131 concussi
3374 1069 3718 1138 fastigiorum

441 1175 625 1243 apices
659 1177 945 1233 stridorem
981 1179 1089 1234 late
1145 1181 1366 1235 dedere.
1427 1178 1503 1234 Ea
1568 1179 1720 1234 iuitio
1772 1192 1894 1233 cum
1927 1177 2142 1243 ﬁerent,
2169 1176 2429 1231 narrabat
2480 1170 2868 1230 Parasceviota
2922 1164 3239 1222 constitisse
3283 1160 3717 1228 se-intrepidum

438 1268 790 1337 aliquandiu‘,
862 1271 1068 1326 nullam
1135 1273 1243 1326 vim
1321 1272 1645 1327 dialiolieam
1705 1272 1883 1327 adhuc
1961 1276 2384 1341 etrepectantem.
2470 1266 2542 1323 Ut
2630 1272 2811 1319 autem
2900 1258 3182 1322 attentius,
3277 1251 3720 1308 animadvertens

437 1364 544 1416 vim
606 1362 882 1432 ingentem
939 1376 995 1421 et
1061 1365 1468 1421 successionem
1542 1365 1856 1421 continuam
1944 1362 2244 1434 pluentium
2298 1375 2532 1431 superne
2593 1359 2831 1431 lapidum
2904 1352 2957 1408 in
3007 1365 3125 1405 eam
3185 1347 3434 1403 cellulam
3499 1345 3553 1400 in
3610 1357 3719 1412 qua

441 1478 583 1517 unus
650 1463 745 1520 ille
781 1479 949 1519 senex
1018 1464 1390 1520 haeresiarcha
1463 1464 1819 1521 delitescebat
1878 1462 2206 1528 conclusus,
2287 1460 2524 1531 denique
2580 1453 2859 1529 perspexit
2923 1466 2953 1505 a
3008 1448 3166 1505 malis
3221 1444 3469 1516 profecto
3539 1441 3719 1513 geniis

434 1568 558 1612 esse
588 1557 750 1612 istum
793 1557 1054 1627 impetum
1082 1597 1099 1623 ,
1159 1567 1273 1611 tum
1324 1572 1455 1613 sane
1512 1567 1721 1613 terrore
1754 1564 1905 1611 tanto
1962 1561 2375 1611 consternatum
2422 1565 2570 1616 sese,
2628 1557 2688 1603 ut
2738 1560 2847 1618 quo
2882 1558 2944 1600 se
2982 1547 3221 1598 verteret
3270 1536 3471 1608 quidve
3503 1531 3721 1590 consilii

435 1665 531 1710 aut
561 1652 796 1721 praesidii
842 1660 1112 1722 quaereret
1153 1666 1260 1706 non
1313 1652 1557 1709 haberet.

519 1745 793 1800 llaetenus
857 1745 925 1798 de
997 1745 1244 1814 prodigio
1297 1744 1647 1815 lapidationis
1718 1752 2018 1800 nocturnae.

436 1838 523 1893 Me
599 1852 727 1892 vero
813 1836 902 1893 bic
995 1838 1265 1892 interdum
1344 1838 1596 1907 capiebat
1642 1837 1875 1906 impetus
1935 1844 2021 1889 to—

2202 1742 2285 1794 Τὰ
2318 1740 2418 1812 μὲν
2466 1737 2562 1793 οὐν
2590 1733 2689 1789 τοῦ
2734 1733 2966 1801 τέρατος
2992 1723 3188 1779 τούτου
3223 1718 3396 1812 ταύτῃ
3432 1713 3718 1812 “£15303”.

2146 1805 2489 1900 Ἦϐουλόμην
2517 1827 2577 1881 δὲ
2601 1824 2697 1880 καὶ
2728 1824 2909 1878 πᾶσαν
2941 1817 3041 1889 τὴν
3074 1814 3185 1869 τῶν
3235 1807 3555 1900 Βογομίλων
3601 1805 3724 1900 διη-

439 1940 548 1984 tam
631 1928 1030 1998 Bogomilorum
1110 1929 1358 1985 lizeresim
1410 1929 1683 1998 explicare
1740 1930 1841 1982 hoc
1908 1927 2027 1981 loco

2135 1897 2405 1995 γήσασθαί
2445 1897 2690 1991 αἵρεσιν,
2740 1914 2879 1970 ἀλλά
2937 1928 3005 1982 με
3062 1904 3261 1963 κωλύει
3300 1904 3398 1958 καὶ
3429 1898 3619 1998 αίδως,
3645 1897 3726 1961 ὥς

440 2016 619 2071 iusius
668 2016 1064 2085 complectique
1118 2015 1389 2071 narrando
1432 2025 1615 2085 partes
1669 2014 1784 2083 ejus
1813 2028 2024 2069 omnes.

441 2108 549 2165 Sed
611 2125 695 2164 mc
727 2109 898 2179 pudor
952 2111 1228 2173 retardat,
1269 2118 1328 2164 ut
1357 2108 1580 2178 pulchra
1617 2111 1780 2163 etiam
1828 2106 2028 2162 alicubi

440 2201 639 2272 excipit
700 2202 943 2271 Sappho.
993 2201 1195 2272 Nempe
1274 2201 1522 2257 historici
1589 2216 1874 2271 personam
1927 2214 2028 2267 ego

438 2294 658 2363 quidem
689 2305 743 2347 et
774 2293 1006 2348 cilicium
1056 2294 1299 2349 sustineo
1334 2312 1349 2349 :
1385 2302 1566 2349 tamen
1596 2294 1783 2350 eadem
1836 2293 2029 2349 mulier

440 2403 596 2453 sum,
648 2403 750 2442 nec
785 2404 848 2442 ea
892 2388 959 2443 de
989 2388 1184 2456 vulgo,
1224 2387 1318 2442 sed
1377 2387 1635 2458 princeps
1694 2387 1837 2442 inter
1890 2384 2026 2441 Por-

440 2481 832 2551 phyrogenitos
909 2489 964 2537 et
1022 2481 1198 2535 Alexii
1278 2478 1506 2551 Augusti
1567 2478 1741 2550 prima
1813 2478 2016 2549 proles.

438 2570 609 2627 Porro
669 2588 790 2642 qua:
849 2573 914 2627 de
982 2573 1084 2627 ista
1171 2571 1405 2627 colluvie
1473 2580 1636 2627 sectae
1690 2571 2028 2642 nequissime

436 2659 691 2716 feruntur
747 2663 890 2718 fama
944 2671 998 2718 et
1053 2677 1305 2718 sermone
1345 2661 2027 2732 plurimorum,ejusmodi

440 2762 611 2817 sunt,
691 2769 811 2824 quas
861 2754 1008 2810 sileri
1089 2771 1119 2809 a
1195 2752 1456 2821 fmmina,
1519 2755 1654 2824 regii
1717 2755 2025 2821 praesertim

444 2845 663 2915 generis
688 2885 702 2909 ,
741 2861 902 2916 quam
934 2847 1349 2902 commemorari
1379 2847 1662 2902 honestius
1693 2846 1835 2901 haud
1870 2845 2031 2916 paulo

441 2937 533 2990 sit.
566 2934 752 3005 itaque
777 2937 829 2990 in
884 2936 987 2991 hoc
1038 2934 1293 2991 conﬂictu
1351 2936 1584 3005 duplicis
1630 2936 1793 2991 ollicii
1847 2938 2030 2989 vincat

440 3044 575 3083 sane
619 3028 868 3084 historici
924 3029 1245 3100 religionem
1297 3030 1580 3085 muliebris
1629 3041 1681 3084 et
1710 3028 2029 3098 principalis

444 3120 771 3175 verecundia
827 3138 841 3174 :
893 3121 1180 3191 absintque
1227 3137 1347 3177 eum
1413 3122 1553 3176 bona
1609 3122 1763 3176 venia
1811 3121 2030 3176 lectoris

442 3211 512 3265 ab
562 3211 663 3266 hac
714 3212 1019 3284 scriptione
1082 3229 1242 3279 mea,
1309 3230 1505 3285 spurca
1562 3224 1617 3270 et
1675 3216 1822 3271 dictu
1882 3215 2022 3271 fruita

425 3303 694 3384 dagmata
760 3315 814 3359 et
861 3305 1104 3362 facinora
1162 3307 1584 3378 Bogomilorum.
1639 3307 1770 3375 Quae
1828 3308 1873 3364 si
1938 3307 2026 3363 cui

442 3411 606 3451 nosse
659 3399 793 3451 tanti
842 3407 959 3465 est,
1015 3400 1302 3456 consulere
1356 3401 1400 3456 is
1447 3400 1647 3471 poterit
1702 3402 1897 3457 librum
1938 3403 2028 3473 qui

440 3490 759 3547 inscribitur
837 3493 1148 3563 Dogmatica
1201 3493 1457 3564 PanOplia
1501 3493 1657 3564 jussu
1714 3496 1815 3551 mei
1864 3496 2033 3565 patris

440 3584 703 3653 scriptum
762 3593 924 3655 atque
954 3586 1181 3642 editum.
1209 3589 1411 3644 Auctor
1444 3588 1561 3657 ejus
1599 3596 1686 3643 est
1731 3587 2033 3643 monachus

442 3673 763 3746 Zygadenus
798 3679 1019 3733 nomine
1047 3720 1062 3745 ,
1121 3688 1279 3735 notus
1308 3680 1539 3735 dominae
1574 3694 1708 3735 uicae
1740 3681 1874 3734 avim
1904 3695 2034 3735 Ina-

444 3780 635 3833 teruzr,
668 3779 719 3823 et
759 3770 1008 3825 omnibus
1036 3771 1146 3825 Deo
1197 3772 1372 3827 sacris
1434 3772 1743 3827 hominibus
1773 3772 2032 3827 sacerdo-

440 3860 591 3916 tibus
668 3876 732 3916 ac
786 3861 1136 3932 pontificibus
1188 3863 1498 3919 familiaris.
1554 3861 1710 3923 Hunc
1762 3878 2032 3918 summum

441 3953 905 4021 grammaticum,
951 3956 1311 4024 eumilemque
1361 3956 1639 4011 rhetorem
1665 3971 1769 4011 non
1818 3956 2035 4011 inexer-

443 4044 669 4098 citatum
731 4062 746 4101 :
804 4046 1091 4117 theologia:
1169 4062 1298 4102 vero
1365 4056 1422 4102 et
1463 4047 1714 4103 catholici
1760 4048 2034 4120 dogmatis

442 4148 557 4201 prze
585 4134 836 4189 omnibus
869 4137 1313 4203 scientissimum,
1347 4136 1625 4207 Augustus
1690 4149 1842 4208 pater
1879 4155 2035 4198 meus

446 4228 513 4282 ad
546 4244 606 4284 se
641 4230 965 4286 accersitum
1012 4230 1212 4300 jussit,
1267 4230 1516 4303 digerere
1574 4233 1765 4291 ordine
1794 4235 1846 4289 in
1899 4250 2034 4306 opus

2132 1990 2236 2069 πού
2273 2029 2441 2086 φησιν
2476 1990 2527 2082 ἠν
2562 2008 2705 2079 καλὴ
2758 2003 2990 2072 Σαπφὼ,
3035 2002 3118 2055 ὅτι
3163 1993 3517 2067 συγγραφεὺς
3540 1990 3726 2086 Δἔγωγε

2130 2080 2298 2177 γυνὴ⁷
2329 2080 2427 2157 καὶ
2477 2080 2578 2171 τῆς
2628 2097 2919 2170 πορφύρας
2963 2093 3024 2146 τὸ
3067 2092 3428 2160 τιμιώτατον,
3467 2081 3566 2177 καί
3612 2080 3728 2177 τῷν

2143 2172 2384 2264 bus-Eiet:
2437 2193 2744 2264 πρώτιστον
2816 2186 3146 2258 βλάστημαο
3200 2179 3271 2233 τά
3320 2194 3380 2231 τε
3409 2177 3492 2239 είς
3546 2172 3724 2244 ἀκοὴν

2129 2290 2346 2347 πολλῶν
2378 2287 2655 2360 ἐρχόμενα
2678 2282 2839 2352 σιγῆς
2860 2278 2989 2344 ἄξια
3030 2273 3293 2346 βούλομαι
3323 2270 3422 2341 μὲν
3448 2267 3714 2340 γράφειν,

2129 2384 2218 2439 ἵνα
2275 2382 2338 2437 τδ
2395 2380 2604 2450 πλῆρες
2669 2375 2771 2445 τῆς
2844 2373 2953 2428 τῶν
3005 2366 3325 2438 Βογομίλων
3380 2360 3729 2433 παραστήσω

2131 2476 2440 2547 αἱρέσεως*
2493 2470 2612 2526 ἁλλ’
2664 2469 2756 2522 ἴνα
2810 2465 2888 2536 μὴ
2916 2463 3018 2532 τὴν
3075 2460 3331 2530 γλῶτταν
3375 2452 3731 2547 μολύνω-τὴν

2128 2543 2396 2642 ἐμαυτῆς,
2442 2562 2688 2635 παρίημι
2730 2558 2925 2613 ταῦτα.
2959 2552 3330 2624 Παραπέμπω
3354 2543 3731 2642 δὲντουςῌβου-

2128 2636 2390 2734 λομένους
2411 2658 2509 2730 τὴν
2534 2656 2664 2726 ὅλην
2684 2653 2899 2723 αἵρεσιν
2922 2647 3031 2702 τῶν
3048 2642 3364 2716 Βογομίλων
3405 2636 3728 2734 διαγνέὑναι,

2131 2730 2214 2820 εἰς
2255 2755 2319 2807 τὸ
2360 2750 2505 2805 οὐτω
2529 2744 2873 2816 καλούμενον
2903 2738 3132 2811 βιϐλίον,
3171 2732 3520 2805 Δογματικὴν
3550 2730 3729 2820 ﬂavo.-

2136 2817 2322 2910 πλίαν,
2354 2844 2414 2909 ἐξ
2438 2838 2709 2908 ἐπιταγῆς
2726 2832 2932 2905 τούμοῦ
2959 2830 3169 2901 πατρὸς
3220 2823 3586 2881 συντεθεῖσαν.
3612 2817 3729 2873 Καὶ

2132 2940 2240 3011 γὰρ
2256 2935 2488 3011 μοναχόν
2514 2948 2638 2987 τινα
2653 2925 2964 2997 Ζυγαδηνὸν
2982 2922 3092 2993 (96)
3108 2911 3727 3011 καλούμενον,γνωστὸν

2137 3005 2344 3107 ξέν’τῇ
2370 3005 2632 3098 δεσποίνῃ
2663 3023 2762 3079 καὶ
2797 3021 2936 3115 πρὸς
2977 3017 3187 3115 μητρός
3221 3016 3327 3086 ἐμῇ
3364 3011 3591 3082 μάμμῃ,
3627 3005 3727 3115 καὶ

2133 3129 2270 3183 πᾶσι
2311 3125 2427 3187 τοῖς
2476 3120 2572 3175 τοῦ
2609 3114 2893 3189 ἱερατικοῦ
2947 3110 3281 3178 καταλόγου,
3324 3110 3730 3175 γραμματικῆς

2136 3221 2194 3275 δὲ
2219 3220 2301 3283 είς
2346 3217 2519 3287 ἄκρον
2550 3208 2857 3283 ἐληλακότα
2898 3205 2996 3259 καὶ
3043 3202 3343 3273 ῥητορικῆς
3379 3191 3732 3287 οὐκᾉάμελέ-

2137 3327 2298 3382 τητον
2326 3282 2480 3369 ὄντα,
2507 3302 2602 3356 καί¹
2625 3282 2688 3354 τὸ
2713 3297 2893 3368 δόγμα
2935 3293 3013 3358 ὡς
3045 3292 3145 3346 οὐκ
3171 3289 3335 3382 ἄλλος
3361 3303 3446 3382 τις
3500 3282 3729 3382 ἐπιστά-

2142 3374 2328 3473 μενον,
2360 3396 2552 3451 τοῦτον
2574 3395 2602 3447 ό
2650 3387 3013 3459 αὐτοκράτωρ
3046 3378 3556 3473 μεταπεμψάμενος
3595 3374 3732 3473 ἐπό-

2133 3467 2301 3559 ταξεν
2329 3490 2552 3550 ἁπάσας
2594 3484 2696 3547 τὰς
2731 3482 2980 3553 αἱρέσεις
3020 3474 3279 3531 ἐκθέσθαι
3324 3470 3565 3541 ἑκάστην
3600 3467 3729 3538 ίδίᾳ,

2136 3586 2230 3639 καὶ
2279 3582 2365 3651 ἐφ’
2397 3580 2617 3650 ἑκάστῳ
2637 3574 2740 3639 τὰς
2766 3573 2878 3626 τῶν
2913 3568 3089 3639 ἁγίων
3119 3565 3383 3636 Πατέρων
3409 3559 3731 3633 ἀνατροπὰς

2136 3673 2542 3747 ἐγγράψασθαι,
2604 3671 2701 3725 καὶ
2756 3664 2938 3722 αὐτῶν
2970 3662 3035 3735 δὴ
3079 3660 3191 3715 τῶν
3245 3655 3565 3747 Βογομίλων
3629 3651 3732 3747 την

2136 3743 2373 3839 αίρεσιν,
2404 3764 2590 3827 καθὼς
2616 3764 2644 3816 ὁ
2678 3758 2883 3831 ἀσεϐὴς
2911 3757 3124 3818 ἐκεῖνος
3174 3749 3458 3813 Βασίλειος
3508 3743 3729 3839 ὐφηγήτ

2140 3836 2293 3915 σατο.
2331 3855 2553 3925 Ταύτην
2576 3851 2676 3923 τὴν
2709 3848 2894 3921 βίϐλον
2963 3840 3314 3914 Δογματικὴν
3357 3837 3671 3892 Πανοπλίαν
3700 3836 3731 3889 ὁ

2137 3949 2495 4021 αὐτοκράτωρ
2522 3944 2792 4013 ὠνόμασε·
2831 3940 2994 4010 μέχρι
3024 3935 3118 3991 τοῦ
3168 3934 3263 3990 νῦν
3293 3932 3438 3987 οὕτω
3466 3945 3732 4002 προσαγοο

2142 4045 2358 4118 ρεύεται
2388 4040 2459 4094 τὰ
2481 4037 2686 4110 βιϐλία.
2727 4035 2788 4088 '0
2817 4033 2876 4088 δὲ
2906 4031 3067 4100 λόγος
3096 4027 3256 4091 αὖθις
3286 4026 3427 4099 πρὸς
3476 4023 3577 4094 τὴν
3632 4020 3730 4118 τοῦ

2137 4116 2426 4193 Βασιλείου
2458 4130 2789 4202 καθαίρεσιν
2815 4123 3169 4198 ἁνατρεχέτω
3194 4138 3209 4154 ο
3253 4124 3281 4177 ὀ
3314 4120 3424 4193 γὰρ
3455 4116 3733 4189 αὐτοκρά-

2135 4250 2250 4305 τωρ
2292 4228 2422 4292 τούς
2486 4220 2802 4294 ἁπανταχοῦ
2859 4220 2965 4291 γῆς
3026 4215 3277 4289 μαθητὰς
3381 4214 3474 4268 καὶ
3520 4209 3761 4304 συμμύ-⁵

441 4335 611 4374 unum
653 4333 880 4378 cunctas
940 4321 1219 4391 bmreses;
1273 4333 1329 4379 et
1364 4325 1658 4397 unicuique
1695 4326 1878 4383 relatae
1903 4304 2028 4383 1siu-

2139 4304 2272 4387 στας
2314 4320 2413 4376 τοῦ
2464 4314 2752 4374 Βασιλείου
2835 4309 3369 4384 μεταπεμψάμενος,
3465 4306 3564 4360 καὶ
3625 4304 3734 4375 μά-

443 4412 669 4483 gillatim
704 4429 977 4485 opponere
1025 4415 1382 4473 refutationes
1422 4427 1736 4474 sanctorum
1784 4418 2028 4476 Patrum.

2137 4421 2294 4474 λιστα
2323 4417 2449 4479 τοὺς
2481 4412 2695 4468 δώδεκα
2722 4407 3060 4479 λεγομένους
3086 4400 3361 4475 μαθητὰς.
3384 4398 3734 4470 ἀπεπειρᾶτο
3757 4479 3760 4484 Ι

442 4504 574 4560 Post
641 4521 831 4562 omnes
910 4509 1145 4578 denique
1193 4509 1525 4581 subjungere
1578 4511 1827 4565 ultimam
1892 4511 2028 4568 hanc

2138 4510 2234 4566 καὶ
2260 4507 2468 4564 τούτων
2489 4505 2593 4573 τῆς
2636 4500 2903 4603 γνώμης,
2930 4492 3208 4603 καὶηῆσαν
3242 4492 3506 4603 άντικρυς
3557 4488 3768 4603 μίχθη-Ξ

441 4595 848 4667 Bogomilorum
910 4601 1179 4664 haeresim.
1216 4603 1443 4672 ejusque
1475 4602 1727 4672 dogmata
1782 4612 1943 4672 prout
1970 4618 2028 4659 ea

2136 4605 2230 4660 ταὶ
2268 4599 2578 4657 Βασιλείου·
2615 4595 2712 4651 καὶ
2736 4594 2847 4665 γὰρ
2886 4588 3170 4645 ὲνεϐόθυνε
3225 4585 3285 4639 τὸ
3308 4584 3498 4651 κακὸν,
3524 4582 3619 4636 καὶ⁸
3648 4582 3775 4674 είςὶ

443 4688 646 4756 impius
709 4691 797 4746 ille
851 4692 1084 4749 Basilius
1148 4700 1499 4765 exposuerat.
1565 4693 1642 4748 Ex
1697 4694 1800 4749 hoc
1856 4694 2028 4750 Alexii

2135 4697 2310 4759 οἰκίας
2332 4692 2599 4765 μεγίστας
2622 4687 2723 4743 καὶ
2745 4683 2946 4740 πολλοῦ
2973 4680 3212 4752 πλήθους
3237 4677 3419 4750 ἥψατο
3445 4675 3504 4729 τὸ
3524 4673 3726 4765 δεινόν.
3759 4673 3777 4689 ί

450 4783 704 4837 mandato
738 4786 949 4840 exstitit
974 4801 1110 4855 opus
1146 4764 1335 4857 ingens
1365 4785 1547 4857 plures
1585 4786 1637 4840 in
1665 4785 1835 4841 libros
1861 4787 2028 4843 tribu-

2135 4764 2411 4851 Καθάπαξ
2431 4782 2525 4838 οὖν
2547 4778 2961 4850 κατεψηφίσατο
2991 4771 3268 4845 πυρκαϊὰν
3297 4769 3408 4823 τῶν
3429 4764 3734 4857 ἀλλοτρίων

448 4881 600 4940 tum,
661 4877 748 4931 cui
801 4878 1069 4948 hodieque
1129 4879 1384 4935 universo
1437 4878 1681 4934 adhaeret
1716 4878 2028 4935 nomencla-

2135 4877 2230 4932 τοῦ
2254 4893 2313 4929 τε
2348 4872 2654 4947 κορυφαίου
2696 4869 2790 4925 καὶ
2823 4867 2918 4922 τοῦ
2955 4863 3141 4936 χοροῦο
3176 4856 3586 4933 ἁθροιζομένων
3619 4854 3735 4948 γάρ

450 4965 525 5019 tio
572 4968 640 5021 ab
679 4946 1011 5041 imperatore
1065 4971 1301 5039 primum
1358 4973 1665 5040 excogitata
1719 4980 1881 5042 atque
1947 4972 2028 5027 in-

2135 4968 2247 5024 τῶν
2279 4946 2647 5037 φωραθέντων
2679 4958 3020 5030 Βογομίλων,
3047 4956 3144 5010 καὶ
3173 4954 3284 5009 τῶν
3318 4952 3417 5024 μὲν
3447 4950 3550 5020 τῆς
3579 4946 3736 5042 σφῶν

449 5057 560 5112 dita
618 5058 707 5113 illa
780 5075 944 5129 quam
1030 5062 1266 5120 diximus
1310 5062 1624 5134 'Panopliae
1686 5040 2028 5136 dogmatieae.

2142 5056 2609 5130 ἀντιποιουμένων
2658 5053 2963 5125 αἱρέσεως,
3016 5047 3127 5102 τῶν
3198 5048 3247 5102 δ’
3294 5040 3734 5136 ἀπαρνουμένων

449 5148 558 5205 Sed
618 5150 685 5204 ad
743 5151 1007 5220 reliquam
1075 5154 1409 5212 excisionem
1460 5131 1649 5213 Basilii
1701 5131 2028 5228 neiarizeque

2143 5154 2463 5211 παντάπασι
2496 5149 2591 5204 καὶ
2618 5145 2760 5219 πρὸς
2792 5145 2919 5208 τούς
2953 5143 3279 5213 ἐλέγχοντας
3308 5135 3547 5210 ίσχυρῶς
3577 5131 3737 5188 ἀνθι-
3776 5196 3781 5226 1

440 5241 620 5311 ipsius
652 5251 817 5298 sectae
867 5243 1108 5300 narratio
1172 5246 1480 5304 reducenda
1502 5262 1609 5305 est.
1946 5227 1959 5228 ί

2146 5247 2433 5318 σταμένων
2456 5242 2553 5297 καὶ
2567 5240 2670 5310 τὴν
2692 5237 3059 5310 Βογομιλικὴν
3081 5232 3457 5290 διαπτυόντων
3480 5227 3698 5318 αἰρεσιν
3711 5240 3731 5261 ο

442 5335 565 5389 ἔπει
604 5335 842 5408 ἑτοίμως
883 5337 913 5390 ό
944 5337 1306 5413 αὐτοκράτωρ
1346 5341 1557 5409 τούτοις
1602 5344 1884 5399 πιστεύειν
1918 5346 2024 5399 οὐκ
2060 5314 2371 5416 εῖχενξῑνα
2402 5337 2479 5408 μή
2510 5353 2595 5399 τις
2650 5331 2913 5396 πολλάκις
2945 5326 3276 5402 Χριστιανδς
3310 5325 3461 5405 τοῖς,
3492 5314 3721 5390 Βοτομί’

1451 5483 1653 5547 Varite
1694 5482 2004 5546 lectiones
2037 5497 2118 5545 ex
2148 5478 2292 5542 cod.
2322 5471 2601 5537 Coislin.

515 5576 568 5611 η
594 5580 786 5649 ἐχέτω.

1507 5698 1649 5760 Car.
1687 5693 2016 5758 Dufresnii
2053 5695 2155 5755 Du
2184 5689 2408 5771 Cangii
2442 5696 2633 5753 notas.

516 5821 629 5891 (96)
661 5820 1032 5892 Ζυγαϐηνόν.
1074 5820 1147 5893 De
1183 5821 1497 5893 Euthymio
1528 5820 1804 5893 Zigziheno
1834 5817 2027 5893 Panor-
2138 5811 2287 5893 Eccl.
2337 5811 2524 5893 Occjd.
2559 5817 2634 5893 _ct
2689 5809 2896 5893 Orient.
2953 5823 3127 5873 conm,
3191 5819 3311 5876 cap.
3370 5800 3478 5869 t0;
3528 5796 3730 5855 Barca.

445 5881 569 5969 pila:
613 5881 910 5966 scriptore}
952 5892 1270 5979 consulendi
1307 5881 1417 5951 ﬁco
1443 5881 1697 5959 Allativus,
1736 5891 1827 5946 lib.
1865 5904 1906 5945 ιι
1959 5888 2035 5944 De
2133 5883 2400 5979 'Bcliarm.
2436 5881 2731 5952 Siuilerus,
2755 5889 2864 5938 etc.
