4108 6446
447 457 583 524 ll'i'l

1661 461 2095 530 lALEXIADIS
2134 464 2284 531 LIB.
2327 468 2458 533 XV.

3575 465 3719 533 1178

445 577 559 637 λσις
599 572 674 637 ὡς
725 573 1019 647 Βογόμιλος
1074 577 1465 651 ἀναμίγνυται.
1542 580 1578 650 ἢ
1629 577 1929 648 Βογόμιλον
1977 578 2053 643 ὡς
2109 580 2441 653 Χριστιανὸς
2487 581 2776 659 διαδράσῃ,
2807 592 3000 640 καινόν
3021 600 3143 641 τινα
3166 582 3369 656 τρόπον
3399 581 3733 648 ἐπινοεῖται,

443 671 512 727 δι’
541 663 605 724 οὗ
636 671 885 736 οξδντως
919 675 1239 745 Χριστιανοὶ
1276 674 1785 747 ἀπφανθήσονται.

531 761 657 816 Ἐπὶ
686 762 779 815 τοῦ
812 763 1098 833 βασιλικοῦ
1127 769 1309 823 τοίνυν
1337 771 1403 839 τῇ
1438 769 1555 838 μετ’
1591 767 1765 838 αὐτὴν
1793 766 2037 838 καθῆστο

2216 773 2447 838 Operam
2540 769 2687 824 dedit
2770 769 3068 837 imperator
3148 765 3420 822 efﬁcacem
3491 766 3732 836 iubendo

445 852 636 923 θρόνου
657 870 673 885 ο
710 852 898 905 πολλοὶ
947 854 1004 908 δὲ
1046 857 1355 927 τηνικαῦτα
1387 857 1649 928 παρῆσαν
1675 856 1776 926 τῆς
1806 874 1867 910 τε
1900 874 2037 926 συγ-

445 942 647 1012 κλήτου
706 942 803 995 καὶ
860 944 960 1013 τῆς
1017 946 1171 1016 ἱερᾶς
1230 948 1479 1011 συνόδου,
1540 948 1637 1001 καὶ
1694 948 1805 1002 τῶν
1863 948 2036 1013 Ναξι-

447 1033 619 1105 ραίων
673 1035 787 1104 (97)
837 1036 1021 1090 αὐτῶν
1072 1038 1262 1092 ὀπόσοι
1308 1038 1468 1109 λόγου
1508 1041 1759 1110 μετεῖχον
1788 1040 2031 1109 λογάδες.

448 1126 677 1180 Πάντων
705 1126 764 1180 δὲ
802 1129 913 1182 τῶν
944 1129 1045 1199 τὴν
1082 1129 1455 1203 Βογομιλικὴν
1488 1131 1911 1203 ἐγκαλουμένων
1951 1134 2038 1188 αἴ-

448 1236 599 1288 ρεσιν
628 1220 682 1283 ἐς
708 1221 771 1273 τὸ
802 1222 970 1291 μέσον
999 1223 1137 1293 ὁμοῦ
1180 1224 1599 1295 παραχθέντων,
1624 1227 1651 1279 ὁ
1675 1226 2036 1298 αὐτοκράτωρ

444 1306 602 1373 αὖθις
627 1311 1019 1380 ἐπερωτᾶσθαι
1041 1315 1272 1370 ἕκαστον
1304 1316 1618 1372 ἐκέλευσεν.
1658 1318 1748 1380 Ὠς
1777 1319 1833 1372 δὲ
1860 1320 1909 1372 οἱ
1936 1321 2036 1390 μὲν

443 1401 761 1472 ὡμολόγουν
802 1406 1097 1476 Βογόμιλοι
1146 1404 1288 1464 εἶναι
1334 1411 1433 1463 καὶ
1465 1412 1566 1480 τῆς
1605 1410 1758 1479 σφῶν
1797 1412 2037 1483 ἰσχυρῶς

443 1496 833 1549 ἀντεποιοῦντο
882 1499 1176 1569 αἱρέσεως,
1210 1503 1259 1555 οἱ
1289 1502 1347 1555 δὲ
1390 1504 1744 1558 παντάπασιν
1781 1505 2036 1560 ἀνένευον

443 1587 810 1654 Χριστιανοὺς
843 1591 1070 1655 ἑαυτοὺς
1116 1594 1481 1663 ὀνομάζοντες
1503 1635 1519 1661 ,
1552 1596 1648 1651 καὶ
1686 1598 1819 1667 παρ’
1860 1598 2036 1654 ἄλλων

442 1679 792 1748 ἐλεγχόμενοι
824 1681 1081 1752 οὐδαμῶς
1114 1686 1468 1740 κατετίθεντο
1491 1729 1505 1753 ,
1526 1668 1901 1754 ’ἐπιτοξεύσας
1933 1691 2037 1744 αὺ-

396 1818 399 1853 ;
440 1772 554 1832 τοῖς
585 1770 681 1834 τὰς
710 1772 908 1843 ὀφρῦς,
939 1774 1043 1845 ἔφη
1071 1790 1085 1805 ·
1124 1776 1250 1846 Χρὴ
1277 1778 1393 1849 τὴν
1422 1779 1689 1849 σήμερον
1728 1782 1840 1836 δύο
1866 1784 2037 1853 καμί-

445 1878 595 1928 νους
651 1864 1020 1933 ἀναφθῆναι,
1085 1870 1301 1938 θατέρᾳ
1355 1871 1423 1925 δὲ
1475 1874 1708 1927 τούτων
1767 1876 2038 1944 σταυρὸν

404 2016 405 2019 η
441 1951 782 2024 ἐμπαγῆναι
822 1956 978 2027 αὐτῇ
1022 1958 1120 2028 τῇ,
1164 1958 1293 2016 εἶτα
1341 1952 1579 2031 αἳρεσιν
1628 1965 1881 2036 δοθῆναι
1923 1967 2037 2024 πᾶ-

441 2058 565 2109 σιν,
601 2044 677 2100 ἵν’
705 2050 897 2105 ὁποῖοι
932 2050 1009 2121 τῇ
1038 2052 1159 2106 τῶν
1183 2057 1559 2124 Χριστιανῶν
1582 2060 1783 2114 πίστει
1812 2061 2039 2115 errante-

442 2136 649 2190 θανεῖν
671 2138 786 2207 τὴν
806 2138 1078 2210 σήμερον
1096 2122 1449 2214 βούξῑοιντο,
1474 2149 1903 2218 ἀποκριθέντες
1921 2151 2038 2205 τῶν
2071 2122 2111 2177 Β

443 2228 654 2284 ἄλλων
690 2231 763 2301 τῇ
787 2234 893 2288 τοῦ
917 2237 1187 2305 σταυροῦ
1218 2241 1451 2307 καμίνῳ
1485 2242 2035 2311 προσχωρήσωσιν.

446 2323 511 2376 Οἱ
552 2322 621 2375 δὲ
663 2323 777 2393 τῆς
821 2328 1222 2398 Βογομιλικῆς
1270 2332 1561 2399 αἱρέσεως
1607 2336 2036 2405 ἀντεχόμενοι,

385 2414 398 2507 j'
442 2420 869 2488 προσθατέρων
915 2424 962 2455 δ’
1014 2425 1507 2497 ἐμϐληθήσονται
1531 2447 1545 2461 ο
1617 2426 1874 2495 ,ϐέλτιον
1926 2434 2039 2503 γὰρ

444 2511 843 2580 Χριστιανοὺς
885 2516 1110 2583 αὐτοὺς
1151 2518 1334 2586 ὄντας
1369 2521 1722 2590 ἀποθανεῖν,
1751 2524 1790 2594 ἢ
1819 2526 2040 2594 ζῶντας

442 2600 523 2666 ὡς
563 2604 943 2673 Βογομίλους
975 2607 1330 2676 διώκεσθαι,
1366 2614 1465 2666 καὶ
1499 2613 1607 2680 τὰς
1639 2613 1760 2669 τῶν
1788 2617 2041 2672 πολλῶν

441 2693 691 2749 τύπτειν
719 2699 1129 2768 συνειδήσεις.
1181 2703 1390 2759 Ἀπιτε
1418 2707 1567 2775 γοῦν
1603 2709 1700 2763 καὶ
1745 2711 1920 2779 ὑμεῖς
1958 2712 2033 2779 ⁸³,

442 2784 544 2839 καὶ
583 2786 755 2857 ὑμεῖς
789 2788 907 2858 ὅπη
939 2791 1259 2859 ,βουλητὸν
1288 2793 1550 2862 ἕκαστος
1576 2798 1855 2866 χωρείτω.

2142 863 2493 932 urgendoque
2579 870 2639 917 ut
2691 862 2867 932 sparsi
2941 862 3142 930 ubique
3208 871 3480 915 terrarum
3560 860 3732 913 disci-

2142 954 2254 1026 puli
2358 970 2423 1010 ac
2506 964 2821 1027 symmysta:
2894 952 3119 1018 Basilii,
3175 953 3478 1022 'orgiorum
3557 951 3735 1020 ipSius

2139 1062 2204 1101 ac
2253 1046 2552 1102 tenebrosae
2617 1048 2879 1102 doctrinze
2954 1044 3252 1115 participes
3341 1054 3397 1099 et
3474 1043 3732 1107 conscii,

2140 1140 2444 1209 prtesertim
2522 1154 2655 1194 vero
2710 1138 2786 1193 illi
2840 1153 3027 1193 eorum
3090 1150 3347 1207 proceres
3410 1149 3546 1204 quos
3603 1134 3737 1187 duo-

2140 1234 2314 1288 decim
2368 1231 2665 1301 discipulos
2746 1229 3122 1301 appellabant,
3174 1229 3413 1297 undique
3483 1224 3736 1279 omnibus

2139 1324 2377 1395 indagati
2434 1323 2675 1393 vestigiis
2704 1323 2761 1377 in
2810 1320 3001 1376 urbem
3029 1320 3375 1375 ducerentur.
3406 1316 3514 1372 llos
3547 1329 3741 1371 coram

2140 1430 2427 1487 aggressus
2484 1415 2548 1469 ad
2613 1414 3045 1484 resipiscentiam
3127 1410 3350 1477 hortati,
3412 1408 3740 1464 obstinatis-

2138 1510 2307 1566 simos
2327 1517 2586 1579 expertus
2634 1516 2736 1573 est,
2763 1506 2922 1575 plane
2962 1520 3068 1560 non
3109 1502 3500 1573 approbatores
3559 1500 3741 1555 solum

2136 1617 2385 1659 errorum
2430 1600 2639 1666 Basilii,
2672 1600 2768 1655 sed
2821 1598 2983 1654 etiam
3047 1599 3348 1651 imitatores
3394 1593 3735 1664 pertinaciae.

2137 1695 2297 1768 49],
2328 1696 2597 1751 Caeterum
2632 1679 2970 1763 deprehensa
2999 1692 3189 1762 ingens
3223 1690 3345 1744 mali
3380 1691 3491 1753 vis;
3523 1686 3726 1757 quippe

2141 1789 2201 1843 in
2237 1803 2524 1844 numerum
2558 1788 2717 1857 longe
2749 1786 3048 1839 maximum
3086 1782 3380 1837 multitudo
3428 1782 3735 1835 errantium

2138 1890 2480 1938 excreverat.
2535 1880 2764 1949 Impune
2815 1878 3074 1932 nimirum
3128 1876 3218 1930 diu
3274 1885 3326 1929 ct
3388 1872 3741 1927 inobservate

2139 1980 2387 2041 grassata
2426 1970 2604 2025 latens
2640 1969 2811 2038 pestis
2844 1969 3056 2023 viscera
3093 1968 3207 2036 ipsa
3264 1978 3584 2034 magnarum
3635 1960 3736 2014 do-

2144 2077 2328 2115 muum
2366 2070 2708 2130 pervaserat,
2736 2060 3059 2127 turbamque
3091 2057 3270 2111 omnis
3297 2054 3515 2124 generis
3547 2052 3736 2105 incre-

2144 2154 2366 2209 dibilem
2397 2153 2889 2225 comprehenderat
2922 2152 3119 2205 blanda
3150 2149 3476 2218 contagione
3499 2144 3733 2214 quadam

2144 2246 2481 2302 illecebrosae
2508 2245 2791 2301 novitatis.
2815 2245 2949 2299 Hinc
2972 2254 3130 2298 aucta
3153 2240 3461 2296 sollicitudo
3489 2239 3739 2305 Augusto

2145 2351 2215 2392 ne
2250 2352 2358 2393 non
2392 2338 2527 2393 satis
2558 2349 2744 2407 posset
2796 2336 3101 2391 Ecclesiam
3155 2333 3323 2389 semel
3367 2346 3602 2403 purgare
3651 2330 3738 2382 lue

2146 2437 2259 2483 tam
2296 2429 2407 2483 late
2440 2429 2790 2499 pertinente:
2834 2443 2969 2483 neve
3006 2425 3439 2482 dissimulatione
3479 2432 3535 2476 et
3565 2424 3736 2492 hypo-

2145 2522 2272 2577 crisi
2301 2523 2545 2592 corrupti
2579 2538 2680 2594 pro
2714 2525 2864 2577 sanis
2896 2521 3166 2585 fallerent,
3205 2520 3488 2587 labemque
3516 2514 3734 2569 tolerati

2148 2629 2451 2685 prepagare
2490 2625 2805 2686 pergerent.
2846 2614 2925 2667 Ad
2979 2613 3138 2667 istam
3196 2610 3524 2663 anxietatem
3575 2619 3741 2674 expe-

2148 2707 2406 2761 diendam
2437 2709 2621 2762 animo
2644 2706 2762 2774 ejus
2806 2706 3039 2771 intento,
3084 2702 3357 2757 succurrit.
3406 2700 3549 2753 factu
3594 2697 3741 2766 opti-

2140 2815 2286 2855 mum
2318 2800 2489 2855 videri
2525 2800 2591 2854 ad
2636 2797 2990 2869 retegendum
3041 2797 3310 2866 cujusque
3362 2794 3624 2854 auiinum,
3683 2790 3729 2844 si

445 2876 620 2946 palam
671 2882 951 2936 decretum
996 2886 1478 2955 promulgaretur,
1535 2904 1643 2958 quo
1705 2890 2037 2961 quicumque
2073 2892 2240 2948 delati
2269 2892 2618 2965 Bogomiliea:
2653 2891 2893 2961 perlilize
2961 2889 3176 2943 fuerant
3242 2886 3473 2939 ﬂammis
3524 2881 3735 2950 pariter

442 2971 593 3026 cives
636 2978 920 3047 exterique
975 2979 1384 3046 addicebantur,
1415 2998 1522 3037 una
1584 2999 1706 3038 eum
1769 2984 2130 3042 haeresiarcha
2170 2988 2327 3058 ipso,
2389 2988 2616 3059 ejusque
2676 2985 2901 3052 collegio
2964 2978 3348 3051 dis'cipulorum
3430 2976 3741 3032 duodecim-

442 3061 638 3120 Evenit
684 3066 736 3122 id
789 3068 933 3137 quod
987 3071 1303 3140 providerat
1354 3075 1653 3143 Augustus.
1700 3074 1916 3131 Prolata
1997 3078 2050 3133 in
2125 3080 2398 3150 publicam
2462 3080 2709 3133 notitiam
2787 3076 3054 3147 ejusmodi
3157 3072 3466 3136 sententia,
3543 3084 3741 3138 magno

445 3161 859 3229 comprehensis
893 3171 1039 3217 metu
1067 3166 1319 3218 omnibus
1339 3180 1567 3234 quorum
1603 3177 1724 3222 erat
1791 3169 1860 3224 de
1920 3171 2117 3227 haeresi
2158 3171 2489 3243 Bogomillca
2520 3172 2757 3225 delatum
2797 3184 2995 3223 nomen
3047 3167 3228 3220 multa:
3274 3164 3457 3220 statim
3515 3164 3742 3217 exstite-

443 3261 572 3305 runt
630 3255 1035 3309 'excusationes
1113 3255 1527 3325 deprecantium
1605 3259 2040 3315 criminationem
2082 3261 2381 3325 falsam,et
2413 3276 2473 3317 se
2504 3276 2669 3331 puros
2703 3268 2971 3330 pntosque
3052 3255 3350 3311 catholicos
3429 3253 3737 3307 calumnio-

442 3344 663 3399 sissime
732 3345 1044 3401 insimulari
1098 3347 1372 3402 haereseos
1422 3348 1597 3417 palam
1677 3366 1876 3420 magno
1925 3362 2117 3421 questu
2157 3355 2650 3408 contestahantnr:
2686 3367 2810 3406 cum
2845 3349 3067 3406 interim
3101 3348 3370 3417 desperati
3402 3345 3489 3400 alii
3522 3360 3583 3399 ac
3611 3360 3737 3415 per-

444 3439 563 3502 diti,
598 3437 739 3493 ultro
780 3454 903 3494 sese
930 3437 1238 3507 Bogomilos
1293 3440 1616 3507 faterentur,
1668 3443 1912 3513 talesque
1962 3446 2031 3501 ad
2104 3456 2412 3500 extremum
2509 3454 2953 3516 perseveraturos
3016 3441 3268 3510 spiritum
3331 3439 3595 3493 dicerent.
3665 3435 3737 3495 lli

442 3531 662 3603 quidem
694 3533 827 3585 certi
862 3533 1119 3587 nimirum
1155 3531 1396 3588 haeretici
1468 3543 1645 3600 erant,
1719 3554 1949 3606 quormn
2008 3539 2210 3605 furor,~
2244 3546 2395 3594 tanta
2467 3538 2835 3604 contumacia,
2888 3536 2979 3591 tali
3026 3546 3268 3600 tempore
3328 3548 3387 3586 se
3448 3530 3730 3601 proderet.

451 3623 797 3692 (Quanquam
834 3633 887 3680 et
935 3620 1006 3679 'in
1040 3626 1143 3682 isto
1180 3628 1298 3697 ipso
1337 3626 1497 3697 globo
1544 3642 1708 3683 voces
1756 3629 1854 3682 bas
1911 3628 2077 3685 veluti
2119 3630 2376 3685 concordi
2433 3630 2817 3699 desperatione
2874 3628 3199 3697 jactantium
3264 3628 3433 3682 latere
3520 3624 3736 3692 aliquos

447 3714 668 3770 meliora
699 3715 974 3786 sapientes
1026 3716 1343 3771 incredibile
1415 3731 1520 3771 non
1578 3717 1742 3786 erat.)
1795 3719 1864 3771 At
1899 3720 2044 3773 enim
2087 3721 2432 3789 exploratum
2468 3721 2696 3791 perinde
2728 3736 2834 3776 non
2882 3728 3024 3787 erat,
3094 3736 3221 3773 num
3275 3732 3461 3772 eorum
3546 3730 3740 3770 omne;

446 3816 537 3861 aut
571 3807 816 3877 plerique
846 3810 936 3878 qui
971 3824 1029 3862 se
1056 3809 1363 3879 Bogomilos
1420 3812 1688 3881 negabant
1720 3826 1845 3865 vera
1877 3812 2265 3881 loquerentur;
2299 3829 2365 3867 an
2394 3814 2571 3884 potius
2600 3814 2977 3885 impunitatem
3026 3822 3080 3868 et
3114 3810 3339 3866 nocendi
3372 3809 3725 3869 occasionem

445 3902 566 3957 utili
600 3901 728 3970 sibi,
763 3902 1074 3972 reipublicae
1138 3904 1403 3959 damnoso
1438 3905 1718 3960 mendacio
1752 3906 2104 3964 redimerem.
2136 3909 2308 3978 igitur
2336 3909 2630 3979 imperator
2657 3919 2806 3966 certo
2833 3910 2900 3964 ad
2939 3910 3079 3964 hanc
3113 3908 3497 3964 discretionem
3535 3906 3738 3961 facien-

449 3998 575 4053 dam
611 4000 846 4055 consilio
881 4010 1075 4071 parato
1108 4001 1285 4070 palam
1316 4000 1565 4056 consedit
1610 4001 1664 4056 in
1718 4003 1987 4075 imperiali
2039 4006 2205 4072 solio,
2254 4006 2626 4062 assidentibus
2679 4015 2790 4060 tum
2848 4021 2878 4060 e
2935 4004 3217 4059 senatorio
3261 4014 3371 4057 tum
3428 4018 3494 4057 ex
3545 4000 3728 4055 eccle-

449 4091 679 4147 siastico
732 4094 942 4147 circum
976 4094 1169 4148 ordine
1207 4092 1481 4162 plurimis,
1514 4092 1896 4150 Nazaraeorum
1930 4112 2151 4165 quoque
2190 4114 2285 4153 seu
2317 4097 2709 4153 monachorum
2757 4097 3001 4166 ipsorum
3041 4094 3375 4150 doctissimis
3417 4092 3731 4162 quibusque

449 4188 515 4242 ad
551 4189 653 4243 hoc
682 4188 943 4256 judicium
977 4188 1208 4244 allectis.
1261 4190 1401 4244 Ante
1443 4191 1588 4243 hunc
1640 4205 1956 4245 consessum
2008 4193 2290 4261 productis
2342 4192 2600 4247 omnibus
2631 4191 2725 4260 qui
2758 4190 3106 4260 Bogomilice:
3158 4187 3457 4245 insimulati
3506 4184 3734 4239 haeresis

451 4284 692 4350 lucrant,
746 4282 1075 4353 interrogari
1128 4283 1307 4339 denuo
1361 4299 1810 4353 unumquemque
1863 4286 2162 4355 imperator
2198 4284 2386 4353 jussit,
2446 4284 2832 4354 Bogomilusve
2888 4300 2956 4337 an
3021 4280 3335 4337 Catholicus
3406 4280 3604 4348 esset?
3666 4274 3738 4331 Ut

451 4387 634 4432 autem
681 4376 746 4430 ad
805 4377 917 4430 haec
954 4375 1172 4444 quidam
1209 4391 1267 4429 se
1326 4375 1635 4446 Bogomilos
1690 4376 2109 4444 profitebantur,
2171 4376 2445 4446 ﬁxamque
2478 4387 2531 4429 et
2567 4376 2631 4429 ad
2667 4375 2919 4428 ultimum
2955 4371 3367 4428 irrevocabilem
3414 4371 3479 4425 ad
3513 4380 3725 4425 sectam

453 4471 675 4541 impiam
735 4468 1103 4522 adhaesionetn
1159 4466 1558 4536 praferebant;
1627 4467 1719 4522 alii
1780 4471 2156 4538 pernegabant
2207 4468 2489 4523 enimvero
2554 4467 2689 4522 tales
2738 4482 2859 4522 esse
2906 4481 3000 4532 se,
3060 4464 3513 4532 Christianosque
3566 4478 3732 4518 veros

454 4578 518 4618 ac
570 4563 769 4631 probos
822 4559 1200 4624 aiiirmabant;
1240 4560 1468 4628 objectis
1518 4561 1573 4614 in
1616 4560 1950 4615 contrarium
1986 4559 2222 4615 testibus
2278 4574 2473 4628 magno
2527 4559 2581 4613 in
2629 4575 2690 4615 os
2743 4558 2993 4614 convicio
3046 4554 3384 4620 refutandis,
3422 4554 3725 4623 imperator

450 4673 515 4713 ex
567 4655 868 4724 composito
925 4663 1207 4723 assumpta
1281 4653 1402 4707 irati
1480 4653 1668 4717 larva,
1701 4663 2036 4722 ,postquam
2087 4653 2143 4707 in
2200 4668 2391 4709 omnes
2443 4653 2649 4721 pariter
2700 4666 2766 4707 ex
2823 4649 3050 4705 intentis
3107 4646 3421 4716 superciliis
3476 4647 3726 4704 minaces

452 4750 851 4806 flammantiunt
911 4745 1198 4801 oculorum
1260 4744 1490 4799 intuitus
1548 4746 1850 4816 ejaculatus
1917 4752 2022 4811 est,
2072 4746 2238 4801 edicit
2296 4746 2346 4799 in
2405 4746 2554 4800 hunc
2605 4745 2872 4799 modum:
2932 4740 3065 4797 Volo
3121 4740 3388 4810 jubeoque
3444 4739 3542 4793 hac
3595 4739 3716 4809 ipsa

452 4845 535 4897 die
582 4856 740 4911 pyras
789 4838 1036 4892 succendi
1080 4838 1335 4907 geminas.
1370 4836 1575 4891 Harum
1609 4837 1762 4891 alteri
1793 4838 2180 4904 superpositam
2214 4838 2439 4891 eminere
2484 4851 2693 4889 crucem
2730 4834 2887 4887 Immo
2920 4833 3131 4903 penitus
3190 4831 3417 4900 inﬁxam
3473 4830 3584 4884 ima
3635 4830 3723 4886 sui

1547 4976 1748 5038 Variae
1788 4975 2099 5040 lectiones
2134 4994 2211 5039 ex
2241 4977 2381 5039 cod.
2416 4974 2689 5040 Coislin.

526 5103 571 5135 "
601 5103 733 5173 πρὸς
766 5099 1016 5171 θατέρον.
1093 5099 1249 5152 "ml.
1281 5099 1472 5169 ἡμεῖς.

1452 5234 1594 5295 Car.
1632 5229 1962 5293 Dul'resnii
1998 5233 2094 5295 Du
2124 5231 2356 5311 Cangii
2418 5237 2615 5294 notae.

527 5370 643 5441 (97)
670 5366 1016 5441 Ναρραζων.
1043 5362 1143 5441 Qui
1179 5371 1238 5441 e_t_
1272 5362 1737 5441 Nanpaioz,__quo
1773 5357 2035 5441 vocabulo

2143 5357 3015 5441 στασίαι,ψαλμῳδιῶνάρμοεραι,
3036 5359 3258 5441 στάσεις
3280 5356 3565 5441 πάννυχοι,
3591 5373 3732 5425 παρ-

454 5429 709 5495 dicuntur
738 5429 943 5494 Graecis
968 5429 1326 5502 scriptoribus
1362 5429 1506 5502 vita;
1542 5429 1806 5497 religiosae
1853 5439 2034 5502 seciaf

459 5524 605 5566 tores
645 5522 699 5565 et
745 5507 1017 5569 monachi,
1075 5499 1219 5574 quod
1257 5505 1433 5557 instar
1464 5500 1843 5574 Nazarajorum
1894 5499 2035 5574 apud

459 5581 749 5645 Hebraeos,
841 5580 906 5634 de
974 5568 1204 5643 quorum
1280 5582 1427 5626 secta
1467 5570 1810 5645 _etinstitut_o
1860 5568 2039 5636 agitur

456 5637 747 5706 Nu‘nernr.’
804 5665 922 5718 cap.
971 5637 1024 5712 6,
1062 5642 1596 5718 strictiorem_vitatn
1646 5637 2037 5718 amplectere":

458 5705 563 5774 tur.
599 5720 794 5775 Suidas
829 5739 841 5774 :
873 5705 1446 5786 NvapaiogtoﬂeQ)
1489 5707 1908 5786 κεχωρισμένος.
1944 5705 2038 5759 καὶ

455 5791 831 5859 ἀφιερωμὲνος
862 5791 890 5843 ὁ
920 5775 1182 5859 μὸνᾶχόςξ
1203 5775 1429 5838 Eadem'
1454 5775 1623 5859 prope
1646 5775 1825 5858 habet
1864 5775 2037 5859 Hesy-

456 5846 637 5913 chius.
672 5846 966 5928 Gregorius
999 5846 1281 5928 Nelei—ansa
1311 5846 1682 5928 orat.'_ltaltita
1709 5848 1771 5928 .in
1802 5846 2032 5902 concilio

453 5916 1050 5989 ‘Llons'anzino’uolitano
1087 5946 1104 5955 τ·
1177 5924 1409 5995 Χαίρετε
1467 5916 1797 5991 Ναξηραίων
1878 5933 2036 5990 Χορο’

2149 5431 2320 5484 θένων
2348 5427 2635 5500 σε’μνότής,
2685 5428 2967 5498 γυναικῶν
2998 5430 3287 5500 εὐκοσμία,
3319 5427 3731 5500 etc._Nicepho_-

2149 5517 2239 5554 rus
2303 5497 2988 5566 Constantinopolitauus:
3044 5497 3177 5550 Ἔτι
3233 5498 3289 5550 δὲ
3345 5498 3523 5549 πνέων
3588 5497 3732 5549 κατὰ

2144 5570 2243 5640 τῆς
2271 5638 2278 5640 _
2308 5569 2607 5640 ἀσεϐείαςγᾴ
2640 5570 2701 5623 τὸ
2772 5569 2915 5640 ἱερδν
2999 5567 3107 5640 τῶν
3149 5566 3503 5640 Ναςηραίων-
3544 5566 3731 5640 σχῇμα

2145 5636 2504 5709 κὰθύόρισεν.
2567 5636 3096 5709 υιιιηιυϊιεῃοιὶωξ
3159 5636 3424 5709 diaconus
3486 5636 3543 5709 in
3611 5636 3727 5709 Vita

2145 5706 2637 5774 saneti'Nicephori
2671 5709 2881 5779 patricii
2906 5707 3519 5779 Copstantiuopolitani,
3540 5721 3601 5779 Vn.
3632 5706 3727 5771 ‘21;

2141 5781 2384 5837 Joannes
2414 5774 2802 5848 Piiocasfcap.
2840 5779 2897 5831 ll
2936 5795 2950 5843 ;
2986 5774 3402 5849 Laouicus,_ljb.
3440 5792 3493 5845 ις
3527 5776 3730 5832 Canta-

2144 5865 2402 5922 cuzenus,
2431 5851 2523 5909 lib.
2549 5865 2613 5918 ll,
2648 5865 2769 5920 cap.
2798 5849 2865 5903 lii
2894 5857 2947 5904 et
2977 5848 3046 5903 29
3075 5858 3127 5904 et
3150 5849 3264 5905 alii.
