4108 6484
426 479 570 546 1183

1667 485 1893 550 ΛΝΝᾸΕ
1923 484 2305 548 COMNEN/E

3554 473 3697 540 1184

423 592 553 644 lium
586 592 826 649 intuens.
861 593 1085 650 Ducitur
1116 594 1205 652 ille
1245 595 1421 652 minas
1457 596 1656 652 dudum
1694 613 1883 653 omnes
1911 615 2002 654 so-

2109 597 2318 659 ἐκεϊνος
2387 595 2703 668 ἀποδειλιᾷν
2754 594 2893 667 πρὸς
2939 593 3000 647 τὸ
3044 591 3155 664 πῦρ
3194 591 3290 646 ιαὶ
3335 588 3694 660 θορυϐεῖσθαι

425 683 554 740 litus
577 686 1040 743 confidentissime
1067 699 1440 746 contemnere.
1469 689 1580 748 Nec
1613 691 1829 747 remisit
1864 690 2010 748 fero-

427 777 568 829 ciam
603 777 653 828 in
683 776 862 845 primo
889 778 1004 848 ipso
1036 777 1266 834 flamma:
1296 789 1615 851 conspectu.
1654 781 1794 850 Quin
1821 798 2007 854 rogmn

422 859 533 930 iam
554 865 866 934 flagrantem
889 870 1074 936 procul
1101 870 1316 926 intuens
1345 872 1628 926 renidebat
1657 887 1853 928 securo
1899 873 2007 928 risu

429 966 483 1011 et
519 958 707 1011 insana
738 961 980 1027 quaedam
1005 960 1308 1017 vaticinans
1338 963 1699 1030 ominabatur,
1729 964 2009 1019 adfuturos

431 1061 624 1116 nempe
652 1061 847 1117 praesto
876 1052 1134 1120 quosdam
1177 1053 1418 1120 angelos,
1454 1055 1544 1125 qui
1589 1073 1653 1111 cx
1691 1058 1810 1127 igne
1831 1057 2008 1112 medio

429 1139 607 1206 ipsum
632 1142 924 1210 eriperent.
962 1144 1148 1215 Itaque
1176 1147 1660 1203 submurmurahat
1688 1165 1872 1205 secum
1910 1151 2010 1204 Da-

427 1232 661 1284 vidicum
704 1233 870 1288 illud:
914 1235 1000 1288 Ad
1043 1247 1092 1290 lc
1137 1247 1316 1293 autem
1359 1256 1460 1294 non
1519 1243 1952 1312 appropinquabit
1985 1261 2006 1300 :

427 1333 784 1380 verumtamen
852 1330 1019 1383 oculis
1069 1333 1173 1386 tuis
1221 1335 1578 1388 considerabis
1611 1337 1650 1391 ¹.
1702 1335 1896 1391 Verum
1951 1347 2009 1392 ut

427 1414 713 1472 discedens
736 1422 1082 1492 spatiumque
1112 1426 1248 1480 dans
1273 1430 1421 1478 eunti
1441 1441 1558 1494 quae
1585 1427 1637 1480 in
1674 1430 1849 1483 medio
1875 1446 2007 1486 con-

427 1506 646 1574 glohata
697 1511 850 1564 turba
915 1523 1262 1582 prospectum
1330 1518 1446 1588 rogi
1495 1526 1666 1573 totum
1709 1523 2004 1589 eripuerat.

429 1595 676 1668 (Viderat
720 1604 863 1657 enim
897 1606 1159 1661 hactenus
1204 1608 1360 1677 longe
1422 1611 1719 1678 procedens
1772 1613 2005 1670 Basilius

427 1703 700 1746 summum
749 1703 958 1749 tantum
1015 1713 1157 1768 pyra:
1205 1701 1445 1756 ardentis
1490 1705 1744 1758 verticem
1802 1707 2004 1761 fumum

427 1781 676 1837 scintillis
723 1787 942 1840 mistum
982 1789 1344 1848 emicantibus
1383 1794 1492 1849 alte
1524 1797 1791 1852 vibrantis
1838 1815 2005 1868 prope

427 1872 663 1927 medium
690 1876 918 1945 circum,
949 1879 1036 1935 ubi
1069 1885 1311 1950 pyramis
1345 1896 1564 1942 exstare
1616 1888 1807 1958 incipit
1870 1891 2005 1959 lapi-

425 1962 590 2034 dea);
633 1966 722 2019 ubi
744 1967 879 2036 jam,
941 1968 1186 2040 inquam,
1241 1977 1628 2046 propinquiore
1664 1994 1727 2034 ac
1763 1980 2007 2048 pleniore

429 2053 669 2112 fornacis
697 2058 1197 2118 iuﬂammatissimre
1241 2081 1534 2138 conspectu
1583 2070 1793 2128 albatus
1840 2075 2009 2132 miser

427 2154 534 2212 est,
591 2158 704 2202 tum
764 2166 893 2206 sane
952 2152 1041 2209 ille
1112 2160 1282 2212 audax
1343 2165 1720 2227 consternari,
1783 2166 2009 2224 horrere

429 2239 632 2306 ignem,
658 2252 904 2298 avertere
932 2247 1122 2302 oculos
1157 2252 1373 2319 saepius,
1420 2269 1612 2310 manus
1641 2259 2004 2327 complodere,

428 2327 606 2384 femur
636 2337 882 2402 tundere,
915 2339 1176 2410 signaque
1210 2345 1259 2398 id
1291 2361 1460 2412 genus
1480 2360 1671 2404 czctera
1703 2351 1864 2407 edere
1897 2369 2004 2409 non

427 2421 587 2476 dubia
618 2428 1038 2490 perturbationis
1096 2451 1343 2490 summm.
1372 2439 1575 2494 Tamen
1604 2443 1683 2496 vel
1703 2445 1784 2499 sic
1804 2445 2007 2502 intueri

427 2513 578 2568 licuit
609 2531 769 2585 quam
802 2524 1016 2590 penitus
1046 2527 1235 2582 coalita
1260 2529 1548 2588 iuhzereret
1593 2535 1780 2606 impio,
1816 2539 2003 2607 plane-

427 2621 534 2673 que
576 2607 919 2668 indomabilis
973 2617 1200 2674 malitia.
1251 2623 1386 2676 Cum
1430 2640 1648 2682 onmem
1696 2629 1750 2683 in
1797 2641 2003 2698 partem

426 2713 488 2753 se
539 2710 807 2770 verteret,
841 2718 1121 2764 aversatus
1153 2709 1385 2769 fanatice
1429 2731 1642 2771 sacram
1689 2729 1744 2774 et
1793 2719 2000 2777 saluta-

426 2803 540 2846 rem
593 2809 808 2851 crucem
845 2809 927 2852 est
959 2818 975 2860 :
1019 2802 1156 2858 adeo
1186 2820 1282 2859 cor
1310 2807 1715 2864 adamantinum
1744 2812 2006 2869 ferream-

373 2895 378 2898 '
425 2901 533 2954 que
574 2890 810 2944 animam
836 2908 934 2947 nec
961 2894 1076 2961 ipsa
1114 2906 1220 2950 tam
1256 2913 1422 2970 pr0pe
1455 2901 1673 2958 admota
1708 2913 1815 2960 tam
1843 2909 2007 2963 vehe-

427 2993 581 3033 mens
603 2978 833 3037 flammze
863 2985 944 3039 vis
985 2987 1226 3044 tuoilivit.
1251 2989 1363 3045 Nec
1389 2995 1639 3050 cessabat
1685 2996 2001 3067 imperator,

427 3069 764 3126 missitandis
783 3073 872 3128 tali
899 3076 1117 3142 periculi
1149 3080 1382 3136 articulo
1411 3084 1719 3143 salubribus
1747 3090 1999 3145 admoni-

427 3160 664 3217 tionibus
697 3165 761 3217 ad
789 3167 1059 3234 perditum
1085 3207 1100 3234 ,
1137 3173 1374 3238 experiri
1404 3176 1642 3232 remedia
1673 3193 1916 3236 extrema
1949 3191 2005 3238 et

2111 687 2308 744 ὲδὸκει.
2343 689 2618 758 Ἐστρεφε
2653 687 2764 758 γᾶρ
2795 686 2894 748 τὰς
2925 684 3081 754 δψεις
3115 682 3374 745 πολλάκις
3403 681 3498 734 καὶ
3530 681 3696 750 ἐκρό-

2107 795 2191 833 τει
2221 779 2320 842 τὰς
2363 781 2556 850 χεῖρας
2606 780 2703 832 καὶ
2761 779 3038 832 ἐπάτασσε
3095 775 3185 829 τὸν
3223 773 3421 844 μηρὸν,
3443 769 3554 826 οἷον
3578 774 3696 835 τοῖς

2109 871 2255 934 ὅλοις
2317 870 2780 942 ὲξαπορούμενος.
2838 870 3029 939 Ὅμως
3081 867 3176 920 καὶ
3202 866 3377 928 οὑτως
3425 864 3565 935 ἔχων
3594 865 3694 917 καὶ

2110 962 2220 1015 ἀπὸ
2247 961 2420 1032 μόνης
2451 962 2551 1032 τῆς
2577 961 2705 1024 θέας
2730 961 2805 1023 ὡς
2855 960 3220 1029 ἀδαμάντινος
3246 953 3316 1026 ἦν
3346 973 3362 988 ο
3397 954 3522 1009 οὔτε
3580 953 3692 1023 γὰρ

2108 1051 2170 1104 τὸ
2200 1052 2308 1121 πῦρ
2333 1051 2684 1121 κατεμάλαξε
2708 1050 2807 1122 τὴν
2845 1050 3077 1121 σιδηρᾶν
3127 1047 3294 1102 αὑτοῦ
3323 1046 3524 1116 ψυχήν,
3565 1045 3692 1098 οὔτε

2109 1145 2165 1196 αἱ
2195 1143 2289 1197 τοῦ
2339 1143 2750 1215 αὐτοκράτορος
2809 1143 2948 1212 πρὸς
2975 1142 3140 1195 αὑτὸν
3169 1141 3544 1210 διαπόμπιμοι
3573 1138 3694 1192 δια-

2114 1236 2375 1307 μηνύσεις
2426 1235 2767 1301 κατέθελξαν
2794 1249 2808 1264 ⁶
2873 1235 2987 1288 ἀλλ’
3043 1233 3153 1286 εἴτε
3187 1232 3422 1286 ἀπόνοια
3455 1230 3692 1300 μεγίστη

2109 1327 2300 1381 τοῦτον
2328 1329 2628 1396 κατείληφε
2663 1327 2754 1379 διὰ
2784 1326 2885 1395 τήν
2917 1325 3287 1396 παρεστῶσαν
3315 1323 3565 1392 ἀνάγκην
3597 1322 3696 1375 καὶ

2117 1419 2408 1491 συμφοράν
2437 1436 2451 1451 ο
2482 1421 2578 1473 καὶ
2603 1419 2825 1488 ἀπόρως
2853 1417 3026 1481 οὕτως
3053 1412 3166 1487 εἶχε
3188 1415 3289 1484 τῆς
3312 1413 3559 1483 γνώμης,
3598 1413 3696 1465 καὶ

2108 1515 2385 1584 διάκρισιν
2411 1513 2763 1567 οὐδεπωσοῦν
2786 1513 2832 1545 ⁸⁵
2857 1511 3136 1582 ἐλάμϐανε
3164 1508 3258 1562 τοῦ
3295 1507 3692 1578 συμφέροντος·

2109 1607 2216 1660 εἴτε
2248 1609 2394 1661 καλὸ
2455 1606 2747 1677 κατασχὼν
2815 1608 2916 1677 τὴν
2969 1605 3149 1676 ψυχὴν
3202 1603 3370 1658 αὑτοῦ
3419 1602 3693 1663 διάϐολος,

2109 1701 2247 1769 ὅπερ
2277 1703 2368 1753 καὶ
2431 1701 2634 1770 μᾶλλον
2698 1700 2868 1763 δοκεῖ,
2923 1699 3120 1761 σκότος
3164 1696 3332 1751 αὑτοῦ
3387 1695 3696 1765 βαθύτατον

2109 1793 2538 1847 κατεσκέδασεν.
2594 1793 2858 1862 Είστήκει
2919 1791 3057 1863 πρὸς
3092 1792 3278 1844 πᾶσαν
3299 1788 3531 1857 ἀπειλήν
3593 1789 3696 1840 καὶ

2111 1885 2244 1954 πρδς
2284 1885 2465 1938 πάντα
2493 1885 2660 1953 φόϐον
2688 1884 2989 1954 ἀμηχανῶν
3017 1886 3043 1937 ὁ
3067 1882 3452 1944 κατάπτυστος
3485 1881 3699 1943 ἐκεῖνος

2037 1951 2079 2006 Β
2108 1951 2413 2040 Βασίλειος,
2445 1951 2540 2029 καὶ
2570 1978 2665 2029 νῦν
2689 1951 2956 2045 μεν-’πρὸς
2985 1975 3083 2045 τὴν
3109 1973 3385 2042 πυρκαϊὰν
3414 1972 3694 2042 ἐκεχήνει,

2107 2067 2205 2122 νῦν
2255 2068 2314 2122 δὲ
2345 2069 2486 2139 πρὸς
2515 2069 2643 2131 τοὺς
2706 2068 3088 2138 παρεστῶτας,
3127 2069 3222 2121 καὶ
3260 2067 3430 2119 πᾶσιν
3462 2064 3537 2128 ὡς
3560 2063 3700 2135 ἀλη-

2109 2160 2219 2223 θῶς
2290 2160 2655 2228 κατεφαίνετο
2716 2158 3014 2230 μεμηνώςο
3079 2160 3175 2213 καὶ
3235 2159 3374 2230 μήτε
3427 2157 3568 2227 πρὸς
3587 2156 3693 2226 τὴν

2111 2256 2394 2326 πυρκαϊὰν
2427 2255 2704 2327 ἐφορμῶν,
2733 2255 2860 2327 μήτ’
2890 2255 3233 2318 ὀπισθόπους
3282 2254 3419 2316 ὅλως
3474 2251 3702 2321 γινόμε-

2109 2369 2222 2414 νος,
2271 2350 2391 2405 ἀλλ’
2426 2349 2700 2421 ἐπεπήγει
2760 2349 2854 2402 καὶ
2904 2349 3166 2415 ἀκίνητος
3229 2342 3296 2418 ἦν
3340 2347 3427 2414 ἐφ’
3474 2337 3537 2399 οῦ
3593 2361 3698 2398 που

2107 2445 2204 2498 καὶ
2238 2443 2307 2497 τά
2338 2443 2542 2514 πρῶτα,
2574 2441 2935 2495 κατελάϐετο.
2989 2440 3210 2493 Πολλῶν
3240 2439 3297 2492 δὲ
3340 2437 3516 2506 λόγων
3547 2437 3702 2506 ρεόν-

2107 2555 2218 2592 των
2253 2537 2348 2592 καὶ
2401 2535 2512 2589 τῶν
2550 2533 2955 2606 τερατολογιῶν
2990 2531 3158 2587 αὑτοῦ
3189 2532 3278 2586 διὰ
3308 2532 3494 2599 πάσης
3516 2527 3698 2597 γλώτο

2106 2646 2210 2700 της
2233 2629 2583 2700 φερομένων,
2629 2625 2910 2687 δείσαντες
2942 2625 2993 2678 οί
3020 2624 3212 2694 δήμιοι
3281 2622 3477 2693 μήπως
3514 2619 3624 2689 ἀρα
3645 2617 3701 2671 οἱ

2106 2719 2250 2789 ἀμφὶ
2279 2718 2370 2772 τὸν
2421 2718 2707 2772 Βασίλειον
2759 2715 3017 2786 δαίμονες
3077 2715 3282 2768 ἄτοπόν
3312 2730 3364 2766 τι
3395 2727 3699 2782 τερατουρ-

2106 2813 2364 2882 γήσειαν,
2416 2807 2882 2881 παραχωροῦντος
2951 2807 3112 2873 Θεοῦ,
3166 2807 3262 2860 καὶ
3317 2803 3600 2873 ἀλώϐητος
3628 2805 3696 2856 ἐκ

2111 2902 2280 2972 μέσου
2311 2900 2407 2954 τοῦ
2446 2898 2702 2952 τοσούτου
2751 2898 2922 2968 πυρδς
2952 2896 3147 2967 ὀφθείη
3183 2898 3210 2948 ὁ
3241 2895 3522 2957 κάκιστος,
3558 2892 3701 2964 πρός

2107 3011 2232 3048 τινα
2264 2994 2428 3047 τόπον
2478 2989 2891 3062 δημοσιώτατον
2921 2990 3243 3059 ἀφιγμένος,
3306 2988 3403 3042 καί
3455 2988 3702 3057 γένηται

2107 3088 2146 3156 ἡ
2173 3085 2403 3154 ἐσχάτη
2427 3083 2634 3152 πλάνη
2671 3086 2878 3154 χεῖρον
2896 3081 2943 3114 ’⁸⁸
3001 3078 3115 3150 τῆς
3163 3080 3422 3148 πρώτης,
3469 3079 3701 3149 δοκιμα-

2122 3178 2246 3232 σίαν
2297 3179 2422 3231 τινὰ
2470 3177 2659 3241 ἔδοξαν
2719 3173 3076 3248 ποιήσασθαι·
3133 3173 3564 3243 τερατευομένου
3589 3171 3702 3241 γὰρ

425 3267 709 3320 supremas
749 3271 873 3325 spes
897 3267 1126 3317 tentare.
1164 3262 1391 3321 Frustra
1432 3271 1614 3322 omnia
1650 3281 1834 3327 contra
1871 3289 1998 3344 per-

2109 3269 2317 3322 ἒκείνου
2387 3268 2482 3321 καὶ
2537 3267 2836 3337 αὑχοῦντος
2894 3265 2970 3329 ὡς
3032 3267 3094 3318 ἐκ
3154 3265 3325 3334 μέσου
3381 3262 3475 3317 τοῦ
3527 3263 3702 3331 πυρὸς

428 3345 683 3400 tinaciam
720 3348 1098 3420 durissimam;
1162 3371 1284 3410 nam
1345 3357 1460 3413 sive
1501 3358 1716 3428 objectu
1745 3363 2010 3420 discrimi-

427 3435 515 3492 nis
569 3441 796 3495 extremi
854 3442 1005 3497 furor
1047 3445 1322 3504 hominem
1380 3455 1643 3525 corripuit
1693 3458 2004 3526 maximus;

427 3527 542 3584 sive
593 3530 737 3586 inter
803 3533 1016 3590 diversa
1087 3538 1262 3607 posito
1335 3557 1430 3596 sua
1489 3543 1602 3612 ipsa
1671 3548 2010 3614 perturbatio

431 3622 628 3676 tuentis
665 3625 841 3681 anxiae
887 3629 1172 3685 arbitrium
1217 3632 1449 3705 eligendi
1495 3640 1847 3708 przepedivit;
1895 3641 2011 3698 sive

432 3711 597 3781 (quod
644 3717 858 3774 videtur
885 3721 1260 3796 verisimilius)
1293 3727 1384 3796 qui
1425 3729 1542 3799 ejus
1572 3741 1806 3788 mentem
1841 3748 2008 3790 occu-

429 3803 593 3870 pabat
621 3807 792 3864 malus
821 3810 1030 3869 daemon
1065 3817 1422 3876 densissimas
1470 3823 1519 3878 ei
1559 3827 1821 3893 quasdam
1855 3836 2008 3884 tene-

431 3895 558 3951 bras
592 3899 801 3964 ofi‘udit,
836 3908 1080 3964 constitit
1121 3913 1186 3966 ad
1237 3913 1414 3970 minas
1447 3925 1758 3987 metumque
1790 3934 2008 3978 omnem

432 3988 679 4058 obstipns
718 3993 873 4048 bruta
915 4001 1268 4069 stupidilate,
1303 4005 1546 4074 nihilque
1589 4009 1802 4064 consilii
1842 4025 2010 4078 expe-

432 4076 588 4173 diens
643 4080 874 4140 Basilius
911 4087 1037 4157 hic,
1080 4093 1359 4148 sordidum
1413 4109 1576 4169 caput
1634 4116 1698 4157 ac
1756 4076 2012 4173 desputa-

433 4167 579 4238 bile;
629 4187 770 4230 nunc
802 4179 1019 4246 quidem
1067 4183 1434 4245 inhiabundus
1466 4167 1654 4261 pyram
1699 4211 1886 4251 versus
1921 4197 2012 4254 in-

433 4262 552 4315 sani
586 4279 735 4320 more
770 4284 785 4322 :
815 4285 962 4327 nunc
988 4273 1054 4327 ad
1078 4285 1317 4334 astantes
1345 4282 1458 4351 pari
1487 4284 1666 4340 vultus
1689 4283 1830 4343 finde
1859 4290 2013 4347 hian-

434 4354 504 4409 tis
527 4355 869 4418 deformitate
895 4379 953 4419 se
980 4365 1308 4438 obvertens;
1334 4374 1618 4446 palamque
1645 4377 1811 4452 494
1837 4384 2013 4439 omni-

433 4445 536 4503 bus
573 4451 815 4509 stultitite
858 4467 1005 4513 certa
1041 4475 1151 4515 suae
1181 4463 1503 4523 documenta
1533 4445 1845 4529 iexhib‘ens.
1912 4475 2009 4531 Cui

430 4554 609 4609 neque
654 4545 868 4602 animus
913 4550 979 4602 ad
1021 4553 1386 4612 accedendum
1441 4575 1656 4630 rogum,
1703 4580 1803 4620 nec
1842 4567 2003 4622 fixum

431 4636 808 4692 retrocedendi
855 4641 1142 4698 consilium
1169 4657 1314 4702 esset
1349 4667 1363 4704 :
1395 4651 1488 4704 sed
1524 4654 1677 4720 quasi
1728 4657 2004 4728 utrimque

435 4731 657 4788 tractus,
691 4727 901 4785 libratis
933 4737 1256 4799 procedendi
1282 4749 1336 4792 et
1360 4745 1734 4800 retrocedendi
1765 4727 2012 4815 impulsi-

431 4811 553 4876 bus,
573 4817 766 4873 stolide
805 4823 1058 4889 stupidus
1095 4826 1148 4880 in
1180 4829 1654 4902 medio-haerebat,
1692 4837 1746 4891 in
1779 4811 2008 4910 vestigio

432 4905 575 4967 quod
626 4904 765 4961 forte
806 4909 1039 4977 primum
1075 4915 1434 4985 impresserat
1467 4923 1698 4981 defixus.
1732 4926 1867 4981 Cum
1914 4904 2010 4984 au-

436 5001 540 5045 tem
578 4996 742 5050 multa
776 5001 1087 5058 nuntiorum
1121 5007 1462 5075 imperatoris
1499 5017 1668 5070 surdo
1702 5021 2009 5076 canentium

433 5081 597 5135 verba
668 5089 1065 5161 perderentur;
1123 5099 1432 5172 celebrique
1477 5115 1587 5158 tum
1641 5111 1875 5165 maxime
1915 5126 2011 5180 per

432 5175 712 5233 concionis
753 5193 849 5233 ora
897 5183 1299 5248 circumstantis
1385 5197 1659 5254 mentione
1709 5205 2010 5273 pra-Stigia-

435 5281 552 5319 rum
589 5269 748 5339 hujus
784 5275 953 5340 senis,
990 5282 1364 5354 minarumque
1401 5305 1543 5360 saepe
1572 5307 1636 5346 ex
1687 5269 1755 5349 eo
1806 5297 2013 5351 audita-

435 5375 576 5456 rum,
630 5365 827 5431 quibus
879 5370 1227 5438 spondebat:
1281 5393 1404 5435 sese
1435 5386 1715 5451 geniorum
1753 5401 1853 5456 ope
1902 5387 2007 5444 sibi

433 5448 729 5510 faventium
765 5459 1095 5525 quibuslibet
1133 5480 1163 5518 e
1199 5467 1357 5524 malis
1407 5474 1744 5531 evolaturum
1804 5478 2012 5534 incolu-

435 5556 604 5600 mem:
644 5549 800 5602 veriti
830 5551 1026 5622 quibus
1057 5558 1380 5630 supplicium
1414 5565 1655 5624 damnati
1713 5570 2009 5627 demanda-

565 5726 710 5784 Psal.
740 5747 868 5799 xxx,
903 5734 954 5801 7,
980 5733 1036 5790 8.

1462 5837 1680 5928 ,_Varite
1704 5838 2019 5931 lectiones
2063 5844 2311 5934 ex__cod.
2347 5844 2616 5908 Coislin.

511 5924 558 5956 “
593 5924 818 5989 κείρων.

2110 3359 2393 3430 ἀλώϐητος
2453 3359 2782 3430 ὀφθήσεται.
2849 3357 3277 3426 Ἀναλαϐόμενοι
3333 3354 3425 3408 τὸν
3453 3354 3700 3425 μανδὺαν

2109 3451 2278 3506 αὑτοῦ
2307 3451 2539 3522 ἔφασαν,
2572 3455 2646 3516 ὡς
2681 3452 2915 3521 Ἰδωμεν
2953 3451 3004 3504 εί
3059 3449 3135 3521 μὴ
3161 3449 3272 3501 τῶν
3309 3447 3418 3501 σῶν
3479 3447 3704 3516 ἀμφίων

2109 3543 2310 3616 ἅψεται
2335 3543 2397 3598 τὸ
2429 3543 2564 3616 πῦρ,
2629 3543 2725 3597 καὶ
2772 3543 3126 3615 παραχρῆμα
3148 3542 3229 3604 είς
3268 3540 3436 3611 μέσον
3463 3537 3701 3610 ἔρριψαν

2108 3641 2208 3710 τῆς
2235 3638 2494 3709 καμίνου.
2555 3637 2614 3691 '0
2646 3637 2748 3708 μὲν
2797 3633 2895 3691 οὖν
2949 3634 3239 3697 Βασίλειος
3289 3633 3384 3687 ἐπὶ
3438 3631 3698 3686 τοσοῦτον

2110 3731 2376 3800 ὲγάννυτο
2398 3730 2504 3784 ὑπὸ
2536 3729 2632 3784 τοῦ
2665 3728 3056 3794 ὲξαπατῶντος
3083 3727 3251 3781 αὑτὸν
3289 3725 3569 3794 δαίμονος,
3609 3721 3704 3776 λέ-

2111 3841 2225 3893 γων
2252 3823 2328 3888 ὡς
2343 3820 2542 3891 Ὁρᾶτε
2573 3823 2681 3875 τὸν
2694 3821 2982 3891 ’μανδύαν
2995 3822 3084 3886 εἰς
3099 3819 3246 3887 ἀέρα
3267 3815 3698 3886 ἀνιπτάμενον.

2113 3917 2178 3969 Ol
2209 3915 2267 3968 δὲ
2295 3917 2358 3967 ὲκ
2405 3914 2500 3967 τοῦ
2529 3914 2846 3984 κρασπέδου
2872 3912 2935 3965 τὸ
2960 3911 3194 3981 ὕφασμα
3235 3911 3699 3979 κατανοήσαντες,

2117 4007 2358 4079 ἄραντες
2379 4000 2530 4060 ὦσαν
2552 4006 2719 4060 αὑτὸν
2749 4006 2934 4066 αὐτοῖς
2964 4003 3206 4075 ἱματίοις
3232 4003 3328 4056 καὶ
3355 4000 3700 4070 ὑποδήμασιν

2113 4099 2193 4163 εἰς
2221 4099 2284 4153 τὸ
2341 4100 2516 4170 μέσον
2573 4101 2674 4169 τῆς
2733 4098 3011 4168 καμίνου·
3071 4096 3169 4150 καὶ
3230 4094 3482 4149 τοσοῦτον
3509 4091 3700 4165 ὥσπερ

2115 4191 2242 4246 κατ’
2261 4190 2431 4244 αὑτοῦ
2455 4189 2774 4261 θυμουμένη
2803 4188 2836 4260 ἠ
2864 4187 2999 4256 φλὸξ
3026 4185 3355 4257 διεϐοσκήθη
3387 4186 3480 4238 τὸν
3526 4181 3700 4252 ἀσεϐῆ

2113 4284 2254 4338 ὥστε
2323 4281 2460 4354 μηδὲ
2510 4281 2744 4336 κνίσσαν
2798 4278 2924 4333 τι.νά
2975 4277 3260 4348 γενέσθαι,
3320 4275 3456 4347 μηδὲ
3491 4274 3702 4336 καπνοῦ

2111 4394 2255 4440 τινος
2286 4374 2639 4443 καινοτομίαν
2677 4375 2893 4445 ἑτέραν,
2940 4371 3056 4426 ἀλλ’
3167 4370 3328 4439 μόνον
3355 4369 3559 4437 λεπτήν
3581 4383 3706 4422 τινα

2112 4467 2380 4540 γραμμὴν
2436 4465 2708 4533 καπνώδη
2789 4464 3031 4534 φανῆναι
3096 4463 3242 4516 κατὰ
3293 4461 3354 4515 τὸ
3412 4460 3580 4531 μέσον
3603 4460 3704 4529 τῆς

2114 4559 2335 4629 φλογός·
2369 4557 2469 4612 καὶ
2517 4558 2627 4628 γὰρ
2660 4556 2849 4610 καὶτὰ
2879 4558 3123 4626 στοιχεῖα
3148 4555 3293 4609 κατὰ
3343 4554 3452 4608 τῶν
3486 4551 3702 4606 ἀσεϐῶν

2111 4649 2425 4720 ἐπαίρεται.
2474 4648 2725 4702 Φείδεται
2787 4647 2863 4711 ὥς
2914 4664 2980 4717 γε
3025 4646 3074 4702 τ’
3106 4646 3308 4718 ἀληθὲς
3369 4647 3548 4699 εἰπεῖν
3590 4643 3702 4697 τῶν

2107 4742 2369 4813 θεοφιλῶν
2399 4743 2592 4815 ὥσπερ
2659 4743 2793 4797 ποτὲ
2840 4740 3120 4812 ὑπεχώρει
3171 4741 3265 4794 καὶ
3292 4737 3559 4792 ὑπείκαθε
3586 4737 3704 4800 τοῖς

2116 4834 2428 4906 θεοφιλέσιν
2460 4835 2695 4899 ἐκείνοις
2729 4833 2969 4897 νεανίαις
3004 4835 3061 4886 έν
3081 4831 3494 4897 Βαϐυλῶνι,κα“ι
3519 4829 3705 4898 περιέ-

2118 4943 2316 4999 στεφεν
2343 4927 2541 4990 αὑτοὺς
2563 4929 2623 4981 τὸ
2664 4927 2776 4997 πῦρ
2802 4927 3057 4996 καθάπερ
3085 4941 3170 4987 τις
3192 4922 3510 4996 χρυσοειδὴς
3539 4921 3705 4976 θάλα-

2111 5037 2232 5092 μος.
2273 5019 2546 5074 Ἐνταῦθα
2592 5020 2651 5073 δὲ
2697 5018 2792 5071 τὸν
2871 5016 3152 5086 ἀλάστορα
3201 5017 3395 5109 τοῦτον
3420 5015 3737 5109 Βασίλειον.

2107 5111 2262 5165 οῦπω
2297 5111 2544 5184 ἀκριϐῶς
2563 5111 2613 5163 οἱ
2642 5109 2838 5163 τοῦτον
2864 5111 3308 5181 μετεωρίσαντες
3342 5104 3510 5177 εἶχον,
3550 5108 3643 5160 καὶ
3663 5109 3697 5177 ἡ

2109 5205 2244 5274 φλὸξ
2269 5205 2445 5259 ἐδόκει
2501 5203 2899 5273 προεκτρέχειν
2934 5203 3022 5272 ἐφ’
3055 5195 3099 5270 ᾧ
3122 5201 3212 5255 τὸν
3243 5201 3480 5270 δυσσεϐῆ
3539 5199 3736 5274 ἐξαριζ

2112 5299 2305 5353 micat.
2327 5297 2432 5351 Τὸν
2459 5297 2504 5349 δ’
2543 5295 2839 5349 ὑπόλοιπον
2869 5295 3127 5366 ἀριθμὸν,
3157 5295 3274 5348 ὅσοι
3297 5293 3396 5363 τῆς
3421 5292 3702 5353 ἀπωλείας

2107 5385 2249 5460 ἦσαν
2279 5389 2372 5442 τοῦ
2404 5387 2684 5442 Βασιλείου
2747 5386 3114 5456 σφαδάζοντος
3147 5385 3244 5439 τοῦ
3293 5384 3703 5470 παρεστηκότος

2114 5477 2248 5532 λαοῦ
2292 5481 2390 5532 καὶ
2450 5477 2780 5549 βιαζομένου
2826 5475 3146 5548 ὲπιρῤίψειν
3206 5474 3303 5526 καὶ
3347 5469 3552 5533 αὖτοὺς
3627 5469 3705 5539 τῷ

2119 5571 2277 5642 πυρὶ,
2307 5573 2337 5626 ὁ
2397 5569 2756 5641 αὐτοκράτωρ
2782 5568 2844 5623 οὑ
2891 5564 3296 5637 συνεχώρησεν.
3340 5560 3704 5633 Ἐγκλεισθῆο

3729 5316 3776 5430 K
