4108 6464
383 394 520 460 1185

1642 398 2057 460 ALEXIADIS
2097 401 2245 464 LIB.
2285 402 2414 463 XV.

3488 396 3624 464 [186

363 524 458 560 vat
490 504 569 574 (2)
607 502 875 567 κελεύσας
915 505 972 558 ἐν
1000 507 1114 569 τοῖς
1139 503 1184 538 ⁸⁷
1242 504 1352 558 τῶν
1375 561 1392 576 ο
1404 504 1683 576 μεγίστων
1712 509 1940 562 ἀνακτό-

2055 519 2164 565 tum
2195 520 2333 576 erat,
2369 524 2438 565 ne
2464 509 2586 580 quis
2622 522 2808 564 revera
2843 508 3104 562 malorum
3135 511 3435 564 daamonum
3462 526 3633 564 cnna-

367 613 477 668 ρων
496 587 678 657 στοαῖς
698 597 791 649 καὶ
814 597 927 658 τοῖς
945 598 1322 667 παραδρομοίς
1339 635 1355 660 ,
1392 598 1485 651 καὶ
1503 600 1694 652 τούτου
1724 600 1945 668 γεγονό·

362 705 455 752 τος
479 687 701 756 διελύθη
735 687 797 740 τὸ
851 687 1102 758 θέατρον,
1127 689 1222 741 καὶ
1251 688 1394 759 μετὰ
1421 690 1598 743 ταῦτα
1621 691 1931 761 διαδέχεται

362 782 488 842 τοὺς
543 779 741 841 ἀθέους
790 797 875 841 τις
918 780 1050 848 ἄλλη
1113 780 1494 852 ἀσφαλεστάτη
1568 782 1804 853 φρουρὰ,
1846 784 1927 844 εἰς

362 874 462 939 τὴν
486 872 531 903 ⁸⁸
558 872 935 942 ἐμϐληθέντες
971 872 1065 924 καὶ
1099 870 1267 926 πολύν
1288 892 1412 926 τινα
1445 875 1639 945 χρόνον
1670 875 1946 944 διατετρι-

2067 616 2171 670 tus,
2201 605 2252 657 in
2276 605 2502 673 gratiam
2530 602 2769 658 hominis
2796 618 2900 656 non
2929 609 3133 657 temere
3156 604 3388 672 suspecti
3423 602 3489 657 de
3520 618 3635 655 ma-

2051 697 2157 766 εἰει,
2195 705 2418 764 repente
2441 695 2754 758 exsisteret,
2789 694 3135 763 permittente
3157 694 3285 758 Deo,
3332 710 3439 764 quo
3479 693 3636 748 nefa-

2051 789 2163 842 rius
2191 791 2442 841 seductor
2480 802 2652 857 paenae
2684 789 3017 842 substractus
3057 797 3386 852 ss'rvaretur,
3435 802 3500 841 ac
3531 799 3634 856 per

2051 877 2258 930 medias
2301 886 2373 930 tot
2404 875 2650 930 ﬂammas
2691 877 2887 929 ill-testis
2929 887 3092 943 atque
3138 876 3346 944 integer
3373 890 3630 940 erumpe-

365 964 528 1033 φότες
560 965 628 1034 τῇ
680 962 908 1034 ἀσεϐείᾳ
957 963 1143 1017 αὐτῶν
1190 965 1551 1020 ἐναπέθανον.

2051 976 2154 1032 ret,
2181 968 2232 1020 in
2257 968 2434 1020 locum
2462 969 2692 1038 aliquem
2719 968 3015 1036 publicum,
3039 967 3126 1020 ubi
3161 977 3445 1020 ostentans
3479 980 3625 1028 sese,

363 1065 526 1124 atque
563 1059 707 1126 apud
756 1055 1089 1124 plcheculam
1135 1055 1372 1125 jactans,
1440 1059 1718 1127 imperitos
1763 1060 2101 1115 dementaret
2181 1075 2246 1114 eo
2294 1059 2547 1128 amplius,
2591 1070 2638 1113 et
2685 1070 2839 1129 esset,
2891 1060 3202 1113 novissimus
3262 1074 3410 1112 error
3483 1057 3635 1125 pejor

359 1149 610 1216 priore‘;
643 1139 1314 1217 experimentummagica:
1351 1149 1506 1203 istius
1537 1148 1809 1203 facultatis
1840 1150 2196 1204 decreverunt
2266 1165 2478 1219 capere.
2553 1147 2798 1203 Jactante
2879 1149 3140 1217 siquidem
3237 1146 3633 1216 praestigiatore

361 1256 502 1294 vano
556 1255 620 1294 ac
678 1243 960 1311 magnilire
997 1242 1297 1312 gloriante,
1373 1258 1491 1296 sese
1543 1258 1609 1296 ex
1660 1243 1760 1298 hoc
1823 1244 1937 1313 ipso
1979 1252 2126 1296 lauto
2201 1245 2322 1311 igne
2387 1258 2725 1296 emersurum
2783 1243 3130 1301 incolumem,
3202 1253 3265 1293 ac
3309 1239 3425 1290 sine
3487 1249 3630 1290 noxa

359 1331 802 1400 conspiciendum
882 1334 1097 1404 palam;
1169 1333 1404 1386 ministri
1480 1347 1754 1404 at't‘epLum
1815 1337 1932 1404 ejus
1973 1337 2264 1389 mantelum
2314 1336 2367 1388 in
2402 1333 2650 1390 ﬂammas
2731 1334 2963 1403 jaciunt,
3046 1333 3429 1398 Ettperiamur,
3481 1331 3630 1382 aien-

362 1433 462 1484 tes.
504 1435 681 1476 utrum
726 1424 779 1477 in
811 1438 928 1478 tuas
965 1437 1140 1480 vestes
1185 1428 1304 1492 vim
1339 1427 1478 1495 ignis
1552 1428 1713 1482 ullam
1759 1429 1972 1482 habeat.
2050 1428 2284 1482 Tantum
2314 1443 2473 1496 porro
2497 1427 2595 1481 fuit
2624 1429 2676 1480 in
2705 1428 2874 1480 deliro
2902 1426 3178 1479 ciliccrnio
3205 1425 3503 1491 vecordiae;
3531 1435 3629 1482 aut

357 1521 545 1589 potius
580 1530 686 1573 tam
733 1521 963 1574 versutis
1013 1521 1273 1574 miserum
1305 1522 1588 1578 fraudibus
1627 1523 1796 1578 malus
1828 1523 2060 1588 daemon,
2097 1524 2350 1592 deceptor
2425 1520 2819 1582 astutissimus,
2899 1526 3254 1588 perverterat,
3327 1526 3385 1568 ut
3443 1525 3632 1571 contra

359 1626 520 1680 quam
551 1628 739 1667 omnes
766 1629 950 1668 coram
985 1615 1252 1677 viderant,
1302 1617 1414 1681 ipse
1492 1633 1630 1671 unus
1706 1617 1896 1672 illusus
1958 1617 2324 1672 acclamaret:
2398 1614 2624 1683 Ecquid,
2665 1613 2939 1684 inquiens,
2982 1612 3166 1666 ridetis
3196 1611 3476 1664 mantelum
3515 1627 3633 1662 evo-

357 1704 470 1758 lare
500 1705 809 1760 inviolatum
862 1708 914 1760 in
963 1708 1130 1761 aera?
1165 1709 1241 1760 llli
1282 1725 1343 1762 ex
1394 1710 1495 1764 hoc
1537 1711 1832 1779 speeimine
1879 1713 1944 1765 de
1984 1723 2178 1767 caztera
2231 1710 2440 1763 insania
2492 1719 2545 1762 et
2606 1709 2866 1760 inatdtate
2958 1707 3226 1760 minarum
3325 1702 3626 1768 nebulonis,

359 1795 550 1850 idonea
599 1810 754 1867 capta
806 1799 1138 1866 COlle‘Cilll'a,
1201 1801 1522 1871 prehensum
1584 1804 1758 1857 valide
1819 1819 1941 1858 cum
2016 1805 2363 1858 interim-ibus
2411 1804 2653 1856 vestibus
2697 1812 2748 1856 et
2816 1801 3011 1856 calceis
3057 1801 3384 1871 Praecipitem
3439 1800 3492 1852 in
3545 1814 3632 1852 ro-

355 1892 484 1946 hum
519 1892 845 1960 protrudunt
875 1893 1131 1946 medium.
1181 1893 1250 1946 At
1294 1894 1364 1947 illi
1413 1897 1546 1949 adeo
1587 1895 1799 1950 ﬂamma
1871 1914 1975 1950 non
2019 1899 2276 1967 pepercit,
2331 1909 2388 1949 ut
2436 1897 2582 1949 velut
2609 1895 2660 1950 ci
2687 1894 3024 1964 potissimum
3073 1893 3228 1955 irata,
3287 1902 3454 1947 totum
3523 1901 3632 1948 sta.

357 1979 454 2032 tim
515 1980 880 2048 absumpserit
935 1983 1184 2051 impium,
1242 1999 1309 2039 ne
1355 1987 1542 2041 nidore
1587 1989 1803 2054 quidem
1847 1999 1937 2041 aut
1980 1987 2126 2043 fumo
2158 1990 2424 2042 crassiore
2448 1989 2850 2056 misso,pra:ter
2877 1997 3087 2038 tenuem
3151 1984 3343 2038 lineam
3411 1983 3628 2052 gracilis

352 2076 590 2142 vaporis.
635 2073 836 2145 Suapte
874 2077 1124 2131 videlicet
1171 2079 1402 2146 quadam
1454 2092 1647 2148 sponte
1701 2079 1754 2134 in
1815 2083 2009 2152 impios
2083 2097 2298 2136 armare
2355 2095 2416 2136 se
2479 2079 2744 2134 elementa
2808 2079 3086 2146 gaudent:
3169 2079 3622 2144 quenmdmolnm

353 2169 688 2222 econtrario
733 2171 920 2222 eadem
987 2184 1017 2222 a
1073 2170 1203 2224 viris
1269 2173 1476 2226 sanctis
1537 2174 1642 2226 vim
1707 2176 1932 2229 noxiam
2009 2184 2328 2244 temperant.
2382 2172 2548 2227 Prout
2618 2172 2744 2227 olim
2797 2171 3224 2224 demonstratum
3277 2169 3413 2236 apud
3482 2169 3623 2220 illam

351 2257 733 2328 Babylmiieam
779 2257 1057 2312 fornacem
1130 2261 1180 2314 in
1238 2263 1411 2317 tribus
1477 2263 1621 2319 notis
1699 2267 1770 2320 illi
1836 2267 1924 2321 Dei
1967 2270 2272 2322 amantibus
2297 2267 2610 2336 juvenibus,
2676 2280 2812 2334 quos
2853 2263 3059 2317 circum
3139 2265 3420 2333 amplexus
3464 2279 3632 2327 aurea

351 2348 499 2402 velut
531 2349 740 2404 fornice
769 2351 1052 2405 coronavit
1080 2351 1241 2422 ignis,
1280 2353 1331 2406 in
1368 2356 1600 2423 quodam
1633 2357 1787 2424 quasi
1853 2358 2090 2412 thalamo
2162 2357 2512 2426 compositos,
2585 2354 2756 2409 muris
2823 2353 3162 2407 ﬂammarum
3211 2355 3404 2409 idoneo
3451 2358 3630 2426 spatio

352 2445 534 2501 locum
585 2441 830 2494 dantium
911 2443 1036 2496 hinc
1104 2442 1230 2497 inde
1282 2454 1510 2498 structo.
1565 2443 1664 2499 Hic
1746 2461 1873 2500 vero
1922 2447 2218 2517 projectum
2267 2449 2318 2498 in
2351 2445 2636 2515 ﬂammam
2693 2444 2978 2498 scelestum
3033 2445 3176 2497 hunc
3254 2460 3633 2502 exsecratum-

350 2553 458 2610 que
490 2534 744 2590 Basilium
777 2534 866 2602 qui
901 2535 1264 2589 intentissime
1305 2547 1642 2605 spectarunt,
1721 2539 1952 2592 retulere
1997 2539 2078 2593 vix
2123 2540 2390 2594 sublatum
2460 2553 2489 2590 a
2531 2535 2807 2591 lictOribus
2847 2537 3028 2589 statim
3055 2547 3326 2591 momento
3356 2555 3628 2608 praevora-

352 2645 501 2701 tum;
537 2633 764 2688 ﬂammis
806 2631 1085 2684 ultricibus
1115 2630 1181 2681 ad
1225 2630 1601 2682 maturandam
1635 2632 1926 2698 perniciem
1967 2633 2113 2702 impii
2178 2633 2256 2686 sic
2305 2631 2479 2683 meriti
2516 2644 2834 2698 procurtere
2885 2629 3006 2683 vivo
3076 2641 3130 2684 et
3180 2632 3318 2687 irato
3389 2635 3623 2701 quodam

351 2727 552 2799 impetu
589 2723 985 2796 quodammodo
1020 2722 1170 2776 visis.
1245 2719 1378 2774 Tum
1425 2737 1550 2776 vero
1596 2722 1958 2777 circumstans
1997 2723 2227 2793 populus
2263 2722 2439 2776 simile
2477 2713 3034 2789 suppliciumolttare,
3083 2726 3398 2794 magnisque
3475 2727 3628 2778 voci-

354 2823 456 2878 bus
485 2836 548 2875 ac
579 2818 814 2873 motibus
845 2813 1154 2870 incendium
1185 2827 1430 2882 poscere,
1465 2814 1533 2868 iis
1564 2815 1651 2883 qui
1684 2815 1937 2869 astabant
1977 2832 2083 2870 non
2128 2829 2294 2884 parvo
2343 2829 2570 2868 numero
2632 2814 2811 2868 Basilii
2862 2816 3220 2870 sectatoribus
3306 2817 3628 2875 dementiae;

352 2912 713 2970 admovebant
755 2908 887 2976 quin
919 2907 1085 2959 etiam
1122 2907 1344 2958 infestas
1381 2921 1588 2968 manus,
1636 2916 1690 2960 et
1760 2908 1964 2961 medios
2035 2908 2088 2961 in
2136 2907 2405 2959 llnnmam
2463 2906 2753 2975 projecturi
2807 2906 3194 2974 corripiebant,
3256 2909 3356 2962 nisi
3425 2919 3632 2968 vetaret

352 3009 647 3077 imperator
677 3003 766 3070 qui
803 3001 977 3056 claudi
1001 3016 1188 3055 omnes
1216 2999 1521 3070 illosjussit
1591 2999 1651 3054 in
1686 3000 1988 3069 porticibus
2027 3010 2081 3054 et
2129 2998 2314 3070 Xystis
2363 2998 2545 3067 palatii
2595 3000 2837 3053 maximi.
2920 2999 3009 3054 Sic
3101 3001 3329 3055 dimisso
3418 3003 3630 3057 theatro

353 3101 572 3170 provisa
611 3096 762 3150 brevi
799 3102 1097 3163 parataque
1121 3104 1206 3148 est
1271 3092 1376 3147 alia
1427 3093 1698 3145 tutissima
1753 3091 2008 3146 ‘custodia
2049 3093 2102 3146 in
2134 3106 2295 3161 quam
2329 3090 2491 3162 495
2523 3090 2668 3145 athei
2711 3089 2970 3162 Bogomili
3022 3095 3270 3148 translati
3319 3109 3382 3148 ac
3426 3095 3628 3163 longis-

351 3193 492 3247 simo
537 3199 778 3257 tempore
825 3185 1031 3241 detenti
1059 3193 1205 3252 sunt,
1255 3186 1432 3256 quoad
1482 3185 1574 3256 qui
1631 3183 1766 3239 salvi
1809 3199 1930 3242 esse
1967 3185 2402 3256 pertinacissime
2442 3185 2707 3251 noluere,
2755 3185 2805 3239 in
2873 3171 2970 3238 sua
3022 3186 3258 3254 ipsorum
3351 3188 3633 3256 impietate

352 3283 465 3339 illic
493 3291 621 3337 sunt
646 3279 861 3335 mortui.

433 3375 610 3431 Τοῦτο
644 3375 744 3443 μὲν
794 3369 887 3426 οὖν
937 3371 1172 3426 ὕστατον
1227 3371 1388 3442 ἔργον
1445 3373 1540 3427 καὶ
1619 3371 1782 3429 ἆθλον
1832 3373 1940 3427 τῶν

2115 3368 2374 3425 Ultimum
2407 3363 2513 3417 hoc.
2538 3375 2672 3429 opus
2703 3359 3044 3428 imperatoris
3073 3357 3202 3424 fuit;
3240 3373 3346 3428 quo
3379 3359 3431 3412 in
3463 3373 3630 3430 opera

360 3467 587 3540 μακρῶν
659 3465 884 3519 ἐκείνων
954 3467 1135 3520 πόνων
1186 3468 1283 3519 καὶ
1339 3467 1790 3538 κατορθωμάτων
1841 3465 1938 3519 τοῦ

354 3559 764 3628 αὐτοκράτορας
814 3557 909 3610 καὶ
944 3558 1318 3628 καινοπραγία
1362 3575 1445 3621 τις
1477 3561 1571 3611 καὶ
1605 3560 1779 3629 τόλμη
1831 3575 1939 3610 πα·

357 3653 599 3722 ράδοξος·
657 3652 754 3704 καὶ
803 3645 956 3720 οἶμαι
1024 3652 1052 3702 ὁ
1091 3650 1210 3703 τότε
1251 3649 1444 3721 παρὼν
1509 3651 1542 3722 ἢ
1593 3652 1688 3705 καὶ
1763 3649 1940 3704 συνὼν

355 3746 554 3814 ἐκείνῳ
586 3743 860 3813 θαυμάζει
896 3743 1059 3812 μέχρι
1110 3742 1206 3795 τοῦ
1239 3743 1335 3795 νῦν
1383 3745 1479 3796 καὶ
1521 3743 1620 3813 οὐχ
1665 3742 1817 3813 ὕπαρ
1867 3743 1937 3795 τὰ

355 3835 474 3888 τότε
506 3834 853 3902 γεγενημένα
898 3831 1207 3884 θεάσασθαι
1240 3832 1410 3897 δοκεῖ,
1456 3833 1576 3886 ἀλλ’
1607 3833 1819 3902 ὄνειρός
1851 3849 1937 3896 τις

357 3923 510 3992 αὐτῷ
544 3925 644 3975 καὶ·
673 3923 946 3991 φαντασία
977 3925 1251 3990 φαίνεται.
1288 3924 1398 3976 Καὶ
1430 3925 1539 3992 γὰρ
1573 3923 1634 3988 ἐξ
1663 3925 1787 3976 ὅτου
1818 3923 1932 3977 τῶν

363 4016 531 4086 ὁρίων
555 4017 652 4085 τῆς
693 4013 981 4082 Ῥωμαίων
1011 4016 1186 4087 ἀρχῆς
1205 4057 1219 4081 ,
1246 4015 1304 4083 ἐξ
1329 4016 1502 4084 αὐτῆς
1532 4019 1626 4070 τοῦ
1653 4016 1938 4085 Διογένους

431 4154 451 4184 ¹
487 4151 678 4207 Matth.
712 4167 885 4212 xxvu.
912 4151 1002 4205 64.

2046 3483 2170 3524 cum
2203 3461 2433 3519 audendi
2486 3459 2691 3513 fiduciae
2729 3471 3068 3526 nequaquam
3112 3454 3322 3508 usitatae
3358 3457 3542 3523 ingens
3573 3467 3628 3508 et

2046 3572 2208 3627 supra
2278 3553 2496 3608 modum
2578 3547 2842 3603 mirabilis
2907 3560 3195 3600 successus
3263 3546 3623 3612 responderit,

2046 3651 2212 3706 credo
2244 3646 2516 3716 equidem,
2568 3641 2642 3695 uti
2678 3639 2972 3708 contigisse
3001 3637 3292 3691 verisimile
3322 3647 3404 3692 est
3437 3638 3503 3691 iis
3532 3637 3624 3705 qui

2045 3749 2340 3811 praesentes
2386 3734 2696 3794 adfuerunt,
2733 3739 2788 3782 ut
2835 3727 3006 3783 oculis
3039 3727 3129 3781 vix
3159 3727 3272 3781 suis
3317 3728 3621 3793 crederent,

2046 3835 2118 3887 ita
2154 3831 2516 3884 laboraturam
2572 3825 2626 3877 in
2674 3820 2838 3874 tantis
2887 3821 3048 3873 rebus
3097 3820 3222 3871 dum
3259 3817 3625 3872 narrabuntur

2044 3921 2328 3978 credendis
2372 3926 2711 3987 posterorum
2751 3911 2931 3965 (idem.
2982 3909 3117 3962 Nam
3167 3909 3212 3964 si
3245 3909 3366 3977 quis
3394 3909 3624 3968 anterio-

2047 4027 2164 4070 rum
2223 4007 2539 4064 memoriam
2587 4013 2886 4072 temporum
2939 3998 3182 4069 replicct,
3232 3998 3310 4052 sic
3365 3997 3618 4068 reperiet,

1364 4277 1567 4340 Varia;
1614 4275 1922 4339 lectiones
1964 4291 2042 4337 ex
2075 4277 2213 4339 cod.
2244 4274 2512 4339 Coisliu.

736 4406 780 4438 ..
810 4405 898 4476 ἢν,

437 4408 486 4441 ⁸⁷
521 4423 660 4470 ταις.

1391 4511 1535 4573 Car.
1571 4507 1904 4572 Dufresnii
1944 4507 2042 4568 Du
2075 4505 2301 4586 Cangii
2339 4513 2529 4570 nota).

435 4641 512 4715 (2)
539 4637 1207 4715 ‘ijlstodﬁraz._ltiliet
1239 4631 1692 4715 Alc_x_ius__l3asilii
1749 4640 1924 4715 secta-
1959 4630 2000 4685 D
2030 4633 2512 4715 posttq-‘untsumin
2538 4632 2824 4714 gestatoria
2861 4632 3222 4715 (iusseruntque
3246 4629 3617 4715 tit-Cutlodfattl

366 4704 511 4768 tores
545 4714 597 4766 in
619 4704 925 4782 porticibus
950 4708 1208 4779 palatium
1236 4704 1621 4782 ambientibus,
1658 4705 1723 4756 de
1745 4704 1944 4782 quibus

367 4787 433 4836 ad
467 4798 586 4850 pag.
621 4772 725 4834 355
760 4772 1000 4846 ini-ludi;
1033 4787 1188 4832 erant
1216 4776 1358 4828 enim
1389 4775 1442 4850 i_n
1472 4775 1621 4850 hisce
1649 4772 1945 4850 porticibus

362 4841 611 4905 carceres
645 4852 908 4918 inquibus
936 4841 1441 4918 détinebaptur‘rei.
1475 4841 1943 4918 Nicetas_l_’a_ph|a-

361 4937 441 4990 go.
461 4940 475 4974 :
492 4911 746 4990 Ἡμερῷῦ
773 4919 829 4970 δὲ
863 4915 1246 4990 παρελθουσῶν
1282 4913 1477 4990 olivum)
1494 4913 1572 4990 εἰς
1595 4913 1663 4962 τὰ
1688 4911 1948 4990 Νοξόμερα

365 4979 922 5058 ξοῖτον’πὲράςαντες
946 4979 958 4990 ’
977 4989 1297 5058 συνᾷέσνμιον
1329 4979 1685 5058 ἐγκλεῇουσιν.
1731 4979 1944 5058 getava

361 5065 621 5128 synodus,
659 5050 769 5112 act.
827 5059 894 5110 10
943 5074 957 5109 :
1011 5057 1119 5109 Καὶ
1150 5050 1453 5128 ἐμφρονροι
1487 5053 1546 5104 ὲν
1581 5053 1696 5128 τοῖς
1729 5050 1948 5121 Νουμέ-

366 5121 482 5201 pet;
525 5121 838 5198 γεγόναμεν
895 5128 991 5201 ἐπὶ
1052 5121 1282 5201 πολλαῖς
1322 5121 1576 5201 ἡμέραις.
1646 5121 1785 5201 _Sunt
1818 5137 1946 5201 vero

365 5192 620 5261 numera;
664 5192 760 5251 seu
826 5198 1009 5266 potius
1070 5195 1296 5258 numeri,
1353 5194 1617 5266 porticus,
1653 5192 1947 5266 inquibus

366 5271 710 5323 eatcubahant
744 5261 1052 5336 praetoriani
1087 5267 1311 5326 milites,
1346 5275 1403 5316 ttt
1431 5262 1640 5316 indicat
1683 5261 1944 5336 (iudintts,

365 5339 444 5393 De
477 5342 610 5408 orig.
634 5331 781 5391 (191a
815 5351 948 5390 voce
981 5336 1170 5390 Latina
1196 5349 1470 5408 numerus,
1487 5348 1613 5408 qua:
1641 5331 1944 5408 cohortem,

363 5397 655 5478 legionem,
691 5419 782 5461 aut
812 5408 1076 5478 mﬂitares
1104 5403 1290 5478 copias
1336 5397 1630 5478 significat.
1685 5397 1731 5452 Ν
1741 5416 1948 5455 umeros

364 5472 639 5542 militares,
677 5478 813 5531 dixit
835 5546 840 5547 ί
864 5475 1078 5547 Tyrius,
1105 5474 1206 5547 lib.
1239 5487 1299 5547 lt,
1332 5487 1448 5547 cap.
1477 5472 1573 5547 ἓξ),
1625 5481 1678 5524 ut
1724 5479 1950 5547 caeteros

366 5541 642 5612 omittam,
675 5563 810 5615 quos
834 5541 1052 5600 laudant
1091 5543 1346 5610 Cuiacius
1371 5541 1441 5615 ad
1475 5541 1567 5615 lib.
1596 5542 1945 5615 ttt_cod.__de

363 5618 451 5672 his
479 5610 710 5686 qui'noti
739 5617 888 5686 impl.
943 5619 1070 5684 stip.
1128 5615 1220 5686 id).
1259 5629 1313 5665 ξ.
1368 5610 1730 5686 Lipsius,_D_e
1781 5610 1939 5666 milil.

369 5681 526 5740 lieni.
584 5681 953 5756 lih.7tv,'cap
1002 5681 1072 5751 ‘i;
1134 5684 1436 5756 Dctnpsler.
1475 5681 1816 5756 _ad_Coripp.
1864 5690 1934 5756 et

368 5756 568 5812 lieurs.
601 5760 650 5810 in
682 5755 859 5810 Gloss.
891 5748 1150 5818 (ἱππικοὶ-οδ
1193 5748 1322 5807 istos
1358 5750 1606 5818 intelligit
1630 5748 1819 5805 auctOr
1850 5748 1930 5804 De

363 5829 554 5884 exsilia
586 5827 646 5885 S.
675 5825 894 5884 Martini
924 5825 1038 5883 PP.
1073 5815 1142 5880 Et
1172 5823 1462 5893 auferent“
1493 5815 1610 5876 cum
1641 5822 1705 5878 dc
1734 5819 1925 5888 lembo,

2041 4703 2370 4764 excubitorii,
2424 4718 2541 4770 quae
2587 4702 2986 4772 cognominatur
3019 4701 3373 4766 Prandearia,
3409 4716 3455 4755 et
3495 4704 3619 4772 fecit

2041 4788 2158 4824 eum
2195 4773 2460 4824 inclusum
2483 4773 2578 4826 sub
2610 4774 2776 4825 multa
2818 4772 3082 4833 custodia,
3119 4774 3426 4840 pra-cipiens
3452 4789 3615 4826 excu-

2044 4842 2140 4894 biti
2185 4842 2488 4895 custodibus
2533 4857 2551 4894 :
2584 4852 2639 4895 ut
2686 4843 2862 4895 nullus
2911 4847 3114 4904 penitus
3165 4843 3317 4894 sciret
3363 4844 3617 4904 civitatis,

2044 4913 2167 4979 quia
2201 4921 2274 4964 est
2307 4913 2360 4964 iu
2393 4914 2570 4965 eodeni
2595 4912 2856 4965 excubitu.
2896 4909 3030 4964 Hinc
3070 4912 3326 4964 docemur
3379 4915 3504 4978 quid
3547 4915 3621 4965 sit

2047 4980 2386 5051 Πρανδιάρα,
2414 4982 2472 5051 in
2503 4981 2760 5037 Chronico
2789 4981 3050 5051 Alexand.
3102 4997 3190 5033 an.
3249 4981 3464 5035 Arcadii
3528 4981 3615 5048 12,

2048 5049 2155 5120 quo
2182 5053 2258 5103 ait
2293 5049 2657 5121 conﬂagrasse
2694 5057 2934 5120 porticus
2964 5049 3337 5118 “iIlllOtil‘Ollli,
3363 5061 3415 5104 et
3448 5051 3617 5104 Pran-

2046 5121 2310 5183 deariam,
2366 5133 2422 5174 et
2480 5123 2788 5187 adjacentes
2864 5124 3123 5189 porticus.
3177 5121 3614 5188 Elephantinem,

2047 5205 2321 5245 carcerem
2349 5190 2420 5243 ita
2449 5192 2649 5244 dictum
2679 5193 2727 5243 in
2761 5190 2966 5245 Palatio
2995 5195 3199 5258 pariter
3225 5194 3413 5244 statuit
3438 5192 3618 5258 Anna,

2047 5275 2167 5330 pag.
2206 5261 2334 5313 457.
2369 5261 2919 5330 Praetorii_carceres
2964 5261 3133 5330 habet
3173 5258 3284 5314 Leo
3330 5260 3616 5330 Grmnma-

2049 5328 2376 5400 tic'usnpag.
2429 5330 2571 5395 467;
2628 5328 2908 5399 Zeuxippi,
2961 5328 3338 5400 Pacltyatiet'es,
3396 5329 3615 5400 Ιίὺκνι,

2054 5415 2174 5467 cap.
2210 5394 2280 5454 5'5
2305 5394 2532 5467 {palatii
2558 5394 2868 5456 Eleutherii
2911 5400 3062 5462 dicti,
3109 5394 3465 5467 Theodorus
3489 5394 3618 5449 Slu-

2056 5463 2195 5534 dita,
2219 5470 2276 5522 in
2307 5463 2431 5523 Vita
2465 5469 2521 5525 S.
2559 5468 2880 5539 Theophan.
2913 5469 3151 5522 confess.
3207 5483 3262 5521 n.
3310 5467 3400 5520 25.
3451 5463 3617 5539 Igitur

2054 5553 2180 5594 eum
2233 5540 2421 5608 palatii
2466 5537 2729 5594 custodia'
2767 5555 2931 5607 penes
2991 5539 3208 5604 Papiam
3268 5545 3464 5608 esset,_
3496 5537 3615 5608 ejus

2052 5611 2217 5664 etiam
2237 5606 2362 5662 erat
2391 5625 2669 5663 carcerum
2707 5606 3086 5677 palatinorum,
3122 5616 3174 5660 et
3205 5609 3294 5674 qui
3335 5609 3386 5659 in
3420 5606 3500 5658 eis
3520 5607 3617 5677 de-

2051 5679 2363 5734 tinebantur
2421 5695 2634 5734 reorum
2663 5675 2820 5736 cura.
2855 5676 2961 5734 Sed
2989 5678 3056 5733 de
3083 5677 3188 5732 hac
3215 5677 3473 5747 dignitate
3501 5675 3616 5744 agi.

2040 5765 2162 5831 vivs.
2189 5749 2258 5831 ad
2289 5749 2635 5831 (ξίέιραειιυιιιο
