4108 6464
402 395 538 464 1191

1713 395 1940 458 ΑΝΝιΕ
1977 392 2357 455 COMNENJE

3517 397 3656 461 1192

387 519 657 589 partibus,
689 519 973 573 humerum
1007 516 1064 571 in
1098 515 1329 571 alterum
1381 513 1599 583 copiose
1653 521 1968 578 corrrvavu,

2096 511 2168 563 tul.
2202 510 2401 582 ἢκουον
2429 510 2538 563 τῶν
2553 509 2886 580 λεγομένων,
2916 514 3007 568 καὶ
3032 514 3146 578 τοῖς
3169 513 3265 569 τοῦ
3288 513 3662 579 Καλλικλέους

407 612 590 680 ibique
617 611 867 665 detinuit.
902 610 1048 663 Multi
1084 607 1458 663 statimacciti
1507 604 1858 667 medicorum,
1893 606 1977 658 ni-

393 703 468 756 hil
533 703 654 756 inde
707 702 987 756 sinistrum
1042 699 1268 755 ominati
1320 707 1466 754 sunt.
1523 697 1674 754 Unus
1717 695 1976 752 Nicolaus

393 793 659 858 Callicles,
694 803 843 847 vates
906 785 1213 845 bcu’nimis
1243 804 1408 844 verax
1464 804 1479 842 :
1515 787 1654 841 male
1707 801 1766 840 se
1794 789 1975 841 vereri

396 885 532 938 dixit
580 900 644 939 ne
679 899 708 938 a
769 895 1027 938 consueto
1059 883 1108 936 in
1141 893 1323 950 partes
1352 889 1609 936 externas
1631 877 1776 932 ﬂuxu
1808 877 1977 932 dedu-

2083 599 2240 669 κάγὼ
2275 600 2644 672 συνετιοέμην
2689 601 2894 672 λόγοις.
2926 601 3048 660 Τῶν
3074 607 3339 662 πλειόνων
3375 609 3421 661 δ’
3451 609 3600 680 ὅμως
3625 610 3661 679 ἡ

2083 693 2268 762 ψῆφος
2293 693 2537 764 ἐκράτει.
2577 695 2740 750 ’Δλλὰ
2772 697 2893 750 τότε
2923 697 2987 768 δὴ
3008 698 3130 751 τότε
3145 698 3205 751 τὸ
3238 699 3338 770 μὲν
3372 699 3549 770 ῥεῦμα
3564 701 3664 754 τοῦ

2085 783 2366 854 βασιλικοῦ
2386 785 2637 856 σώματος
2650 787 2750 851 τὰς
2768 789 3016 860 συνήθεις
3031 791 3410 861 ὲπικρατῆσαν
3424 792 3666 863 ἡμέρας,

2085 877 2533 948 ἀπεμαραινετο,
2573 882 2668 934 καὶ
2694 883 2832 954 πρὸς
2865 882 3057 952 ὑγείαν
3090 886 3118 937 ὁ
3149 885 3375 952 κάμνων
3407 883 3666 956 ἐπανῄει.

396 988 514 1032 ctus
546 977 761 1041 humor,
789 987 952 1045 atque
987 976 1036 1028 in
1072 975 1332 1028 interiora
1357 972 1727 1037 retrocedens,
1772 970 2044 1024 funestum
2097 969 2338 1038 aliquod,
2378 981 2434 1027 et
2464 974 2706 1029 remedio
2759 976 2910 1030 nullo
2957 978 3318 1046 procurabile,
3372 978 3424 1031 in
3475 966 3704 1046 vitalia,-

395 1073 611 1142 penitus
647 1069 759 1139 ipsa
793 1071 994 1123 malum
1047 1069 1391 1136 importaret.
1424 1065 1561 1131 Nos,
1600 1063 1744 1133 quod
1781 1062 2168 1117 aversabamur
2197 1064 2422 1120 credere
2470 1080 2576 1120 non
2627 1068 2805 1136 proni,
2858 1068 3131 1123 Calliclem
3175 1071 3257 1125 sic
3304 1070 3662 1124 disserentem

395 1168 772 1237 negleximus;
827 1183 946 1232 nec,
988 1167 1131 1236 quod
1165 1167 1392 1236 jubebat
1422 1163 1513 1216 ille
1540 1168 1783 1215 actutum
1816 1159 1931 1213 ﬁeri
1967 1174 2088 1214 cum
2113 1160 2560 1217 interminatione
2586 1163 2814 1232 periculi
2839 1165 3039 1233 gravis,
3069 1165 3361 1221 exhaurire
3385 1166 3667 1220 sentinam
3694 1175 3700 1180 ’

393 1260 520 1328 aegri
549 1261 793 1328 corporis
828 1259 1128 1326 proninatis
1157 1257 1338 1312 statim
1375 1252 1734 1323 purgantibus
1763 1251 2074 1321 pharmacis
2133 1254 2468 1308 curavimus.
2521 1253 2869 1309 Abhorrebat
2907 1259 2975 1310 ab
3037 1255 3304 1324 ejusmodi
3359 1257 3669 1326 potionibus

397 1350 658 1418 majorem
695 1349 750 1402 in
787 1351 1005 1403 modum
1040 1363 1192 1402 meus
1221 1355 1393 1414 pater,
1433 1344 1701 1412 planeque
1734 1342 1994 1397 hactenus
2025 1351 2302 1413 expertem
2356 1343 2708 1400 miseriarum
2757 1346 2945 1401 talium
2989 1346 3156 1402 vitam
3206 1350 3454 1403 duxerat.
3503 1347 3667 1420 497

393 1442 670 1499 Favebaut
699 1444 764 1497 ad
820 1445 932 1496 haec
966 1443 1083 1510 ejus
1134 1440 1354 1496 fastidio
1383 1452 1448 1492 ac
1478 1436 1852 1490 consuetudini
1887 1436 2079 1491 medici
2111 1437 2437 1508 complures,
2473 1441 2836 1510 princepsque
2894 1440 3037 1496 inter
3079 1456 3270 1495 omnes
3332 1440 3674 1498 Paulechnrs

395 1537 645 1602 Michael,
702 1536 795 1606 qui
829 1543 940 1588 tum
970 1534 1197 1588 aliarum
1236 1547 1370 1601 pene
1399 1531 1661 1596 omnium,
1698 1539 1810 1584 tmn
1840 1528 1954 1599 ejus
1982 1545 2144 1598 quam
2185 1532 2457 1600 prmeipue
2505 1531 2785 1587 factitabat
2818 1535 2954 1588 artis
2991 1533 3274 1587 medicinae
3329 1531 3675 1586 consultissi-

395 1647 516 1685 mus
548 1629 784 1684 habitus.
819 1629 983 1683 etiam
1043 1626 1371 1695 peculiarem
1415 1625 1660 1677 notitiam
1711 1622 2044 1677 habitudinis
2081 1637 2145 1676 ac
2184 1623 2430 1693 corporis
2463 1625 2642 1679 Alexii
2687 1625 2850 1695 longo
2883 1641 2982 1680 usu
3031 1633 3086 1680 et
3119 1625 3502 1679 observatione
3535 1625 3674 1676 hau-

397 1725 535 1779 sisse
564 1732 798 1791 peierat,
834 1721 1006 1772 multo
1061 1734 1183 1770 cum
1219 1733 1283 1771 eo
1315 1726 1557 1786 tempore
1591 1723 1859 1770 versatus.
1894 1715 1938 1768 Is
1968 1730 2098 1784 ergo
2120 1730 2240 1769 cum
2272 1725 2327 1770 et
2355 1731 2477 1784 sua,
2508 1727 2562 1770 et
2598 1717 2828 1773 aliorum
2861 1719 3131 1772 sententia
3167 1717 3424 1787 plurium,
3468 1730 3672 1785 purga-

394 1816 547 1869 tione
603 1827 828 1881 prorsus
859 1811 1226 1874 interdiceret,
1264 1823 1423 1877 quem
1457 1816 1568 1861 tum
1592 1815 1781 1861 contra
1814 1817 2046 1862 cunctos
2069 1822 2209 1861 unus
2235 1809 2414 1863 nitens
2453 1808 2706 1864 Callicles
2754 1809 3046 1866 moveret?
3107 1810 3284 1866 Nihilo
3338 1810 3430 1864 ille
3492 1820 3673 1863 tamen

400 1907 685 1967 insistebat
715 1903 912 1968 minus,
943 1917 1009 1955 ex
1043 1907 1218 1964 certa,
1250 1908 1336 1964 ut,
1374 1907 1566 1953 eventa
1603 1905 2000 1961 monstrarunt,
2039 1897 2206 1951 futuri
2235 1898 2597 1967 providentia,
2633 1899 2872 1968 graviter
2906 1899 3223 1962 admonens,
3263 1899 3516 1967 claraque
3544 1912 3680 1952 voce

397 1999 730 2054 denuntians
759 2013 823 2051 ac
850 2005 1171 2050 contestans
1206 1991 1347 2060 fore,
1380 2003 1438 2046 ut
1472 1992 1517 2046 si
1555 1992 1780 2046 noxium
1815 1991 2093 2044 humorem
2134 1991 2200 2045 ab
2236 1991 2488 2046 articulis
2513 1993 2806 2060 extremis,
2853 2008 2959 2063 quo
3005 1994 3137 2049 ferri
3186 2000 3567 2057 consueverat,
3601 1994 3673 2048 ad

397 2095 688 2150 humerum
721 2104 884 2160 atque
908 2091 973 2140 ad
999 2088 1198 2142 collum
1234 2086 1454 2154 impune
1483 2083 1706 2146 retrahi,
1751 2081 2091 2149 liberumque
2119 2081 2321 2135 ﬂuxum
2362 2083 2563 2136 habere
2593 2083 2861 2149 sinerent,
2919 2083 2967 2139 is
3017 2099 3112 2155 per
3141 2084 3396 2139 haustum
3447 2085 3676 2155 pbarma

397 2204 582 2241 corum
615 2185 959 2255 purgantium
1009 2196 1113 2234 non
1154 2180 1471 2240 exhaustus,
1509 2177 1563 2230 in
1613 2176 1847 2245 aliquam
1889 2173 2341 2244 primigeniarum
2395 2175 2653 2242 partium,
2691 2183 2852 2245 atque
2903 2177 3038 2232 adeo
3075 2177 3126 2231 in
3161 2192 3256 2232 cor
3299 2179 3500 2246 ipsum,
3545 2192 3670 2232 cum

399 2279 739 2349 irreparabili
775 2277 1012 2348 pernicie
1042 2275 1394 2329 redundaret.
1431 2272 1560 2327 Haec
1595 2273 1674 2327 sic
1710 2273 1776 2326 ab
1806 2285 1872 2325 eo
1906 2272 2178 2340 disputata
2227 2285 2327 2339 rgo
2357 2270 2472 2339 ipsa
2513 2270 2728 2336 recolo;
2795 2273 3012 2328 interfui
3047 2272 3214 2339 enim,
3246 2274 3462 2328 domina
3502 2285 3678 2328 matre

393 2391 520 2432 mea
554 2375 632 2430 sic
665 2373 913 2442 jubente,
945 2376 1108 2437 atque
1152 2369 1289 2422 adeo
1332 2367 1521 2436 praefui
1559 2366 1945 2421 consultationi
1978 2375 2088 2419 tum
2138 2365 2224 2420 isti
2259 2365 2629 2421 medicorum.-
2655 2365 2733 2420 Ac
2763 2367 2985 2422 utemini
3021 2383 3106 2422 me
3142 2383 3265 2422 cum
3297 2377 3352 2422 et
3392 2367 3674 2422 Calliclem

399 2475 454 2522 et
484 2474 714 2519 caeteros
737 2477 833 2531 pro
861 2476 920 2514 se
959 2474 1228 2528 quemque
1259 2459 1593 2513 disserentes
1640 2458 1995 2522 audivisscm,
2032 2455 2390 2525 persuasione
2421 2457 2629 2526 privata
2667 2457 2720 2512 in
2763 2469 2948 2528 partes
2991 2472 3047 2514 et
3085 2463 3409 2516 sententiam
3439 2461 3679 2518 Gallic-bs

401 2560 705 2628 abreptam.
743 2553 1033 2608 l‘rzvaluit
1073 2562 1249 2606 tamen
1284 2549 1670 2617 sulfragiorum
1703 2550 1752 2603 iu
1783 2548 2119 2603 contrarium
2157 2563 2439 2618 numerus,
2485 2558 2540 2604 et
2580 2549 2815 2620 plurium
2846 2551 3074 2608 calculis
3105 2565 3396 2622 superatus
3435 2568 3518 2612 est
3551 2557 3678 2614 Cul-

399 2650 550 2704 licles
578 2647 719 2701 felici
749 2647 814 2697 ad
851 2646 1012 2697 breve
1041 2643 1277 2709 spatium
1337 2641 1668 2694 vincentium
1728 2648 1944 2693 eventu.
1982 2635 2264 2705 Siquidem
2296 2639 2521 2694 rbeuma
2553 2649 2818 2695 consueto
2865 2642 3073 2696 dierum
3110 2643 3242 2698 orbe
3281 2645 3518 2716 Augusti
3549 2667 3680 2707 cor-

401 2757 536 2811 pore
568 2739 820 2809 potitum,
857 2735 1131 2789 remittere
1158 2733 1325 2802 coepit
1355 2733 1648 2800 malignam
1673 2731 1813 2798 vim;
1847 2728 2112 2800 pauloque
2154 2736 2296 2797 post,
2359 2729 2561 2785 sensim
2595 2729 2740 2786 malo
2785 2741 3128 2800 senescente,
3183 2736 3419 2804 pristino
3454 2739 3568 2796 fere
3594 2751 3681 2798 est

401 2850 545 2906 aeger
588 2833 759 2903 vigori
806 2829 1073 2883 redditus.

471 2926 720 2982 Nondum
745 2925 869 2982 inde
889 2943 983 2982 sex
1010 2942 1222 2982 menses
1256 2927 1544 2995 duxerant,
1577 2943 1697 2983 cum
1719 2929 1822 2983 alia
1849 2941 1977 2986 ecce

2149 2922 2306 2978 οὕτω
2393 2923 2562 2994 μῆνες
2607 2925 2889 2996 παρῆλθον
2927 2926 3008 2992 ἓξ,
3055 2927 3151 2981 καὶ
3191 2927 3437 3002 ὀλέθριον
3465 2932 3682 3006 νόσημα

401 3022 618 3079 sontica
663 3029 718 3072 et
761 3019 1066 3088 periculosa
1118 3021 1435 3090 imperatori
1476 3020 1724 3076 valetudo
1774 3022 1986 3091 incidit,

407 3130 474 3170 ex
525 3126 764 3167 maerore
810 3127 875 3165 ac
907 3111 1272 3166 sollicitudine
1306 3110 1489 3166 nimiis
1538 3114 1607 3168 ob
1641 3113 1990 3184 quotidianas

405 3220 571 3259 curas
609 3212 663 3258 et
698 3219 1024 3258 concursum
1056 3205 1337 3258 variorum
1361 3214 1414 3259 et
1445 3207 1690 3275 gravium
1720 3207 1879 3260 simul
1904 3207 1988 3261 in-

406 3296 719 3365 gruentium
749 3295 1112 3364 negotiorum.
1148 3295 1221 3348 De
1251 3297 1352 3349 hoc
1383 3296 1574 3350 morbo
1599 3295 1830 3351 referam
1861 3297 1990 3366 quid

409 3389 529 3456 ipsa
571 3402 638 3440 ex
669 3388 796 3456 aegri
829 3402 924 3441 ore
957 3386 1127 3453 ipsius
1152 3388 1348 3454 saepius
1377 3387 1517 3456 apud
1553 3402 1728 3443 meam
1763 3397 1989 3443 matrem

412 3479 478 3532 de
519 3492 582 3531 eo
617 3478 1078 3532 confidentissime
1119 3479 1394 3548 querentis
1434 3493 1619 3534 coram
1659 3480 1987 3550 acceperim.

409 3569 539 3623 llaec
566 3569 683 3638 ejus
715 3569 881 3624 ferme
913 3572 1089 3624 oratio
1117 3580 1234 3625 erat
1265 3589 1280 3627 :
1312 3570 1450 3636 Quid
1479 3587 1590 3626 esse
1619 3571 1794 3624 dicam
1817 3588 1992 3626 causa:

409 3661 549 3731 quod
589 3663 718 3714 mihi
753 3662 868 3729 jam
901 3663 1128 3732 diﬂicilis
1173 3666 1447 3732 respiratio
1483 3675 1581 3721 est.
1623 3666 1824 3734 Cupido
1858 3681 1994 3734 saepe

411 3769 492 3806 me
523 3755 735 3806 incessit
780 3755 1082 3823 respirandi
1109 3756 1346 3822 liberius,
1385 3757 1768 3827 hauriandique
1811 3758 1994 3826 copio-

411 3863 529 3900 sum
589 3863 787 3912 acrem,
843 3864 994 3916 quem
1054 3847 1318 3900 laboranti
1363 3847 1636 3915 a/fundam
1677 3858 1724 3902 et
1751 3863 1993 3916 oppresso

414 3938 598 4000 cordi;
645 3948 698 3990 at
749 3953 864 3991 ecce
904 3937 1228 3992 intercedens
1278 3940 1451 3992 nescio
1483 3953 1599 4008 qua:
1635 3940 1711 3991 vis
1751 3948 1995 3991 conatum

413 4029 702 4095 intercipit,
741 4030 1012 4097 medioque
1039 4029 1092 4080 in
1124 4031 1316 4095 impetu
1348 4028 1548 4096 frustra
1571 4028 1748 4093 hians,
1783 4029 1870 4081 uia:
1893 4030 1990 4082 ite-

416 4128 535 4169 rata
581 4105 771 4184 sapius
821 4117 1155 4169 contentione
1189 4116 1269 4169 vel
1319 4116 1477 4170 semel
1516 4117 1706 4170 ducere
1747 4118 1996 4186 spiritum

416 4225 551 4277 queo
621 4209 750 4261 satis
789 4208 1016 4277 largum,
1058 4216 1115 4260 ut
1150 4224 1252 4262 non
1294 4208 1474 4262 multis
1511 4209 1750 4276 partibus
1781 4211 1996 4278 deficiat

414 4301 479 4352 ab
505 4315 566 4352 ea
597 4298 744 4367 copia
777 4315 935 4369 quam
970 4297 1222 4352 anhelans
1253 4301 1533 4369 requireret
1565 4300 1808 4354 obrutum
1858 4315 1994 4355 cor:

416 4391 500 4442 cui
542 4391 679 4442 velut
716 4390 998 4458 quamdam
1030 4390 1327 4442 incumbere
1357 4391 1542 4443 molem
1577 4391 1837 4458 lapideam
1869 4407 1996 4460 gra-

415 4479 685 4532 vissimam
726 4482 932 4543 sentio;
979 4488 1029 4532 et
1070 4495 1134 4532 ex
1169 4479 1327 4548 hujus
1368 4481 1996 4555 impressioneponderis

417 4580 622 4637 ceptum
649 4563 942 4636 suspirium
972 4568 1252 4636 abrumpi;
1293 4584 1406 4634 nec,
1439 4570 1616 4622 omnia
1679 4571 1996 4639 circumspe-

416 4669 568 4714 ctans
617 4660 761 4726 licet,
786 4675 1088 4729 omnemque
1129 4661 1184 4713 in
1226 4672 1426 4724 partem
1474 4676 1688 4713 versans
1741 4662 1995 4727 animum,

421 4753 746 4807 comminisci
779 4768 930 4820 queo,
968 4751 1107 4803 unde
1137 4766 1300 4820 quave
1338 4767 1402 4804 ea:
1426 4767 1586 4804 causa
1621 4751 1675 4804 id
1713 4752 1834 4806 mibi
1858 4753 1998 4806 acci-

427 4843 562 4894 derit
598 4843 1014 4894 incommodum.
1039 4843 1130 4893 Est
1175 4852 1221 4893 et
1271 4841 1419 4893 aliud
1465 4842 1578 4909 ejus
1616 4845 1840 4912 generis,
1860 4846 1998 4914 quod

425 4934 522 4987 tibi
551 4949 645 5001 pro
673 4945 853 4985 nostra
883 4935 1104 4999 fiducia,
1133 4944 1288 5002 caput
1319 4935 1713 4999 charissimam,
1744 4951 1848 4989 una
1873 4955 2000 5005 par-

424 5025 586 5091 ticeps
609 5039 829 5076 casuum
855 5039 1203 5094 sensuumque
1227 5025 1461 5098 ompium
1487 5042 1738 5091 meorum,
1764 5031 2000 5094 aperiam

423 5117 478 5170 in
510 5131 765 5186 pra'sens.
811 5113 1088 5168 Oscitandi
1117 5116 1423 5184 plerumque
1463 5117 1624 5168 libido
1668 5117 1834 5172 malas
1871 5122 2000 5174 mihi

425 5205 713 5276 disjungit.
769 5204 1033 5258 Cancrum
1093 5215 1355 5259 attractus
1407 5207 1581 5259 hianti
1643 5225 1730 5263 ore
1783 5213 2000 5280 spiritus

425 5295 600 5350 nescio
646 5310 747 5364 quo
789 5295 1172 5348 intercurrente
1216 5298 1522 5362 prohibetur
1558 5298 1720 5363 obice,
1763 5317 1826 5354 ne
1857 5305 1999 5356 intus

422 5398 686 5461 penetret;
726 5392 779 5441 id
817 5391 955 5459 quod
996 5390 1126 5442 mihi
1178 5391 1341 5444 nullo
1380 5393 1670 5446 maximam
1707 5406 1848 5450 creat
1890 5413 2001 5450 mo-

422 5482 654 5536 lestiam.
686 5479 824 5546 Quid
859 5482 1068 5535 tandem
1103 5482 1200 5535 hoc
1237 5483 1331 5545 sit,
1367 5500 1463 5556 age
1492 5485 1740 5552 edissere,
1773 5489 1817 5540 si
1842 5489 2005 5542 nosti.3

2093 3017 2156 3069 ἐκ
2193 3017 2294 3086 τῆς
2337 3015 2540 3084 πολλῆς
2596 3016 2738 3087 τάχα
2797 3017 3046 3088 ἀθυμίας
3100 3019 3211 3074 τῶν
3263 3021 3386 3075 καθ’
3439 3025 3680 3098 ἑκάστην

2091 3109 2554 3179 προσπιπτόντων
2609 3109 2760 3181 αὐτῷ
2791 3111 3020 3180 καὶτῆς
3069 3114 3291 3167 συνόδου
3337 3115 3446 3170 τῶν
3477 3121 3679 3175 κοινῶν

2100 3201 2404 3271 φροντίδων
2429 3199 2768 3272 ξυμϐέϐηκε.
2795 3203 2911 3256 Καὶ
2936 3205 3136 3276 ἤκουον
3161 3207 3330 3262 αὐτοῦ
3363 3211 3514 3279 θαμὰ
3541 3212 3681 3282 πρὸς

2091 3289 2190 3360 τὴν
2237 3289 2485 3360 βασιλίδα
2540 3290 2906 3362 διηγουμένου
2947 3294 3042 3346 καὶ
3078 3290 3191 3350 οἷον
3242 3298 3681 3368 ἑπεγκαλοῦντος

2093 3381 2228 3453 αὐτῇ
2273 3383 2337 3437 τὸ
2383 3385 2627 3454 νόσημαο
2667 3386 2725 3438 Τί
2755 3383 2886 3438 ποτ’
2920 3386 3038 3454 ἆρα
3080 3388 3148 3442 τὸ
3187 3392 3531 3458 συμϐαῖνόν
3573 3413 3680 3465 μοι

2092 3475 2226 3544 περὶ
2257 3475 2372 3542 τὴν
2421 3476 2746 3546 ἀναπνοὴν
2780 3478 2972 3545 πάθος
2985 3494 3004 3544 ;
3044 3482 3348 3552 Βούλομαι
3394 3485 3504 3555 γὰρ
3535 3487 3681 3542 ἀναν

2094 3567 2356 3621 πνεῦσαι
2385 3569 2549 3632 ,βαθὺ
2584 3569 2683 3624 καὶ
2709 3570 2949 3639 ἀθρόον,
2977 3571 3078 3627 καὶ
3105 3568 3236 3627 οἶον
3271 3578 3681 3647 κουφισθῆναι

2091 3659 2206 3726 τῆς
2250 3659 2599 3728 ἐγκειμένης
2640 3663 2819 3728 ἀνίας
2845 3663 2914 3716 ἐν
2955 3663 3032 3733 τῇ
3069 3665 3306 3735 καρδίᾳ.
3385 3669 3566 3724 Τοῦτο
3614 3671 3685 3725 δὲ

2093 3749 2392 3817 πολλάκις
2425 3753 2742 3822 ἐπιχειρῶν
2782 3755 2927 3809 οὐδὲ
2953 3755 3118 3824 ἅπαξ
3150 3759 3409 3831 δύναμαι
3451 3767 3678 3818 πολλο-

2097 3842 2433 3910 στημόριον
2459 3843 2812 3914 ἀναπέμψαι
2835 3847 2942 3902 τοῦ
2974 3847 3392 3920 ἐπιθλίϐοντος
3423 3855 3680 3926 βάρους,

2095 3934 2162 3986 τὸ
2187 3933 2238 3986 δ’
2262 3934 2584 3990 ἐπίλοιπον
2612 3937 2878 4005 καθάπερ
2909 3957 3000 4007 τις
3033 3943 3207 4010 λίθος
3239 3946 3536 4004 ἐπίκειταί
3556 3969 3679 4020 μου

2095 4023 2169 4092 τῇ
2222 4025 2434 4093 καρδίᾳ
2467 4027 2838 4096 βαρύτατος,
2875 4031 3194 4104 ἀνακοπῆς
3231 4037 3301 4091 ἐν
3340 4039 3420 4104 τῷ
3443 4043 3677 4111 μεταξὺ

2095 4116 2426 4188 γενομένης
2455 4118 2560 4173 τοῦ
2591 4123 2961 4191 στεναγμοῦ,
3002 4126 3104 4180 καὶ
3149 4127 3264 4198 τὴν
3299 4132 3502 4187 aletur
3530 4150 3684 4189 συν-

2099 4209 2250 4264 ιδεῖν
2314 4212 2426 4265 οὐκ
2483 4211 2560 4266 ἂν
2596 4214 2818 4282 ἔχοιμι,
2874 4215 3001 4270 οὐδ’
3039 4220 3258 4276 ὁπόθεν
3284 4222 3350 4276 τὸ
3409 4227 3685 4283 τοιοῦτον

2098 4300 2289 4368 πάθος
2320 4302 2620 4373 ἐγγίνεται
2659 4323 2786 4375 μοι.
2826 4309 2936 4362 Καὶ
2967 4307 3124 4377 άλλο
3151 4312 3220 4367 δέ
3247 4331 3302 4370 τι
3331 4328 3682 4391 προσαναγο

2099 4391 2311 4463 γέλλω,
2351 4394 2605 4463 φιλτάτη
2646 4399 2818 4466 ψυχὴ
2843 4401 3093 4454 κοινωνὲ
3132 4402 3254 4458 τῶν
3279 4406 3441 4476 ἐμῶν
3475 4411 3685 4466 παθῶν

2099 4484 2202 4539 καὶ
2244 4485 2704 4556 βουλευμάτων,
2755 4489 2966 4560 χάσμα
3020 4495 3320 4564 πολλάκις
3365 4499 3684 4571 ἐπέρχεταί

2094 4594 2231 4647 μοι,
2266 4576 2368 4630 καὶ
2413 4577 2889 4649 διακοπτόμενον
2940 4583 3010 4637 ἐν
3064 4583 3144 4650 τῷ
3170 4588 3403 4654 μεταξὺ
3455 4591 3522 4644 τὸ
3557 4595 3685 4647 εἱσ-

2101 4669 2442 4737 πνεόμενον
2501 4669 2739 4738 πνεῦμα
2794 4676 3098 4745 μεγίστην
3160 4695 3264 4745 μοι
3321 4679 3437 4750 τὴν
3500 4683 3685 4738 ἀνίαν

2100 4759 2330 4830 ἐπάγει.
2387 4759 2449 4814 Τί
2498 4773 2643 4816 ποτε
2690 4761 2847 4819 ἄλλο
2895 4765 2963 4819 τὸ
3013 4773 3362 4826 καταλαΰόν
3393 4791 3466 4842 με
3507 4777 3684 4833 τοῦτο

2100 4849 2327 4916 δεινὸν,
2364 4854 2418 4905 εὶ
2445 4847 2648 4920 οῒδας,
2694 4853 3007 4923 φράζεεῇιὶ
3041 4858 3098 4911 δέ
3150 4876 3213 4927 γε
3248 4861 3479 4931 βασιλὶς,
3511 4866 3683 4921 ταῦτα

2103 4943 2382 4997 ἀκούουσα
2434 4945 2532 4998 καὶ
2583 4945 2730 5018 ἅπερ
2776 4949 2987 5010 ἐκεῖνος
3041 4951 3241 5021 πάσχει
3292 4955 3424 5027 παρ’
3471 4958 3682 5010 ἐκείνου

2105 5035 2482 5105 μανθάνουσα,
2527 5038 2700 5090 ἐδόκει
2746 5039 2848 5108 μὲν
2879 5036 3020 5093 εἶναι
3063 5044 3237 5114 αὐτῆς
3270 5048 3338 5100 τὰ
3374 5048 3548 5120 πάθη,
3589 5051 3682 5103 καὶ

2103 5125 2292 5198 ὥσπερ
2330 5128 2750 5196 ἀνακοπτομένη
2779 5128 2872 5181 καὶ
2901 5130 3037 5204 αὐτὴ
3070 5133 3165 5187 τοῦ
3201 5135 3506 5206 ἄσθματος,
3540 5138 3684 5192 οὕτω

2099 5219 2335 5272 διέκειτο
2383 5219 2519 5290 πρὸς
2565 5220 2690 5280 τοὺς
2729 5218 2920 5288 λόγους
2956 5223 3054 5278 τοῦ
3100 5227 3543 5298 αὐτοκράτορος.
3579 5233 3685 5284 Συ-

2103 5313 2246 5381 χνὼς
2299 5311 2358 5364 δὲ
2416 5314 2540 5376 τοὺς
2593 5315 2971 5384 ἐπιστήμονας
3029 5325 3506 5394 μεταπεμπομένη
3568 5326 3684 5378 τῶν

2107 5401 2330 5472 ἰατρῶν,
2381 5401 2440 5452 τὸ
2491 5401 2586 5452 τοῦ
2639 5404 2953 5474 νοσήματος
3009 5405 3150 5473 εἶδος
3203 5412 3686 5488 πολυπραγμονεῖν

2103 5493 2469 5562 ἠναγκάζετο,
2566 5495 2662 5546 καὶ
2715 5495 2824 5548 τῶν
2893 5497 3082 5552 αἰτίων
3143 5502 3210 5556 τὰ
3265 5508 3505 5577 προσεχῆ
3593 5511 3686 5562 καὶ

424 5560 522 5628 llis
551 5576 791 5642 Augusta
827 5573 1006 5627 verbis
1034 5589 1138 5628 non
1162 5574 1336 5629 solum
1367 5576 1693 5631 edocebatur
1721 5580 1786 5632 de
1813 5583 1992 5638 morbo

2103 5560 2172 5637 ea
2257 5586 2450 5656 πόρρω
2526 5585 2709 5656 ᾐτεῖτο
2802 5591 3014 5658 μαθεῖν.
3093 5595 3155 5647 οι
3221 5560 3324 5663 δὲ,¹
3385 5560 3686 5672 τὴηνιχειρα

425 5665 729 5737 languentis
761 5667 1008 5735 Augusti,
1057 5683 1239 5722 verum
1277 5669 1404 5725 illud
1435 5673 1604 5742 ipsum
1630 5670 1798 5746 498
1832 5675 1990 5742 quasi

423 5759 606 5812 auditu
657 5759 710 5811 in
761 5772 819 5813 se
857 5773 1073 5828 quoque
1116 5773 1491 5834 propagatum,
1545 5770 1748 5820 sentire
1793 5767 1988 5821 malum

498 5927 545 5960 "
576 5925 918 5996 ἀνωμαλίας.

2101 5681 2219 5740 ταῖς
2303 5677 2590 5750 ἀρτηρίαις
2651 5681 3054 5749 ἐπιϐάλλοντες,
3125 5685 3364 5757 ἔμφασιν
3415 5697 3676 5747 παντοίου

2101 5771 2275 5834 εἴδους
2354 5771 2651 5839 ἁνομαλίας
2687 5773 2733 5804 ⁵⁸
2791 5775 2931 5829 κατὰ
2983 5778 3160 5832 πᾶσαν
3225 5781 3324 5851 τῆς
3409 5783 3679 5856 ἀρτηρίας

1465 5859 1666 5924 Varia)
1698 5862 2005 5930 lectiones
2031 5884 2108 5931 ex
2147 5866 2290 5929 cod.
2337 5863 2611 5928 Coislin.
