4108 6438
369 434 507 499 1193

1626 425 2037 488 ALEXIADIS
2069 424 2215 513 L113,
2256 422 2376 484 xv.

3496 422 3629 490 119i

370 548 588 616 κίνησιν
622 545 904 616 εὑρίσκειν
928 542 1332 615 ἀνωμσλὸγουν,
1360 541 1417 595 τὺ
1442 542 1486 596 δ’
1514 543 1686 595 αἴτιον
1720 542 1954 595 συνιδεῖν

2070 551 2171 606 psa
2209 537 2529 591 videbatur:
2574 549 2773 589 arcana
2813 532 2861 588 vi
2905 532 3108 588 amoris
3137 533 3337 598 intimi,
3370 532 3520 601 cujus
3550 545 3629 589 est

364 638 466 690 οὐκ
495 631 641 705 εἶχον
663 637 769 704 ὅπη
794 636 927 705 μηδὲ
965 634 1064 707 τὴν
1094 634 1186 687 τοῦ
1227 634 1491 703 βασιλέως
1547 634 1758 686 δίαιταν
1808 633 1942 695 ἡπί-

368 746 588 795 στοιντο,
633 729 769 783 ἀλλά
823 729 965 783 πάνυ
1022 728 1482 797 σωφρονεστάτην
1533 727 1624 778 καὶ
1664 724 1817 795 λιτὴν
1854 724 1949 777 mi.

366 821 504 884 ὅλως
552 823 828 889 γυμνικήν
872 822 951 883 τεξ
985 821 1081 874 καὶ
1138 818 1564 889 στρατιωτικὴν,
1626 816 1947 887 ἀπαγορεύ-

371 928 541 966 σαντα
586 912 694 964 τῶν
748 912 858 965 ἀπὸ
905 913 1023 982 τῆς
1060 911 1327 982 περιττῆς
1386 912 1598 981 διαίτης
1654 910 1818 974 ὑλῶν,
1871 910 1951 972 εἰς

368 1005 550 1058 αἰτίαν
604 1003 770 1073 ἄλλην
807 1004 875 1057 τὰ
921 1006 1021 1072 τῆς
1081 1004 1447 1074 στενοχωρίας
1498 1003 1801 1071 ἀνέφερον·
1857 1001 1953 1053 καὶ

371 1094 852 1162 προκαταρκτικὸν
875 1093 1050 1146 αἴτιον
1078 1094 1310 1164 ταυτησὶ
1337 1093 1437 1160 τῆς
1457 1092 1615 1145 νδσου
1643 1092 1796 1144 οὐδὲν
1824 1090 1953 1145 ἄλλο

367 1185 578 1251 ἔλεγον,
608 1183 639 1254 ἢ
665 1184 763 1253 τὴν
792 1185 901 1237 τῶν
937 1184 1237 1253 φροντίδων
1279 1182 1483 1253 πολλὴν
1516 1181 1822 1247 συντονίαν,
1856 1183 1953 1234 καὶ

366 1277 427 1329 τὸ
460 1275 687 1345 συνεχὲς
722 1277 818 1329 καὶ
851 1277 1057 1329 πυκνὶν
1086 1276 1198 1329 τῶν
1226 1275 1480 1344 θλίψεων,
1513 1276 1953 1346 θερμαινομένης

370 1368 585 1420 ἐκεῖθεν
636 1367 788 1435 αὐτῷ
843 1367 940 1434 τῆς
998 1365 1227 1435 καρδίας
1274 1365 1465 1418 καὶτὸ
1499 1365 1755 1432 περιττὸν
1808 1365 1954 1417 ἆπαν

369 1458 635 1527 ἑλκούσης
689 1458 748 1524 ἐξ
781 1458 907 1510 ὅλου
943 1457 1039 1510 τοῦ
1086 1457 1363 1526 σώματος.
1416 1456 1699 1509 Ἐντεῦθεν
1744 1455 1952 1526 ἡδεινὴ

369 1553 528 1615 νόσος
564 1550 871 1603 ἐπελθοῦσα
922 1550 999 1619 τῷ
1047 1552 1435 1619 αὐτοκράτορι,
1479 1549 1772 1619 ἁνακιυχὴν
1818 1549 1954 1612 ὅλως

370 1644 471 1697 οὐκ
499 1641 758 1705 ἐνεδίδου,
812 1641 928 1693 ἀλλ’
961 1641 1035 1704 ὡς
1088 1641 1292 1710 ἀγχόνη
1329 1640 1645 1707 συνέπνιγε.
1687 1638 1955 1692 Τοσοῦτον

369 1734 428 1787 δὲ
459 1734 811 1802 καθεκάστην
859 1731 1061 1802 ηῦξανε
1100 1732 1162 1784 τὸ
1194 1733 1292 1802 τῆς
1339 1732 1520 1795 νόσου,
1552 1732 1629 1795 ὡς
1666 1730 1864 1800 μηκέτι
1891 1730 1956 1783 ὲκ

370 1827 781 1897 διαστημάτων,
814 1826 954 1879 ἀ).λά
996 1825 1238 1894 συνεχῶς
1269 1826 1365 1878 καὶ
1397 1825 1737 1886 ἀδιαστάτως
1782 1824 1955 1893 ἐπέρ-

370 1918 585 1991 χεσθαι,
631 1918 706 1981 ὡς
762 1916 896 1987 μηίὲ
941 1914 1069 1984 περὶ
1119 1915 1356 1985 Θατέραν
1391 1914 1657 1968 δύνασθαι
1691 1914 1954 1966 κατακλι-

371 2010 537 2074 θῆναι
594 2008 687 2061 τὸν
713 2006 1095 2077 αὐτοκράτορα
1118 2005 1386 2075 πλευρὰν,
1439 2006 1574 2075 μηδὲ
1592 2006 1743 2076 -πρδς
1774 2005 1957 2075 ἰσχύος

370 2102 518 2171 ἔχειν
567 2100 828 2154 ἀϐίαστον
867 2099 927 2150 τὸ
976 2097 1240 2166 παράπαν
1294 2097 1617 2149 εἰσπνεῦσαι
1647 2096 1740 2148 τὸν
1792 2096 1954 2162 ἀέρα.

372 2194 559 2255 ’Ἅπας
588 2188 684 2246 οῦν
710 2190 1016 2261 τηνικαῦτα
1044 2189 1399 2259 μετεκαλεὴο
1435 2188 1642 2259 ἰατρὸς,
1672 2189 1766 2241 καὶ
1797 2190 1831 2258 ἡ
1861 2186 1956 2239 τοῦ

372 2282 775 2354 αὐτοκράτορος
828 2285 1006 2347 νότος,
1064 2279 1325 2343 ὑπόθεσις
1390 2296 1578 2344 αυτοις
1632 2277 1954 2350 προῦκειτο.

384 2376 738 2447 Ἐμερίζοντο
786 2372 845 2426 δὲ
902 2375 1025 2436 ταῖς
1080 2372 1332 2442 γνώμαις
1383 2374 1480 2426 καὶ
1537 2373 1957 2442 κατετέμνοντο,

372 2472 468 2523 καὶ
510 2468 670 2530 ἀλλος
718 2467 847 2521 ἄλλο
897 2483 950 2518 τι
979 2463 1325 2533 διεγίνωσκε,
1362 2465 1459 2519 καὶ
1510 2463 1649 2534 πρὸς
1683 2464 1780 2534 τὴν
1832 2464 1939 2518 διά-

372 2578 576 2631 γνωσιν
622 2561 883 2629 ἐπειρᾶτο
924 2558 1229 2629 προσάγειν
1256 2558 1355 2628 τὴν
1395 2558 1721 2627 θεραπείαν.
1769 2558 1961 2621 Ὅπως

372 2656 420 2709 δ’
459 2655 524 2709 ἂν
550 2650 693 2724 εἶχεν
720 2653 753 2723 ἦ
781 2654 953 2715 οὕτως
980 2653 1012 2723 ἢ
1055 2651 1253 2717 οὕτως,
1283 2650 1543 2704 δύσκολον
1576 2647 1689 2721 εἶχε
1723 2650 1792 2704 τὰ
1823 2651 1962 2704 κατὰ

372 2750 467 2803 τὸν
488 2746 870 2817 αὐτοκράτορα
901 2760 917 2777 ⁶
950 2745 1072 2799 οὐδὲ
1124 2744 1233 2813 γὰρ
1273 2743 1339 2796 ἂν
1366 2744 1550 2815 ἀκαρῆ
1591 2745 1783 2813 χρονον
1815 2743 1965 2795 ἐλεύσ

375 2842 534 2911 θερον
562 2838 882 2892 εἰσπνεῦσαι
912 2837 1187 2908 δεδύνητο.
1228 2835 1451 2908 Ὄρθιος
1481 2838 1591 2906 γὰρ
1621 2837 1963 2904 ἠναγκάζετο

374 2932 551 2986 διόλου
581 2929 994 2999 ἀνακαθήμενος
1012 2930 1292 2983 ἀναπνεῖν.
1329 2929 1390 2980 El
1419 2927 1476 2980 δέ
1500 2945 1602 2980 που
1639 2929 1735 2981 καὶ
1772 2927 1964 2989 ῦπτιος

376 3027 589 3085 κέοιτο,
646 3024 678 3094 ἢ
740 3023 882 3075 κατά
934 3021 1175 3092 θατέραν
1227 3020 1493 3092 πλευρὰν,
1529 3021 1631 3089 φεῦ
1684 3021 1807 3073 τότε
1867 3020 1961 3072 τοῦ

381 3117 615 3188 βρόχου·
672 3116 794 3170 οὐδὲ
826 3116 938 3185 γὰρ
970 3114 1096 3184 ὲνῆν
1150 3114 1401 3184 συρμάδα
1441 3116 1646 3183 μικρὰν
1694 3112 1788 3165 τοῦ
1833 3114 1963 3177 ἕξω-

2052 644 2274 684 suorum
2330 628 2620 683 affectuum
2668 626 3018 695 aegritudines
3058 626 3386 696 participare
3429 626 3635 681 condo-

2052 722 2248 785 lendo,
2297 720 2367 775 ita
2416 731 2472 775 ut
2528 735 2633 789 qua
2688 719 3009 775 difﬁcultate
3065 719 3337 774 anhelitus
3388 720 3637 773 laborare

2054 811 2436 868 charissimam
2482 810 2768 881 conjugem
2821 812 2937 877 ipso
2991 818 3297 880 exponente
3348 809 3636 874 didicerat,

2054 906 2169 974 ipsa
2200 904 2457 958 continuo
2487 903 2670 957 vexari
2703 902 2808 957 sibi
2845 904 3141 966 videretur,
3175 911 3322 956 certe
3346 913 3638 970 augeretur

2060 998 2230 1052 nihilo
2263 998 2433 1053 levius
2469 1011 2632 1064 quam
2672 996 2715 1048 si
2759 1011 2943 1049 revera
2984 995 3128 1049 istud
3169 995 3506 1064 eXperiretur
3550 995 3638 1048 in-

2055 1092 2418 1145 commodum.
2453 1090 2593 1158 Ergo
2622 1088 2920 1143 accersitos
2945 1089 3174 1141 subinde
3204 1088 3440 1142 medicos
3466 1087 3639 1143 laces-

2054 1185 2207 1238 sebat
2256 1183 2498 1245 assidue,
2553 1181 2924 1235 curiosissime
2966 1191 3297 1248 percontans
3341 1181 3534 1245 ecquid
3572 1181 3640 1234 de

2056 1273 2238 1328 causis
2287 1272 2370 1328 vel
2415 1272 2676 1339 proximis
2706 1270 2790 1327 vel
2826 1272 3053 1325 remotis
3096 1271 3253 1338 hujus
3299 1271 3640 1339 aegritudinis

2056 1364 2323 1431 suspicari
2372 1363 2664 1417 divinando
2703 1376 2767 1416 ac
2804 1362 3176 1416 verisimiliter
3205 1362 3479 1416 affirmare
3513 1378 3641 1432 pos-

2057 1466 2197 1512 sent.
2224 1457 2325 1521 illi,
2345 1456 2437 1511 tati
2466 1457 2693 1526 imperio
2719 1456 3021 1525 provocati,
3046 1457 3426 1526 cogitationem
3458 1457 3639 1509 inten-

2059 1551 2210 1614 dere,
2252 1559 2529 1617 reputare,
2580 1548 3005 1616 circumSpicere
3049 1549 3275 1611 omnia;
3328 1563 3515 1600 verum
3550 1549 3639 1601 ubi

2058 1643 2193 1697 satis
2224 1656 2385 1694 manu
2430 1639 2663 1694 arterias
2702 1639 3141 1708 cxploraverant,
3178 1638 3310 1692 nihil
3356 1639 3469 1692 fere
3513 1654 3639 1706 pro—

2061 1736 2385 1791 nuntiabant
2413 1734 2558 1787 aliud
2589 1733 2691 1787 nisi
2726 1747 2976 1800 magnum
3011 1731 3269 1785 indicium
3302 1731 3638 1798 intemperiei

2061 1830 2239 1883 omnis
2263 1828 2479 1896 generis
2510 1827 2779 1887 maximae,
2817 1825 3131 1893 perturbato
3169 1825 3369 1893 ubique
3400 1825 3642 1892 inaqua-

2059 1922 2203 1990 lique
2227 1921 2439 1973 arteriae
2467 1920 2641 1987 pulsu,
2678 1917 2763 1972 edi
2794 1933 2808 1981 ;
2845 1916 2960 1982 ejus
2984 1917 3061 1970 rei
3092 1932 3212 1984 qua:
3234 1916 3306 1971 sit
3328 1930 3511 1995 causa,
3542 1931 3643 1971 nec

2060 2013 2231 2085 signis
2279 2022 2409 2065 tunc
2452 2010 2800 2066 exStautibus
2849 2008 3100 2079 intelligi,
3160 2025 3258 2063 nec
3295 2022 3352 2063 se
3397 2007 3644 2061 divinare

2063 2109 2200 2162 satis
2233 2119 2416 2175 posse,
2461 2105 2658 2173 quibus
2706 2116 2895 2172 parum
2932 2112 3077 2156 esset
3126 2110 3466 2169 compertum
3498 2102 3643 2169 quod

2062 2213 2232 2271 genus
2279 2199 2476 2262 victus,
2533 2210 2769 2266 quamve
2816 2194 3081 2248 rationem
3127 2195 3355 2249 eurandi
3401 2194 3647 2261 corporis

2065 2289 2325 2342 adhibere
2355 2288 2653 2354 imperator
2676 2285 2993 2354 quotidiana
3020 2283 3221 2339 dudum
3253 2301 3351 2339 usu
3383 2298 3650 2339 consues-

2064 2392 2171 2436 set.
2227 2377 2682 2449 Rcspoudebatur
2735 2376 3162 2447 frugalissimum
3210 2390 3374 2442 eum,
3430 2376 3649 2444 cibique

2066 2472 2342 2526 hominem
2377 2469 2707 2540 parcissimi,
2752 2469 2909 2538 plane
2954 2478 3170 2522 tenuem
3202 2483 3268 2522 ac
3304 2468 3461 2523 facile
3490 2484 3646 2536 [κινει-

2067 2566 2250 2628 bilem,
2311 2565 2485 2634 qualis
2520 2579 2641 2618 esse
2698 2564 3027 2617 athletarum
3080 2561 3220 2617 solet
3279 2576 3344 2616 ac
3394 2560 3644 2624 militum,

2067 2660 2265 2713 victum
2310 2672 2622 2725 usurpasse,
2664 2655 2967 2726 superﬂuas
3008 2655 3405 2723 exquisitorum
3454 2667 3649 2706 sucro-

2068 2767 2185 2805 rum
2242 2766 2305 2804 ac
2386 2749 2717 2803 ferculorum
2775 2748 2998 2802 delicias
3045 2761 3262 2814 semper
3314 2754 3646 2799 aversatum.

2069 2845 2187 2911 Quo
2229 2844 2305 2896 illi
2337 2844 2523 2895 audito
2562 2841 2649 2894 ubi
2707 2851 2865 2895 erant
2909 2839 3064 2903 fassi,
3108 2853 3215 2893 non
3266 2837 3429 2907 igitur
3478 2837 3647 2890 videri

2070 2947 2296 2993 arctatte
2339 2934 2717 3005 respirationis
2751 2932 2942 2986 vitium
2993 2930 3426 3000 intemperantim
3472 2930 3653 2996 impu-

2070 3032 2310 3095 tandmn,
2344 3042 2408 3082 eo
2436 3028 2548 3081 fere
2576 3027 2995 3088 conveniebant,
3029 3036 3084 3079 ut
3112 3040 3334 3079 causam
3370 3033 3650 3078 externam

2074 3123 2235 3192 hujus
2266 3121 2390 3177 mali
2426 3137 2532 3175 non
2585 3121 2745 3173 aliam
2776 3120 3045 3182 dicerent,
3080 3133 3238 3187 quam
3271 3118 3491 3172 nimiam
3521 3132 3656 3171 con-

381 3212 474 3263 θεν
523 3208 687 3279 ἀέρος
735 3207 1024 3276 εἰσρυῆναί
1081 3226 1141 3259 τε
1182 3208 1275 3260 καὶ
1328 3208 1676 3277 ἀπορρυῆναι
1711 3209 1852 3260 κατὰ
1901 3224 1961 3275 γε

2075 3216 2372 3268 tentionem
2404 3228 2681 3277 curarum,
2716 3212 3103 3279 assiduumque
3132 3209 3411 3279 appulsum
3446 3210 3653 3262 acrium

377 3304 477 3374 τὴν
532 3302 814 3374 ἀναπνοὴν
873 3300 969 3354 καὶ
1030 3300 1316 3370 είοπνοήν.
1371 3300 1533 3353 Ἀλλὰ
1587 3300 1682 3351 καὶ
1730 3299 1968 3369 ὁπηνίκα

378 3398 610 3466 “aqua;
658 3413 745 3459 τις
800 3394 990 3447 τοῦτον
1042 3393 1211 3456 ὖπνος
1264 3392 1502 3462 ἐπέλθῃ,
1545 3393 1638 3445 καὶ
1689 3391 1813 3444 τότε
1870 3391 1968 3460 τῆς

378 3490 689 3559 πνιγμονῆς
762 3488 1030 3542 ἐπεδίδου.
1093 3487 1259 3539 Ὥστε
1333 3490 1474 3539 κατὰ
1539 3486 1717 3539 πάντα
1776 3486 1971 3554 καιρὸν

380 3580 475 3635 καὶ
514 3583 884 3651 ὲγρηγορὸτος
932 3579 1099 3633 αὑτοῦ
1149 3578 1245 3631 καὶ
1296 3576 1692 3641 ὑπνώττοντος,
1749 3578 1782 3645 ἡ
1832 3593 1970 3645 συμ-

382 3673 528 3744 φορᾶ
561 3674 662 3739 τῆς
715 3674 955 3743 ἀγχόνης
993 3670 1298 3724 ἐπετίθετο.
1355 3670 1510 3721 Ἐπεὶ
1564 3668 1620 3720 δὲ
1672 3667 1973 3738 καθάρσιον

380 3767 486 3819 οῦκ
522 3769 745 3827 ἐδίδοτο,
785 3765 920 3835 πρὸς
956 3763 1327 3833 φλεϐοτομίαν
1363 3760 1702 3829 ἀπέϐλεψαν,
1737 3761 1834 3813 κα)⁸
1874 3760 1973 3828 τὴν

387 3860 487 3928 μὲν
519 3859 607 3911 διὰ
634 3858 731 3911 τοῦ
765 3859 1014 3925 ἀγκῶνος
1049 3857 1362 3926 ἀπέταμον,
1404 3855 1466 3907 οὑ
1499 3855 1606 3925 μὴν
1646 3855 1747 3925 τῆς
1780 3853 1977 3921 φλεϐο-

383 3952 581 4022 τομίας
608 3952 889 4018 ἀπώνατο,
941 3950 1057 4004 ἀλλ’
1093 3950 1359 4011 ὡσαύτως
1392 3950 1485 4001 καὶ
1516 3948 1677 4002 πάλιν
1702 3943 1842 4016 εἶχε,
1875 3951 1970 4001 καὶ

383 4044 650 4105 δύσπνους
684 4039 753 4114 ἦν
784 4044 905 4106 ὃλος
941 4045 1037 4096 καὶ
1071 4044 1379 4096 ἐκινδύνευε
1414 4041 1591 4093 διόλου
1619 4042 1805 4094 στενὸν
1837 4042 1975 4093 ἀνα-

384 4138 563 4191 πνέων
597 4141 714 4201 ταίς
745 4138 937 4208 χερσὶν
979 4136 1136 4206 ἡμῶν
1198 4136 1568 4205 ἐναπερυγεῖν
1618 4134 1720 4202 τὴν
1768 4132 1973 4203 ψυχήν.

387 4258 518 4309 hare
540 4254 703 4314 latus,
730 4261 822 4306 aut
851 4252 1071 4305 omnino
1100 4253 1220 4305 sine
1252 4252 1301 4303 vi
1337 4249 1563 4303 molesta
1589 4248 1973 4318 laboriosoque

386 4358 614 4410 conatu,
649 4346 848 4400 ducere
883 4360 1066 4399 aerem
1117 4343 1380 4414 spirando
1423 4350 1628 4412 posset.
1670 4341 1971 4410 Exprome-

385 4440 521 4494 bant
572 4454 670 4507 pro
725 4452 784 4492 se
835 4438 1068 4506 quisque
1128 4436 1453 4490 industriam
1513 4433 1674 4487 acciti
1732 4435 1972 4503 undique

391 4531 589 4585 medici
632 4545 843 4595 omnes,
883 4540 1071 4598 utpote
1120 4529 1315 4597 quibus
1340 4538 1501 4597 caput
1533 4543 1595 4581 ac
1642 4527 1788 4582 salus
1823 4528 1971 4595 prin—

390 4623 554 4690 cipis,
598 4630 979 4689 argumentum
1028 4622 1433 4674 cnmmentandi
1470 4621 1651 4674 nobile
1698 4624 1971 4676 disseren-

390 4714 576 4782 dique,
612 4714 948 4782 propositum
985 4721 1156 4767 esset.
1194 4711 1419 4780 Horum,
1452 4723 1513 4768 ut
1548 4714 1628 4777 fit,
1658 4716 1797 4769 alius
1828 4717 1975 4771 aliud

391 4806 640 4874 sapiebat
665 4821 681 4869 ;
713 4814 823 4857 tum
859 4815 915 4858 ut
945 4805 1174 4873 quisque
1197 4813 1464 4858 statuerat
1488 4806 1554 4859 de
1584 4808 1754 4859 morbi
1787 4816 1979 4861 natura

391 4908 448 4951 et
493 4898 697 4961 cautis,
752 4907 1144 4963 congruentem
1198 4912 1295 4951 suo
1342 4898 1548 4961 sensui,
1589 4899 1973 4954 abhorrentem

392 5005 423 5043 a
445 4989 686 5058 judiciis,
720 4987 947 5041 aliorum
972 4989 1306 5042 curationem
1352 4987 1752 5056 praescribebat.
1786 4989 1979 5045 Onmia

394 5081 851 5149 experiebantur;
913 5094 1127 5140 verum,
1180 5089 1236 5133 ut
1291 5088 1534 5133 maneret
1583 5082 1800 5133 dubium
1860 5082 1981 5149 quis

394 5187 585 5225 eorum
649 5172 894 5225 omnium
963 5171 1173 5225 ratione
1230 5182 1475 5225 uteretur
1529 5175 1777 5240 optima:
1848 5174 1979 5227 illud

394 5262 684 5323 constabat
736 5272 920 5324 certe,
994 5260 1168 5313 nihilo
1229 5261 1424 5316 melius
1477 5263 1862 5329 imperatorem
1922 5277 1981 5316 se

396 5354 597 5408 habere
618 5371 632 5418 ;
653 5355 853 5422 quippe
877 5354 964 5406 cui
988 5366 1088 5405 nec
1110 5355 1177 5404 ad
1202 5354 1364 5406 breve
1390 5363 1720 5408 momentum
1749 5354 1982 5409 facultas

396 5457 541 5499 esset
590 5446 895 5514 respirandi
944 5446 1135 5498 libera.
1205 5445 1403 5498 Rectus
1448 5446 1577 5513 quin
1628 5448 1790 5500 etiam
1835 5456 1983 5501 stare

401 5550 701 5605 perpetuo,
771 5548 865 5592 aut
923 5538 1149 5606 supinus
1206 5536 1315 5589 alte
1368 5536 1610 5591 residere
1665 5539 1979 5604 cogebatur.

396 5630 552 5694 Quod
585 5629 774 5683 si'aut
812 5630 994 5698 jacere
1046 5643 1269 5699 pronus,
1323 5635 1417 5681 aut
1465 5629 1519 5682 in
1569 5628 1706 5683 latus
1753 5631 1981 5685 alterum

402 5720 721 5776 recumbere
739 5731 993 5785 tentaret,
1017 5722 1338 5791 stringebat,
1359 5722 1491 5776 heu!
1520 5736 1659 5775 smva
1678 5720 1979 5785 suﬂ'ocatio,

401 5824 459 5870 et
508 5824 774 5868 arctatum
808 5826 992 5883 guttur
1026 5822 1295 5884 adurgens
1337 5814 1513 5869 malus
1547 5814 1719 5867 morbi
1755 5815 1984 5884 laqueus

400 5907 469 5963 ad
508 5924 539 5960 ο
604 5906 916 5975 proruebat,
972 5917 1024 5957 ut
1080 5923 1144 5960 ne
1205 5906 1493 5961 minimum
1556 5907 1772 5978 quidem
1837 5923 1986 5963 aura:

684 6001 955 6063 I’A'l‘nt‘L.
989 6004 1103 6061 (in.
1136 5999 1404 6061 CXXXI.

2069 3307 2515 3370 sollicitudinum,
2554 3306 2608 3358 in
2637 3305 2783 3358 serie
2816 3314 2923 3357 tam
2962 3305 3215 3357 continua
3259 3318 3437 3356 rerum
3470 3302 3658 3355 adver-

2070 3415 2279 3463 sarum,
2306 3401 2507 3467 quibus
2537 3395 2900 3451 excalfactum
2935 3410 3051 3458 cor,
3080 3393 3345 3465 quidquid
3382 3403 3498 3447 erat
3530 3393 3656 3447 reli-

2070 3506 2177 3559 quo
2206 3492 2256 3544 in
2297 3499 2410 3544 toto
2445 3503 2673 3557 corpore
2707 3488 3037 3553 redundans,
3069 3502 3233 3541 Omne
3273 3489 3338 3540 ad
3368 3487 3453 3540 sui
3494 3486 3658 3538 rem-

2071 3585 2279 3655 gerium
2309 3584 2577 3653 rapaciter
2605 3582 2875 3637 trahebat.
2904 3579 3041 3635 liinc
3074 3580 3224 3635 dirus
3259 3581 3345 3633 hic
3370 3589 3425 3633 et
3458 3581 3655 3634 remis-

2078 3674 2249 3731 sioais
2307 3689 2504 3742 expers
2564 3673 2914 3742 imperatoris
2962 3674 3206 3733 morbus,
3263 3670 3438 3738 laquei
3496 3670 3658 3723 modo

2080 3768 2267 3822 fauces
2318 3782 2541 3833 urgens,
2588 3766 3040 3835 strangulansqtle
3085 3765 3360 3819 hominem
3414 3762 3653 3817 assidue.

2076 3861 2371 3914 Crescebat
2412 3876 2577 3929 porro
2614 3861 2811 3913 malum
2858 3861 3047 3929 ingens
3082 3877 3109 3914 a
3144 3860 3429 3928 principle,
3472 3858 3654 3926 quoti-

2078 3955 2255 4008 dianis
2315 3955 2637 4021 augmentis,
2700 3955 2875 4022 iisque
2935 3953 3119 4015 tantis,
3175 3961 3233 4004 ut
3286 3968 3392 4007 non
3431 3955 3540 4019 jam
3590 3966 3659 4003 ex

2081 4050 2401 4112 intervallis,
2466 4050 2561 4102 scd
2620 4048 2899 4111 continue,
2961 4048 3231 4115 simulque
3287 4047 3656 4103 vehementer.

2087 4145 2361 4211 Augustus
2396 4150 2676 4207 urgeretur
2711 4159 2724 4193 :
2761 4154 2934 4208 neque
2978 4150 3076 4194 aut
3106 4140 3158 4193 in
3205 4138 3525 4193 alterutrum
3560 4152 3660 4190 cu—

2085 4260 2358 4319 lmustum,
2406 4257 2485 4311 vel
2517 4258 2757 4310 exterius
2792 4254 3060 4309 aﬂluentis
3093 4257 3385 4308 introrsum
3420 4256 3657 4314 trahere.

2083 4352 2164 4405 vel
2213 4352 2358 4403 intus
2409 4358 2681 4418 conceptze
2732 4347 2877 4402 foras
2922 4347 3250 4415 exspirando
3296 4347 3513 4415 pellere,
3567 4362 3664 4414 per

2083 4452 2373 4495 consuetas
2404 4449 2457 4493 et
2488 4440 2826 4493 necessarias
2858 4437 3234 4506 reciprocandi
3268 4438 3491 4506 spiritus
3516 4438 3663 4490 vices

2081 4533 2188 4585 ullo
2238 4532 2351 4602 jam
2395 4535 2555 4586 modo
2601 4532 2765 4585 miser
2809 4540 3013 4601 posset.
3070 4528 3126 4585 Si
3179 4531 3302 4599 quis
3349 4545 3477 4584 vero
3513 4529 3660 4582 illum

2000 4633 2052 4692 ι)
2080 4627 2231 4694 quasi
2265 4625 2528 4679 miserans
2565 4638 2686 4677 sero
2722 4638 2783 4677 ac
2819 4639 2942 4676 raro
2987 4636 3214 4677 somnus
3256 4621 3556 4685 invaderet,
3593 4638 3663 4675 ne

2080 4727 2189 4769 tum
2213 4716 2428 4785 quidem
2457 4714 2702 4767 inducias
2723 4713 2974 4767 tormenti
3000 4713 3191 4766 breves
3212 4711 3406 4781 angina
3429 4712 3665 4765 crudelis

2081 4808 2243 4862 dabat
2283 4825 2296 4861 :
2338 4817 2735 4874 aeternumque,
2773 4805 2993 4875 perinde
3032 4803 3353 4859 dormitanti
3386 4819 3449 4858 ac
3494 4805 3660 4872 vigili,

2080 4908 2196 4953 erat
2224 4899 2367 4953 istud
2394 4897 2796 4952 incommodum
2821 4894 2989 4967 499
3015 4894 3395 4964 gravissimum
3426 4895 3631 4961 respira

2084 4989 2247 5044 tionis
2293 4989 2629 5058 interceptae.
2663 4986 2764 5041 Hic
2797 4987 2996 5041 medici
3027 4987 3169 5055 quod
3201 5000 3432 5055 purgare
3464 5000 3664 5053 corpus

2083 5082 2365 5135 medicatis
2398 5080 2710 5149 potionibus
2742 5079 3065 5145 omiserant,
3096 5079 3412 5133 missionem
3451 5078 3666 5145 sangui-

2084 5175 2168 5227 nis
2198 5176 2519 5227 decernunt.
2547 5172 2818 5227 Tunditur
2863 5175 2929 5228 ad
2962 5172 3281 5228 interiorem
3322 5172 3523 5228 ﬂexum
3562 5187 3663 5226 ru-

2087 5267 2182 5321 bili
2220 5282 2392 5331 vena;
2443 5282 2543 5320 nec
2574 5282 2636 5322 ea
2670 5283 2727 5323 re
2757 5267 3051 5322 levamenti
3078 5269 3370 5337 quidquam
3407 5281 3663 5336 expertus

2083 5373 2225 5428 ager
2253 5369 2354 5412 est.
2385 5357 2700 5429 Eodemque
2740 5360 2860 5415 loco
2888 5375 3125 5430 semper,
3164 5360 3265 5414 hoc
3293 5367 3376 5413 est
3404 5361 3661 5429 pessimo,

2086 5450 2232 5504 salus
2267 5450 2635 5519 imperatoris,
2670 5450 2873 5507 lethale
2903 5453 3195 5507 momentis
3221 5453 3473 5508 omnibus
3499 5453 3665 5507 anhe-

2088 5542 2271 5607 lantis,
2297 5550 2456 5608 erat;
2489 5544 2645 5598 nobis
2665 5545 2758 5613 qui
2780 5544 3129 5599 adstabamus
3157 5544 3661 5611 tractabamusque,

2088 5649 2154 5689 ne
2188 5636 2331 5689 inter
2359 5645 2573 5690 nostras
2600 5652 2790 5692 manus
2809 5638 3132 5706 exspiraret,
3171 5636 3313 5690 haud
3345 5637 3463 5692 sine
3496 5652 3662 5692 causa

2091 5726 2482 5780 metuentibus.
2508 5727 2796 5797 PrOp'mata
2834 5739 2943 5783 tum
2978 5728 3118 5783 forte
3156 5728 3424 5798 languenti
3457 5729 3666 5781 antido-

2088 5829 2173 5871 tus
2203 5833 2269 5871 ex
2314 5821 2497 5888 pipere
2539 5821 2831 5875 salutarem
2863 5823 2971 5875 cito
3010 5820 3260 5875 effectura
3311 5823 3507 5875 habere
3550 5824 3665 5876 visa

2090 5916 2194 5964 est.
2247 5908 2353 5963 Nos
2401 5910 2735 5979 trimnphare
2786 5912 2980 5981 gaudio
3032 5911 3253 5969 statim.
3308 5911 3667 5981 omn'busquc

3187 6010 3266 6068 33
