4108 6464
457 413 626 482 Ηθὶ

1775 401 2000 462 ΛΝΝίΕ
2039 399 2420 461 (ΣΟΜΝΕΝἘ

3591 395 3725 462 illiti

449 526 659 584 lzetitiis
689 522 964 586 incedere,
1002 517 1420 588 gratulationem
1452 531 1728 587 spargere,
1769 527 1893 570 vota
1921 515 2031 581 jam

2154 517 2295 572 Ἀλλ’
2328 518 2519 587 ἐρὰῐσε
2557 513 2658 586 μὲν
2700 514 2767 568 τὰ
2803 514 2901 584 τῆς
2962 511 3282 576 διαθέσεως,
3336 512 3434 580 τῆς
3479 513 3568 566 διὰ
3615 516 3726 570 τῶν

451 619 760 692 persolvere
805 617 856 670 in
905 612 1144 684 templis,
1184 626 1310 666 cura
1345 612 1446 666 heu
1491 619 1816 679 praematura
1880 609 2032 662 falla-

451 715 632 781 cique.
661 709 848 764 Tortio
875 707 1004 760 hinc
1025 716 1286 775 quartove
1317 703 1402 757 die
1424 710 1616 769 urgent
1637 701 1812 756 denuo
1843 702 2032 760 exani-

453 812 710 871 mantque
734 801 1034 870 Augustum
1078 795 1486 867 praelocationes
1515 795 1705 861 solitaa,
1744 797 2030 866 angustia“:-

452 911 556 968 que
595 895 807 950 miserm
843 891 1084 962 oppressi
1119 888 1410 956 pulmonis.
1448 889 1563 942 lmo
1603 888 1791 955 aegroti
1826 896 2028 942 statum

455 999 586 1062 puto
643 988 963 1043 deteriorem
1027 981 1230 1036 factum
1289 981 1508 1050 potione
1571 981 1697 1045 ista,
1762 996 1880 1050 quae
1940 982 2029 1034 ubi

453 1093 670 1137 movere
697 1077 868 1144 magis
902 1089 1059 1144 quam
1095 1073 1294 1143 pellere
1328 1073 1584 1127 humores
1613 1071 1806 1126 noxios
1833 1074 2032 1140 potuit,

450 1189 546 1230 eos
578 1175 630 1228 iu
660 1171 925 1227 caritates
963 1169 1312 1230 arteriarum,
1350 1166 1468 1233 plus
1505 1165 1577 1220 ibi
1609 1166 1780 1220 multo
1820 1167 2033 1220 nocitu-

452 1285 562 1332 ros,
592 1267 880 1322 contrusit.
904 1265 1046 1319 Sane
1067 1263 1315 1332 apparuit
1345 1271 1559 1316 auctam
1590 1262 1714 1317 inde
1747 1263 1870 1315 mali
1898 1264 2028 1316 vini.

447 1357 566 1413 .lam
613 1357 756 1410 enim
795 1355 940 1410 nulla
971 1368 1194 1422 prorsus
1229 1352 1278 1406 ei
1311 1363 1430 1406 erat
1479 1353 1828 1407 recumbeudi
1867 1354 2029 1419 ratio,

449 1461 540 1504 aut
565 1449 759 1515 forma,
781 1449 988 1504 situsve
1010 1447 1256 1515 corporis
1285 1445 1616 1511 tolerabilis;
1643 1455 1698 1502 et
1727 1447 2031 1502 immodicis

451 1541 670 1596 assidue
703 1542 1003 1595 crementis
1055 1540 1277 1594 morbus
1313 1539 1722 1594 intendebatur.
1755 1539 1904 1594 Tota:
1933 1539 2029 1596 ab-

449 1633 604 1688 ibant
640 1634 916 1687 insomnes
946 1641 1152 1686 noctes.
1182 1631 1441 1686 Alimenti
1465 1645 1690 1701 prorsus
1717 1633 1854 1686 nihil
1887 1633 2033 1689 reive

447 1726 677 1780 alterius
723 1726 790 1779 ad
849 1725 1080 1780 salutem
1132 1724 1278 1780 utilis
1325 1725 1614 1790 sumebat,
1667 1735 1760 1779 aut
1813 1740 2032 1781 sumere

456 1815 713 1879 valebat,
766 1815 1072 1885 languidus.
1132 1813 1278 1870 Inter
1333 1814 1451 1870 hate
1515 1830 1616 1885 ego
1675 1817 1876 1885 saepius
1937 1827 2033 1872 ant

2143 615 2434 684 πεπέρεων
2473 611 2754 666 ἁντιδότου
2788 609 3060 680 δοθείσης,
3093 610 3187 663 καὶ
3215 611 3373 680 ἡμεῖς
3402 608 3492 679 ἐφ’
3530 610 3730 680 ἡδονῆς

2141 704 2240 756 οὐκ
2265 705 2484 775 εἴχομεν
2511 705 2617 757 ὅτι
2674 703 2769 755 καὶ
2811 699 3165 772 χρησαίμεθα
3215 701 3312 770 τῆς
3361 701 3726 770 εὐφροσύνης,

2142 794 2278 848 ἀλλὰ
2303 801 2399 849 καὶ
2426 796 2788 867 χαριστήριον
2825 794 3229 863 ἁναπέμπομεν
3250 792 3326 864 τῷ
3349 793 3469 863 Θεῷ
3497 809 3510 823 ο
3549 792 3730 844 πάντα

2140 888 2195 941 δὲ
2229 884 2372 959 ἦσαν
2397 890 2505 959 ἄρα
2543 891 2742 960 πλάνη.
2798 890 2891 952 Εἰς
3045 930 3062 946 .
3211 930 3226 944 .
3375 892 3484 958 γὰρ
3509 889 3732 957 ἡμέραν

2140 981 2176 1047 ἢ
2196 986 2288 1034 καὶ
2318 985 2587 1055 τετάρτην
2613 985 2772 1048 εὐθὺς
2800 986 2962 1041 πάλιν
2992 988 3048 1040 αἱ

2140 1075 2368 1144 ἀχχόναι
2419 1077 2565 1130 κατὰ
2618 1080 2714 1130 τοῦ
2781 1078 3048 1148 βασιλέως
3094 1077 3190 1132 καὶ
3245 1070 3728 1144 στενοχωρίαιτοῦ

2141 1168 2473 1236 πνεύμονος.
2532 1169 2789 1233 ιἘ).πίζω
2817 1171 2861 1224 δ’
2897 1171 2946 1223 εἰ
2979 1171 3055 1240 μὴ
3085 1169 3254 1239 χείρω
3279 1167 3337 1231 ἐξ
3375 1168 3585 1219 ἐκείνου
3629 1161 3728 1216 τοῦ

2141 1261 2390 1328 πόματος
2413 1261 2637 1329 γέγονεν
2662 1263 2991 1332 ἀναχέαντος
3023 1261 3122 1324 τὰς
3155 1259 3289 1321 ὕλας
3323 1259 3416 1312 καὶ
3446 1259 3726 1328 κρατῆσαι

2144 1351 2220 1419 μὴ
2258 1351 2584 1422 δυναμένου,
2617 1353 2734 1406 ἀλλ’
2776 1358 2853 1418 εἰς
2881 1355 2980 1417 τὰς
3030 1354 3353 1424 κοιλοτήτας
3391 1351 3501 1405 τῶν
3549 1352 3725 1420 ἀρτη-

2142 1442 2276 1513 ριῶν
2328 1444 2620 1514 ἐνθεμένου
2679 1448 2770 1499 καὶ
2843 1447 3220 1509 ἐπιτείναντος
3280 1445 3379 1514 τὴν
3454 1443 3724 1496 διάθεσιν.

2154 1532 2439 1588 Ἐντεῦθεν
2490 1536 2613 1589 οὐδὲ
2681 1536 2872 1605 σχῆμα
2928 1535 3303 1598 κατακλίσεως
3368 1532 3616 1595 εὐπετῶς
3659 1528 3727 1603 ἦν

2139 1630 2393 1700 ἐφευρεῖν
2428 1629 2778 1684 παντάπασιν
2805 1627 2956 1699 αὑτῷ
3009 1631 3108 1700 τῆς
3163 1630 3322 1683 νόσου
3363 1621 3730 1696 ἀπακμαζού-

2141 1739 2260 1796 σης.
2312 1721 2472 1776 Ἀλλὰ
2519 1722 2628 1793 γὰρ
2681 1722 3118 1794 διανυκτερεύων
3172 1717 3242 1792 ἦν
3281 1722 3308 1773 ὁ
3346 1719 3605 1790 βασιλεὺς
3668 1717 3729 1782 ἐξ

2142 1815 2382 1886 ἑσπέρας
2411 1817 2492 1878 εἰς
2525 1814 2724 1886 ὄρθρον
2753 1816 2980 1880 ἄϋπνος,
3019 1816 3161 1885 μήτε
3193 1813 3402 1885 τροφῆς
3431 1812 3728 1881 ἐλευθέρας

453 1912 636 1980 potius
688 1911 948 1966 continuo
998 1911 1311 1979 spectabam
1363 1921 1592 1965 matrem
1643 1912 2028 1980 excubantetn,

2141 1905 2596 1976 μεταλαμϐάνων,
2643 1907 2774 1978 μήτ’
2808 1906 2973 1960 ἄλλου
2995 1907 3144 1970 τινὸς
3177 1905 3286 1958 τῶν
3325 1906 3406 1967 είς
3444 1904 3727 1974 σωτηρίαν

452 2003 752 2073 perpetuis,
780 2018 942 2072 quam
976 2001 1150 2071 longas
1196 2011 1346 2065 sunt,
1376 2003 1652 2065 noctibus,
1682 2003 1830 2057 nulla
1870 2002 2033 2059 inter-

451 2096 711 2164 capedine
749 2093 975 2163 quiens,
1029 2093 1096 2147 ad
1149 2092 1276 2161 aegri
1313 2101 1509 2162 'caput,
1561 2103 1714 2161 retro
1764 2095 2029 2163 spondam

451 2188 594 2242 illius
633 2189 686 2241 in
725 2204 834 2257 quo
879 2187 924 2240 is
959 2185 1252 2254 languebat
1283 2185 1430 2251 lecti,
1466 2195 1804 2255 satagentem
1849 2186 2032 2241 suble-

451 2288 775 2348 vantemque
801 2278 1080 2342 manibus,
1117 2285 1171 2331 et
1199 2287 1580 2341 commeatum,
1605 2292 1710 2347 qua
1735 2277 2032 2334 sedulitate

451 2383 700 2444 poterat,
769 2371 1031 2426 eluctanti
1090 2369 1355 2426 dilliciles
1413 2371 1696 2442 angustias
1762 2371 2029 2426 auhelitui

453 2476 858 2534 procurantem.
899 2463 1168 2518 Fluebant
1208 2461 1500 2531 largissimi
1537 2477 1602 2516 ex
1641 2462 1814 2517 oculis
1843 2477 2032 2518 amnes

451 2562 860 2630 lucrymarum;
930 2573 1031 2611 nec
1097 2555 1278 2610 luctus
1337 2556 1615 2611 minuebat
1681 2556 2031 2612 tninistrandi

448 2652 828 2722 diligentiam;
878 2665 1052 2717 neque
1098 2651 1238 2702 hanc
1285 2647 1618 2702 diuturnitas
1651 2647 1791 2717 longi
1831 2649 2029 2712 morbi,

450 2747 760 2814 laborisque
807 2744 1038 2812 improbi
1090 2756 1366 2809 nunquam
1420 2756 1514 2808 per
1554 2750 1634 2794 tot
1680 2741 2031 2796 continuatae

450 2841 641 2894 diebus
673 2847 882 2900 not-tes,
921 2835 1233 2888 intermissa
1262 2835 1544 2888 contentio
1593 2835 1900 2904 frangebat.
1932 2833 2026 2888 llla

450 2931 559 2993 sui,
597 2931 687 2984 illa
737 2929 978 2983 omnium
1026 2925 1221 2981 oblita.
1269 2927 1475 2979 instare
1527 2925 1686 2980 unice
1737 2925 2032 2980 ministeio

449 3033 724 3092 suscepto,
751 3034 952 3074 navare
989 3033 1206 3088 operam
1243 3027 1504 3087 perpetuo
1541 3028 1816 3072 recentem
1852 3034 1867 3071 ζ
1905 3034 2031 3072 Ver-

451 3130 596 3180 sare,
667 3126 982 3172 reversare,
1041 3111 1242 3178 lingere
1285 3109 1524 3179 smpius,
1587 3127 1709 3164 mox
1767 3112 2034 3180 relingere

452 3209 678 3261 culcitas
709 3205 1061 3275 stragulaque
1102 3201 1259 3255 aliam
1302 3212 1465 3270 atque
1497 3204 1658 3255 aliam
1689 3202 1742 3258 in
1774 3203 2028 3268 formam,

453 3316 573 3368 quae
616 3299 831 3367 aliquot
887 3299 1080 3352 saltem
1137 3303 1470 3349 momentum
1527 3295 1726 3350 allerro
1785 3299 2034 3364 Augusto

451 3392 651 3461 uidetis
681 3400 884 3461 posset.
905 3389 1042 3456 Quid
1078 3405 1181 3441 ttun
1208 3389 1276 3441 ad
1301 3387 1576 3451 solatium,
1614 3390 1681 3441 ad
1713 3391 2032 3459 obsequium

452 3486 766 3550 excogitare
792 3485 878 3536 illa
904 3484 925 3536 ?
947 3484 1076 3552 quid
1105 3499 1213 3536 non
1239 3482 1438 3553 agere?
1465 3493 1725 3552 quantum
1751 3484 2032 3555 ingenium

453 3581 681 3641 amoris,
732 3585 989 3646 quantatn
1043 3573 1286 3643 ejusdem
1339 3577 1717 3629 strennitalem
1766 3580 2034 3645 probare?

452 3669 533 3722 Ne
565 3684 592 3721 a
648 3667 802 3721 nobis
836 3666 1078 3734 quidem,
1127 3672 1221 3718 aut
1271 3666 1492 3720 omnino
1533 3681 1562 3719 a
1607 3669 2029 3724 domesticorum

452 3776 726 3833 qumquam
773 3759 1095 3815 cessabatur
1131 3759 1389 3827 uspiam;
1434 3773 1630 3827 nempe
1661 3776 1766 3813 non
1810 3761 1860 3814 id
1895 3773 2033 3816 tem-

455 3870 557 3922 pus
586 3851 836 3907 cessandi
870 3859 1010 3913 erat,
1041 3864 1138 3902 nec
1167 3849 1274 3902 nlla
1319 3861 1428 3902 tum
1465 3850 1624 3918 quies
1653 3859 1746 3905 aut
1782 3854 2032 3908 remissio

455 3961 561 3999 non
587 3945 966 4011 intempestiva
997 3943 1193 3997 l'uisset
1224 3942 1465 4006 familia},
1496 3943 1656 4012 cujus
1679 3955 1832 4012 pater
1854 3948 2027 4003 idem-

452 4052 559 4106 que
586 4038 835 4106 princeps
864 4035 1177 4103 reipublicae
1211 4037 1264 4088 in
1292 4036 1523 4090 summis
1553 4038 1846 4104 angoribus
1867 4056 2040 4110 aeger-

453 4131 593 4184 rimu
622 4129 860 4182 anhelitu
894 4111 1130 4180 auiinarn
1181 4127 1451 4180 trahebat.
1503 4128 1959 4185 Animadversum
2007 4149 2036 4188 a

457 4220 792 4276 tentantibus
824 4221 1006 4272 omnia
1035 4218 1248 4278 tandem
1275 4226 1381 4280 est,
1412 4219 1726 4274 nonnullum
1763 4221 2039 4280 laxamen-

442 4329 570 4369 .tntn
605 4321 698 4367 aut
745 4311 997 4367 solatium
1042 4310 1165 4364 mali
1205 4326 1350 4378 aegro
1385 4310 1581 4365 alferre
1616 4323 1817 4366 motum
1851 4331 2039 4385 corpo-

453 4407 553 4460 ris.
593 4404 730 4473 Ergo
757 4405 1002 4471 Augusta
1027 4413 1182 4458 curat
1210 4403 1416 4467 statim,
1453 4415 1510 4458 ut
1539 4407 1737 4459 additis
1773 4410 1837 4462 ad
1872 4422 2037 4478 caput

445 4500 729 4568 pedesque
759 4498 1097 4566 imperatorii
1140 4497 1322 4554 lectuli
1374 4501 1810 4567 promim-ntibus
1843 4504 2037 4571 cuntis,

459 4593 558 4646 viri
616 4591 820 4646 robusti
865 4590 1159 4660 suppositis
1205 4591 1449 4644 humeris
1495 4607 1616 4644 eum
1657 4583 1875 4648 assidue
1930 4597 2040 4650 cir-

457 4690 811 4750 cumagerent
839 4698 853 4735 :
884 4680 1304 4736 suceenturiatis
1348 4683 1576 4735 invicem
1625 4683 1894 4750 plurimis,
1950 4690 2039 4757 qui

457 4775 548 4826 alii
612 4775 755 4838 aliis,
823 4783 1067 4828 recentes
1127 4771 1287 4826 fessis
1345 4773 1606 4827 continue
1663 4778 2036 4846 succedentes,

2134 1999 2586 2054 ἀποϐλεπόντων.
2626 2000 2898 2061 Πολλάκις
2929 2000 3060 2069 γοῦν
3100 1997 3214 2068 ἐγὼ
3247 1998 3451 2069 μᾶλλον
3479 1997 3725 2068 συνεχῶς

2133 2095 2230 2150 καὶ
2257 2096 2359 2166 τὴν
2397 2096 2615 2168 μητέρα
2667 2096 2940 2166 τεθέαμαι
2993 2090 3628 2163 συνδιανυκτερεύουσάν
3663 2106 3725 2144 τε

2131 2190 2210 2260 τῷ
2236 2189 2452 2259 βασιλεῖ
2485 2193 2580 2244 καὶ
2611 2190 2847 2244 κατόπιν
2888 2188 3086 2243 τούτου
3114 2191 3209 2242 ἐπὶ
3246 2189 3347 2256 τῆς
3397 2185 3590 2256 κλίνης
3622 2183 3720 2238 καὶ

2133 2282 2521 2351 ὑπανέχουσαν
2561 2281 2754 2335 τοῦτον
2789 2285 2911 2344 ταῖς
2959 2279 3122 2350 χερσὶ,
3146 2277 3240 2334 καὶ
3280 2273 3725 2346 παραμυθουμέ-

2132 2393 2230 2446 νην
2293 2375 2496 2446 τρόπον
2568 2375 2694 2429 τινά
2748 2375 2854 2444 τὴν
2896 2373 3203 2443 ἀναπνοήν.
3276 2372 3485 2438 Ἐχεῑτο
3536 2369 3724 2438 μέντοι

2131 2469 2299 2538 αὐτῆς
2335 2467 2446 2530 τῶν
2493 2468 2762 2539 ὀμμάτων
2795 2468 2858 2520 τὸ
2908 2468 3150 2538 δάκρυον
3203 2465 3301 2520 καὶ
3331 2464 3470 2533 ὑπὲρ
3491 2462 3558 2514 τὰ
3593 2461 3722 2513 Νει-

2131 2562 2245 2631 λῴα
2284 2562 2557 2632 ῥεύματα·
2626 2561 2836 2632 ὁπόσην
2872 2577 2930 2614 τε
2979 2560 3077 2630 τὴν
3109 2560 3238 2629 περὶ
3293 2557 3456 2611 αὑτὸν
3492 2555 3559 2609 δι’
3592 2554 3723 2624 ὅλης

2136 2656 2352 2724 ἡμέρας
2376 2671 2434 2706 τε
2473 2656 2565 2708 καὶ
2589 2654 2784 2714 νυκτὸς
2843 2653 3084 2722 σπουδὴν
3124 2651 3442 2720 ἐπεποίητο,
3497 2649 3592 2702 καὶ
3628 2647 3723 2700 τὸν

2138 2748 2342 2820 μόχθον
2400 2749 2524 2800 ὅσον
2592 2748 2934 2802 ἐνεδείκνυτο
2992 2747 3396 2815 διαπονουμένη
3453 2745 3580 2812 περὶ
3621 2743 3723 2811 τὴν

2135 2845 2303 2901 αὐτοῦ
2329 2845 2654 2916 θεραπείαν,
2687 2846 2782 2898 καὶ
2811 2845 3021 2904 κλίσεις
3044 2844 3140 2897 καὶ
3169 2841 3520 2913 μετακλίσεις
3542 2857 3726 2908 στρωει⁵

2139 2935 2326 3006 μάτων
2366 2935 2633 2998 παντοίας
2697 2936 3106 3004 μηχανωμένης
3166 2935 3372 2996 θέσεις,
3426 2932 3528 2984 οὐκ
3571 2930 3724 2982 ἐστιν

2136 3029 2306 3098 ἐρεῖν.
2371 3028 2517 3080 Ἀλλ’
2568 3028 2669 3081 οὐκ
2707 3023 2774 3098 ἦν
2812 3028 2992 3080 οὐδενὶ
3021 3027 3081 3079 τὸ
3117 3026 3382 3097 παράπαν
3436 3022 3720 3094 ῥᾳστώνης

2139 3124 2454 3192 μετασχεῖν.
2492 3122 2802 3192 Παρείπετο
2825 3121 2934 3189 γὰρ
2963 3115 3075 3173 οἷον
3109 3120 3313 3188 ἀγχόνη
3337 3117 3412 3185 τῷ
3444 3116 3722 3185 αὐτοκράο

2137 3232 2258 3286 τορι
2296 3216 2498 3286 μᾶλλον
2529 3215 2626 3270 καὶ
2683 3217 2972 3267 συνείπετο
3037 3215 3130 3266 καὶ
3171 3215 3271 3266 οὐκ
3301 3212 3446 3264 ἀνίει
3489 3207 3727 3278 συμπνίο

2137 3323 2334 3375 γουσα,
2387 3308 2662 3378 μηδεμίαν
2711 3307 2811 3373 τῆς
2845 3307 3004 3359 νόσου
3050 3305 3283 3375 ἐχούσης
3307 3303 3408 3374 τὴν
3460 3301 3632 3366 ἴασιν,
3663 3301 3723 3352 ἐν

2133 3403 2248 3464 τοίς
2308 3401 2448 3470 πρὸς
2501 3403 2656 3454 νότον
2704 3399 3035 3467 ἀνακτόροις
3088 3397 3334 3466 ἀπῆλθεν
3381 3398 3410 3448 ὀ
3445 3392 3722 3464 βασιλεύς.

2133 3493 2653 3565 Στενοχωρούμενος
2695 3495 2776 3555 δὲ,
2814 3492 2945 3563 μίαν
2975 3491 3098 3546 τινὰ
3140 3489 3475 3560 παραψυχὴν
3516 3491 3616 3557 τὴν
3660 3489 3726 3541 ἐκ

2131 3588 2229 3655 τῆς
2257 3587 2529 3656 κινήσεως
2551 3587 2796 3656 εὕρισκε,
2831 3587 2925 3638 καὶ
2947 3583 3156 3652 ταύτην
3186 3580 3413 3651 διηνεκῆ
3447 3583 3478 3646 ἡ
3510 3577 3725 3649 βασιλὶς

2136 3680 2526 3750 ἐμηχανήσατο
2585 3679 2857 3747 γίνεσθαι,
2917 3680 3013 3731 τοῦ
3072 3677 3354 3748 βασιλικοῦ
3422 3673 3725 3743 σκίμποδος

2140 3773 2284 3826 κατὰ
2325 3789 2386 3824 τε
2437 3773 2549 3825 τῶν
2585 3771 2833 3840 κεφαλὴν
2866 3772 2912 3803 ⁵¹
2937 3771 3032 3824 καὶ
3080 3772 3248 3833 πόδας
3287 3768 3472 3839 μερῶν
3525 3767 3724 3820 τούτου

2143 3865 2256 3929 ξύλ’
2291 3867 2429 3919 ἄττα
2474 3864 2956 3935 προσεπιζεύξασα
3017 3865 3280 3934 ἀνδράσιν
3337 3863 3510 3916 ἐδίδου
3563 3859 3726 3913 τοῦτο

2141 3959 2332 4028 φέρειν
2371 3959 2652 4027 μετέωρον
2683 3959 3092 4029 διαδεχομένοις
3125 3957 3390 4026 ἀλλήλους
3421 3955 3528 4008 τῶν
3561 3953 3655 4008 τοῦ
3674 3954 3724 3987 ⁵⁵

2136 4052 2540 4121 αὐτοκράτορος
2570 4052 2771 4104 πόνων.
2836 4050 3122 4104 Ἐντεῦθεν
3166 4050 3274 4102 ἀπὸ
3335 4048 3429 4102 τοῦ
3476 4046 3718 4116 μεγάλου

2136 4143 2402 4197 παλατίου
2440 4143 2851 4212 καταλαμϐάνει
2892 4145 2963 4196 τὰ
3021 4145 3298 4210 Μὰγγανα
3327 4144 3428 4213 (5),
3456 4142 3594 4194 ἀλλὰ
3625 4141 3724 4194 καὶ

2136 4238 2341 4293 τούτων
2380 4239 2713 4308 γενομένων,
2765 4240 2918 4291 οὐδὲν
2977 4239 3137 4292 πλέον
3193 4236 3268 4306 τῷ
3329 4235 3542 4306 βασιλεῖ
3585 4234 3724 4304 πρὸς

2139 4335 2414 4403 σωτηρίαν
2472 4333 2933 4403 ἐπραγματεύθη.
2997 4334 3092 4396 El;
3129 4332 3378 4384 τούπίσω
3420 4329 3474 4382 δὲ
3514 4327 3584 4380 τὰ
3623 4327 3723 4396 τῆς

2141 4425 2298 4478 νόσου
2323 4427 2611 4496 χωροῦντα
2639 4428 2672 4496 ἡ
2699 4425 2911 4495 βασιλὶς
2938 4425 3123 4491 ὁρῶσα
3160 4425 3254 4477 καὶ
3299 4424 3400 4492 τῆς
3426 4423 3486 4486 ἐξ
3509 4423 3723 4490 ἀνθρὼ-

2142 4534 2259 4571 πων
2290 4519 2544 4588 βοηθείας
2575 4521 2928 4574 παντάπασιν
2985 4519 3342 4574 ἀπελπίσασα
3387 4516 3722 4588 θερμότερον

2137 4612 2237 4673 τὰς
2262 4611 2402 4681 ὑπὲρ
2432 4611 2598 4665 αὑτοῦ
2627 4615 2877 4684 αἰτήσεις
2931 4614 3070 4684 πρὸς
3111 4614 3244 4668 Θεὸν
3286 4614 3543 4673 ἐποιεῖτο,
3582 4609 3722 4680 πρὸς

2145 4703 2307 4770 nique
2342 4718 2492 4757 cassa
2543 4718 2665 4758 esse
2723 4705 3030 4774 nulliusque
3088 4720 3221 4759 usus
3271 4703 3517 4774 prmsidia
3549 4716 3726 4756 reme-

2144 4794 2300 4849 diare
2328 4796 2586 4850 humana.
2615 4797 2820 4864 Itaque,
2841 4799 3010 4861 onmi,
3037 4813 3155 4864 qua:
3183 4796 3384 4850 auxilio
3413 4794 3724 4848 industri-.1:-

461 4880 628 4918 unum
671 4865 815 4920 istud
863 4863 979 4918 lere
1016 4864 1427 4918 delinitnentnm
1481 4863 1768 4921 miserrimi
1815 4873 2036 4940 angoris
2064 4863 2116 4924 D
2143 4902 2248 4955 que
2285 4887 2523 4955 cujusvis
2567 4863 2842 4947 bombum
2909 4863 3254 4949 inniteretur,
3297 4904 3391 4960 spe
3439 4888 3721 4951 damnata,

461 4957 624 5026 500
669 4955 914 5026 Augusto
951 4956 1096 5010 nulla
1143 4957 1475 5024 portantium
1515 4958 1833 5016 lassitudine
1873 4966 2042 5018 inter-

467 5059 680 5116 ruptum
711 5047 1054 5102 adhiberent.
1086 5047 1200 5104 Hoc
1235 5051 1396 5114 modo
1441 5067 1470 5103 a
1502 5051 1692 5120 Magno
1722 5052 1931 5110 Palatio
1974 5060 2040 5111 ad

465 5141 727 5210 Mangaua
778 5139 987 5200 delatus
1044 5143 1337 5211 imperator
1387 5152 1490 5200 est.
1547 5145 1743 5200 Verum
1800 5165 1869 5204 ne
1931 5151 2042 5207 illic

459 5233 676 5303 quidem
710 5231 919 5286 meliori
959 5243 1080 5288 erat
1124 5233 1244 5290 loco
1295 5236 1548 5292 valetudo
1595 5238 1734 5308 ejus.
1778 5241 2066 5297 lndomita‘

460 5327 634 5382 morbi
693 5328 774 5382 vis
830 5327 1258 5382 irrevocabiliter
1311 5329 1453 5398 quod
1511 5342 1729 5400 ceperat
1786 5336 2036 5403 urgebat.

463 5419 578 5474 lloe
596 5435 830 5476 cernens
859 5429 916 5474 et
950 5435 1135 5476 secum
1169 5431 1427 5490 reputans
1457 5424 1722 5494 Augusta,
1775 5427 1923 5484 sensi
1948 5430 2040 5485 dc-

2145 4987 2316 5036 totum
2370 4982 2610 5035 animum
2657 4981 2868 5036 ardenti
2923 4980 3182 5049 religione
3211 4980 3276 5033 ad
3317 4977 3719 5048 prepitiaudnm

2145 5069 2310 5123 Deum
2357 5071 2630 5138 contulit;
2675 5071 2882 5126 liberali
2931 5085 3025 5138 per
3067 5069 3262 5138 templa
3314 5070 3496 5124 omnia
3531 5075 3720 5120 curata

2141 5164 2496 5216 succensione
2552 5163 2854 5227 luminum,
2911 5173 2966 5217 et
3028 5171 3285 5232 perpetua
3343 5156 3722 5213 decantatinne

2139 5253 2447 5308 carminum
2497 5269 2825 5317 sacrorum;
2860 5261 2994 5319 tum,
3043 5270 3178 5323 (pias
3217 5254 3269 5306 in
3317 5250 3506 5320 primis
3541 5252 3697 5302 deme

2141 5345 2311 5400 rendo
2340 5344 2563 5400 Nttmini
2591 5348 2844 5402 efﬁcaces
2875 5359 3032 5402 norat
3053 5386 3068 5411 ,
3101 5345 3482 5416 largitionibus
3513 5345 3723 5396 lit-meli-

2147 5437 2476 5491 centissimis
2521 5439 2574 5492 in
2623 5455 2826 5509 egenos
2869 5454 3032 5496 onme
3078 5453 3271 5508 genus,
3322 5452 3458 5506 quas
3505 5433 3725 5488 assidue

1491 5517 1688 5579 Variae
1728 5519 2042 5586 lectiones
2082 5542 2160 5587 ex
2203 5531 2344 5592 rod.
2373 5530 2641 5594 Coislin.

521 5615 567 5647 "
597 5617 732 5689 πρδς
762 5617 1033 5689 κεφαλήν.
1111 5616 1156 5648 ⁵³
1183 5618 1316 5688 περὶ
1344 5616 1465 5673 τοῦ.

1362 5774 1367 5780 .
1483 5689 1626 5750 Car.
1659 5686 1988 5751 Dufresnii
2021 5691 2112 5752 Dn
2163 5692 2386 5775 Cangii
2432 5703 2620 5759 notae.

528 5787 603 5860 (ῗὲ)
643 5790 1091 5858 Καταλαμϐάνω
1125 5791 1198 5844 τὰ
1231 5790 1540 5860 Mdg-rara.
1577 5789 1694 5845 lluc
1742 5792 2022 5850 referenda

2214 5800 2279 5853 de
2316 5800 2504 5856 morbo
2537 5812 2590 5856 et
2625 5802 2743 5858 vita:
2781 5803 2925 5858 exitu
2967 5803 3136 5858 Alexii
3207 5803 3407 5860 habent
3476 5802 3718 5859 Zonaras

455 5870 510 5916 et
541 5858 732 5930 Glycas
769 5862 818 5914 in
849 5863 1060 5926 Alexio,
1095 5874 1144 5916 et
1187 5858 1401 5917 Nic-etas
1427 5863 1477 5915 in
1514 5858 1741 5916 Joanne.
