4108 6432
349 436 481 500 ῙῙῘΠ

1586 434 2000 494 ΑΙ-ΕΧ1ΑΙ)18
2041 435 2188 494 LIB.
2232 437 2355 497 XV.

3477 446 3609 509 11:38

343 555 455 606 πᾶν
495 551 720 621 τέμενος
751 551 997 620 δαψιλεῖς
1038 550 1135 613 τὰς
1178 550 1468 619 φωταυγὰς
1509 551 1809 619 ποιουμένη
1832 551 1926 602 καὶ

2043 551 2184 619 copia
2221 551 2424 619 ingenti
2471 566 2574 605 non
2635 552 2684 605 in
2720 565 3021 621 prmsentcs
3064 554 3372 614 effundebat
3407 559 3607 619 solum,

341 647 472 708 τοὺς
505 644 714 713 ὕμνους
782 647 1027 714 συνεχεῖς
1097 644 1183 697 καὶ
1225 643 1708 707 ἁκαταπαύστους,
1758 644 1928 696 διαδό-

345 754 461 799 σεις
483 735 540 788 δὲ
571 737 686 797 τοῖς
724 735 1047 807 ἁπανταχοῦ
1098 737 1199 803 γῆς
1235 736 1331 787 καὶ
1363 735 1641 804 Θαλάσσης
1685 735 1929 788 οἰκοῦσιν

347 828 663 898 εἰργάζετο,
713 827 999 890 Ἀπαντας
1062 828 1162 897 μὲν
1217 827 1486 897 μοναχοὺς
1539 828 1595 878 ἐν
1626 825 1779 895 ὄρεσι
1833 826 1929 877 καὶ

350 920 639 989 σπηλαίοις
704 918 1059 991 οἰκοῦνταςῆ
1116 920 1210 973 καὶ
1268 918 1443 982 ἄλλως
1492 919 1584 970 τὸν
1630 918 1928 989 μοναχικδν

344 1012 601 1075 ἐπιόντας
662 1011 777 1082 βίον
826 1012 908 1074 εἰς
971 1013 1212 1074 ἐκτενεῖς
1262 1012 1480 1079 δεήσεις
1540 1011 1928 1079 ἐπεγείρουσα,

346 1104 597 1165 ἅπαντας
636 1103 692 1155 δὲ
719 1102 1015 1165 νοσοῦντας
1041 1104 1074 1171 ἢ
1104 1102 1199 1154 καὶ
1249 1104 1304 1154 ἐν
1354 1103 1602 1170 εἱρκταῖς
1635 1101 1935 1170 κατεχομέ-

347 1212 438 1247 νου
451 1214 470 1245 ;
489 1194 582 1246 καὶ
605 1195 1049 1265 τετρυχωμένους
1070 1194 1512 1256 πλουσιωτάτους
1529 1193 1932 1263 ἐργαζομένους

347 1290 473 1349 ταῖς
526 1287 763 1353 δόσεσιν,
802 1286 937 1356 ὁμοῦ
977 1287 1114 1356 πρὸς
1164 1287 1265 1349 τὰς
1298 1285 1439 1356 ὑπὲρ
1466 1286 1562 1339 τοῦ
1604 1287 1935 1357 αὐτοκράτο-

351 1397 443 1450 ρος
471 1379 637 1447 εὐχὰς
674 1379 1085 1449 προσεκαλεῖτο.
1116 1378 1274 1432 Ἐπεὶ
1297 1379 1352 1431 δὲ
1384 1379 1444 1430 τὸ
1471 1379 1566 1431 τοῦ
1601 1380 1934 1449 αὐτοκράτο-

352 1491 446 1545 ρος
514 1471 824 1541 σπλάγχνον
857 1471 1116 1540 ἑξῳδήκει
1144 1487 1203 1522 τε
1244 1471 1337 1523 καὶ
1369 1472 1446 1533 εἰς
1488 1471 1653 1538 ὄγκον
1694 1473 1933 1543 ἐπιφανῆ

354 1565 749 1637 προελήλυθεν,
774 1566 885 1618 οῖτε
914 1566 1075 1627 πόδες
1112 1564 1459 1635 ἐξῳδήκεσαν
1485 1566 1578 1618 καὶ
1612 1566 1843 1635 πυρετὸς
1874 1567 1935 1619 τὸ

350 1660 630 1729 βασιλικὸν
665 1659 825 1729 σῶμα
867 1661 1148 1728 κατεῖχεν,
1203 1661 1282 1722 εἰς
1344 1658 1628 1727 καυτῆρας
1686 1659 1935 1712 ἐντεῦθέν

347 1766 494 1812 τινες
524 1749 634 1801 τῶν
671 1750 873 1817 ἰατρῶν
892 1749 1117 1802 ἀπεῖδον
1149 1748 1322 1817 μικρά
1366 1749 1791 1818 πεφροντικότες
1839 1748 1933 1801 τοῦ

353 1839 623 1910 πυρετοῦ.
668 1839 809 1892 Ἀλλ’
853 1834 921 1909 ἦν
956 1840 1144 1894 ἅπασα
1200 1838 1469 1909 Θεραπεία
1520 1840 1803 1909 ἀνωφελὴς
1842 1840 1935 1893 καὶ

2031 641 2124 693 sed
2180 641 2244 693 ad
2299 641 2433 695 alios
2480 643 2810 712 ubicunque,
2864 654 3005 700 terra
3066 648 3332 718 marique,
3383 652 3607 718 penuria

2032 732 2342 788 laborantes
2404 734 2729 789 missitabat.
2794 736 3090 795 Monachus
3147 742 3311 795 etiam
3375 753 3609 800 cunctos

2032 824 2230 893 quique
2254 826 2550 880 solitariam
2578 828 2629 881 in
2664 830 2936 884 montibus
2968 843 3020 886 et
3049 834 3324 902 speluncis
3352 847 3611 891 exercent

2035 916 2226 979 vitam,
2286 917 2484 985 quique
2520 920 2623 973 alia
2668 922 2876 975 ratione
2909 923 3135 990 sciunt-ti
3169 942 3196 978 a
3227 926 3376 982 curis
3417 928 3611 981 huma~

2034 1006 2117 1061 nis
2167 1007 2411 1076 rtligioni
2462 1020 2676 1073 vacant,
2725 1013 2943 1068 assidue
2985 1014 3213 1068 hortans
3255 1031 3319 1070 ac
3366 1017 3612 1072 excitans

2037 1099 2103 1151 ad
2155 1098 2546 1155 in'cntissimas
2598 1118 2693 1171 pro
2728 1103 3069 1171 imperatoris
3110 1105 3281 1169 salute
3325 1123 3510 1176 preces
3543 1109 3611 1163 ad

2037 1189 2203 1243 Deum
2250 1190 2466 1244 assidue
2514 1190 2833 1246 fundendus.
2893 1196 3045 1261 Quod
3100 1196 3270 1265 ipsum
3330 1199 3381 1251 in
3427 1199 3615 1266 gratia:

2036 1266 2206 1335 vicem
2266 1294 2501 1336 mutuam
2535 1286 2694 1339 enixe
2740 1288 3097 1341 contendebat
3133 1290 3200 1342 ah
3246 1290 3309 1343 iis
3337 1292 3613 1357 omnibus,

2035 1388 2172 1441 quos
2224 1373 2426 1428 morbis
2480 1374 2729 1439 afﬂictos,
2772 1378 2978 1431 vinctos
3030 1380 3400 1446 compedibus,
3458 1382 3614 1437 malis

2036 1464 2156 1519 aliis
2204 1465 2545 1534 miser-iisque
2596 1468 2832 1534 attritos,
2890 1469 3309 1537 donationibus,
3372 1482 3432 1525 ut
3478 1473 3615 1538 dixi,

2037 1556 2378 1621 largissimis,
2408 1570 2630 1627 repente
2664 1558 2732 1614 de
2773 1560 3037 1614 mendicis
3078 1561 3295 1623 divites,
3339 1563 3405 1617 de
3441 1564 3617 1619 infeli-

2036 1649 2268 1703 cissimis
2296 1649 2756 1705 fortunatissimus
2786 1651 3070 1707 reddebat.
3097 1653 3341 1720 Interim,
3376 1671 3495 1711 cum
3531 1659 3615 1710 in-

2040 1739 2465 1794 tumescentibus
2490 1740 2717 1809 Augusti
2746 1742 3044 1797 visceribus
3078 1747 3409 1801 excrevisset
3433 1759 3620 1804 venter

2037 1832 2090 1883 in
2122 1830 2317 1884 molem
2341 1842 2495 1885 extra
2530 1833 2744 1887 modum
2782 1836 3197 1903 prominentem,
3224 1840 3386 1908 pedes
3406 1857 3622 1912 «pioque

348 1903 504 1999 κενή.
554 1930 691 1985 Οὐδὲ
747 1930 853 2000 γὰρ
878 1903 913 1983 ’ὁ
942 1929 1160 2001 καυτὴρ
1221 1903 1455 2001 ὤνησεν,
1508 1929 1623 1983 ἀλλ’
1649 1903 1722 1983 ’ἐν
1754 1903 1933 1995 αὐτοῖς

2043 1922 2235 1991 turgidi
2266 1934 2448 1979 essent
2489 1924 2639 1990 facti,
2686 1941 2749 1981 ac
2781 1941 2981 1996 corpus
3016 1936 3186 1983 totum
3220 1903 3386 1987 febris
3419 1903 3621 1991 ardens

347 2024 443 2075 καὶ
470 2024 530 2075 τὸ
567 2022 877 2091 σπλάγχνον
929 2018 997 2091 ἦν
1025 2024 1119 2075 καὶ
1152 2021 1221 2075 τὰ
1250 2021 1667 2074 ἀναπνευστικὰ
1733 2021 1930 2075 δυσκό-

348 2114 456 2176 λως
485 2112 699 2183 ἔχοντα·
740 2113 930 2185 ὥσπερ
958 2113 1013 2166 δὲ
1042 2112 1100 2178 ἐξ
1127 2112 1292 2185 ἄλλης
1328 2116 1512 2183 πηγῆς
1549 2113 1821 2183 ῥεύματος
1852 2115 1932 2176 εἰς

349 2208 440 2259 τὸν
470 2206 846 2283 γαργαρεῶνα
894 2205 1308 2275 ἐπενεχθέντος,
1345 2205 1440 2258 καὶ
1488 2198 1564 2258 ὧν
1599 2208 1647 2257 οἱ
1703 2204 1935 2274 ’Λσκλη-

351 2300 545 2354 πιάδαι
572 2299 739 2368 φασὶν
767 2299 1017 2369 οὐρανῶν
1045 2299 1451 2370 ἐπιλαϐομένης
1502 2303 1596 2353 καὶ
1626 2300 1731 2353 τῶν
1764 2299 1938 2354 οὐλῶν

350 2391 530 2444 αὐτῶν
563 2392 999 2459 φλεγμανάντων
1037 2391 1102 2456 ⁸³,
1142 2392 1235 2443 καὶ
1280 2392 1381 2460 τῆς
1442 2395 1723 2461 φάρυγγος
1757 2391 1938 2460 ἀπαρ-

351 2484 541 2554 θείσης
567 2485 660 2536 καὶ
687 2484 785 2553 τῆς
815 2482 1092 2552 γλώττης,
1162 2481 1560 2554 ὲξογκωθείσης
1609 2483 1860 2537 ἐντεῦθεν
1888 2483 1937 2535 οἱ

352 2576 511 2646 πόροι
538 2593 597 2627 τε
625 2575 1100 2643 ἁπεστενώθησαν
1144 2576 1282 2645 πρὸς
1339 2576 1405 2628 τὰ
1463 2575 1674 2628 ἑαυτῶν
1726 2578 1939 2645 πέρατα

356 2667 707 2729 συνελθόντες
737 2666 804 2719 δι’
845 2657 931 2719 ὧν
955 2666 1023 2718 τὰ
1059 2665 1158 2732 τῆς
1194 2669 1399 2735 τροφῆς
1435 2666 1631 2735 ἔμελλε
1682 2666 1938 2733 διελθεῖν,

355 2759 451 2810 καὶ
480 2760 540 2809 τὸ
577 2759 676 2825 τῆς
708 2758 976 2827 ἀτροφίας
1013 2758 1189 2808 δεινὴν
1241 2757 1525 2819 παντελῶς
1578 2758 1762 2810 ἀσιτία
1808 2761 1941 2826 ἡμῖν

355 2850 726 2919 ὲπεκρέματο.
754 2850 867 2900 Κᾶν
901 2848 1034 2916 ἐγὼ,
1064 2848 1195 2911 Θεὸς
1217 2850 1367 2911 ἵστω,
1402 2849 1601 2919 πολλὴν
1641 2849 1942 2919 ἐποιούμην

356 2940 455 3010 τὴν
494 2943 623 3011 περὶ
674 2942 774 3009 τῆς
828 2942 1038 3011 τροφῆς
1091 2943 1507 3011 πραγματεέαν,
1551 2943 1645 2995 καὶ
1693 2942 1763 2995 τά
1796 2947 1941 2997 σιτία

358 3032 709 3100 καθεκάστην
732 3030 819 3083 διὰ
846 3030 955 3083 τῶν
983 3072 997 3086 .
1059 3070 1070 3082 .
1111 3032 1308 3100 ἔφερον
1339 3031 1513 3099 τούτῳ
1564 3030 1784 3101 χειρῶν.
1825 3032 1937 3083 Ῥο-

357 3124 706 3193 φγσματώδεις
726 3124 824 3184 τὰς
860 3161 873 3175 .
905 3163 920 3176 .
958 3121 1021 3182 ὰς
1057 3124 1230 3175 ποιεῖν
1257 3122 1663 3189 ἀναγκάζουσα.
1692 3124 1942 3176 Ἀπαντα

356 3215 520 3282 γοῦν.
574 3257 586 3267 .

1016 3303 1269 3372 ἐφαίνετο
1335 3307 1479 3356 κατὰ
1546 3305 1642 3372 τῆς
1709 3307 1945 3375 σπουδῆς

1046 3438 1059 3451 .
1139 3397 1233 3450 καὶ
1261 3395 1328 3449 τὰ
1361 3397 1533 3466 ήμὲτε
1545 3413 1611 3465 pet
1637 3397 1733 3449 xui.
1751 3398 1818 3450 τά
1840 3398 1947 3449 τῶν

966 3529 977 3541 .
1059 3490 1193 3542 δέκα
1225 3490 1280 3542 δὲ
1314 3490 1408 3548 καὶ
1447 3491 1574 3558 μιᾶς
1608 3490 1824 3561 ἡμέρας
1852 3490 1946 3542 τοῦ

891 3624 903 3637 .
968 3581 1356 3650 ὲπιγεγονότος
1407 3581 1583 3651 τούτῳ
1640 3583 1949 3653 νοσήματος

698 3713 709 3724 .
747 3690 915 3737 οντος·
950 3675 1040 3726 καὶ
1077 3672 1509 3735 ἀπαπειλοῢντος
1573 3674 1664 3727 τὸν
1703 3675 1948 3727 κίνδυνον

730 3766 899 3829 πέρας
931 3764 1227 3827 διαθέσεως
1258 3764 1651 3835 ἐπιγενομένης
1674 3765 1943 3834 διάρροια.

360 3854 548 3919 Οὕτως
581 3856 706 3908 ἄλλο
734 3856 820 3909 ἐπ’
853 3855 998 3925 ἄλλῳ
1023 3855 1194 3909 κακὸν
1217 3855 1339 3908 καθ’
1368 3855 1526 3925 ἡμῶν
1559 3856 1619 3909 τὸ

360 3948 417 4000 δὲ
447 3948 783 4013 ἐπεκυλίετο,
804 3949 903 4000 οὐκ
937 3945 1002 4019 ἦν
1034 3950 1170 4017 πρὸς
1201 3948 1461 4016 ὁπότερον
1577 3988 1589 4001 .
1709 3987 1722 4001 .
1836 3951 1938 4003 εῖν.

364 4038 503 4091 Οὔτε
548 4041 674 4102 τοὺς
708 4040 1112 4109 Ἀσκληπιάδας
1161 4039 1272 4094 οὔθ’
1305 4042 1451 4110 ἡμᾶς
1481 4041 1605 4102 τοὺς

363 4131 455 4184 τὸν
509 4131 883 4201 αὐτοκράτορα
938 4132 1417 4200 διαπονουμένους,
1477 4131 1602 4185 οὔτε

360 4239 548 4285 ναντα,
594 4222 733 4276 ἀλλὰ
783 4223 958 4276 πάντα
1004 4223 1149 4293 ἐώρα
1196 4224 1332 4293 προς
1378 4225 1601 4294 ὄλεθρον

361 4309 458 4363 τοῦ
486 4310 675 4363 λοιποῦ
704 4312 773 4364 τὰ
807 4310 932 4364 καθ’
969 4313 1116 4380 ἡμᾶς
1148 4314 1206 4363 ὲν
1234 4314 1377 4381 σάλῳ
1408 4313 1505 4366 καὶ
1538 4314 1771 4368 κλύδωνι

694 4402 1020 4472 ἐταράττετο
1078 4406 1146 4458 τὰ
1193 4403 1575 4474 καθεστηκότα
1632 4408 1726 4458 καὶ
1782 4406 1947 4475 φόϐος

359 3397 576 3455 ἅπαντα
654 3437 667 3451 .

362 3489 694 3558 ἰατρῶνέδεὶ
767 3528 783 3544 .
868 3531 880 3545 .

360 3583 493 3649 περὶ
528 3598 655 3635 τατε
700 3622 714 3637 .
791 3621 806 3635 .

360 3676 522 3729 ἐπα.
602 3714 614 3727 .

358 4516 653 4584 perniciem
688 4526 942 4585 urgerent
965 4515 1125 4579 mala,
1149 4518 1431 4572 calamitas
1460 4533 1623 4587 super
1646 4517 1779 4573 alias
1806 4533 1943 4571 nera

2041 2022 2241 2078 ureret,
2289 2014 2621 2070 medicorum
2656 2017 2875 2085 quidam
2920 2017 3059 2074 febri
3093 2029 3422 2090 contempta,
3453 2025 3616 2079 veluti

2040 2123 2069 2161 a
2119 2121 2224 2177 qua
2283 2110 2336 2163 in
2391 2110 2682 2179 praesentia
2739 2111 2918 2169 minus
2971 2125 3291 2183 metuerent,
3339 2120 3623 2175 exinanire

2042 2208 2303 2254 tumorem
2360 2201 2618 2257 cauteriis
2669 2202 2946 2259 inurendis
2994 2216 3119 2260 sunt
3160 2208 3418 2277 aggressi.
3474 2209 3619 2266 Vana

2043 2304 2217 2347 tamen
2252 2293 2339 2347 illa
2372 2309 2585 2364 quoque
2610 2305 2664 2349 et
2692 2296 2884 2352 effectu
2913 2312 3065 2353 cassa
3090 2302 3299 2355 curatio
3327 2301 3425 2356 fuit
3452 2321 3465 2368 ;
3494 2321 3620 2359 nam

2041 2398 2094 2440 et
2153 2387 2358 2441 ventris
2413 2396 2591 2441 tumor
2645 2388 2779 2442 nihil
2839 2392 3083 2445 cauterio
3142 2392 3382 2447 minutus
3413 2410 3515 2459 cst,
3567 2409 3624 2451 et

2042 2478 2349 2545 pulmonem
2397 2493 2459 2531 ac
2494 2476 2680 2533 fauces
2716 2480 2885 2534 nihilo
2919 2482 3096 2534 minor
3131 2497 3325 2552 urgere
3370 2499 3623 2551 perseve-

2043 2572 2195 2623 rabat
2228 2570 2512 2623 diﬂicultas
2542 2571 2913 2638 reciprocandi
2946 2574 3189 2641 spiritus.
3234 2577 3354 2632 lla‘c
3384 2592 3506 2631 cum
3535 2580 3618 2633 sic

2044 2669 2245 2726 essent,
2281 2676 2407 2714 erce
2434 2661 2527 2715 tibi
2564 2662 2708 2715 velut
2748 2680 2811 2715 ex
2846 2680 2980 2718 novo
3012 2666 3162 2720 fonte
3190 2667 3438 2724 humoris
3472 2671 3616 2724 noxii

2046 2754 2284 2808 derivata
2339 2770 2472 2808 nova
2530 2756 2822 2810 destillatio
2869 2758 3240 2826 gnrgulionem
3291 2762 3509 2823 invasit,
3567 2774 3625 2818 et

2046 2848 2187 2915 quod
2230 2847 2282 2900 in
2321 2862 2416 2902 ore
2462 2849 2653 2902 medici
2704 2850 2888 2902 caelum
2937 2851 3230 2919 appellant,
3272 2853 3624 2924 gingivasqu

2046 2938 2311 3005 corripuit
2366 2937 2673 3007 inflavitqne
2713 2940 2909 2993 allluxu
2942 2942 3181 2996 ardentis
3221 2945 3391 2998 saniei
3433 2963 3445 2998 :
3483 2947 3625 3001 unde

2046 3041 2325 3083 crescente
2359 3030 2410 3082 in
2447 3030 2638 3083 molem
2678 3030 2927 3094 frumine,
2967 3033 3253 3103 linguaque
3293 3037 3403 3101 ipsa
3451 3047 3626 3090 tume-

2049 3119 2211 3184 facta,
2235 3121 2494 3174 Oball‘UCli
2523 3133 2730 3174 meatus
2766 3133 2886 3176 sunt
2919 3125 3331 3180 transmittendo
3367 3127 3625 3182 alimento

653 3255 667 3268 .
706 3215 982 3283 φερόμενα
1001 3214 1092 3265 ἐπὶ
1121 3216 1187 3283 τῇ
1217 3214 1313 3282 τῆς
1334 3213 1645 3283 φλεγμονῆς
1675 3214 1936 3286 θεραπεία

2050 3211 2224 3278 parati
2279 3229 2304 3262 a
2364 3221 2577 3266 natura.
2626 3211 2806 3267 Novus
2863 3214 2985 3268 hinc
3028 3218 3094 3270 ad
3151 3218 3422 3270 cumulum
3475 3217 3627 3272 labor

2051 3300 2250 3355 afﬂicto
2281 3302 2519 3369 corpori,
2555 3302 2869 3355 nim-intenti
2910 3304 3234 3358 subtractio.
3282 3305 3458 3359 Testis
3490 3307 3623 3359 mihi

2051 3394 2195 3449 Deus
2224 3395 2314 3459 sit,
2339 3411 2441 3463 qua
2469 3409 2568 3465 ego
2590 3396 2837 3463 privatim
2866 3396 3140 3465 diligentia
3169 3398 3432 3466 quibusve
3460 3414 3625 3452 cona-

2052 3486 2193 3540 tibus
2251 3486 2474 3540 eluctari
2552 3487 2653 3540 hoc
2714 3486 3157 3554 inpedimentum
3227 3490 3621 3545 contenderim.

2049 3577 2278 3628 Aderam
2333 3575 2481 3629 horis
2537 3575 2807 3643 omnibus,
2863 3576 3117 3629 alimenta
3168 3577 3248 3632 sic
3304 3578 3498 3632 affet-tn
3534 3596 3624 3632 ατ·-

2049 3667 2387 3719 commodata
2432 3667 2646 3734 corpori
2687 3666 2935 3719 manibus
2978 3666 3092 3735 ipsa
3137 3667 3453 3722 ministrans
3494 3686 3621 3739 pru-

2049 3763 2204 3833 priis,
2267 3777 2329 3815 ac
2387 3760 2529 3829 quod
2587 3759 2747 3813 simul
2808 3760 2998 3813 idonea
3066 3760 3217 3827 copia
3281 3762 3452 3828 trajici
3518 3781 3622 3818 non

2052 3868 2284 3928 poterat,
2342 3856 2689 3924 experiendis
2749 3854 2942 3922 sacpius
2992 3854 3398 3908 sorbitiunculis
3451 3856 3627 3911 inutil-

2050 3952 2192 4017 lans,
2250 3964 2349 4003 ncc
2398 3948 2639 4017 segniter
2680 3947 2882 3999 interea
2936 3946 3127 3999 medici
3178 3962 3291 4001 orts
3335 3958 3623 4013 tumorem,

2050 4043 2395 4112 partiumque
2455 4040 2703 4101 illarum,
2766 4036 3016 4091 omnibus
3073 4038 3207 4090 artis
3260 4039 3626 4094 delinimentis

2050 4147 2114 4185 ac
2157 4130 2407 4184 remediis
2447 4144 2741 4197 procurare
2787 4127 3118 4181 nitebantur.
3174 4126 3370 4181 Verum
3426 4144 3523 4180 nec
3572 4128 3625 4180 hi

2054 4239 2152 4277 nec
2205 4237 2305 4290 ego
2361 4220 2775 4289 proliciebamns
2833 4218 2946 4272 fere
3005 4219 3323 4287 quidquam.
3393 4220 3515 4273 Dies
3572 4218 3623 4271 in

2047 4316 2130 4370 his
2163 4315 2411 4367 undecim
2452 4312 2715 4375 abierant,
2754 4312 2806 4365 in
2843 4326 3036 4380 magno
3068 4321 3209 4363 metu
3248 4320 3431 4365 nostro
3453 4350 3468 4374 ,
3503 4326 3623 4364 cum

2050 4409 2191 4462 velut
2224 4423 2326 4461 non
2355 4407 2567 4461 abunde
2600 4406 2768 4461 multa
2802 4420 3106 4476 magnaque
3135 4420 3330 4473 corpus
3367 4420 3533 4458 unum
3568 4404 3621 4456 in

2063 4540 2166 4592 que
2190 4524 2356 4577 variis
2376 4521 2685 4577 ostenderat
2702 4521 2865 4574 animi
2895 4520 3191 4590 pra-senda?
3209 4535 3272 4574 ac
3292 4520 3628 4574 fortitudinis

370 4606 597 4673 incidit,
664 4607 767 4661 alvi
820 4607 1015 4669 Πυκιιε.
1077 4622 1182 4663 non
1235 4608 1491 4664 salutaris
1548 4621 1638 4663 aut
1691 4610 1935 4676 eriticus,
1975 4610 2017 4664 D
2050 4634 2116 4673 ne
2145 4628 2255 4671 tum
2282 4618 2498 4685 quidem
2530 4615 2694 4670 oblita
2725 4624 2843 4681 est;
2877 4615 3005 4684 quin
3036 4616 3212 4683 potius
3248 4614 3474 4667 istarum
3506 4613 3623 4667 lau-

362 4697 520 4767 501
558 4698 651 4753 Sed
682 4699 896 4755 lethalis
943 4714 1165 4768 prorsus
1192 4739 1207 4765 ,
1244 4710 1297 4753 et
1332 4702 1589 4770 reliquias
1623 4703 1817 4758 virium
1854 4713 1939 4756 te-

365 4807 504 4847 nues
536 4792 760 4860 integro
808 4794 1071 4863 principe,
1144 4794 1196 4849 iu
1246 4794 1421 4859 nobis,
1456 4796 1548 4863 qui
1600 4796 1944 4865 languentem

362 4886 713 4945 curabamus.
741 4898 865 4950 spes
899 4890 1084 4939 Statim
1113 4901 1306 4940 omnes
1332 4894 1773 4953 consumpturus.
1804 4889 1944 4955 Ergo

356 4976 490 5042 jam,
527 4987 580 5030 et
623 4976 1033 5031 denuntiatione
1056 4979 1414 5040 medicorum,
1463 4988 1519 5032 et
1550 4980 1625 5032 rei
1675 4979 1942 5032 evidentia

362 5066 568 5133 ipsius,
632 5068 1025 5137 oculorumque
1082 5072 1332 5138 pmsenti
1402 5072 1524 5135 title,
1593 5072 1939 5140 imperatoris

360 5159 561 5225 passim
597 5158 700 5212 vita
733 5159 1195 5215 Conclamabatur.
1234 5163 1352 5228 Quo
1385 5174 1629 5232 tempore
1655 5174 1855 5230 quanta
1885 5164 1939 5216 in

363 5265 461 5303 nos
510 5252 724 5317 proprie
776 5267 1047 5321 quantque
1104 5268 1244 5308 saeva
1294 5256 1600 5311 incubuerit
1644 5257 1932 5320 mteroris,

359 5343 760 5407 Sollicitudinis,
801 5347 1141 5399 miseriarum
1171 5349 1350 5402 omnis
1388 5351 1603 5417 generis
1658 5349 1891 5417 procella
1917 5388 1931 5411 ,

361 5437 483 5504 quis
506 5438 663 5491 facile
689 5439 914 5492 dixerit?
943 5439 1222 5493 Eminebat
1241 5442 1384 5494 inter
1406 5444 1649 5497 omnium
1674 5444 1943 5510 lacrymas

360 5529 538 5582 luctus
585 5539 641 5582 et
688 5531 863 5599 pietas
898 5532 1189 5598 Augustze;
1220 5548 1341 5601 quas
1386 5549 1695 5602 quanquam
1745 5534 1940 5587 nullam

363 5634 468 5671 non
500 5620 686 5674 ederet
718 5622 769 5675 in
803 5621 1016 5690 jactura
1067 5623 1373 5678 charissitni
1418 5626 1611 5693 capitis
1649 5626 1940 5693 significa—

364 5711 566 5764 tionem
607 5712 719 5766 veri
751 5716 971 5779 amoris,
1007 5715 1420 5784 insolabilisque
1455 5716 1728 5779 desiderii,
1763 5726 1942 5773 tamen

363 5803 482 5868 ejus
511 5819 673 5872 quam
700 5814 809 5859 toto
852 5806 976 5862 vita:
1012 5818 1257 5878 tempore
1283 5810 1333 5864 in
1376 5808 1629 5878 periculis
1660 5809 1944 5863 aerumnis-

447 5897 493 5928 ⁸³
526 5896 983 5967 φλεγμηνάντων.

2045 4709 2174 4763 dum
2228 4708 2529 4761 clarissima
2587 4716 2714 4761 tunc
2764 4706 2998 4760 maxime
3045 4707 3364 4759 documenta
3413 4705 3625 4767 edidit,

2049 4799 2470 4867 generesissime
2500 4798 2702 4852 doloris
2732 4797 2995 4853 cohibens
3038 4797 3259 4851 nimiam
3302 4798 3435 4860 vim,
3469 4796 3633 4849 ohftr-

2047 4906 2312 4958 mensque
2359 4906 2418 4945 se
2463 4900 2648 4944 contra
2690 4890 2829 4942 virili
2883 4890 3191 4944 constantia
3229 4907 3241 4942 :
3281 4900 3334 4943 et
3375 4889 3522 4941 velut
3572 4889 3626 4941 in

2044 4980 2324 5051 Olympico
2368 4980 2588 5050 pulvere
2641 4978 2839 5033 athleta
2907 4978 3208 5045 palmarum
3267 4978 3620 5046 plurimarum

2043 5072 2257 5127 fortiter
2283 5071 2552 5126 eluctatur
2582 5070 2953 5125 adversarium
2981 5110 2996 5135 ,
3028 5069 3107 5123 sic
3156 5069 3244 5123 illa
3293 5070 3622 5137 injicientem

2046 5161 2229 5214 virtuti
2282 5177 2392 5215 suae
2445 5176 2674 5222 manus,
2730 5169 2891 5228 atque
2943 5160 3179 5227 undique
3234 5161 3623 5227 ingruentem,

2044 5255 2389 5323 dejicereque
2448 5261 2775 5316 conantem,
2826 5260 3007 5304 erecta
3062 5251 3109 5304 vi
3163 5253 3328 5304 animi
3386 5252 3624 5305 dolorem

2046 5345 2372 5399 acerrimum
2410 5344 2686 5399 sustinens
2730 5358 2792 5396 ac
2842 5343 3129 5412 repellens.
3185 5343 3345 5409 Atqui
3393 5351 3628 5408 quanta~

2045 5450 2255 5504 cunque
2281 5444 2589 5499 conaretur,
2620 5432 2796 5487 facere
2829 5434 2914 5486 illa
2949 5433 3163 5502 quidem
3199 5433 3337 5484 haud
3385 5442 3621 5500 poterat,

2045 5529 2173 5596 quin
2198 5526 2412 5594 qu0ties
2441 5524 2829 5589 imperatorem
2855 5526 2907 5577 in
2941 5524 3047 5579 isto
3068 5522 3521 5591 deploratissimo,
3571 5523 3623 5574 in

2043 5635 2153 5688 quo
2199 5620 2242 5671 is
2276 5626 2388 5671 tum
2433 5624 2590 5679 erat,
2625 5625 2770 5667 statu
2821 5624 3069 5668 cerneret
3116 5614 3394 5683 (cernebat
3445 5624 3625 5667 autem

2049 5710 2311 5782 assidue),
2357 5708 2893 5762 transverberaretur
2945 5706 3045 5775 ipsi
3080 5706 3295 5760 animus
3343 5705 3491 5773 plaga
3546 5704 3627 5756 in-

2048 5806 2212 5873 genti,
2240 5816 2441 5867 corque
2475 5799 2725 5853 intimum
2754 5788 2998 5852 funditus
3020 5795 3626 5852 succutcreturNerurn
