4108 6440
455 431 591 497 ιιαε)

457 642 740 698 ἱειίοιιιιιιιίἰ
780 641 894 710 pari
933 638 1277 693 contentione
1306 637 1540 690 robustae
1579 635 1818 699 virtutis,
1854 643 2033 687 certa-

457 751 687 804 menque
713 733 946 788 durabat
978 732 1200 786 obnixis
1252 731 1504 796 utrinque
1539 728 1876 796 impulsibus,
1910 742 2031 780 cum

419 872 430 890 .
457 839 511 882 et
543 827 762 881 lethalia
791 825 990 881 doloris
1018 823 1238 878 vulnera
1297 836 1489 875 sensus
1530 821 1747 887 penitus
1783 817 2028 882 intimos,

464 922 830 987 medullasque
863 919 1002 972 velut
1031 919 1170 984 ipsas
1199 916 1395 968 aninne
1442 915 1820 981 perv:ulerent,
1859 923 1911 964 et
1947 927 2034 964 re-

461 1013 671 1067 luctans
708 1023 885 1065 tamen
921 1008 1073 1062 fortis
1104 1006 1343 1060 mulieris
1377 1005 1689 1058 constantia
1743 1003 2038 1057 suStineret

457 1120 516 1160 se
567 1106 617 1157 in
675 1113 840 1167 statu,
903 1114 1199 1169 peetusque
1258 1099 1463 1164 utique,
1528 1096 1703 1150 ol’lieio
1758 1107 2038 1164 generosae

459 1193 812 1252 lortitulinis,
846 1200 1091 1244 servaret
1140 1190 1406 1258 integrum
1447 1203 1460 1240 :
1492 1187 1705 1240 interim
1747 1200 1876 1238 sane
1911 1186 2035 1237 dum

457 1287 642 1340 Ot'UIOS
689 1295 746 1340 et
791 1283 996 1336 vultum
1030 1281 1348 1343 concedere,
1397 1279 1597 1348 aliquid
1645 1277 2039 1348 perturbationi

460 1378 683 1440 sineret,
712 1375 920 1440 oculos,
951 1389 1056 1429 non
1078 1375 1188 1441 jam
1215 1371 1482 1433 stillatim,
1513 1369 1608 1425 sed
1638 1370 1812 1439 plenis
1835 1370 2039 1438 jugiter

459 1470 688 1522 ﬂuentes
717 1467 876 1533 rivis;
909 1465 1136 1527 vultum,
1171 1465 1238 1516 ah
1269 1462 1357 1517 illo
1386 1461 1570 1515 formae
1599 1459 1729 1514 ﬂore
1765 1467 2033 1511 mutatum

458 1560 513 1615 in
549 1558 857 1627 squalorem
891 1555 1222 1622 maciemque
1256 1561 1482 1617 tantam,
1541 1561 1596 1604 ut
1629 1565 1748 1603 mox
1775 1549 2040 1602 abituram

463 1655 703 1708 animum
736 1650 1051 1719 prominere
1096 1664 1126 1702 e
1178 1647 1406 1700 summis
1446 1645 1666 1698 naribus
1706 1644 1928 1697 intuens
1962 1643 2042 1695 di-

464 1763 638 1801 ceres.
666 1745 902 1810 Quintus
952 1749 1069 1796 erat
1117 1755 1274 1809 supra
1327 1738 1596 1793 decimum
1641 1736 1867 1805 Augusti
1907 1737 2040 1797 dies,

473 1838 608 1893 feria
639 1837 830 1906 quinta
860 1834 1218 1888 hebdomadis
1248 1832 1409 1894 illius,
1439 1846 1544 1900 qua
1581 1845 1646 1884 eo
1690 1845 1833 1882 anno
1868 1828 2044 1882 incul-

467 1931 761 1999 ρτιιὶμείιιιειε
791 1925 1034 1980 Dominae
1063 1925 1328 1979 But-Initio
1359 1922 1629 1977 celebrata
1660 1929 1762 1974 est.
1792 1919 1919 1988 Ejus
1942 1917 2048 1971 diei

467 2022 642 2088 primo
675 2033 831 2070 mane
857 2031 976 2068 cum
1005 2014 1352 2084 imperatoris
1394 2021 1554 2079 caput
1599 2010 1783 2064 nescio
1813 2024 1922 2078 quo
1951 2024 2053 2060 ttu-

469 2120 666 2180 guento
699 2107 1042 2162 inumissent
1060 2106 1275 2173 quidam
1300 2104 1518 2166 medici,
1544 2111 1700 2172 prout
1725 2100 1854 2170 ipsis
1878 2101 2051 2155 visum

470 2204 673 2266 fuerat,
731 2199 926 2254 deinde
978 2198 1126 2252 velut
1199 2195 1485 2266 perfuncti,
1540 2197 1758 2249 domum
1821 2193 2054 2262 quisque

473 2307 629 2346 suam
661 2303 970 2355 recessere;
1006 2304 1111 2342 nou
1145 2288 1387 2348 fortuito,
1419 2299 1592 2353 neque
1637 2283 1707 2338 ob
1754 2282 2056 2336 necessita-

475 2394 583 2438 tem
632 2383 826 2448 ullam,
878 2382 972 2436 sed
1021 2381 1162 2449 quod
1213 2378 1377 2434 certis
1427 2376 1637 2432 indiciis
1689 2375 2052 2444 intelligerent

470 2477 676 2531 instare
706 2475 913 2530 ulti-tum
946 2471 1325 2541 imperatoris;
1351 2484 1457 2539 quo
1477 2478 1718 2537 tempore
1742 2466 2052 2522 statuebant

473 2581 580 2622 non
613 2580 734 2620 esse
761 2564 862 2619 sibi
896 2560 1365 2623 committendum,
1401 2568 1458 2614 ut
1511 2569 1676 2613 testes
1719 2559 1880 2612 otiosi
1918 2556 2052 2609 tanti

475 2659 599 2711 mali
657 2657 957 2712 residerent
992 2654 1137 2718 illic,
1171 2651 1404 2722 expositi
1437 2653 1501 2703 ad
1537 2651 1704 2704 libera
1737 2651 1859 2704 odia
1901 2648 2048 2718 judi-

474 2754 665 2818 ciaque
695 2748 993 2809 hominum,
1023 2745 1076 2798 in
1105 2744 1352 2813 praesenti
1381 2757 1542 2797 sensu
1567 2741 1793 2810 jacturae
1819 2741 2054 2810 propriae

479 2841 738 2912 quidquid
768 2848 850 2894 est
876 2840 1094 2894 obvium
1123 2837 1486 2905 culpantium.
1516 2835 1650 2888 Tres
1684 2835 1735 2888 hi
1764 2845 1922 2889 erant
1961 2833 2043 2886 l'a-

475 2934 584 2987 cile
615 2931 886 3002 ptincipes
911 2927 1025 2997 ejus
1056 2928 1311 2997 temporis
1338 2926 1694 2982 medicorum.
1732 2925 2054 2979 l‘rtecellens

477 3025 731 3078 nimirum
765 3023 880 3087 ille,
926 3019 994 3074 de
1043 3033 1150 3090 quo
1180 3018 1450 3088 superius,
1482 3015 1739 3071 Nicolaus
1781 3015 2054 3082 Callicles,

1751 423 1976 484 Α’ΝΝΑΞ
2015 421 2394 484 ΟΟΜΝΕΝῈ

452 552 758 622 excipiebat
800 550 987 606 eadem
1051 547 1374 602 immensum
1435 546 1694 616 impetum
1757 543 2023 598 irruentis
2057 550 2095 602 Α
2129 543 2224 595 καὶ

3585 423 3721 489 1-300

2867 544 2959 596 ἐπὶ
2986 543 3232 612 κεφαλῆς
3265 544 3707 613 συνεστήκεσαν.
3777 597 3782 600 .

2139 631 2264 704 Εἶχε
2304 635 2404 704 μὲν
2553 674 2570 689 .
2717 676 2732 692 .
2885 677 2899 692 .
3047 635 3317 706 ἀνδρεῖον.
3363 635 3478 690 Ἀεὶ
3494 638 3589 689 καὶ
3608 640 3724 697 τοῖς

2138 727 2449 796 ἑμπροτθεν
2477 727 2790 790 κινδᾷνοις.
2890 766 2903 781 .
3057 767 3072 780 .
3225 766 3297 797 ,⁸
3392 764 3406 780 .
3556 726 3722 795 μάλι-

2140 836 2242 871 στα
2287 819 2343 870 δὲ
2375 819 2434 871 τὸ
2463 819 2719 888 τηνικάδε
2771 820 3086 888 ἠνδρίσατο,
3133 820 3229 872 καὶ
3279 819 3356 886 τῷ
3402 818 3566 872 πάθει
3617 819 3721 888 τῆς

2137 910 2313 980 λύπης
2345 910 2836 982 ὲμὸρεμησαμένη,
2861 911 3106 979 εἱστήκει
3149 911 3404 980 καθάπερ
3442 910 3715 978 ὀλυμπιο-

2139 1005 2297 1074 νίκης
2336 1005 2472 1074 πρὸς
2499 1006 2596 1066 τὰς
2625 1005 2966 1072 δριμυτάτας
3005 1003 3224 1065 ἐκείνας
3252 1003 3448 1065 ὀδύνας
3478 991 3722 1057 ἀντιπα-

2141 1096 2396 1151 λαίουσα.
2449 1096 2938 1167 Κατετιτρὼσκετο
2991 1096 3088 1166 μὲν
3131 1096 3239 1162 γὰρ
3266 1095 3366 1164 τὴν
3405 1095 3586 1165 ψυχὴν
3634 1097 3732 1148 καὶ

2141 1191 2470 1258 ἐταράττετο
2525 1189 2624 1260 τὴν
2683 1187 2930 1258 καρδίαν,
2973 1189 3155 1259 ὁρῶσα
3204 1189 3297 1240 τὸν
3345 1189 3732 1260 αὐτοκράτορα

2139 1283 2313 1343 οὕτως
2339 1281 2551 1352 ἔχοντα,
2581 1280 2716 1333 ἀλλά
2761 1280 3064 1346 ξυνὲτεινεν
3109 1281 3313 1348 ἑιυτὴν
3349 1281 3442 1331 καὶ
3492 1281 3730 1349 ἐνεκαρ-

2141 1375 2290 1444 τέρει
2341 1373 2475 1444 πρὸς
2515 1373 2583 1425 τὰ
2613 1372 2765 1425 δεινὰ
2814 1372 2910 1424 καὶ
2959 1371 3175 1441 ἐδέχετο
3229 1372 3325 1440 μὲν
3354 1371 3454 1433 τὰς
3493 1370 3733 1440 τρώσεις

2142 1466 2362 1536 καιρίας
2388 1467 2482 1518 καὶ
2505 1464 2569 1518 τὸ
2592 1463 2764 1526 πάθος
2795 1463 2975 1516 αὐτῶν
3003 1462 3318 1516 καθικνείτο
3345 1463 3454 1514 τῶν
3490 1462 3727 1532 μυελῶν·

2143 1560 2358 1630 ἀντεῖχε
2405 1558 2463 1610 δὲ
2495 1557 2670 1626 ὅμως,
2704 1555 2884 1608 καίτοι
2935 1555 3169 1608 ἀστακτὶ
3214 1555 3422 1625 ταύτης
3467 1556 3731 1624 κατέζίρει

2144 1653 2204 1704 τὸ
2229 1652 2487 1721 δάκρυον,
2517 1651 2613 1702 καὶ
2639 1647 2885 1717 τηκεδὼν
2911 1647 3176 1701 κατέλαϐε
3210 1647 3305 1701 τοῦ
3334 1649 3636 1718 προσώπου
3665 1649 3731 1701 τὸ

2145 1743 2363 1809 κάλλος,
2390 1743 2484 1796 καὶ
2521 1743 2580 1794 ὲν
2618 1743 2764 1811 ῥισὶν
2808 1739 3111 1811 ἀπῃώρητο
3157 1741 3259 1811 τὴν
3301 1742 3504 1811 ψυχήν.
3555 1741 3727 1793 Πέντε

2152 1838 2246 1889 καὶ
2274 1835 2508 1905 δεκάτην
2541 1835 2600 1888 δὲ
2644 1832 2739 1886 τοῦ
2769 1833 3088 1902 Αὐγούστου
3121 1833 3368 1901 ἄγοντος,
3400 1834 3628 1901 πέμπτη
3672 1833 3734 1886 δὲ

2154 1923 2221 1998 ἦν
2244 1927 2343 1995 τῆς
2372 1925 2676 1995 τηνικαῦτα
2723 1925 3020 1993 sampsa»;
3055 1925 3273 1993 ἐκείνης
3313 1923 3438 1977 καθ’
3467 1924 3535 1995 ἢν
3569 1925 3602 1994 ἡ
3630 1925 3731 1991 τῆς

2157 2016 2539 2087 ὑπεραμώμου
2596 2016 2899 2086 Δεσποίνης
2939 2018 3036 2070 καὶ
3089 2017 3433 2086 Θεομήτορος
3472 2018 3732 2086 κοίμησις

2157 2109 2503 2180 ὲορτάξεται,
2548 2111 2762 2180 πρωτας
2796 2109 3192 2179 ἐπαληλιφότες
3237 2108 3336 2180 τὴν
3363 2110 3606 2179 κεφαλὴν
3633 2107 3734 2162 τοῦ

2157 2204 2558 2274 αὐτοκράτορος
2613 2219 2762 2264 τινες
2816 2202 2925 2254 τῶν
2986 2201 3444 2272 Ἀσκληπιαδῶν,
3489 2202 3624 2255 ἄττα
3666 2201 3735 2271 δὴ

2153 2297 2366 2359 τούτοις
2413 2295 2612 2359 ἔδοξεν.
2648 2295 2882 2348 Ἐκεῖνοι
2936 2294 3036 2364 μὲν
3089 2295 3274 2348 οἴκαδε
3325 2291 3615 2365 ἐχώρησαν
3668 2295 3734 2346 οὐ

2160 2389 2359 2459 μάτην,
2391 2388 2513 2441 οὐδὲ
2568 2388 2659 2442 διά
2706 2404 2830 2440 τινα
2889 2385 3082 2457 χρείαν
3135 2386 3324 2448 αὐτοῖς
3371 2385 3730 2454 ἐπείγουσαν,

2156 2479 2291 2531 ἀλλὰ
2323 2478 2544 2546 γνόντες
2588 2477 2681 2530 τὸν
2720 2477 2780 2541 ἐξ
2828 2476 3096 2542 ὑπογυίου
3130 2474 3484 2543 ἐπικείμενον
3523 2474 3600 2545 τῷ
3633 2475 3736 2528 σύ-

2156 2569 2447 2639 τοκράτορι
2500 2569 2746 2622 κίνδυνον
2774 2583 2788 2600 ο
2819 2569 2968 2637 τρεῖς
3009 2567 3109 2636 μὲν
3149 2567 3258 2636 γὰρ
3291 2562 3431 2638 ἦσαν
3479 2568 3526 2620 οἱ
3570 2583 3742 2638 κορυ-

2158 2667 2308 2731 φαῖοι
2341 2662 2447 2714 τῶν
2475 2661 2696 2732 ἰατρῶν,
2741 2661 2768 2713 ὃ
2800 2678 2860 2711 τε
2892 2660 3180 2730 ὑπερφυὴς
3229 2659 3498 2722 Νικόλαος
3523 2660 3551 2712 ὁ
3584 2658 3737 2713 Καλ-

2157 2750 2344 2818 λικλῆς
2375 2749 2470 2802 καί
2497 2767 2580 2812 τις
2609 2749 2795 2818 ἔτερος
2822 2748 3041 2817 Μιχαὴλ
3067 2751 3094 2801 ὀ
3124 2765 3235 2801 παν

2159 2843 2223 2894 ἐκ
2249 2841 2440 2910 γένους
2461 2840 2560 2910 τὴν
2582 2842 2900 2908 ιπωνυμίαν
2929 2839 3111 2910 λαχὼν
3137 2842 3235 2895 καὶ

2157 2934 2308 2998 λιὸδς
2337 2933 2559 3004 Μιχαὴλ
2592 2936 2620 2987 ὁ
2659 2934 2921 3000 ἐκτομίας
2943 2949 2959 2965 ·
3007 2936 3040 3006 ὴ
3076 2934 3282 3008 μέντοι.

2159 3029 2547 3091 κυκλώσαντες
2583 3028 2756 3097 αὐτὴν
2803 3028 3007 3089 παντὸς
3046 3028 3140 3081 τοῦ
3177 3044 3241 3080 συ

473 3129 528 3170 et
555 3117 692 3172 alius
720 3115 937 3185 quidam
964 3111 1191 3165 Michael
1233 3110 1363 3164 Pan.
1400 3149 1413 3164 .
1454 3146 1468 3162 .
1505 3149 1518 3163 .
1555 3150 1570 3164 .
1609 3147 1622 3162 .
1659 3147 1675 3163 .
1716 3148 1731 3163 .
1761 3123 1827 3162 ex
1859 3121 2049 3177 genere

2158 3121 2562 3186 ἀναγκάζοντος
2633 3110 2961 3185 μεταλαὸἱῖν
3031 3119 3241 3189 τροφῆς

476 3217 891 3276 cognomentum
935 3213 1158 3270 nactus,
1190 3211 1266 3256 et.
1323 3241 1337 3256 .
1377 3241 1391 3256 .
1424 3243 1436 3256 .
1473 3240 1486 3255 .
1519 3240 1536 3256 .
1567 3239 1589 3254 .
1623 3241 1636 3255 .
1677 3239 1689 3254 .
1728 3238 1742 3254 .
1777 3239 1792 3254 .
1829 3242 1842 3256 .
1878 3239 1895 3255 .
1931 3243 1945 3256 .
1989 3239 2003 3255 .
2037 3239 2049 3253 .

2161 3212 2236 3281 μὴ
2270 3209 2648 3278 μεταλαϐοῦσα
2681 3212 2726 3242 ⁵⁸
2757 3211 2849 3262 καὶ
2882 3209 3050 3262 ὕπνου
3081 3211 3128 3242 ⁸⁸
3273 3247 3292 3264 .
3439 3251 3454 3265 .
3605 3231 3738 3266 συν-

482 3337 499 3356 .
538 3340 552 3353 .
588 3339 604 3356 .
642 3341 658 3354 .
699 3337 714 3352 .
760 3335 775 3351 .
826 3296 1052 3350 Michael
1101 3294 1406 3350 eunuchus.
1472 3292 1680 3347 Interea
1733 3291 2045 3361 frequentes

2157 3306 2302 3373 εχεῖς
2341 3304 2436 3357 καὶ
2459 3301 2588 3365 ὅλας
2619 3302 2821 3363 νύκτας
2845 3303 2999 3355 atat"
3147 3341 3163 3356 .
3315 3341 3331 3356 .
3480 3343 3494 3356 .
3640 3305 3740 3358 ἐπὶ

478 3397 778 3461 Augustam
832 3389 1082 3444 ambiunt
1116 3385 1421 3449 domestici,
1473 3384 1834 3455 precibusque
1883 3392 2049 3453 agunt

2154 3398 2222 3467 τῇ
2257 3395 2527 3464 θεραπεί-ξι
2577 3395 2672 3447 τοῦ
2711 3395 2979 3463 βασιλέως
3127 3434 3143 3449 .
3293 3435 3308 3449 .
3453 3396 3736 3450 ἐπείθετο.

477 3483 696 3544 intimis,
728 3480 831 3534 sibi
863 3490 924 3534 ut
957 3488 1168 3548 parcat,
1205 3491 1370 3546 seque
1420 3485 1575 3530 curet
1627 3475 2043 3544 aliquantulum.

2171 3489 2332 3541 Ἀλλὰ
2361 3487 2588 3541 λειποθυ
2597 3489 2670 3558 μή
2682 3505 2777 3551 σας
2813 3489 2858 3520 ⁸⁷
3009 3530 3022 3544 .
3177 3531 3189 3543 .
3337 3527 3354 3542 .
3499 3491 3740 3559 γενημέ-

477 3575 815 3630 'l‘amdudum
861 3572 972 3638 jam
1012 3584 1132 3623 esse
1179 3584 1243 3622 ex
1275 3582 1383 3637 quo
1415 3581 1519 3621 nec
1549 3581 1801 3622 somnum
1838 3566 2049 3628 viderit,

2158 3597 2253 3648 νης
2284 3578 2359 3647 τῷ
2392 3579 2761 3648 αὐτοκράτορι
2803 3582 2968 3634 πάλιν
3116 3621 3130 3635 .
3280 3618 3296 3633 .
3444 3599 3503 3634 το
3539 3580 3740 3651 ᾔσθετο

480 3685 580 3722 nec
615 3668 794 3720 cibum
816 3662 1130 3732 sumpserit.
1149 3660 1314 3715 Cedat
1335 3660 1494 3728 justis
1516 3657 1802 3713 desideriis
1827 3670 2049 3723 naturae,

2157 3671 2695 3740 ἀποκαραδοκὴσασα
2717 3671 2816 3741 τὴν
2963 3709 2976 3723 .
3129 3711 3143 3725 .
3294 3710 3310 3724 .
3421 3670 3591 3740 ζωὴν,
3607 3687 3744 3722 κατ-

479 3777 581 3816 uec
611 3759 816 3814 cladem
849 3758 975 3809 dum
1020 3753 1308 3824 prohibere
1339 3751 1560 3821 satagit,
1603 3752 1860 3820 geminet.
1911 3750 2049 3804 Nihil

2157 3763 2317 3815 ἐσαλέ
2355 3780 2419 3815 τε
2465 3764 2666 3835 ἑαυτὴν
2712 3764 2808 3817 ἐπὶ
2851 3761 2948 3814 τοῦ
3021 3799 3036 3815 .
3098 3802 3113 3817 .
3267 3806 3280 3818 .
3433 3803 3446 3817 .
3594 3760 3738 3815 ἐκώ·-

479 3853 692 3907 interim
721 3846 1030 3917 imperatori
1064 3843 1394 3908 defuturum;
1419 3859 1543 3895 mox
1573 3857 1700 3896 vero
1729 3842 1902 3910 ipsam
1930 3857 2049 3895 cum

2159 3852 2258 3904 κυέ
2285 3870 2344 3904 τε
2375 3853 2614 3922 συνεχῶς
2654 3855 2751 3907 καὶ
2787 3855 3092 3926 ὲπλήττετο

482 3943 698 3998 refectis
723 3943 929 3997 viribus
964 3952 1154 3993 recens
1175 3938 1365 4000 aderit,
1394 3935 1580 3988 utilius
1608 3935 1708 4003 ipsi
1733 3936 2049 4002 obsequium

2161 3945 2246 4013 ἐφ’
2283 3945 2457 4007 οὕτως
2505 3946 2862 4016 ὲπιὸεϐηκόσι
2918 3949 3134 4009 κακοῖς,
3169 3947 3263 3999 καὶ

483 4046 824 4092 navaturam.
873 4033 1122 4089 Cesserat
1147 4032 1230 4086 his
1261 4031 1500 4091 monitis,
1528 4046 1694 4100 seque
1725 4032 1789 4083 ad
1816 4033 2049 4100 quietem

2164 4037 2260 4106 μὲν
2277 4036 2477 4088 αὐτίκα
2499 4035 2599 4096 τὴν
2623 4037 2770 4107 ζωὴν
2792 4039 3102 4107 ἁπερεὺξας

480 4133 720 4198 Angusta
758 4133 1061 4195 receperat.
1094 4123 1256 4194 502
1293 4122 1489 4176 Verum
1520 4121 1876 4177 sollicitarum
1913 4123 2049 4177 leves

2161 4145 2289 4182 νατο
2318 4127 2398 4180 δέ.
2429 4126 2488 4180 '0
2515 4127 2572 4179 δὲ
2598 4128 2854 4198 βασιλεὺς
2886 4130 3068 4184 καίτοι
3095 4132 3234 4184 θανκ
3383 4170 3397 4185 .
3549 4155 3565 4186 4

486 4234 540 4277 et
579 4219 736 4274 facile
783 4216 1039 4273 solubiles
1081 4218 1255 4271 somni
1294 4227 1437 4272 sunt.
1487 4215 1684 4267 Animo
1715 4213 1880 4284 linqui
1914 4215 2049 4269 visus

2161 4221 2256 4273 καὶ
2279 4219 2839 4284 καταδυναστεύοντος
2867 4222 3032 4275 αὑτοῦ
3059 4224 3151 4275 τοῦ
3302 4261 3316 4276 .
3467 4261 3482 4276 .
3632 4238 3742 4284 περ

481 4317 776 4383 imperator
814 4318 1068 4365 cttrantes
1101 4318 1495 4364 commoverat.
1543 4305 1682 4362 Hinc
1727 4315 1844 4362 orta
1894 4307 2049 4375 trepi-

2161 4312 2427 4379 κρείττων
2455 4316 2550 4366 καὶ
2573 4314 2808 4367 Θανάτου
2833 4319 3131 4385 γενόμενος
3278 4356 3293 4370 .
3443 4353 3459 4369 .
3605 4316 3741 4382 ἐκή-

480 4407 628 4463 datio
662 4405 817 4460 facile
866 4402 1094 4474 perculit
1139 4401 1542 4472 imperatricem
1579 4400 1718 4454 haud
1752 4401 1936 4469 procul
1969 4401 2049 4455 de-

2161 4398 2282 4451 δετό
2309 4417 2370 4452 τε
2404 4400 2506 4468 τῆς
2541 4401 2862 4474 βασιλίσσης
2901 4407 2998 4458 καὶ
3142 4443 3159 4460 .
3312 4446 3326 4460 .
3473 4422 3605 4474 φετο
3638 4405 3738 4473 τὴν

480 4497 847 4562 ett-iubentem,
879 4503 934 4548 et
955 4508 1056 4563 per
1082 4505 1332 4562 soporem
1362 4491 1624 4546 continuo
1672 4489 2049 4560 imaginantem

2163 4491 2418 4562 τοιούτην
2451 4493 2498 4524 ⁸⁸
2532 4495 2838 4564 ἀδημονίαν
2882 4498 2926 4530 ⁵⁹
2962 4515 3029 4568 με
3176 4537 3191 4553 .
3342 4539 3358 4555 .
3506 4499 3743 4565 Θυγατέ-

483 4613 744 4684 quidquid
795 4611 1018 4667 evenire
1079 4609 1324 4677 Augusto
1375 4611 1591 4674 poterat
1646 4603 1740 4657 tali
1794 4613 2059 4673 tempore.
2095 4608 2270 4670 nnis,
2303 4617 2510 4674 puteus.
2545 4612 2787 4678 graviter
2825 4609 3124 4678 increpavit
3181 4611 3325 4664 illam
3370 4612 3742 4681 itupotet‘iam

485 4707 767 4774 Suspicata
800 4703 940 4773 quod
970 4715 1055 4756 res
1083 4709 1201 4754 erat
1229 4697 1425 4766 surgit,
1451 4694 1703 4761 advolat;
1739 4694 1790 4748 in
1824 4695 2064 4764 deliquio

484 4806 722 4862 captum,
744 4795 887 4848 Vrltll
929 4793 981 4847 in
1025 4792 1137 4860 jam
1169 4801 1440 4845 mortuum
1479 4802 1680 4854 corpus
1712 4786 1875 4840 irruit
1900 4829 1914 4853 ,
1949 4802 2067 4842 am-

486 4887 730 4956 plexibus
762 4895 922 4953 atque
951 4882 1154 4938 osculis
1188 4895 1426 4936 amorem
1463 4879 1816 4946 do'loremque
1853 4889 2061 4934 testau-

487 4983 650 5035 tibus.
681 4978 815 5032 lliuc
843 4975 1217 5044 ejulatusplan
1236 4983 1483 5042 ctusque,
1514 4986 1576 5026 ac
1597 4979 1792 5026 caetera
1819 4972 1869 5026 id
1895 4986 2066 5042 genus

491 5070 744 5128 maeroris
781 5067 981 5122 indicia
1015 5066 1252 5138 ingentis
1273 5104 1288 5128 ,
1321 5075 1481 5131 atque
1511 5065 1644 5117 adeo
1672 5064 1826 5126 tanti,
1861 5072 1919 5117 nt
1951 5078 2068 5116 ma-

489 5175 644 5220 trona
695 5159 852 5214 malis
887 5159 1063 5228 impar
1102 5165 1253 5210 tanta
1285 5153 1446 5208 simul
1479 5154 1774 5209 acerbitate
1813 5155 2063 5227 ingruen-

489 5255 651 5318 tibus,
681 5251 882 5322 justam
909 5249 1129 5304 oﬂ'et'ret
1153 5244 1526 5317 spectantibus
1560 5246 1780 5301 timendi
1813 5261 2062 5314 causam,

487 5361 556 5402 ne
589 5344 786 5401 doloris
827 5339 1197 5412 magnitudine
1223 5338 1405 5393 statim
1453 5339 1767 5392 exanimata
1806 5340 2066 5394 concide-

487 5447 589 5494 ret.
645 5436 782 5492 Hinc
837 5434 927 5489 tali
969 5441 1115 5487 statu
1176 5429 1524 5500 conspicatus
1577 5431 1891 5500 imperator,
1936 5441 2066 5487 tunc

485 5531 825 5586 commodum
859 5528 960 5582 sibi
988 5527 1228 5582 redditus
1254 5539 1284 5580 e
1320 5538 1578 5596 syncOpe,
1621 5524 1674 5579 in
1707 5525 1881 5578 media
1935 5523 2059 5578 licet

485 5631 679 5686 morte,
715 5621 905 5674 mortis
937 5627 1117 5673 tamen
1144 5627 1200 5673 et
1225 5616 1331 5680 sui,
1359 5616 1590 5686 vigentis
1623 5615 1854 5670 arbitrio
1885 5615 2057 5687 ratio-

2163 4701 2549 4756 mmstitudinis
2599 4702 2910 4762 muliebris;
2950 4715 3156 4770 nosque
3189 4718 3292 4757 una
3329 4703 3563 4760 intuens.
3625 4717 3736 4764 me,

2163 4794 2476 4863 iuquam,et
2507 4796 2664 4849 tertio
2693 4799 2929 4863 genitam
2955 4811 3269 4867 germanam
3301 4810 3474 4850 meam
3501 4796 3747 4864 Porphy-

2165 4881 2462 4949 rogenitam
2516 4883 2808 4939 Eudociam
2859 4885 3006 4955 (nam
3039 4884 3206 4938 Maria
3236 4900 3393 4939 soror
3420 4894 3603 4939 nostra
3634 4893 3747 4937 ter-

2166 4973 2262 5036 tia,
2295 4988 2402 5027 non
2439 4974 2527 5028 illa
2564 4985 2674 5028 tum
2699 4976 2920 5044 quidem
2947 4976 3156 5030 imitata
3189 4988 3433 5031 sanctam
3468 4975 3613 5029 illaut
3639 4975 3744 5030 sibi

2164 5067 2562 5134 cognominem,
2596 5067 2816 5120 sedebat
2849 5065 3003 5134 juxta
3032 5068 3197 5138 pedes
3226 5067 3330 5120 mei
3378 5065 3606 5127 domini,
3639 5067 3737 5117 sed

2164 5158 2309 5210 circa
2334 5166 2498 5226 caput
2523 5158 2829 5227 satagebat,
2867 5175 3062 5227 aquam
3097 5159 3371 5214 deﬁcienti
3409 5160 3736 5228 prepinans,

2164 5265 2271 5302 non
2305 5251 2497 5318 poculo
2533 5250 2774 5321 vulgaris
2817 5251 3021 5317 fortine,
3051 5260 3107 5305 at
3136 5253 3244 5306 alio
3273 5253 3508 5321 quodam
3561 5251 3738 5303 inusi-

2165 5349 2290 5394 tatae
2336 5340 2523 5411 ﬁgura:
2571 5320 2798 5412 scypho,
2839 5359 2998 5412 quem
3054 5345 3320 5413 rypellum
3381 5353 3580 5396 vocant
3613 5357 3628 5394 :
3659 5342 3743 5393 sic

2161 5430 2526 5497 conformato,
2557 5444 2616 5484 ut
2664 5447 2760 5502 per
2788 5451 2911 5488 eum
2957 5443 3108 5488 trans
3157 5435 3494 5503 gingivarum
3552 5434 3746 5501 lingme

2167 5538 2229 5576 ac
2255 5524 2415 5590 palati
2451 5533 2715 5579 tumorem
2746 5527 2967 5593 perduci
3007 5527 3072 5580 ad
3105 5537 3288 5595 guttur
3321 5528 3534 5580 aridum
3562 5526 3748 5595 liquor

2165 5615 2398 5685 posset),
2443 5617 2510 5670 ad
2550 5632 2672 5678 nos.
2722 5617 2984 5686 inquam,
3033 5621 3170 5673 duas
3214 5620 3352 5674 tilias
3385 5635 3511 5674 cum
3549 5630 3746 5684 matre,

1519 5729 1723 5793 Variae
1766 5728 2074 5792 lectiones
2117 5745 2192 5791 ex
2219 5733 2359 5794 cod.
2391 5733 2658 5796 Coislin.

557 5834 602 5866 “
629 5831 1061 5902 μεταλαϐοὖσαν.
1173 5833 1216 5866 ⁸⁵
1241 5833 1407 5889 ὕπνου
1439 5829 1606 5892 τινός.
1639 5868 1653 5884 .
1692 5867 1708 5884 .
1735 5869 1752 5884 .

489 5908 534 5940 ⁵⁸
575 5904 896 5973 ἁδκμονίαν.

1882 5827 1930 5858 ⁸⁸
1982 5826 2424 5885 διατελέσασθαι.

2530 5833 2577 5865 ⁸⁷
2605 5832 2967 5904 λειποθυμίας
3008 5833 3286 5905 -ἐσχάτης.
3399 5829 3748 5905 ⁸⁸τοιαι5την.
