4108 6400
470 392 609 461 1903

470 602 525 655 in
572 600 905 655 cruciatibus
937 600 1349 665 acerbissimis;
1384 601 1530 655 illinc
1569 601 1941 656 cutnmoricns
1960 601 2044 657 ei-

470 693 592 745 dem
651 703 847 756 mater,
904 706 1096 760 meque
1131 708 1234 760 qua
1266 692 1538 763 exemplo,
1569 709 1674 762 qua
1715 708 1903 749 amore
1958 695 2042 749 sui

470 785 720 840 etimdem
761 784 813 838 in
842 800 1029 838 casum
1061 793 1258 853 sponte
1291 785 1571 839 incitatam
1620 795 1870 844 tranens.
1897 787 2042 854 Quov

469 889 686 944 cunque
714 874 880 944 igitur
909 890 995 928 me
1024 884 1313 941 verterem,
1347 877 1558 945 perdita
1579 879 1757 932 omnia
1786 896 1797 932 :
1833 879 2048 946 lataque

470 975 525 1021 et
555 967 866 1021 saevissimis
887 966 1104 1021 horrida
1130 968 1387 1023 ﬂuctibus
1424 970 1591 1023 maria
1622 971 1767 1026 velut
1798 972 2044 1039 quaedam

469 1057 848 1111 occurrebant.
876 1057 1140 1126 Rapiebat
1167 1060 1232 1112 ad
1263 1075 1383 1115 sese
1416 1070 1595 1116 tamen
1628 1077 1822 1131 meque
1856 1063 2047 1133 allige-

470 1146 563 1199 bat
623 1146 723 1200 sibi
786 1145 953 1201 cladis
1003 1149 1118 1216 ipse
1184 1149 1305 1204 fons
1350 1151 1528 1206 omnis
1566 1153 1839 1207 enioriens
1871 1163 2043 1222 paler.

431 1235 625 1293 ‘lluac
682 1238 952 1303 intuebar,
1028 1239 1172 1295 hunc
1204 1244 1509 1307 servabam,
1563 1243 1691 1300 huic
1740 1256 2045 1300 extreinum

464 1328 577 1399 jam
631 1344 774 1398 {egre
832 1330 1137 1385 anhelitum
1175 1332 1410 1388 trahenti
1441 1348 1699 1389 constans
1724 1335 2046 1404 obsequium

468 1420 539 1485 pii
569 1421 861 1477 ministerii
895 1426 1380 1491 repra‘sentabam,
1409 1443 1604 1494 nempe
1637 1428 1680 1482 is
1710 1429 1878 1482 animi
1909 1429 2046 1483 deli-

467 1512 657 1580 quium
709 1514 760 1566 in
801 1529 1000 1567 novum
1048 1516 1233 1584 lapsus
1265 1518 1547 1587 satagendi
1594 1534 1817 1575 causam
1859 1521 2045 1585 dabat,

470 1621 596 1659 mox
650 1607 1005 1674 exspiraturi,
1040 1609 1093 1662 ni
1125 1620 1559 1678 succurreretur,
1587 1614 1827 1684 speciem
1857 1615 2047 1683 prafe-

472 1711 618 1750 reus.
649 1698 892 1752 Accessit
922 1699 986 1752 ad
1012 1711 1173 1768 caput
1192 1700 1391 1756 iterum
1421 1703 1745 1759 charissima
1787 1721 2045 1775 germana

470 1801 591 1841 mea
648 1786 1114 1860 Porphyrogcuita
1175 1792 1360 1859 Maria,
1404 1805 1457 1849 et
1515 1797 1660 1865 quod
1717 1798 1870 1864 prius
1924 1812 2046 1852 cum

1764 395 1991 457 ANN/E
2026 394 2408 457 COMNENIE

472 506 800 563 miserabilis
835 505 1047 562 furcudi
1077 521 1239 562 causa
1264 507 1393 563 hinc
1429 508 1667 565 animam
1694 524 1866 578 agens
1899 517 2049 579 pater

2159 507 2253 559 καὶ
2292 506 2392 559 οὐκ
2422 500 2569 573 εἶχον
2604 502 2689 556 ὅτι
2768 541 2784 556 .
2864 541 2879 556 .

3601 383 3738 450 νέοι

2966 541 2982 556 .
3061 518 3162 571 μαι
3182 500 3278 555 καὶ
3309 503 3383 573 πῆ
3411 499 3739 573 τράπωμαι,

2151 597 2336 668 ὁρῶσα
2365 597 2468 663 τήν
2517 610 2579 647 τε
2659 633 2672 648 .
2754 632 2769 647 .
2843 591 2909 646 δα
2956 593 3037 656 είς
3077 591 3173 646 τὸν
3226 591 3422 646 πόντον
3453 589 3736 660 ἐμϐεϐλη-

2154 691 2325 760 μένην
2363 688 2475 741 τῶν
2514 684 2814 757 συμφορῶν
2836 701 2850 714 ·
2911 684 3007 739 καὶ
3044 683 3136 737 τὸν
3172 684 3564 754 αὐτοκράτορα
3612 687 3736 746 ταῖς

2154 781 2409 852 συνεχέσι
2485 817 2502 835 .
2581 819 2598 835 .
2684 816 2701 833 .
2781 819 2795 835 .
2878 819 2890 832 .
2966 779 3047 840 είς
3093 775 3395 847 τοῦσχατον
3446 777 3546 843 τῆς
3590 774 3740 845 ζωῆς

2150 874 2535 943 ἐλαυνόμενον.
2631 871 2796 926 Ἀλλὰ
2871 869 2968 923 καὶ
3044 902 3061 922 .
3158 909 3173 924 .
3251 904 3269 923 .
3363 908 3380 922 .
3455 867 3609 936 αὐτῴ
3690 868 3740 902 ⁸³

2151 966 2577 1039 ἑπιρῤανθέντος
2602 964 2812 1038 ψυχροῦ
2840 965 2935 1017 καὶ
2959 962 3054 1017 τοῦ
3082 961 3192 1017 τῶν
3217 960 3389 1031 ῥόδων
3416 960 3742 1031 σταλάγμα-

2155 1074 2250 1125 τος
2320 1060 2472 1128 παρὰ
2509 1059 2605 1128 τῆς
2647 1058 2915 1127 φιλτάτης
2947 1055 3088 1126 ἐμῆς
3123 1054 3362 1125 ἀδελφῆς
3390 1053 3634 1123 Μαρίας,
3664 1055 3739 1108 τὰ

2151 1149 2294 1203 αὐτὰ
2335 1150 2430 1203 καὶ
2464 1150 2594 1216 περὶ
2637 1148 2748 1201 τῶν
2784 1145 2965 1201 αὐτῶν
3010 1145 3330 1215 ἐπέσκηπτε
3353 1147 3420 1213 τῇ
3474 1144 3735 1214 βασιλίδι,

2153 1242 2250 1296 καὶ
2288 1241 2457 1295 πάλιν
2495 1243 2577 1304 εἰς
2611 1241 2806 1310 τρίτην
2838 1238 3205 1307 λειποθυμίαν
3243 1236 3542 1291 ἐνέπιπτεν
3619 1276 3637 1293 .
3718 1276 3735 1293 .

2248 1375 2262 1388 .
2343 1335 2440 1388 καὶ
2489 1333 2827 1403 μετάστασις
2869 1330 3019 1397 εδοξε
3066 1331 3133 1401 τῇ
3175 1329 3432 1400 βασιλικῇ
3481 1329 3636 1403 κλίνῃ
3718 1368 3735 1383 .

2249 1467 2262 1480 .
2340 1424 2452 1478 τῶν
2485 1423 2635 1494 ἀμφὶ
2680 1423 2744 1477 τὸ
2784 1422 2949 1491 σῶμα
2987 1424 3200 1476 ἐκείνου
3239 1420 3577 1476 πονούντων.
3626 1423 3740 1475 Καὶ

2153 1532 2225 1584 με
2302 1555 2316 1569 .
2398 1555 2412 1568 .
2495 1555 2509 1569 .
2589 1514 2684 1566 καὶ
2731 1511 3157 1582 μετεστήσαμεν
3204 1512 3299 1564 τὶν
3346 1511 3742 1581 αὐτοκράτορα

2151 1608 2451 1674 κλινοπετῆ
2527 1644 2540 1657 .
2624 1644 2639 1658 .
2720 1645 2731 1659 .
2816 1604 2985 1674 μέρος
3032 1603 3226 1672 ἕτερον
3259 1601 3357 1654 τοῦ
3394 1602 3740 1670 πεντορόφου

2149 1699 2523 1770 οἰκήματοςεί
2554 1697 2656 1752 πού
2690 1714 2750 1766 γε
2830 1736 2847 1753 .
2939 1735 2954 1751 .
3034 1733 3049 1751 .
3129 1735 3145 1750 .
3225 1733 3242 1750 .
3318 1698 3368 1749 oi.
3411 1694 3737 1765 ὲλευθεριώε

2153 1808 2316 1863 τερον
2358 1792 2790 1846 ἀναπνεύσαντα
2837 1790 2977 1861 ἀέρα
3025 1790 3125 1858 τῆς
3188 1789 3271 1842 λει
3347 1826 3363 1844 .
3440 1825 3461 1842 .
3535 1788 3742 1855 θυμίας

470 1892 727 1933 successu
767 1887 1093 1947 tcutavcrat,
1130 1882 1380 1953 frigidam
1435 1886 1689 1953 inspersit
1720 1887 1909 1954 vultui,
1946 1888 2048 1942 elio

2152 1885 2496 1951 ἀνενεγκεῖν.
2566 1882 2874 1936 Ἀπέὸλεπε
2920 1881 3033 1949 γὰρ
3063 1879 3125 1933 τὸ
3161 1880 3332 1950 μέρος
3369 1882 3553 1933 ἐκεῖνο
3595 1880 3740 1950 πρὸς

468 1982 810 2041 quatumque
847 1988 876 2026 e
914 1975 1055 2028 rosis
1116 1990 1336 2030 succum
1371 1976 1422 2030 in
1454 1992 1537 2042 os,
1568 1993 1625 2030 ut
1660 1980 1831 2047 prius,
1866 1978 2046 2033 instil-

473 2064 624 2119 lavit.
664 2064 761 2119 llic
812 2067 963 2121 brevi
1002 2078 1283 2123 recreatus
1333 2068 1621 2123 intervallo
1677 2081 1853 2139 pater,
1881 2071 2047 2125 intui-

473 2161 668 2223 tusque
698 2171 819 2222 IIOS,
846 2171 909 2209 ac
942 2174 1037 2227 pl’O
1066 2174 1162 2212 sua
1204 2169 1489 2214 constante
1517 2160 1580 2213 'Jti
1608 2171 1908 2215 extremum
1950 2175 2048 2215 "0"

471 2247 567 2299 stri
626 2247 911 2313 cbaritatc,
974 2250 1195 2318 paribus
1259 2252 1548 2306 admodum
1588 2252 1765 2308 verbis
1814 2269 1937 2307 cum
1979 2255 2045 2310 iis

471 2351 589 2404 quae
629 2338 787 2405 paulo
818 2349 943 2394 ante
975 2342 1282 2406 retulimus,
1321 2352 1552 2398 matrem
1598 2360 1803 2414 uosque
1837 2344 2047 2401 allocu-

473 2438 578 2493 tus,
616 2430 829 2483 tertiam
890 2432 942 2484 in
974 2433 1333 2488 defectionem
1381 2434 1593 2502 incidit,
1629 2437 1715 2491 cui
1743 2438 2041 2492 remedium

471 2521 767 2576 imitatione
818 2524 1077 2590 cubiculi,
1109 2525 1573 2597 translationeque
1628 2529 1752 2584 lceti
1789 2545 2042 2598 quaren-

458 2600 595 2677 ﬁlum
655 2630 916 2670 censuere
945 2618 1036 2685 qui
1091 2619 1235 2673 circa
1269 2634 1469 2688 :egrum
1506 2621 1595 2674 tali
1654 2620 1774 2676 loco
1809 2625 2041 2690 positqu

470 2704 753 2760 curabant.
782 2704 1301 2775 Transportavimus
1327 2707 1492 2777 igitur
1526 2709 1830 2779 Augustum
1860 2710 1914 2764 in
1947 2726 2043 2764 cu-

456 2797 563 2857 .hili
623 2813 785 2867 super
838 2815 947 2868 quo
982 2801 1225 2868 jaccbat,
1258 2802 1310 2854 in
1347 2812 1555 2872 partem
1600 2804 1827 2857 alteram
1863 2803 2044 2873 palatii

472 2890 709 2958 qainque
738 2891 971 2959 fastigiis
1027 2888 1280 2965 insignis,
1311 2894 1362 2947 in
1393 2910 1501 2965 quo
1538 2905 1666 2950 tunc
1693 2897 2043 2951 versabatur.

471 2980 604 3035 Erat
638 2984 782 3037 enim
818 2983 903 3038 illa
932 2984 1099 3040 altera
1127 3000 1254 3054 pars
1280 2986 1346 3040 ad
1382 2986 1652 3043 salubrius
1680 2988 1909 3044 obversa
1935 3005 2046 3046 ce-

474 3074 623 3139 lum,
668 3078 1063 3146 septentriones
1115 3089 1401 3146 spectaus;
1458 3095 1556 3135 nec
1624 3092 1898 3149 portarum
1954 3092 2047 3138 aut

472 3177 836 3225 astructarum
867 3171 989 3227 ullis
1035 3171 1498 3229 obicibnsaadium
1522 3190 1583 3227 ac
1614 3175 1832 3229 molium
1861 3176 2043 3246 appul-
2073 3208 2113 3261 ε

472 3277 574 3317 sus
629 3263 682 3316 iu
734 3278 853 3317 eam
902 3278 1049 3319 aura:
1081 3264 1314 3335 purioris
1362 3265 1771 3336 prohibebatur.
1823 3266 2041 3324 Interim

470 3368 602 3406 vero
645 3355 768 3407 dum
817 3369 912 3423 spe
944 3356 1240 3425 reeipiemli
1276 3372 1316 3437 .e
1366 3373 1504 3413 nmo
1550 3360 1654 3414 isto
1686 3370 2048 3432 symptomale

477 3444 820 3513 imperatoris
846 3447 898 3500 iu
950 3463 1016 3503 co
1055 3450 1474 3519 transportando
1512 3450 1893 3518 moliebamur,
1921 3468 2049 3509 suc-

474 3547 661 3590 cessor
725 3538 934 3606 imperii
968 3548 1150 3593 actum
1192 3541 1258 3595 de
1290 3541 1393 3594 vita
1457 3543 1763 3597 decessoris
1796 3545 1932 3598 satis
1964 3544 2047 3596 in-

475 3628 744 3699 telligcns,
784 3630 922 3685 clam
979 3631 1196 3700 elapsus
1246 3646 1312 3686 ex
1367 3633 1433 3689 iis
1483 3633 1691 3688 aadibus
1751 3634 1803 3689 in
1845 3635 2045 3705 quibus

452 3736 613 3797 aeger
651 3723 1007 3779 decumhebat
1037 3726 1330 3795 Augustus,
1366 3741 1619 3795 magnum
1661 3727 1920 3795 palatium
1955 3742 2051 3783 oc-

473 3827 675 3883 cupare
735 3814 1044 3872 festinavit:
1092 3816 1400 3872 admirante
1438 3816 1685 3886 quidem,
1718 3825 1772 3871 ct
1800 3817 2048 3885 aliquan—

472 3913 587 3960 tum
628 3915 922 3974 commota,
969 3906 1172 3962 nullam
1202 3918 1382 3962 tamen
1416 3909 1522 3963 vim
1569 3909 1891 3975 expedieute
1914 3910 2049 3964 ciri-

478 4007 609 4055 tate.
642 3996 767 4055 Fuit
797 3999 915 4055 htec
936 3999 1120 4070 gravis
1148 3999 1391 4055 accessio
1409 4001 1475 4055 ad
1506 4016 1778 4055 erumnas
1800 4002 2055 4070 Augustae

478 4089 707 4158 priores.
738 4088 922 4143 Palam
951 4099 1071 4144 erat
1101 4090 1206 4144 alia
1232 4090 1485 4161 deinceps
1508 4093 1561 4146 in
1595 4108 1777 4160 manu,
1809 4093 1932 4148 aliis
1956 4095 2055 4149 ad-

479 4180 900 4235 ministrandam
935 4180 1179 4236 consiliis
1205 4196 1512 4252 supremam
1557 4184 1671 4239 fore
1691 4194 2043 4254 potestatem,

480 4290 601 4331 sese
630 4290 753 4328 mox
784 4274 946 4331 simul
974 4276 1278 4331 ‘orbandam
1317 4278 1568 4349 conjuge,
1595 4278 1754 4334 simul
1806 4280 2054 4348 redigen-

479 4370 601 4427 dam
639 4370 692 4424 in
734 4369 1097 4435 ordinem;et
1132 4372 1411 4428 viduitatis
1461 4374 1663 4429 malum
1692 4389 1786 4443 pe“
1810 4386 1875 4429 ,τε
1908 4374 2051 4427 into-

475 4457 720 4526 lerabile,
783 4459 1059 4514 servitutis
1126 4475 1340 4529 quoque
1383 4476 1446 4516 ac
1496 4472 1716 4516 mutata:
1770 4461 1950 4516 subito
1981 4476 2047 4517 ex

479 4565 692 4605 summo
719 4551 772 4605 in
796 4551 1039 4605 infimum
1063 4553 1390 4608 conditionis
1413 4552 1611 4606 damno
1641 4552 2053 4608 cumulandum.

408 4634 409 4637 “
479 4642 598 4696 Non
628 4644 740 4712 jam
775 4657 907 4711 ergo
942 4644 1117 4697 virum
1172 4645 1346 4699 solum
1380 4643 1575 4699 alllicta
1619 4643 1763 4698 luctu
1818 4645 2054 4716 AuguSIa

482 4737 823 4807 deplorabat,
851 4738 945 4792 sed
979 4737 1267 4806 imperium
1308 4746 1566 4805 prmterea
1607 4752 1669 4791 ac
1698 4737 2056 4807 principalem

481 4827 860 4881 auctoritatem
886 4846 900 4893 ;
937 4828 1239 4898 harumque
1264 4843 1443 4882 rerum
1474 4824 1707 4899 insignia
1740 4843 2057 4896 purpuram,

483 4917 753 4981 diadema,
806 4918 1039 4985 solium;
1074 4928 1206 4990 quot
1235 4927 1545 4988 quantaque
1591 4929 1906 4990 argumenta
1942 4934 2050 4974 non

417 5078 422 5082 ι
484 5010 989 5079 reprehensibilium
1032 5012 1439 5082 lacrymarum!
1496 5012 1660 5086 50‘
1725 5013 1911 5083 Itaque
1964 5013 2055 5067 illa

482 5099 799 5169 indulgente
849 5099 1020 5153 dolori
1058 5101 1227 5169 justo,
1257 5101 1570 5172 nullumque
1628 5119 1732 5156 non
1792 5104 2054 5159 indicium

486 5192 715 5247 estremi
775 5192 1029 5246 maeroris
1084 5193 1314 5261 ejulatu,
1368 5192 1520 5259 ﬂetu,
1577 5194 1813 5263 planetu,
1880 5196 2058 5267 palam

485 5288 699 5353 edente,
761 5284 1197 5340 obsecundabant
1261 5300 1362 5356 ego
1415 5302 1635 5358 quoque
1693 5280 1747 5342 in
1798 5288 2059 5344 omnibus

440 5422 443 5423 ν
484 5386 725 5443 strenue,
751 5391 1127 5446 prateraniqne
1155 5376 1323 5432 choro
1370 5380 1701 5447 gementium
1733 5378 1855 5435 altis
1882 5382 2060 5448 suspi-

487 5468 605 5532 riis,
646 5482 939 5539 comasque
965 5480 1182 5525 mecum
1222 5484 1286 5524 ac
1324 5478 1506 5525 vestes
1540 5471 1588 5523 vi
1619 5471 1820 5527 doloris
1849 5473 2057 5526 discero

2150 1974 2380 2046 βορρἄ.
2416 1975 2528 2027 Καὶ
2566 1975 2852 2045 οἰκήματα
2887 1972 3127 2042 οὐδαμοῦ
3156 1967 3298 2042 ἦσαν
3339 1973 3433 2025 ἐπι
3527 2010 3544 2026 .
3623 2013 3638 2029 .
3720 2008 3737 2027 .

2148 2069 2346 2123 θοῦν-,τα
2381 2070 2503 2130 ταῖς
2551 2067 2768 2138 θύραις.
2822 2065 2966 2120 Ἀλλ’
3009 2070 3037 2120 ὁ
3083 2068 3181 2133 τῆς
3231 2065 3508 2136 βασιλείας
3557 2066 3740 2121 διάδο⁴

2146 2178 2239 2233 xor;
2285 2160 2362 2227 (8)
2409 2158 2738 2227 προφθάσας
2772 2157 3001 2229 ὑπεξῄει
3031 2159 3173 2229 πρὸς
3216 2158 3278 2210 τὸ
3327 2158 3740 2229 ἀποτεταμένον

2145 2252 2356 2321 οἴκημα
2399 2251 2493 2303 τὸν
2538 2248 2635 2302 τοῦ
2682 2247 2950 2318 βασιλέως
3003 2249 3264 2316 ἐπιγνοὺς
3310 2248 3447 2301 ἀναν
3524 2288 3541 2305 .
3623 2287 3636 2303 .
3717 2286 3737 2304 .

2146 2343 2239 2395 καὶ
2275 2339 2585 2395 ἐπέσπευδε
2626 2340 2727 2411 τὴν
2768 2339 3071 2407 ὲξέλευσιν.
3125 2340 3236 2392 Καὶ
3283 2339 3542 2408 ἐπείγετο
3616 2377 3634 2394 .
3715 2377 3734 2394 .

2356 2432 2500 2504 μέγα
2573 2431 2863 2486 παλὰτιον.
2925 2432 2992 2484 Ἡ
3054 2430 3211 2495 πόλις
3257 2430 3315 2483 δὲ
3372 2430 3433 2484 τὸ
3476 2429 3737 2501 τηνικάδε

2715 2522 2999 2595 ἐταράχθη
3067 2524 3202 2593 γὰρ,
3272 2523 3332 2575 οὐ
3387 2521 3591 2592 μέντοι
3637 2522 3736 2576 καὶ

2778 2657 2793 2682 ,
2871 2617 2905 2687 ἡ
2937 2615 2995 2668 δέ
3034 2632 3097 2683 γε
3140 2613 3358 2685 βασιλὶς
3387 2614 3635 2688 spargam
3662 2615 3738 2669 τὰ

2149 2620 2502 2674 παντάπασιν
2580 2655 2595 2672 .
2677 2659 2692 2674 .

2150 2711 2332 2765 πάντα
2390 2710 2483 2763 είπ
2557 2746 2574 2762 .
2656 2747 2674 2763 .
2766 2747 2782 2764 .
2876 2745 2892 2764 .

2147 2802 2385 2871 διάδημα
2430 2802 2527 2855 καὶ
2578 2800 2833 2874 βασιλεία
2907 2840 2924 2855 .
3007 2841 3020 2856 .

2150 2893 2333 2965 θρόνοι
2364 2911 2422 2947 τε
2465 2896 2560 2948 καὶ
2595 2894 2766 2965 ἀρχαὶ
2843 2931 2859 2947 .
2935 2931 2956 2947 ..

2151 2983 2363 3037 κὼκυον
2415 2984 2470 3037 δὲ
2517 2984 2613 3038 καὶ
2691 3025 2703 3037 .
2786 3024 2800 3039 .
2881 3022 2896 3039 .
2976 3027 2991 3041 ,
3068 2984 3561 3054 καταφρονήσασα.
3621 2983 3733 3037 Καὶ

2153 3077 2517 3130 συνεπένοουν
2614 3116 2628 3131 .
2727 3116 2742 3131 .
2846 3119 2860 3132 .
2952 3077 3047 3130 καὶ
3114 3077 3464 3143 ἐσπάραττον
3532 3074 3735 3137 ἑαυτὰς

2151 3169 2341 3240 γοερὸν
2372 3168 2680 3239 ἀνοιμώζου
2757 3208 2773 3225 .
2855 3206 2869 3223 .
2950 3207 2966 3225 .
3045 3206 3061 3224 .
3140 3207 3155 3223 .
3232 3169 3312 3229 εἰς
3342 3166 3577 3236 δύναμιν
3609 3169 3736 3220 ἀνε-

2148 3262 2469 3333 λαυνόμεθα
2524 3263 2732 3334 ταύτην
2797 3264 2889 3317 ἐπὶ
2987 3303 3001 3319 .
3095 3299 3111 3318 .
3211 3301 3225 3316 .
3314 3261 3546 3331 σχάταις
3601 3260 3735 3314 ἀνα-

2148 3359 2339 3420 πνοαῖς
2375 3357 2403 3408 ὁ
2438 3355 2700 3427 βασιλεὺς
2726 3351 2818 3427 ἦν.
2849 3355 2962 3410 Καὶ
3040 3396 3056 3411 .
3137 3393 3153 3411 .
3232 3394 3248 3411 .
3327 3357 3564 3424 γόμενον
3593 3352 3730 3423 ὲψυο

2146 3446 2414 3520 χορρἀγει
2475 3447 2611 3518 ripa;
2671 3447 2738 3519 τῇ
2806 3444 3021 3518 κεφαλῇ
3111 3485 3127 3502 .
3218 3485 3233 3501 .
3325 3483 3341 3499 .
3420 3481 3436 3497 .
3527 3436 3631 3513 γῆς
3694 3440 3733 3513 ἠ

2151 3539 2363 3611 βασιλὶς
2394 3538 2627 3612 ἔρῤιπτο
2676 3537 2757 3591 ἔτι
2808 3536 3171 3608 ἀμπεχομένη

2149 3630 2245 3683 καὶ
2291 3631 2359 3684 τὰ
2403 3628 2691 3698 κοκιιϐαφῆ
2745 3630 2789 3660 ⁸⁵
2842 3628 3034 3680 πέδιλα
3085 3627 3183 3680 καὶ
3216 3620 3351 3678 ἐπα·
3424 3663 3441 3678 .
3522 3661 3541 3679 .
3618 3661 3635 3677 .
3713 3661 3733 3678 .

2150 3721 2652 3790 κατετιτρὼσκετο.
2709 3721 2820 3774 Καὶ
2881 3708 2989 3773 οὐκ
3034 3714 3182 3789 εἶχεν
3235 3718 3389 3779 ὅπως

2152 3816 2468 3887 φλεγμονὴν
2494 3814 2593 3883 τῆς
2627 3811 2882 3881 καρδίας.
2926 3812 3050 3867 Τῶν
3077 3810 3138 3864 δὲ
3215 3849 3231 3865 .
3311 3847 3326 3863 .
3403 3846 3420 3865 .
3502 3842 3518 3861 .
3595 3805 3735 3860 ὕπο-

2155 3909 2495 3979 στρέψαντες
2527 3907 2691 3961 πάλιν
2726 3906 2822 3958 καὶ
2870 3902 3068 3976 μικρὸν
3108 3905 3251 3972 ὲγκα
3327 3942 3343 3958 .
3422 3940 3438 3957 .
3523 3936 3541 3954 .
3618 3938 3635 3956 .
3713 3939 3732 3955 .

2152 4000 2454 4070 ἁπτόμενοι
2477 3991 2572 4054 τοῦ
2597 3997 2816 4070 καρτοῦ
2846 3999 2942 4053 τοῦ
2969 3992 3256 4070 βασιλικοῦ
3285 3998 3317 4067 ἡ
3395 4033 3413 4052 .
3492 4034 3508 4050 .
3583 3992 3735 4048 ἐκεῖ-

2159 4094 2426 4163 pentium,
2476 4102 2531 4146 et
2578 4102 2767 4163 pectus
2798 4091 3215 4162 plangentium;
3260 4090 3392 4146 nihil
3435 4092 3587 4160 pensi
3617 4102 3732 4146 tum

2153 4186 2370 4256 quidem
2406 4185 2613 4241 habens
2670 4195 2763 4239 aut
2787 4182 3143 4255 philosophia:
3176 4184 3412 4239 rationes
3442 4196 3577 4254 quas
3604 4197 3737 4254 sug-

2151 4278 2375 4347 gerebat
2409 4278 2666 4341 auimus;
2720 4285 2813 4330 aut
2860 4275 3263 4330 admonitiones
3321 4274 3735 4343 intempestivas

2153 4371 2523 4427 moderatione
2555 4370 2607 4424 in
2632 4376 2834 4425 luctum
2863 4368 2953 4423 tali
2977 4367 3462 4438 praeserihentium,
3483 4366 3734 4436 aliquan-

3095 2747 3110 2763 .
3188 2707 3433 2761 κοκωτοῦ
3498 2707 3564 2771 ⁵⁸,
3637 2707 3736 2761 καὶ

3102 2838 3118 2854 .
3196 2801 3401 2872 κράτος
3439 2799 3588 2855 ἅπαν
3634 2803 3735 2855 καὶ

3038 2930 3052 2946 .
3129 2891 3455 2963 θρηνῳδίας.
3491 2893 3735 2946 Συνεπεο

2086 4464 2229 4551 Ddo
2285 4471 2487 4528 tamen,
2540 4462 2812 4516 ebarltate
2866 4459 3055 4514 matris
3097 4452 3370 4514 admonita
3417 4460 3735 4513 conﬁrmavi

2163 4568 2282 4621 me;
2315 4552 2681 4620 conjunxique
2722 4562 2942 4620 operam
3001 4564 3122 4604 cum
3174 4546 3481 4604 astantibus
3528 4550 3593 4601 ad
3628 4548 3741 4601 Au-

2157 4653 2371 4715 gustam
2407 4659 2473 4698 ex
2529 4644 2886 4698 acerbissimo
2916 4643 3022 4697 isto
3046 4656 3283 4697 maerore
3329 4641 3504 4710 quoad
3548 4641 3741 4695 liceret

2161 4731 2536 4792 recreandum.
2596 4736 2664 4792 At
2696 4752 2824 4793 ecce
2870 4735 3071 4790 frustra
3122 4734 3173 4787 id
3203 4733 3527 4788 conantibus
3559 4732 3739 4795 nobis,

2158 4827 2302 4882 oeuli
2363 4829 2607 4883 omnium
2660 4838 2930 4894 nostrum,
2964 4837 3023 4880 ut
3058 4825 3173 4880 fere
3221 4840 3443 4893 semper
3491 4832 3645 4877 erant
3685 4824 3738 4877 in

2162 4934 2327 4973 unum
2372 4920 2562 4975 intenti
2612 4919 3024 4990 deprehendunt
3081 4917 3385 4988 Augustum
3459 4927 3741 4971 extremos

2153 5009 2269 5079 jam
2297 5026 2441 5080 agre
2463 5010 2736 5067 anhelitus
2771 5011 3010 5064 trahere.
3043 5008 3296 5063 Accurrit
3328 5007 3393 5061 ad
3436 5019 3595 5078 caput
3625 5003 3741 5060 Ma-

2130 5101 2237 5157 .ria
2264 5116 2439 5167 soror,
2473 5111 2735 5158 consueto
2764 5100 2865 5154 sibi
2903 5097 3227 5164 ministerio,
3254 5097 3408 5165 quasi
3441 5105 3735 5164 exceptura

2156 5193 2450 5265 fugientem
2484 5194 2743 5249 animam.
2795 5191 3119 5261 lmperatrix
3155 5204 3286 5243 vero
3339 5190 3518 5258 regias
3554 5194 3735 5242 vestes

2157 5285 2304 5340 humi
2349 5284 2562 5352 abiecta
2621 5284 2922 5347 lacerabat,
2967 5281 3296 5350 calceosque
3329 5280 3523 5335 rubros
3554 5288 3609 5333 et
3631 5292 3736 5332 cae-

2154 5385 2266 5431 tera
2305 5377 2450 5431 velul
2499 5367 2615 5446 jani
2651 5373 2786 5429 falsa
2841 5373 3041 5428 iudicia
3080 5373 3360 5442 dignitatis
3387 5373 3610 5441 perditae
3631 5373 3734 5427 sibi

2154 5470 2395 5524 avellens
2436 5469 2502 5523 ah
2532 5483 2654 5523 sese
2694 5467 2975 5536 iactabat;
3016 5471 3163 5519 tanto
3214 5476 3361 5520 motu
3395 5476 3642 5536 astuque
3674 5473 3738 5519 ut

1518 5582 1717 5645 Variae
1746 5580 2064 5645 lectiones
2093 5596 2172 5643 ex
2210 5583 2352 5643 cod.
2379 5579 2650 5644 Coislin.

560 5681 604 5714 “
631 5682 768 5735 ἀλλὰ
806 5683 899 5734 καὶ
934 5722 949 5734 .
981 5721 995 5735 .
1036 5720 1048 5734 .
1074 5684 1282 5746 ἐκεῖνος
1309 5684 1612 5753 ἀνενέγκας
1636 5686 1733 5755 τῆς
1763 5685 2026 5756 δευτέρας
2071 5684 2458 5753 λειποθυμέας.
2480 5725 2498 5741 .

2538 5682 2708 5753 αὐτῷ.
2765 5684 2812 5715 ⁸⁸
2836 5683 3111 5739 κωκυτοῦ..
3181 5683 3229 5716 ⁸⁵
3250 5683 3598 5753 κοκκοῆαφῆ.

1520 5779 1664 5841 Car.
1698 5777 2025 5839 Dufresnii
2060 5780 2157 5840 Du
2194 5777 2417 5856 Cangii
2471 5785 2658 5838 notae.

553 5876 635 5946 t8;
702 5880 741 5926 Ο
793 5874 899 5943 τῆς
924 5877 1245 5944 βασιλείας
1275 5876 1571 5948 διάδοχος.
1612 5877 1743 5934 Vide
1775 5877 2043 5943 lunarem

2184 5879 2388 5941 Alexio,
2423 5886 2476 5933 et
2509 5876 2752 5933 Nicctam
2792 5876 2847 5930 in
2880 5875 3111 5933 Joanne.
