4108 6430
430 424 566 489 i205

426 546 520 598 θεν
567 541 675 594 τῶν
727 539 955 608 πληγῶν
998 541 1097 609 τῆς
1153 536 1424 608 ἀρτηρίας

428 638 577 707 ὅμως
644 635 828 704 μέντοι
889 629 1353 702 κατειρωνεύοντο
1400 629 1495 683 τοῦ
1552 629 1769 699 καιροῦ.
1819 630 1994 699 Rati}

712 766 725 779 .
804 725 895 778 καὶ
929 722 1273 777 ὑπετεινοντο
1295 723 1393 784 τὰς
1418 721 1494 791 μὴ
1527 720 1862 790 φαινομένας
1890 737 1995 790 χρη

713 858 726 873 .
807 817 991 878 πίδας.
1039 815 1213 869 Τοῦτο
1258 815 1313 867 δὲ
1352 814 1583 884 προνοίᾳ
1619 814 1728 867 τινὶ
1777 812 1997 864 cmi-1w

426 926 564 978 γινω
641 951 654 964 .
733 947 750 963 .
829 946 844 962 .
922 910 1002 961 ὅτι
1035 906 1151 976 ἅμα
1182 908 1248 976 τῇ
1275 904 1695 975 ἀπαγορευούσῃ
1722 904 1819 972 τῆς
1851 902 2001 970 ζωῆς

425 998 522 1051 ’τοῦ
572 998 838 1068 βασιλέως
908 997 1349 1051 συναποπνεύσει
1406 995 1502 1047 καὶ
1543 995 1577 1063 ἡ
1627 992 1839 1062 βασιλὶς
1898 991 1996 1061 τὴν

428 1088 627 1160 ψυχήν.
672 1090 813 1143 Ἀλλ’
858 1091 889 1158 ἡ
927 1089 1186 1158 νουνεχὴς
1234 1089 1423 1155 ἐκείνη
1460 1085 1752 1155 βασίλισσα
1788 1085 1997 1146 τούτοις

424 1176 551 1233 οὔτε
585 1179 867 1233 πιστεύειν
896 1180 1019 1233 οὒτε
1072 1182 1326 1233 ἀπιστεῖν
1369 1173 1537 1247 εἶχεν.
1578 1176 1861 1229 Ἐπίστευε
1901 1175 1999 1245 μὲν

427 1272 681 1341 τεχνίτας
730 1274 931 1336 αὐτοὺς
978 1272 1148 1327 πάλαι
1197 1272 1569 1339 γινώσκουσα,
1613 1269 1923 1323 διαπιστεῖν
1953 1268 1999 1320 δ’

430 1358 576 1433 εῖχεν
620 1363 702 1416 ὅτι
734 1364 826 1415 ἐπὶ
872 1363 1035 1434 ξυροῦ
1071 1364 1254 1433 ἀκμῆς
1287 1364 1354 1416 τὰ
1386 1363 1484 1431 τῆς
1530 1363 1670 1429 ζωῆς
1715 1360 1809 1413 τοῦ
1843 1360 2001 1411 αὐτο-

429 1455 698 1524 κράτορος
753 1457 1023 1525 ἑστηκότα
1075 1456 1245 1522 ἐώρα.
1315 1455 1739 1524 Ἐπὶτρυτάνης
1787 1453 1844 1505 δὲ
1891 1446 2002 1504 οἶον

432 1548 719 1618 ἑστηκυῖα,
780 1551 859 1611 εἰς
933 1551 1033 1618 ἐμὲ
1090 1547 1354 1611 πολλάκις
1408 1540 1710 1617 ἐνητένιζε,
1763 1545 1857 1597 καὶ
1910 1543 2001 1595 τὸν

429 1642 563 1710 ἐμὸν
613 1643 925 1711 περιέμενε
958 1643 1211 1712 τρίπουν,
1244 1639 1319 1702 ὡς
1370 1638 1600 1707 σύνηθες
1630 1634 1695 1706 ἦν
1729 1638 1867 1705 αὐτῇ
1900 1636 2002 1689 κάν

428 1737 541 1796 τοῖς
568 1734 755 1787 ἄλλοτε
796 1735 1165 1801 ξυμπίπτουσι
1194 1733 1600 1802 περιστατικοῖς
1623 1746 1637 1762 ο
1670 1730 1761 1782 καὶ
1792 1730 1820 1781 ὅ
1856 1745 1904 1780 τι
1936 1728 2002 1781 ἂν

1663 419 2069 480 ALEXIADlS
2116 420 2257 479 LIB.
2299 422 2423 486 XV.

1503 575 1515 589 .
1596 576 1608 587 .
1690 573 1706 591 .
1787 574 1800 590 .
1883 577 1896 590 .
1977 574 1991 590 .
2026 538 2069 592 Α
2101 550 2167 588 ne
2206 536 2461 593 membris
2491 538 2704 607 quidem
2738 538 2854 594 suis
2902 540 3016 609 ipsa
3070 551 3231 611 atque
3272 544 3501 597 artubus
3549 562 3674 614 par-

3524 429 3667 496 1906

2100 637 2269 695 ceret,
2303 643 2438 697 quos
2473 639 2646 685 tractu
2696 632 3007 687 inclementi
3042 634 3370 703 planctuque
3404 635 3667 702 laedebat;

2100 720 2235 772 adeo
2294 721 2496 774 nullum
2569 732 2830 777 extremm
2880 726 3342 780 consternationis
3380 728 3669 781 omittebat

2100 811 2333 876 signum.
2371 812 2467 867 llic
2511 812 2629 881 ejus
2659 816 3009 868 miseratione
3050 816 3263 870 adducti
3293 818 3532 884 qn’dam,
3565 819 3667 869 ltu-

2102 917 2226 970 gere
2260 906 2398 970 quod
2449 907 2757 974 optabatur,
2784 907 3160 977 aflirmarcque
3221 919 3494 976 receptum
3530 922 3675 961 nunc

2102 1010 2320 1064 quoque
2350 1011 2381 1050 e
2418 1012 2654 1068 syncopa
2695 999 2998 1065 Augustum
3031 1016 3047 1059 :
3078 1000 3234 1070 cujus
3267 1000 3331 1052 ad
3381 999 3457 1053 rei
3512 1000 3671 1053 ﬁdem

2105 1091 2428 1151 faciendam.
2471 1094 2559 1147 ubi
2586 1108 2789 1162 trgi-nm
2818 1094 3123 1146 accuratius
3148 1093 3670 1161 circttmspcxerant,

2105 1189 2192 1240 tibi
2233 1188 2555 1241 arteriarum
2580 1202 2745 1253 segne
2778 1186 3042 1239 mia-antes
3073 1185 3278 1254 pulsus,
3315 1199 3535 1252 carpunt
3572 1182 3676 1234 int-

2104 1280 2371 1350 peratoris
2424 1286 2866 1339 contrectantes,
2921 1275 3199 1329 attentiori
3262 1275 3679 1344 explorat-erant

2106 1378 2274 1431 tactu,
2308 1370 2410 1422 etsi
2442 1368 2622 1422 omnia
2653 1366 2823 1435 pejori
2862 1380 2983 1419 esse
3012 1365 3128 1418 loco
3164 1366 3450 1427 sentirent,
3498 1372 3676 1415 tamen

2104 1470 2160 1517 et
2226 1460 2373 1515 vultu
2425 1470 2479 1515 et
2517 1459 2681 1513 verbo
2734 1456 3125 1512 denuntiabant
3168 1456 3402 1509 laetiores
3441 1468 3586 1521 spes,
3626 1462 3681 1506 et

2104 1563 2293 1607 contra
2347 1569 2505 1622 quam
2555 1554 2707 1621 signa
2764 1551 2942 1604 0mnia
3013 1551 3277 1610 ferebant,
3314 1548 3412 1616 ipsi
3470 1546 3590 1599 fuco
3624 1554 3679 1599 et

2105 1647 2249 1709 dolo,
2282 1654 2338 1697 ttt
2373 1648 2660 1713 putabant,
2690 1642 2802 1711 pio,
2835 1642 3259 1712 perseverabant
3297 1638 3520 1691 meliora
3550 1652 3678 1706 por-

2109 1738 2251 1793 tendi
2278 1738 2479 1802 omnia,
2523 1752 2627 1803 quo
2673 1736 2970 1802 Augustam
3002 1730 3161 1785 simul
3192 1730 3332 1783 haud
3369 1728 3528 1779 dubie
3550 1741 3672 1777 cum

431 1826 567 1895 αὐτῇ
627 1826 1064 1895 ἁποφοιϐάσαιμι
1113 1825 1439 1895 προσεδόκα.
1494 1823 1557 1874 Ἠ
1615 1822 1712 1891 μὲν
1756 1820 1862 1891 ἐμὴ
1912 1821 1999 1872 δέ-

2112 1833 2433 1900 imperatore
2491 1830 2832 1892 morituram,
2880 1825 2980 1877 nisi
3034 1839 3155 1877 euut
3215 1821 3426 1890 lugendi
3482 1828 3674 1873 aestum

434 1934 629 1971 σποινα
682 1915 775 1969 καὶ
803 1920 1032 1984 φιλτάτη
1066 1918 1173 1969 τῶν
1224 1915 1470 1983 ἀδελφῶν
1519 1914 1731 1981 Μαρία,
1786 1913 1845 1965 τὸ
1905 1913 2000 1965 τοῦ

431 2010 622 2087 γένους
671 2009 831 2079 ἡμῶν
878 2008 1341 2077 ὲγκαλλώπισμα,
1375 2008 1408 2076 ἡ
1455 2006 1705 2075 σταθηρὰ
1740 2004 1914 2075 φωνὴ.
1946 2004 2007 2057 τὸ

434 2103 654 2172 ἁπάσης
687 2100 894 2170 ἀρετῆς
949 2100 1322 2169 καταγώγιον,
1361 2098 1566 2169 μεταξὺ
1599 2100 1698 2170 τῆς
1733 2098 2006 2169 βασιλίδος

433 2196 527 2247 καὶ
586 2194 682 2248 τοῦ
740 2194 1147 2264 αὐτοκράτορος
1213 2193 1478 2265 ἱσταμένη

432 2287 602 2339 αὐτοῦ
633 2286 893 2357 χειρίδιον
932 2286 1227 2340 διεκώλυεν
1263 2286 1437 2339 ἐνίοτε
1468 2286 1588 2342 τοῦ.
1620 2286 1712 2338 τού
1798 2329 1809 2340 .
1892 2324 1905 2338 .
1988 2324 2001 2339 .

434 2377 573 2447 πρὸς
616 2377 708 2429 τὸν
762 2377 1150 2448 αὐτοκράτορα
1198 2377 1354 2447 ὁρᾷν.
1419 2377 1562 2445 Ἐγὼ
1614 2378 1671 2430 δὲ
1736 2376 2005 2429 ἐπέϐαλον

630 2504 643 2519 .
716 2465 817 2533 τὴν
866 2465 1047 2528 δεξιάν
1100 2464 1177 2535 τῷ
1236 2467 1455 2537 καρπῷ,
1509 2466 1605 2519 καὶ
1649 2467 1750 2536 τὴν
1790 2467 2006 2539 κίνησιν

623 2594 639 2609 .
719 2558 836 2627 μῶν
878 2558 1384 2628 περιεσκοπούμην,
1426 2558 1525 2629 τὴν
1557 2559 1611 2613 δὲ
1640 2560 1743 2612 πολ
1821 2599 1835 2614 .
1916 2602 1930 2617 .

433 2649 829 2703 ἐπιϐάλλουσαν
890 2651 987 2712 τὰς
1050 2652 1242 2719 χεῖρας
1312 2653 1377 2720 τῇ
1426 2652 1640 2722 κεφαλῇ
1724 2691 1737 2706 .
1822 2691 1836 2706 .
1918 2694 1929 2706 .

428 2741 606 2810 ᾠοσαν
641 2743 739 2811 τὴν
770 2743 1107 2812 καλύπτραν.
1148 2745 1237 2797 Ἑν
1265 2736 1308 2811 ᾧ
1344 2743 1455 2814 γὰρ
1501 2741 1554 2797 εἷ
1632 2786 1645 2799 .
1728 2788 1739 2801 .

432 2830 533 2899 τὴν
591 2829 876 2901 βασιλικὴν
943 2832 1144 2900 ἐσθῆτα
1219 2850 1404 2903 μεταμ
1483 2874 1497 2887 .

430 2925 653 2993 ἐπεῖχον
715 2924 908 2995 ῥώμην
966 2925 1090 2979 τινὰ
1164 2960 1180 2980 .

432 3016 697 3083 σφυγμῶν
790 3018 855 3071 ⁵⁸.
932 3019 994 3069 Ἦ
1004 3019 1299 3089 πατώμην.
1498 3062 1510 3075 .
1662 3061 1678 3077 .

428 3109 494 3162 οὐ
521 3110 627 3180 γὰρ
655 3109 815 3181 ῥώμη
872 3129 955 3174 τις
996 3107 1064 3182 ἦν
1121 3114 1185 3167 τὸ
1254 3116 1584 3184 φαινόμενον
1611 3134 1676 3184 με

1824 2786 1836 2801 .
1914 2750 2008 2803 καὶ

1582 2875 1594 2887 .
1672 2838 2007 2903 τοσαυτάκις

1393 2967 1407 2982 .
1486 2930 1836 3000 μανθάνουσα
1901 2933 2008 2983 τῶν

2107 1940 2216 1995 quo
2269 1924 2451 1978 cﬂ‘erri
2489 1922 2969 1978 vehementissimo
3010 1928 3272 1986 cmperat,
3307 1916 3499 1969 melius
3555 1930 3681 1982 spc-

2110 2019 2282 2073 rando
2330 2016 2650 2079 remitteret,
2714 2015 2781 2068 ab
2845 2013 3014 2067 exitio
3064 2011 3316 2080 praesenti
3376 2016 3677 2062 servarent.

2108 2114 2379 2168 leerum
2435 2106 2771 2177 imperatrici
2821 2119 3030 2158 summa
3066 2099 3365 2169 qquueitt
3413 2099 3515 2151 ista
3555 2112 3678 2163 per-

2109 2203 2418 2259 turbatione
2472 2198 2679 2269 jttdicio
2712 2197 2907 2259 utenti,
2940 2209 3045 2247 Il0!t
3084 2192 3242 2260 plano
3290 2188 3563 2242 faciebant
3618 2187 3681 2235 tio

2107 2296 2255 2351 deut.
2282 2293 2661 2362 pendebatque
2701 2287 2821 2357 ejus
2845 2285 3058 2339 animus
3085 2284 3136 2335 in
3179 2278 3482 2347 a’qttilibrio
3521 2275 3684 2329 dubi-

2110 2386 2329 2439 tationis
2389 2383 2621 2452 quodam
2651 2398 2666 2447 ;
2703 2395 2831 2433 nam
2884 2378 3009 2431 hinc
3041 2375 3258 2443 quidem
3312 2367 3566 2423 movebat
3596 2382 3686 2418 au-

2107 2478 2333 2532 ctoritas
2359 2475 2643 2529 hominum
2669 2472 2857 2538 utique
2898 2468 3189 2528 artificum,
3219 2474 3273 2517 et
3299 2461 3539 2515 srientiac
3573 2474 3684 2510 mc-

2107 2569 2267 2624 dendi
2316 2567 2689 2621 consultorum
2728 2581 2740 2619 :
2769 2560 2986 2614 aliunde
3014 2567 3195 2611 tamen
3241 2569 3359 2609 esse
3392 2554 3683 2619 imperatu~

2110 2679 2219 2718 rem
2256 2663 2307 2715 in
2346 2658 2607 2715 extremis
2642 2668 3000 2723 res-prmsens
3032 2652 3147 2721 ipsa
3189 2647 3443 2714 oculique
3497 2641 3686 2708 loque—

2110 2758 2327 2811 bantur.
2354 2754 2409 2807 ltt
2436 2752 2535 2806 hac
2558 2750 2932 2814 ambiguitate,
2958 2760 3043 2798 me
3068 2752 3126 2795 ιιι
3152 2741 3283 2794 alias
3303 2752 3446 2806 saepe
3469 2731 3686 2804 quando

2110 2847 2395 2903 dubitabat.
2418 2845 2653 2906 intuens,
2682 2839 2961 2894 oraculum
2993 2834 3246 2888 videlicet
3279 2827 3629 2898 operiebatur
3655 2836 3686 2874 e

2113 2943 2324 3010 tripode
2357 2955 2477 2994 meo
2506 2952 2520 2991 :
2553 2947 2606 2992 et
2650 2932 2911 3003 quidquid
2949 2927 3365 3000 pronuntiarem
3400 2927 3686 2988 exepecta-

2110 3034 2201 3088 bat
2237 3032 2528 3087 creditura.
2590 3027 2707 3081 Tali
2770 3039 2951 3079 rerum
3011 3018 3244 3073 articulo
3286 3012 3501 3067 domina
3566 3019 3684 3060 mea

2112 3136 2358 3176 sororum
2388 3120 2521 3173 mihi
2547 3116 2872 3170 charissima
2901 3110 3100 3173 Maria,
3134 3108 3298 3162 decus
3326 3100 3502 3157 nostri
3523 3111 3687 3167 gene-

927 3203 1256 3278 ἀλλ’ὲπειδὴ
1282 3207 1340 3259 τὸ
1391 3208 1488 3275 τῆς
1534 3209 1809 3280 ἀναπνοῆς
1868 3215 2009 3281 μέγα

2116 3215 2215 3277 ris,
2242 3212 2545 3269 constantis
2588 3207 2873 3274 virilisque
2928 3202 3079 3258 vocis
3112 3215 3178 3254 ac
3211 3195 3410 3252 mentis
3466 3191 3683 3251 mulier,

1082 3318 1157 3367 μα
1211 3301 1577 3369 συνδιῑστατο,
1641 3305 1734 3356 καὶ
1794 3307 1861 3359 τὰ
1910 3307 2012 3376 τῆς

435 3389 711 3459 ὁρτηρέας
873 3431 886 3445 .
1055 3432 1071 3448 .
1245 3429 1260 3443 .
1410 3430 1425 3444 .
1578 3434 1592 3447 .
1742 3413 2008 3466 ευμωνος.

447 3482 728 3549 ’Λφεμὲνη
763 3483 816 3535 δὲ
854 3483 953 3549 τῆς
985 3483 1166 3552 χειρὸς
1202 3482 1295 3535 τοῦ
1329 3483 1862 3556 Σεϐαστοκράτορης,
1916 3491 2015 3542 καὶ

443 3573 583 3643 πρὸς
642 3575 742 3645 τὴν
824 3575 1079 3645 βασιλίδα
1142 3577 1229 3629 διά
1380 3617 1393 3631 .
1544 3616 1558 3630 .
1709 3619 1722 3633 .
1875 3581 2010 3652 μένη

439 3666 602 3718 πάλιν
670 3668 937 3720 ἐπέϐαλον
1009 3668 1085 3737 τῷ
1159 3669 1359 3739 καρπῷ

592 3758 859 3824 Ἀλεξεαν.
906 3760 968 3814 ’11
1008 3761 1106 3831 μὲν
1126 3760 1316 3814 ἔνυττὲ
1357 3778 1424 3830 με
1470 3764 1732 3827 πολλάκις
1765 3766 1848 3818 ὅτι

1430 3854 1669 3924 δηλῶσαι
1683 3856 1750 3909 τὰ
1768 3853 1862 3909 τοῦ
1882 3874 2019 3925 σφυ-

1605 3947 1761 4009 abiit;
1791 3948 2021 4020 ἡψάμην

1794 4042 1863 4096 τὰ
1917 4042 2021 4112 τῆς

1848 4174 1861 4188 .
1919 4151 2012 4188 τε·

438 3941 583 4013 γμοῦ
608 3944 675 3997 ⁸⁷.
720 3944 876 3998 Ἐπεὶ
905 3944 961 3999 δὲ

439 4039 538 4091 καὶ
592 4038 951 4092 ύπενδιδόντα
1008 4039 1152 4108 ἔγνω

436 4132 743 4200 δυνάμεως.
771 4133 883 4185 Καὶ
914 4133 994 4194 εἰς
1021 4132 1293 4199 ἁσφυξίαν
1320 4132 1365 4165 ⁸⁷

440 4220 694 4276 λεώτατα
730 4222 800 4275 τὰ
829 4223 940 4276 τῶν
987 4221 1285 4295 ἀρτηρξων,
1333 4222 1511 4291 ἔγωγε

440 4344 582 4415 quod
678 4342 834 4397 facile
907 4344 959 4396 in
1032 4341 1480 4411 significationem
1566 4343 1846 4399 latent-ium
1918 4349 2014 4400 ad-

440 4436 545 4490 huc
601 4435 651 4489 in
699 4449 841 4504 aegro
893 4449 1116 4503 corpore
1177 4434 1466 4488 multarum
1528 4435 1723 4490 virium
1787 4437 2010 4507 decepta

443 4526 602 4597 505
635 4526 932 4596 rapiebam.
966 4525 1125 4595 Atqui
1150 4526 1426 4580 exhaustis
1450 4525 1605 4595 plane
1626 4525 1736 4594 jam
1759 4527 2011 4583 vitalibus

444 4619 711 4673 defectum
737 4617 1113 4683 corpusculum
1136 4617 1243 4670 illis
1268 4617 1471 4669 ultimis
1495 4620 1780 4672 conatibus
1803 4620 2008 4674 acrium
2046 4649 2090 4706 ο

439 4711 643 4765 ictuum
674 4725 778 4763 non
811 4710 976 4763 ullutn
1001 4708 1214 4778 quidem
1244 4723 1397 4760 suum
1427 4709 1664 4776 vigorem
1688 4711 2011 4777 testabatur,

442 4805 533 4854 sed
573 4802 860 4868 aegerrime
884 4800 1039 4870 longo
1073 4800 1361 4853 intervallo
1396 4816 1490 4869 per
1517 4811 1591 4853 tot
1629 4802 1800 4855 morbi
1840 4818 2016 4855 moras

445 4901 734 4946 attractum
771 4892 1016 4959 spiritum
1046 4900 1156 4944 toto
1192 4891 1614 4957 natttraaitnpetu
1651 4894 2015 4959 reciprocans,

443 4986 797 5037 conunotiore
833 4983 926 5037 illo
959 4983 1173 5053 vigebat
1213 4983 1391 5052 pulsu.
1430 4982 1631 5035 Tamen
1677 4994 1733 5035 ut
1767 5000 1889 5053 qua:
1927 5002 2016 5039 cu-

445 5076 624 5143 pimus
666 5075 855 5130 leviter
876 5075 1167 5142 credimus,
1194 5076 1422 5130 libenter
1448 5075 1736 5143 loquimur,
1767 5077 1884 5131 lteta
1917 5095 2016 5148 ego

442 5176 555 5222 tum
584 5169 648 5221 ad
668 5175 905 5220 astantes
925 5181 1094 5231 meos,
1113 5165 1430 5235 Angustam,
1455 5175 1507 5219 et
1530 5167 2014 5224 sebastocratnrem

444 5258 767 5323 exclamavi,
820 5258 995 5310 salvas
1040 5271 1160 5311 esse
1196 5273 1300 5323 res,
1354 5259 1756 5327 provocavique
1808 5261 1907 5328 ipsi
1959 5273 2019 5317 ut

448 5359 756 5419 tangerent,
821 5356 1250 5415 usurparentque
1311 5349 1509 5402 indicia
1570 5349 1794 5402 salutem
1853 5365 2019 5420 spon-

446 5443 683 5496 deutium
718 5455 998 5494 venarum.
1039 5439 1251 5491 Manum
1304 5443 1432 5508 quin
1486 5441 1649 5494 etiam
1694 5441 1876 5510 'ipsant
1931 5459 2018 5497 se-

449 5532 835 5585 bastoeratoris
889 5538 1156 5598 arreptam
1210 5542 1276 5582 eo
1334 5529 1547 5583 admovi
1599 5549 1612 5584 :
1666 5546 1729 5585 ac
1790 5543 2014 5587 matrem

454 5624 663 5677 victrici
694 5623 805 5692 iam
841 5622 1034 5675 fiducia
1061 5621 1350 5675 consolans
1384 5635 1601 5675 sumere
1639 5622 1823 5690 utique
1864 5624 2020 5691 jube-

2111 3306 2464 3372 omniumque
2495 3299 2828 3355 domicilium
2868 3296 3152 3357 virtutum,
3203 3290 3345 3343 inter
3380 3281 3687 3351 imper-atri-

2113 3412 2231 3452 ccm
2262 3407 2315 3449 et
2359 3371 2742 3461 imperatorem
2796 3387 2970 3441 media
3025 3397 3197 3444 stans,
3254 3392 3417 3433 manu
3451 3371 3681 3429 subinde

2114 3487 2437 3557 interposita
2467 3484 2707 3540 studiose
2736 3467 3007 3542 obstabat,
3032 3491 3099 3532 ne
3132 3471 3479 3544 imperatoris
3516 3466 3687 3521 mori-

2114 3581 2347 3635 bundam
2376 3578 2568 3633 faciem
2604 3588 2829 3631 cernere
2852 3569 3165 3641 imper-atria
3204 3565 3293 3619 tali
3323 3557 3689 3616 exanimanda

2116 3673 2302 3743 specie
2346 3679 2550 3741 posset.
2582 3669 2695 3740 Ego
2727 3680 2857 3720 vero
2912 3664 3226 3731 satagebant
3289 3654 3504 3711 interim
3532 3648 3689 3719 quasi

2117 3767 2183 3821 ad
2244 3765 2504 3819 indicium
2542 3759 2867 3830 captandum
2931 3755 3076 3810 unde
3113 3763 3437 3821 responsum
3475 3752 3686 3796 certum

2114 3857 2449 3927 expedirent.
2500 3855 2712 3908 Dextra
2761 3863 2954 3904 manus
3002 3856 3243 3899 summos
3274 3838 3491 3906 digitos.
3525 3845 3691 3899 carpo

2118 3949 2428 4020 languentis
2491 3945 2832 4016 applicabam
2887 3948 3053 3997 :tunt
3121 3949 3342 3991 manum
3402 3938 3693 4020 utramque

2116 4016 2470 4098 adrnovebant
2522 4038 2683 4107 capiti
2734 4034 2975 4105 ejusdem
3031 4027 3224 4100 pileclo
3274 4040 3341 4078 ac
3393 4016 3692 4075 involucris

2122 4135 2397 4203 paulisper
2452 4132 2673 4186 nudato.
2728 4126 2887 4184 Sensi
2966 4125 3082 4179 haec
3164 4118 3371 4174 faciens
3452 4107 3694 4179 vegetio-

2119 4241 2208 4282 res
2266 4227 2408 4280 ictus
2492 4224 2709 4278 arteria
2771 4219 2926 4290 quasi
3028 4212 3308 4271 robustius
3374 4203 3623 4261 micantis
3672 4218 3688 4254 :

2119 4347 2241 4402 bam
2269 4348 2518 4402 meliores
2542 4362 2687 4415 spes.
2723 4344 2858 4398 Hinc
2881 4358 3005 4397 eum
3031 4342 3225 4395 iterum
3254 4337 3440 4406 πιςτοιί
3467 4351 3696 4407 carpum

2121 4450 2518 4501 attrectassem,
2555 4439 2778 4508 pupugit
2809 4437 2855 4490 is
2889 4434 3066 4490 aeutis
3094 4445 3150 4488 et
3194 4431 3405 4486 crebris
3460 4430 3687 4483 saltibus

2120 4533 2461 4600 explorantes
2497 4532 2712 4601 digitos,
2752 4536 2808 4582 ttt
2838 4528 3093 4595 praeclare
3116 4524 3292 4579 adhuc
3316 4524 3529 4593 quidem
3562 4536 3693 4575 con-

2120 4633 2287 4677 staret
2316 4624 2380 4675 ad
2420 4622 2700 4690 augurium
2756 4620 2865 4687 Spei
2920 4628 3100 4671 metus
3141 4614 3354 4667 arteriae
3411 4610 3693 4665 micantis.

2122 4716 2321 4769 Verum
2362 4714 2503 4783 quod
2553 4713 2633 4777 bi,
2662 4720 2718 4765 ut
2773 4711 2911 4776 disi,
2959 4706 3190 4763 extremi
3239 4717 3468 4759 conatus
3514 4712 3699 4755 essent

2120 4819 2325 4862 natura:
2362 4806 2493 4859 nihil
2539 4805 2648 4872 jam
2700 4803 2800 4856 sibi
2854 4802 3102 4856 facientis
3151 4799 3364 4867 reliqui,
3410 4786 3697 4850 ubi‘tertio
3757 4803 3762 4807 ‘

2118 4915 2334 4952 manum
2383 4897 2623 4960 adhibui,
2675 4895 3020 4963 deprehendo
3064 4906 3191 4946 ecce
3243 4889 3483 4943 delectas
3527 4887 3694 4948 vires,

2120 4990 2460 5056 languentem
2493 4989 2702 5058 pulsum
2739 4999 2792 5042 et
2830 5002 2952 5041 mox
2987 4985 3242 5039 desiturae
3270 4983 3396 5034 vitm
3437 4978 3696 5046 reliquias

2120 5083 2341 5143 debiles,
2371 5097 2435 5136 ac
2485 5083 2590 5149 iam
2641 5088 3050 5134 evanescentes.
3084 5077 3345 5130 Percussa
3396 5086 3496 5141 ego
3553 5070 3696 5122 illico

2118 5176 2317 5230 iudicio
2345 5173 2491 5227 fatali
2532 5173 2727 5228 demisi
2776 5180 2920 5227 muta
2968 5176 3170 5223 vuttttm
3230 5167 3282 5221 in
3340 5175 3542 5219 terram
3574 5175 3697 5213 cer-

2120 5283 2280 5319 unum
2315 5276 2367 5319 et
2401 5266 2690 5333 pallidum;
2743 5264 2924 5317 subito
2968 5278 3063 5331 per
3093 5273 3293 5327 corpus
3343 5257 3457 5325 ipsa
3503 5252 3698 5307 cohor-

2119 5373 2333 5411 tescens
2368 5352 2587 5424 frigore.
2626 5356 2719 5409 Sic
2763 5355 3011 5406 manibus
3044 5350 3109 5404 ad
3160 5346 3349 5401 oculos
3418 5338 3697 5410 appressis

2122 5458 2267 5501 retro
2322 5448 2512 5502 abiens
2559 5448 2849 5514 lugebam;
2904 5458 3033 5512 quo.
3066 5449 3239 5493 mater
3288 5435 3694 5491 animadverso,

2125 5540 2307 5590 statim
2338 5537 2465 5606 quid
2498 5546 2642 5590 esset
2677 5536 2750 5589 rei
2782 5533 3089 5604 pervidens,
3119 5526 3373 5583 nimirum
3408 5531 3467 5575 ιιι
3518 5519 3695 5574 salute

2128 5646 2189 5683 ac
2218 5644 2431 5682 summa
2480 5645 2659 5683 rerum
2712 5628 3081 5691 conclamata,
3133 5615 3525 5678 moderationis
3583 5614 3693 5683 iam

1479 5739 1685 5798 Varias
1721 5738 2032 5805 lectiones
2065 5761 2137 5805 ex
2180 5744 2320 5809 cod.
2354 5744 2623 5806 Coislin.

490 5868 534 5910 ιθ
564 5865 839 5934 σφιγμῶν.
919 5865 959 5896 ⁸⁷
994 5862 1253 5933 σφιγμοῦ.
1330 5861 1372 5894 "'
1404 5863 1723 5931 ἁσφινξίαν.
