4108 6402
436 385 579 452 1207

1719 382 1946 446 ΑΝΝἎΕ
1986 378 2368 441 (ΞΟΜΝΕΝᾸΕ

3558 367 3697 433 1208

432 497 611 550 munis
642 495 932 565 impatiens
957 495 1284 552 immensum
1329 505 1385 551 et
1429 495 1770 552 insolabilem
1803 494 2008 549 luctum

2119 491 2348 543 κλίνασα
2381 488 2482 560 τὴν
2515 487 2757 557 κεφαλὴν
2789 481 2920 550 αὖος
2945 486 3040 538 καὶ
3088 483 3404 554 ἀπόψυκτος
3453 477 3522 553 ἦν
3554 483 3692 551 πρὸς

433 585 609 640 acutis
634 584 952 654 longissime
977 587 1315 640 continuatis
1342 600 1536 640 exorsa
1567 584 1862 638 ululatibus
1885 590 1968 637 est
1992 599 2007 634 :

434 687 558 727 cum
622 674 840 728 modum
893 687 1119 745 negaret
1175 677 1226 729 in
1295 691 1358 729 ea
1424 675 1752 729 lamentione
1802 673 2009 728 servari

437 774 712 834 oportere,
745 764 903 835 cujus
932 782 1040 821 non
1073 767 1283 835 privata
1336 766 1492 820 modo
1543 764 1754 832 jactura
1803 771 2008 834 quanta

436 865 613 925 potest
645 870 766 911 esse
789 859 1046 921 maxima,
1079 858 1172 912 sed
1203 857 1417 926 publica
1447 857 1607 911 etiam
1655 855 1805 909 orbis
1839 866 2012 909 terra-

438 963 556 1001 rum
593 948 874 1002 calamitas
906 963 971 1003 ac
1000 949 1268 1017 pernicies
1297 957 1677 1019 argumentum
1706 947 1797 1001 sit.
1824 947 2012 1001 Matris

435 1037 638 1093 luctum
690 1040 916 1108 loquor;
969 1041 1098 1094 mihi
1157 1051 1266 1094 tum
1318 1041 1417 1109 ipsi
1463 1040 1586 1110 quis
1625 1041 1837 1095 misera:
1903 1039 2010 1094 fuit

433 1130 684 1184 animus?
711 1147 775 1186 ac
805 1131 999 1198 quibus
1033 1133 1248 1187 tandem
1287 1134 1465 1186 verbis
1521 1132 1602 1187 vel
1649 1148 1806 1200 quem
1834 1131 1888 1185 in
1928 1147 2012 1186 me

433 1220 580 1276 sensi
618 1231 723 1274 tam
753 1224 873 1275 diro
906 1224 958 1276 in
1013 1238 1164 1286 casn,
1226 1224 1308 1277 vel
1361 1239 1522 1291 quem
1576 1223 1630 1276 in
1681 1223 1800 1276 aliis
1849 1231 2013 1290 atque

433 1313 568 1366 adeo
602 1313 656 1366 in
695 1321 804 1367 tota
841 1315 1115 1380 republica
1175 1325 1231 1366 et
1283 1315 1510 1383 imperio
1546 1316 1786 1368 dolorem
1822 1313 2012 1367 obser-

437 1418 564 1457 vare
595 1404 774 1467 licuit,
805 1407 1145 1473 exprimam?
1173 1406 1342 1460 Mater
1373 1408 1590 1474 quidem
1625 1408 1711 1476 (de
1744 1405 1831 1460 illa
1865 1405 2010 1458 enim

433 1511 658 1565 pergam
698 1497 898 1568 dicere)
933 1499 1138 1565 regium
1174 1499 1366 1566 capitis
1419 1509 1628 1567 tegmen
1679 1497 1899 1566 alijecit,
1955 1506 2012 1551 et

435 1588 555 1643 ιιΙοε
588 1587 669 1642 vel
701 1599 1008 1644 exstructus
1066 1591 1117 1643 iu
1176 1601 1508 1659 suggestum,
1551 1589 1630 1644 vel
1675 1591 1880 1644 circum
1932 1590 2012 1643 vi-

435 1679 619 1734 bratos
651 1680 703 1734 in
735 1683 1007 1736 radiorum
1042 1697 1244 1735 murem
1279 1683 1458 1735 cultro
1511 1682 1746 1748 quodam
1792 1691 2012 1750 arrepto

433 1773 498 1825 ad
533 1784 706 1827 cutem
741 1773 852 1840 ipsa
903 1775 1004 1828 sibi
1054 1775 1237 1829 crines
1286 1775 1484 1828 secuit.
1547 1774 1748 1827 Rubris
1796 1787 2011 1842 quoque

433 1863 760 1918 indumentis
793 1865 1009 1932 pedum,
1034 1882 1154 1933 quse
1201 1866 1280 1918 vel
1332 1867 1598 1935 praecipua
1649 1863 2012 1932 iniperatOi-ia:

433 1955 711 2024 dignitatis
747 1957 975 2025 insignia
1020 1966 1167 2020 sunt,
1199 1958 1264 2009 ab
1313 1973 1369 2012 se
1417 1957 1598 2024 procul
1629 1957 1874 2026 abjectis,
1918 1972 2012 2025 pro

434 2049 500 2100 iis
533 2048 647 2102 dari
681 2047 780 2101 sibi
819 2049 1004 2117 nigros
1051 2049 1299 2113 calceos;
1355 2066 1456 2102 nec
1529 2050 1676 2117 ipsus
1729 2049 2012 2116 exquisita:

435 2139 622 2191 forma:
652 2149 743 2191 aut
780 2140 958 2208 pretii,
994 2140 1086 2194 sed
1117 2141 1204 2208 qui
1239 2141 1470 2206 primum
1517 2151 1888 2204 occurrere-nt,
1921 2157 2006 2209 pe-

437 2226 543 2280 tiit.
580 2226 784 2280 Pallam
845 2241 971 2281 vero
1007 2230 1168 2283 etiam
1228 2245 1552 2298 purpuream
1608 2230 1747 2299 pulla
1805 2243 2010 2284 mutare

431 2325 582 2370 Vcle
605 2318 854 2387 cupiens,
875 2318 1185 2375 dillicultate
1212 2321 1462 2375 nonnulla
1498 2322 1788 2379 laboravit;
1821 2339 2007 2390 parum

434 2408 566 2462 bene
591 2408 643 2462 id
673 2411 930 2477 temporis
965 2412 1237 2466 instructo
1279 2413 1516 2480 palatino
1572 2415 1822 2468 vestiario
1855 2416 2006 2483 lngu-

433 2499 546 2553 bris
580 2511 806 2555 ornatus
836 2502 1012 2570 copia.
1043 2503 1111 2555 Αι
1149 2503 1297 2556 brevi
1335 2505 1614 2572 suppletus
1670 2507 1715 2558 is
1768 2505 2011 2570 defectus

429 2599 532 2643 est.
567 2590 768 2645 Aderat
797 2593 940 2646 enim
971 2593 1127 2647 tertia
1175 2611 1330 2648 soror
1389 2612 1526 2661 mea,
1571 2612 1694 2664 quae
1732 2597 2010 2650 viduitatis

427 2681 536 2746 iam
561 2692 785 2750 experta
811 2684 1037 2750 malum,
1067 2697 1268 2741 vestem
1293 2702 1323 2740 e
1348 2689 1459 2742 suis
1492 2689 1646 2742 cistis
1674 2692 2013 2758 exprompsit

435 2773 663 2840 tempori
699 2776 1192 2841 accmummlatam,
1241 2792 1347 2845 qua
1399 2779 1712 2847 imperati-ix
1773 2779 1838 2834 ad
1889 2797 2012 2848 pre-

432 2860 721 2916 fessionem
748 2863 922 2918 luctus
956 2880 1289 2934 congrui-nte
1321 2884 1439 2933 usa,
1467 2880 1585 2922 atro
1626 2886 1685 2924 se
1741 2881 1907 2924 totam
1942 2872 2010 2925 ab

435 2952 679 3006 numeris
725 2954 793 3006 ad
853 2955 1016 3024 pedes
1095 2957 1340 3012 obvolvit
1409 2960 1595 3028 pallio,
1665 2971 1826 3029 caput
1875 2977 2012 3030 quo-

423 3058 541 3112 que
569 3047 686 3100 velo
714 3047 963 3116 integens
999 3049 1198 3103 coloris
1226 3051 1520 3106 tenebrosi.
1569 3053 1720 3119 Quod
1768 3055 1858 3109 illa
1886 3057 2010 3110 dunt

2043 1831 2084 1886 Β
2121 1831 2275 1932 ἐμῶν
2346 1831 2597 1932 ἀδέλφᾱν
2627 1858 2676 1915 εἶ

2115 583 2219 652 γῆν
2264 582 2642 643 ἀπονεύσασα,
2687 578 2784 632 καὶ
2809 577 2978 648 μηδὲν
3029 576 3406 646 φθεγγομένη,
3459 573 3554 626 καὶ
3615 571 3698 625 τὼ

2114 674 2263 741 χεῖρε
2309 672 2429 731 ταῖς
2457 668 2647 738 ὄψεσιν
2679 666 3018 720 ἐπιϐαλοῦσα
3070 666 3165 720 καὶ
3197 663 3536 726 ὀπισθόπους
3597 679 3697 731 γεο

2113 763 2313 830 νομένη
2339 761 2623 832 ἐθρήνουν.
2692 761 2754 813 Ἡ
2791 759 2871 821 δὲ,
2928 761 3151 812 συνεῖσα
3201 758 3297 810 τοῦ
3365 757 3696 827 πράγματος

2115 855 2355 916 καὶτοῖς
2381 853 2528 915 ὅλοις
2561 851 3024 922 ἀπαγορεύσασα,
3079 849 3332 902 ὲκώκυσέ
3387 865 3448 902 τε
3500 848 3699 915 ἁθρόον

2120 946 2267 1016 μέγα
2415 987 2429 1000 .
2579 983 2595 998 .
2748 984 2762 998 .
2909 941 3225 1009 διωλύγιον.
3252 940 3420 994 Ἀλλὰ
3440 939 3550 1009 γὰρ
3577 939 3698 1000 πῶς

2119 1037 2462 1107 παραστήσω
2492 1034 2593 1105 τὴν
2616 1034 3004 1105 κατασχοῦσαν
3033 1032 3132 1102 τὴν
3182 1031 3516 1100 οἰκουμένην
3549 1029 3700 1084 ᾶπα-

2115 1145 2214 1182 σαν
2241 1128 2554 1198 συμφοράν;
2586 1129 2657 1180 Ἢ
2684 1127 2798 1188 πῶς
2835 1127 2902 1178 τὰ
2952 1125 3196 1196 ἐμαυτῆς
3221 1124 3697 1192 ἁποκλαύσωμιι;

2116 1224 2219 1291 τήν
2246 1239 2305 1274 τε
2342 1220 2634 1291 βασιλικὴν
2665 1219 2991 1290 καλύπτραν
3022 1217 3258 1272 ἀπέθετο
3290 1216 3383 1269 καὶ
3416 1215 3516 1277 τὰς
3549 1215 3696 1267 ὲκεί-

2115 1329 2213 1376 νας
2243 1313 2465 1383 ἐθείρας
2496 1311 2846 1382 μαχαιρίδιόν
2872 1327 2926 1363 τι
2953 1310 3197 1364 λαϐοῦσα
3223 1310 3280 1362 ὲν
3313 1309 3430 1380 χρῷ
3457 1309 3699 1375 διέτεμεο

2116 1408 2212 1459 καὶ
2267 1405 2339 1459 τὰ
2395 1405 2722 1474 κοκκοὸαφῆ
2870 1443 2886 1458 .
3036 1441 3052 1457 .
3205 1443 3220 1459 .
3366 1401 3477 1456 τῶν
3520 1400 3703 1454 ποδῶν

2117 1497 2574 1570 ἀπορριψαμένη,
2605 1496 2815 1565 μέλανα
2931 1536 2944 1551 .
3098 1535 3113 1550 .
3264 1534 3279 1548 .
3427 1493 3600 1546 ἐδεῖτο
3630 1493 3705 1544 τὰ

2122 1589 2524 1660 προστυχόντα.
2576 1586 2945 1653 Ἀλλάξασθαι
2973 1589 3031 1642 δὲ
3180 1626 3196 1642 .
3346 1627 3362 1642 .
3514 1625 3529 1640 .
3599 1583 3702 1653 τὴν

2119 1683 2434 1753 πορφυρίδα
2472 1682 2776 1752 βουλομένη
2809 1681 3069 1752 μελαίνης
3104 1680 3354 1749 ἐσθῆτος,
3389 1679 3703 1750 προχείροις

2121 1775 2340 1843 ἱμάτιον
2374 1773 2449 1840 (9)
2481 1774 2580 1843 οὐχ
2614 1773 2926 1842 εὑρίσκετο.
2966 1774 3059 1838 Ἐξ
3089 1767 3165 1827 ὧν
3195 1772 3253 1824 δὲ
3291 1775 3323 1841 ἡ
3387 1773 3544 1841 τρίτη
3590 1770 3704 1822 τῶν

3151 1863 3291 1931 φίων
3345 1857 3703 1927 καταλλήλων

2118 1955 2201 2024 τῷ
2234 1954 2414 2025 καιρῷ
2441 1957 2534 2008 καὶ
2587 1955 2666 2024 τῷ
2701 1957 2988 2024 πράγματι
3037 1955 3265 2026 χηρείας
3285 1953 3379 2005 καὶ
3408 1951 3575 2004 πάλαι
3600 1968 3702 2001 x1-

2116 2053 2232 2108 κοῖς
2260 2049 2596 2118 ὁμιλήσασα,
2657 2047 2900 2101 λαδοῦσα
2947 2051 2979 2117 ἡ
3071 2047 3284 2118 βασιλὶς
3336 2045 3698 2115 ἀμφιέννυτο.

2116 2143 2229 2195 Καὶ
2285 2142 2384 2208 τὴν
2533 2181 2548 2195 .
2699 2181 2715 2196 .
2887 2177 2902 2194 .
3072 2140 3166 2192 καὶ
3237 2137 3451 2204 ζοφώδη
3529 2133 3704 2187 καλύ-

2121 2249 2300 2300 πτραν
2345 2230 2572 2284 ἐπέθετο
2601 2233 2667 2301 τῇ
2704 2231 2936 2302 κεφαλῇ.
2977 2229 3088 2282 Καὶ
3119 2232 3176 2282 ἐν
3215 2227 3425 2288 τούτοις
3478 2226 3506 2278 ό
3537 2227 3702 2277 αὐτο-

2114 2326 2345 2395 κράτωρ
2380 2326 2479 2394 τὴν
2518 2326 2675 2396 ἱερὰν
2716 2323 2895 2396 ψυχὴν
2954 2323 3065 2394 (10)
3125 2323 3306 2392 ἀφῆκε
3357 2319 3495 2390 Θεῷ.
3519 2317 3631 2372 Καὶ
3669 2317 3702 2369 ό

2115 2418 2243 2486 ἐμός
2260 2417 2412 2488 ἥλιος
2437 2417 2546 2470 ἔδυ.
2582 2416 2681 2485 ’E'p
2829 2457 2842 2470 .
2992 2455 3007 2471 .
3158 2454 3174 2470 .
3324 2454 3337 2469 .
3487 2453 3502 2468 .
3650 2411 3706 2465 οἱ

2119 2511 2193 2580 μὴ
2269 2510 2376 2562 ἀπὸ
2437 2509 2644 2570 πᾶθους
2701 2509 3054 2579 ἁλισκόμενοι
3102 2511 3204 2578 τὴν

2424 2602 2714 2669 ἐθρήνουν.
2780 2602 3106 2653 Ἐκόπτοντο
3163 2599 3358 2669 γοερὸν
3411 2599 3530 2651 ἁνοι

2461 2696 2509 2756 ἐς
2554 2693 2787 2764 οὐρανὸν
2817 2693 2917 2756 τὰς
2970 2694 3154 2760 φωνὰς
3208 2693 3531 2762 ἀνέπεμπον

2425 2783 2518 2838 τὸν
2555 2785 2875 2854 εὐεργέτην.
2907 2785 3009 2838 Τὸν
3037 2784 3105 2840 τὰ
3145 2786 3323 2838 πάντα
3346 2785 3526 2846 αὐτοῖς

3093 2877 3389 2931 παύσαντα
3423 2877 3698 2932 ἀποκλαι-

3523 2967 3702 3020 πιστῶ

2116 2971 2328 3037 όμενοι.
2399 2965 2542 3034 Ἐγὼ
2593 2919 2725 3036 ,μὲν
2781 2966 2876 3020 οὖν
2930 2919 2944 2934 ο
3025 3007 3039 3022 .
3189 3007 3204 3022 .

3200 3060 3310 3112 Καὶ
3372 3061 3702 3130 μνημονεύω

2118 3061 2332 3130 ἐμαυτῇ
2369 3059 2528 3128 εἴπερ
2560 3058 2638 3122 ζῶ
2669 3076 2734 3112 τε
2771 3060 2867 3112 καὶ
2913 3061 3134 3131 γράφω.

434 3138 566 3207 agit,
641 3139 938 3208 imperator
998 3155 1206 3195 sacram
1281 3143 1515 3197 animam
1579 3145 1686 3199 Deo
1755 3146 2006 3212 reddidit,

2119 3152 2352 3206 θανάτου
2397 3152 2492 3206 τοῦ
2539 3153 2970 3224 αὐτοκράτορος.
3029 3154 3136 3208 Καὶ
3185 3155 3489 3223 ὲπαφῶμαι
3535 3155 3611 3223 τῷ
3646 3155 3704 3206 (Σ-

435 3243 700 3298 meusque
731 3231 809 3286 sol
834 3233 884 3285 in
916 3243 1152 3298 noctem,
1178 3233 1282 3287 bett
1317 3235 1444 3289 mihi
1474 3237 1486 3288 !
1522 3247 1827 3304 perpetuam
1849 3252 2014 3291 occu—

434 3325 570 3377 buit.
606 3323 738 3390 Quis
769 3335 880 3380 tum
908 3339 1012 3379 non
1058 3326 1359 3396 ingemuit?
1406 3327 1528 3398 quis
1579 3343 1684 3382 nou
1728 3330 1862 3384 arsit
1919 3331 2012 3385 do-

433 3417 590 3471 lore?
622 3432 891 3486 quosnam
918 3419 983 3472 ad
1048 3429 1156 3472 tam
1206 3419 1372 3475 duros
1426 3421 1639 3476 animos
1693 3432 1854 3475 tantae
1900 3431 2011 3476 tum

435 3526 540 3562 non
577 3510 836 3578 pertinuit
875 3509 1045 3565 cladis
1092 3525 1288 3566 sensus
1339 3513 1768 3567 acerbissimas?
1817 3511 2012 3569 Misce-

434 3605 594 3658 batur
636 3603 1000 3673 undecunque
1052 3603 1313 3658 confusus
1379 3605 1638 3673 strepitus
1702 3605 2010 3674 planctuum

431 3697 859 3766 gemituumqne,
893 3698 1117 3753 vocibus
1138 3697 1370 3752 subinde
1397 3698 1538 3753 inter
1563 3697 1726 3770 506
1755 3699 2013 3754 confusos

431 3787 665 3854 ejulatus
685 3789 942 3845 distincte
964 3791 1016 3844 in
1042 3789 1238 3844 ctelum
1263 3793 1630 3860 surgentibus,
1652 3792 1753 3848 sibi
1781 3804 2010 3861 patrem,

433 3881 539 3937 sibi
601 3889 912 3951 patronum,
967 3883 1073 3937 sibi
1127 3895 1437 3940 curatorem
1493 3885 1821 3950 beneﬁcum,
1885 3903 2010 3942 eum

435 3975 670 4041 denique
697 3976 788 4044 qui
820 3975 920 4030 sibi
957 3991 1095 4030 unus
1129 3985 1276 4032 esset
1297 3977 1497 4041 omnia,
1535 3979 1763 4044 periisse
1799 3979 2015 4034 lamen-

435 4065 688 4119 tantium.
718 4067 797 4120 Ac
820 4067 952 4120 mihi
977 4067 1235 4122 recolenti
1267 4068 1378 4138 jam
1413 4068 1537 4123 talia
1571 4079 1624 4123 et
1669 4083 1734 4124 ex
1768 4075 2018 4126 recorda-

437 4159 580 4214 tione
613 4159 877 4228 praeteriti
905 4160 958 4214 in
990 4158 1227 4216 futuram
1255 4163 1572 4218 memoriam
1601 4164 2018 4230 transmittenti,

433 4283 580 4340 subit
615 4283 882 4338 interdum
911 4283 1183 4350 dubitare,
1227 4286 1422 4355 ecquid
1473 4287 1649 4343 adhuc
1677 4287 1890 4355 vivam;
1945 4303 2012 4343 an

435 4393 542 4431 non
571 4376 766 4430 falsum
822 4377 1169 4445 experientiae
1218 4377 1474 4433 indicium
1518 4381 1610 4447 sit,
1645 4381 1720 4436 ita
1772 4391 1828 4435 ut
1869 4380 2014 4451 quod

436 4485 599 4539 agere
627 4469 769 4538 quod
801 4468 1041 4524 scribere
1065 4470 1197 4524 mihi
1253 4470 1460 4536 videor,
1499 4473 1706 4527 umbris
1760 4474 2014 4544 imagini-

439 4567 648 4631 basque
681 4561 1067 4617 mentientibus
1098 4562 1314 4617 illudar.
1349 4564 1490 4633 Ergo
1529 4573 1796 4619 etmanns
1840 4567 2013 4620 oculis

435 4652 669 4722 applico,
722 4651 988 4720 palpoque
1035 4651 1327 4722 explorans
1375 4651 1718 4708 somniumne
1766 4669 1834 4708 an
1887 4670 2011 4708 vera

2119 3244 2355 3316 φθαλμῷ
2397 3245 2470 3316 μή
2522 3262 2655 3298 ποτε
2681 3245 2788 3314 ἄρα
2841 3245 2974 3314 ὄναρ
3029 3247 3178 3299 ἐστὶν
3218 3247 3332 3300 ἀλλ’
3365 3247 3409 3280 ⁸⁸
3441 3246 3703 3309 ἕκστασξς

2117 3355 2177 3389 τε
2327 3375 2343 3391 .
2495 3376 2508 3389 .
2658 3377 2672 3391 .
2823 3337 2919 3390 καὶ
3008 3337 3304 3407 παρακοπὴ
3382 3339 3480 3391 καὶ
3530 3337 3702 3400 πάθος

2117 3446 2185 3482 πε
2197 3429 2248 3494 pi.
2283 3430 2310 3482 ὲ
2462 3466 2478 3483 .
2629 3468 2644 3482 .
2794 3431 2887 3484 καὶ
2912 3428 3224 3484 ἀλλόκοτον.
3253 3431 3374 3493 Πῶς
3402 3431 3512 3501 γὰρ
3532 3431 3702 3501 ἀπορ-

2117 3521 2343 3590 ρυέντος
2494 3560 2508 3574 .
2659 3562 2673 3578 .
2827 3561 2840 3574 .
2988 3524 3099 3584 τοῖς
3137 3520 3347 3592 βιοῦσιν
3397 3522 3508 3590 ἐγὼ
3565 3539 3696 3574 συν-

2114 3613 2388 3684 τάττομαι
2407 3613 2501 3666 καὶ
2525 3629 2624 3668 συν
2774 3654 2789 3668 .
2938 3650 2955 3668 .
3103 3652 3122 3670 .
3268 3611 3460 3678 ζῶσιν.
3487 3614 3557 3666 Ἣ
3578 3612 3700 3674 πῶς

2120 3706 2180 3759 οὺ
2239 3707 2606 3777 συνεπαφῆκα
2698 3707 2796 3760 καὶ
2942 3746 2958 3763 .
3107 3746 3124 3763 .
3274 3749 3289 3762 .
3435 3705 3616 3776 ψυχὴν
3665 3704 3698 3774 ἢ

2121 3798 2287 3861 εὐθὺς
2361 3797 2767 3862 ἐκπνεύσαντος
2913 3839 2928 3854 .
3053 3799 3100 3854 ⁸.
3244 3836 3260 3853 .
3410 3797 3502 3850 καὶ
3545 3796 3700 3850 6.sz-

2397 3889 2726 3961 ἀπωλόμην.
2784 3891 2844 3945 Εἰ
2872 3891 2929 3944 δὲ
2965 3907 3040 3961 μη

2430 3982 2641 4044 πόνθει,
2678 3983 2796 4046 πῶς
2832 3983 2934 4037 οὐκ
2977 3985 3085 4037 ἀπό
3115 4001 3282 4036 τινων
3317 3981 3539 4052 ὑψηλῶν
3604 3980 3701 4035 καὶ

2120 4073 2414 4147 μετεώρων
2443 4073 2613 4146 αὐτὴν
2645 4073 2854 4145 ῶθησα,
2885 4075 2918 4146 ἢ
2963 4077 3104 4129 κατὰ
3155 4076 3423 4146 κυμάτων
3445 4077 3503 4128 ὲν

2745 4169 2981 4226 ποντίων
3067 4183 3132 4220 συ
3142 4171 3378 4238 μφτραίς
3432 4167 3702 4238 μεγάλαις

2123 3890 2320 3960 σθητος

2124 4304 2212 4343 ης
2243 4291 2368 4354 sim,
2401 4304 2561 4357 quam
2599 4298 2716 4342 erat
2745 4298 3168 4351 consentaneum
3216 4288 3587 4356 magnitudine
3614 4289 3703 4341 in-

2125 4380 2270 4436 l‘amli
2325 4381 2453 4434 mali
2505 4379 2848 4450 obstupuisse
2889 4380 3236 4450 jampridem,
3305 4394 3369 4432 ac
3428 4379 3472 4433 si
3525 4379 3703 4433 minus

2126 4476 2308 4534 vitam,
2342 4484 2488 4528 certe
2519 4489 2737 4528 sensum
2769 4475 3142 4544 rationemque
3169 4474 3489 4545 perdidisse.
3518 4471 3705 4526 Enim-

2127 4584 2254 4620 vero
2305 4567 2395 4635 qui
2441 4582 2547 4620 non
2587 4565 2783 4621 mirum
2831 4581 2935 4621 non
2981 4582 3148 4637 prope
3193 4567 3725 4636 reprehendendum.

2126 4657 2395 4720 videatur,
2427 4669 2492 4710 eo
2518 4654 2609 4724 qui
2642 4671 2780 4710 unus
2816 4666 3027 4722 auctor,
3063 4671 3170 4710 una
3216 4671 3380 4712 causa
3436 4654 3567 4710 mihi
3613 4653 3701 4708 vi-

1504 4795 1714 4858 νοτία)
1750 4797 2060 4860 lectiones
2095 4817 2172 4861 ex
2215 4801 2357 4862 cod.
2395 4798 2666 4862 CoiSEiu.

518 4895 562 4926 ⁸³
593 4897 728 4968 ὄναρ
758 4896 876 4949 ἐστὶ
899 4897 966 4949 τὰ
1001 4895 1097 4950 νῦν
1131 4897 1220 4966 ὑφ’
1257 4895 1416 4966 ἡμῶν
1438 4896 1621 4960 ὑπαγο
1665 4935 1703 4950 ..

1731 4938 1743 4951 .
1773 4895 1827 4950 δέ
1854 4915 1916 4968 γε
1941 4902 2036 4953 καὶ
2061 4902 2135 4972 μὴ
2166 4900 2298 4972 ὄναρ
2338 4901 2487 4952 ἐστιν
2535 4899 2670 4952 ἀλλ’.

1516 5011 1654 5072 Car.
1690 5013 2015 5075 Dufresnii
2070 5018 2169 5076 Du
2201 5014 2420 5093 Cangii
2459 5023 2648 5076 noue.

519 5135 594 5204 (9)
638 5131 922 5199 'Ijudrtor.
973 5133 1229 5194 Codinus,
1284 5132 1363 5186 De
1393 5134 1501 5204 9/7.
1543 5133 1828 5204 auliegCP.
1887 5150 2010 5201 cap.

451 5202 536 5266 i7,
565 5223 612 5279 η,
767 5205 830 5253 de.
865 5205 1208 5279 imperatrice
1238 5221 1268 5279 :_
1291 5204 1353 5256 Εἰ
1385 5202 1448 5279 δὲ.
1472 5203 1624 5272 τύχοι
1645 5202 1800 5279 ὀὖσα
1843 5207 2011 5279 χήρα,

447 5279 507 5330 τδ
538 5277 636 5344 μὲν
667 5274 818 5345 βάῖον
843 5273 1218 5345 ,κατέχειηκαὶ
1255 5273 1540 5345 ισταμένη.
1575 5273 1667 5326 καὶ
1703 5273 2012 5345 καθημένη·

449 5341 609 5414 φορεῖ
662 5341 719 5398 δὲ
766 5341 1235 5414 ,ἔνδυμαημέλαη
1287 5341 1585 5414 λεγόμευον
1639 5341 1876 5412 ἱμάτιον,
1922 5341 2016 5399 κάλ

347 5469 363 5481 ,
455 5412 694 5488 μένωσιν
725 5413 872 5479 ὀξύν.
907 5414 998 5468 Est
1035 5414 1196 5488 igitur
1226 5412 1440 5482 ἱμάτιον
1470 5417 1685 5482 propria
1749 5417 2017 5480 Augusta-

454 5484 569 5538 i'nut
601 5485 881 5538 viduarum
918 5495 1024 5538 vest
1038 5484 1102 5536 is.

525 5557 637 5625 (10)
674 5555 792 5622 Τὴν
822 5555 987 5625 [epigr-
1013 5551 1247 5621 ψυχήν.
1285 5553 1525 5625 Excessit
1558 5568 1587 5606 e
1630 5554 1763 5625 vivis
1797 5554 2015 5610 Alexins

454 5623 552 5678 sub
582 5623 794 5679 nuctcm
836 5624 900 5677 18
934 5623 1047 5676 Kal.
1096 5626 1274 5690 Sept.,
1312 5639 1418 5693 quo
1469 5624 1555 5693 die
1608 5623 1912 5678 celebratur
1947 5629 2018 5677 ab

458 5696 693 5748 Ecclesia
750 5694 990 5760 Deipanc
1050 5692 1380 5759 Assumptio,
1447 5692 1598 5746 [Vi-ria
1661 5697 1912 5747 behdom.
1961 5694 2016 5758 5,

457 5783 544 5818 an.
575 5765 734 5824 1000,
771 5765 920 5831 juxta
963 5762 1181 5817 (ἐι-ποοῦ
1235 5764 1395 5822 6636.
1439 5763 1564 5817 Chr.
1621 5762 1777 5828 1118,
1829 5765 2014 5817 india.

402 5852 411 5861 '
464 5836 545 5892 II.
582 5833 728 5888 Vixit
749 5847 920 5888 annos
941 5832 1155 5887 circiter
1177 5833 1267 5903 70,
1295 5834 1575 5906 imperavit
1603 5833 1694 5899 57,
1730 5849 1940 5888 nienses
1963 5833 2015 5902 4,

2119 5137 2234 5192 dies
2275 5137 2363 5190 15.
2392 5135 2541 5188 Illius
2572 5149 2764 5201 corpus
2797 5133 3075 5186 humatum
3107 5132 3158 5185 in
3196 5132 3531 5186 monasterio
3553 5131 3694 5197 quod

2119 5209 2506 5262 mdilicaverat.
2532 5215 2582 5257 et
2613 5205 2832 5257 Christo
2859 5203 2935 5272 τῷ
2958 5202 3333 5272 Φιλανθρώπῳ
3363 5211 3693 5255 sacravi-rat.

2121 5275 2246 5330 Haec
2275 5277 2426 5329 Anna
2453 5275 2580 5334 lilia,
2606 5272 2867 5336 Zonaras,
2897 5271 3110 5343 Glycas.
3141 5272 3359 5343 Nicetas
3385 5274 3433 5323 in
3463 5273 3693 5343 Joanne,

2119 5346 2379 5409 (Indians,
2435 5345 2508 5396 De
2531 5345 2663 5412 orig.
2699 5343 2806 5398 (ΣΡ.
2844 5341 3063 5411 βοείη
3116 5343 3244 5395 edit.
3301 5341 3431 5408 Reg.
3495 5342 3693 5412 Ducas,

2119 5432 2240 5486 cap.
2278 5417 2342 5481 I;
2409 5409 2628 5466 Petrus'
2659 5413 2810 5486 Diae.
2837 5409 3042 5486 ΙιΙιέ-ιν,
3106 5413 3301 5486 Cicron.
3351 5411 3503 5474 Cas.;
3539 5409 3692 5464 Will.

2122 5482 2341 5556 'l'jrius,
2376 5486 2600 5556 IiI)._.SII,
2637 5499 2757 5556 cap.
2786 5484 2858 5556 ις
2902 5482 3110 5536 Hister.
3150 5483 3372 5556 illieros.
3408 5497 3498 5556 _n.
3532 5492 3694 5556 part.

2122 5549 2212 5611 uti.
2257 5555 2414 5618 1118,
2455 5552 2650 5608 Chron.
2699 5552 2942 5606 Malleac.
2993 5570 3084 5606 ait.
3149 5554 3316 5614 1113,
3381 5549 3566 5619 ΑῖείιΙ.
3627 5552 3697 5603 «It:

2125 5626 2298 5695 Roya,
2325 5641 2413 5678 an.
2449 5625 2610 5695 IIIS,
2651 5623 2830 5695 Alt-xii
2860 5623 3204 5695 sepulchrum
3245 5623 3546 5695 ctiunnuin
3603 5635 3699 5695 es-

2124 5689 2356 5768 s‘uvreriu
2393 5692 2731 5768 Διειιιριυτῆς
2789 5689 3282 5768 [Ῑαμμακαρίστοψ
3343 5691 3488 5768 quod
3537 5689 3695 5768 Ito-lie

2129 5760 2528 5819 Putriarcltiuni
2562 5760 2777 5832 vocant,
2816 5760 3007 5818 auctor
3031 5760 3113 5817 est
3148 5760 3304 5816 Mart.
3339 5763 3582 5828 L'rnsius,
3638 5760 3694 5813 in

2138 5840 2383 5904 Tuicogr.
2419 5850 2538 5904 pag.
2574 5833 2690 5888 I89.
