4108 6402
377 381 517 447 1209

1630 383 1910 445 ALEXlA
1924 383 2044 444 DlS
2083 383 2231 450 LIB.
2266 388 2392 450 XV.

3504 391 3644 459 1210

373 503 474 566 τὴν
503 495 648 560 ζωὶν
675 497 908 567 ἔγραψα.
953 499 1096 553 Ἀλλ’
1150 499 1251 553 οὐκ
1307 499 1458 552 ἐστιν
1507 497 1618 570 ἄρα
1664 499 1811 553 κατὰ
1846 498 1946 569 τὴν

2075 506 2210 560 'cndi
2247 506 2371 568 fuit,
2402 506 2582 562 vivere
2614 508 2918 573 desinente,
2951 521 3303 578 perseverare
3347 522 3432 563 me
3461 517 3640 562 tamen

374 586 686 656 τραγῳδίαν
722 588 892 651 πάθος
928 588 1025 641 καὶ
1096 589 1351 660 ξυμφορὰ
1411 588 1678 659 θεήλατος
1722 585 1791 661 ἦς
1851 590 1953 642 οὐκ

374 679 442 733 ἂν
477 679 663 749 ἄχθος.
809 717 825 734 .
979 718 994 734 .
1132 681 1294 751 οίμην
1351 678 1482 748 ἐγώ.
1540 680 1698 734 Οὕτω
1723 682 1834 751 γάρ
1887 697 1955 751 με

375 775 400 826 ὁ
429 771 561 835 θεὸς
591 772 889 844 συμφορῶν
941 772 1194 842 μεγάλων
1255 771 1524 842 πεποίηκε
1586 773 1954 840 καταγώγιον.

388 865 769 934 Ἀπεσάλομεν
823 864 1082 918 τοσοῦτον
1140 865 1411 935 φωστῆρα
1471 866 1570 934 τῆς
1627 863 1960 934 οἰκουμένης

379 957 467 1010 τὸν
500 955 678 1025 μέγαν
739 956 983 1021 Ἀλέξιον
1034 957 1127 1008 καὶ
1275 995 1292 1010 .
1439 996 1453 1010 .
1598 994 1613 1010 .
1755 956 1868 1026 μὴν
1925 957 1958 1026 ή

378 1050 533 1119 ςιυχῆ
578 1048 676 1102 τοῦ
731 1048 1085 1118 ταλαιπώρου
1151 1051 1492 1120 ἐπετρόπευε
1558 1050 1790 1119 σώματα
1941 1087 1955 1102 .

679 1141 755 1211 ’6η
794 1142 886 1194 καὶ
918 1144 944 1195 ὀ
977 1142 1238 1210 μέγιστος
1267 1140 1482 1210 λύχνος.
1554 1143 1770 1196 Μᾶλλον
1821 1141 1878 1194 δὲ
1921 1142 1956 1211 ή

374 1235 678 1304 πάμφωτος
711 1234 896 1304 ἐκείνη
939 1235 1162 1304 σελήνη.
1201 1234 1274 1286 Τὸ
1323 1235 1466 1303 μέγα
1514 1235 1614 1304 τῆς
1662 1235 1958 1305 Ἀνατολῆς

376 1329 470 1378 καὶ
501 1327 720 1389 Δύσεως
751 1327 986 1397 πρᾶγμα
1013 1327 1110 1380 καὶ
1153 1327 1348 1398 ὄνομα.
1391 1328 1455 1380 'H
1499 1327 1707 1397 βασιλὶς
1737 1329 1958 1398 εἰρήνη.

377 1419 486 1472 Καὶ
629 1459 645 1474 .
795 1457 810 1472 .
955 1419 1110 1490 ὦμεν
1139 1421 1233 1474 καὶ
1261 1420 1356 1472 τὸν
1413 1421 1552 1489 ἀέρα
1617 1420 1958 1490 ὲμπνέομεν.

375 1504 510 1561 Εἶτα
560 1507 734 1563 ἄλλων
884 1549 900 1564 .
1050 1545 1069 1563 .
1215 1510 1402 1574 ἄλλοις
1418 1509 1611 1564 κακῶν
1632 1511 1956 1578 γεγονότων,

374 1601 471 1652 καὶ
506 1601 848 1671 πρηστήρων
884 1601 1143 1672 μεγάλων
1178 1604 1624 1672 καταιγισάντων
1667 1606 1835 1672 ἡμᾶς,
1871 1602 1960 1656 ἐπ’

376 1690 509 1742 αὐτὸ
535 1692 595 1744 τὸ
637 1693 1089 1762 κορυφαιοτάτων
1112 1697 1158 1728 ⁷ο
1185 1695 1295 1748 τῶν
1338 1696 1526 1748 κακῶν
1553 1697 1680 1749 ἰδεῖν
1703 1695 1794 1748 τοῦ
1820 1695 1958 1750 Καί-

379 1799 448 1834 σα
457 1800 548 1851 ρος
580 1783 813 1838 θάνατον

381 1873 523 1944 μεθα
550 1879 844 1940 τοσαύταις
877 1879 1063 1931 κακῶν
1102 1879 1478 1950 περιστάσεσι.
1535 1881 1690 1934 Μετὰ
1734 1881 1842 1950 γάρ
1882 1897 1963 1930 τι-

379 1985 476 2029 νας
499 1968 715 2038 ήμέρας
749 1970 844 2022 τοῦ
887 1971 1059 2024 κακοῦ
1078 1973 1494 2035 δυναστεύοντος
1529 1975 1623 2026 καὶ
1652 1974 1746 2043 τῆς
1767 1973 1964 2044 τέχνης

380 2061 836 2130 ἀπαγορεύοντος,
863 2066 938 2127 εἰς
969 2065 1201 2131 πέλαγος
1231 2065 1728 2136 ἀθυμίας-ἐμαυτὴν
1763 2067 1966 2135 διαφεῖ-

383 2170 473 2210 ea.
494 2157 605 2218 τοῖς
632 2156 773 2217 ὂλιιις
790 2157 1138 2225 ἠγανάκτουν
1163 2159 1318 2210 τοῦτο
1344 2162 1502 2225 μόνον
1531 2161 1614 2212 ὅτι
1645 2161 1736 2212 καὶ
1765 2159 1961 2230 ήψυχή

387 2263 488 2314 μου
523 2249 698 2317 παρῆν
730 2249 788 2300 ὲν
812 2249 889 2317 τῷ
918 2247 1153 2316 σώματι.
1187 2251 1293 2303 Καὶ
1326 2253 1373 2302 si
1403 2251 1477 2319 μὴ
1500 2251 1575 2313 ὡς
1611 2252 1786 2304 ἔοικεν
1816 2253 1913 2305 ἀδα
1948 2292 1962 2306 .

692 2341 776 2402 τὶς
800 2336 866 2410 ἦν
898 2341 929 2409 ἢ
965 2340 1131 2410 ἄλλης
1183 2343 1330 2404 τενδς
1397 2343 1611 2409 φύσεως
1675 2345 1966 2409 διάπλασις

839 2433 934 2484 καὶ
953 2432 1262 2498 ξενίζουσα,
1287 2432 1394 2485 κᾶν
1429 2435 1729 2504 ἀπωλόμην
1757 2436 1816 2487 εύ

1171 2524 1404 2595 μυρίους
1452 2525 1720 2589 θανάτους
1757 2527 1967 2580 ἀπέθα-

388 2629 497 2667 νον.
539 2613 744 2686 Νιόϐην
783 2617 924 2684 μετά
949 2634 1110 2669 τινων
1166 2618 1613 2687 τερατευομένην
1686 2618 1964 2687 ἀκούομεν

994 2709 1075 2771 εἰς
1107 2707 1258 2761 λίθον
1310 2709 1699 2778 μεταϐαλοῦσα
1721 2712 1807 2763 διὰ
1839 2711 1970 2762 πέν-

941 2795 1064 2852 εἷτα
1088 2802 1183 2854 καὶ
1223 2801 1363 2872 μετὰ
1425 2803 1524 2869 τὴν
1572 2801 1810 2871 ἀμοιϐὴν
1871 2802 1970 2872 τὴν

393 2890 474 2951 εἰς
619 2931 634 2944 .
778 2891 944 2961 φύσιν
977 2893 1464 2962 παραπέμπουσαν
1511 2892 1572 2944 τὸ
1607 2893 1778 2956 πάθος
1835 2894 1972 2948 ἀθά·

471 3022 486 3038 .
526 3024 541 3038 .
579 2983 675 3038 καὶ
699 2987 776 3047 εἱς
801 2986 962 3053 φύσιν
985 2986 1316 3056 ἀναίσθητον
1342 3003 1354 3014 ⁸
1394 2983 1536 3054 Ἐγὼ
1557 2985 1605 3039 δ’
1643 2986 1750 3056 ἄρα
1783 2986 1879 3040 καὶ
1952 3024 1970 3040 .

705 3076 1024 3148 μηθεστὲρα
1069 3079 1286 3145 ἐκείνης
1320 3079 1400 3130 ὅτι
1430 3079 1524 3130 καὶ
1564 3078 1704 3147 μετὰ
1739 3080 1838 3142 τὰς
1879 3097 1974 3148 με·

393 2794 485 2858 θος

395 3168 588 3236 γίστας

393 3261 566 3327 οὕτως
594 3264 759 3337 αἱσθη
910 3303 926 3320 .
1076 3303 1092 3318 .
1240 3265 1346 3331 ἄρα
1369 3263 1507 3332 πρὸς
1540 3263 1748 3333 πέτραν
1766 3263 1975 3334 ἄψυχον

395 3356 531 3426 άμοι
679 3396 695 3412 .
847 3396 860 3410 .
1003 3396 1018 3411 .
1290 3355 1546 3424 ἀπορέειν
1573 3355 1829 3426 δακρύων
1846 3354 1976 3426 ἔμε-

394 3467 486 3502 νον
623 3488 638 3504 .
775 3486 792 3503 .
947 3447 1292 3519 ἀναισθήτως
1371 3445 1571 3516 ἔχουσα
1656 3448 1796 3518 πρὸς
1876 3449 1975 3512 τὰς

399 3559 465 3595 συ
475 3541 690 3612 μφοράς
828 3580 843 3596 .
995 3583 1011 3597 .
1160 3581 1176 3595 .
1326 3538 1565 3592 τοσαῦτα
1649 3541 1976 3612 ὑπενεγκεῖν

393 3635 448 3690 δε
459 3634 544 3687 rvi
594 3634 690 3690 καὶ
733 3636 815 3697 εἰς
982 3673 997 3687 .
1148 3675 1162 3689 .
1313 3673 1328 3688 .

395 3727 700 3799 ἀνθρώπων
757 3725 1148 3797 ἐπεγείρεσθαι
1215 3744 1308 3798 μοι
1388 3727 1642 3798 ἀῳόρητα
1790 3765 1806 3782 .
1957 3765 1974 3782 .

699 3819 1198 3889 δυστυχέστερον⁷¹
1231 3820 1327 3873 καὶ
1385 3821 1478 3874 τὸν
1526 3821 1572 3851 ⁷³
1620 3818 1724 3888 τῆς
1767 3817 1976 3887 Νιόϐης

1015 3912 1116 3982 μὲν
1163 3912 1328 3983 μέχρι
1385 3911 1538 3966 τοῦδε
1594 3911 1878 3980 φθάσαντα
1911 3911 1979 3965 τὰ

1647 3633 1824 3688 παλάτ
1832 3651 1885 3687 ια
1916 3634 1975 3700 ἐξ

396 4003 549 4059 ιεινά
629 4003 732 4073 τῆς
871 4041 888 4058 .
1032 4042 1048 4058 .

398 4097 488 4160 ἂν,
529 4095 614 4148 ἐπ’
650 4097 854 4164 ἀμφοῖν
884 4099 1000 4150 τοῖν
1046 4095 1174 4164 βασι

539 4186 633 4238 καὶ
659 4187 691 4256 ή
713 4185 809 4238 τοῦ
841 4186 1120 4255 Καίσαρος
1182 4187 1446 4257 συμφορὰ
1489 4188 1584 4240 καὶ
1641 4187 1714 4240 τὰ
1748 4187 1975 4241 ἐκείνων

1035 4283 1241 4350 ήματα,
1279 4284 1362 4346 εἰς
1407 4280 1673 4352 ἐκτριὸὴν
1697 4281 1976 4350 ἡμετέραν

395 4369 619 4442 καὶτῆς
652 4371 836 4442 ψυχῆς
899 4371 1122 4426 καὶτοῦ
1182 4371 1462 4440 σώματος,
1514 4371 1610 4424 νῦν
1685 4371 1741 4425 δὲ
1785 4369 1974 4443 ὥσπερ

397 4464 637 4533 ποταμοί
664 4479 813 4527 τινες
850 4462 910 4527 ἐξ
965 4461 1188 4532 ὑψηλῶν
1233 4463 1376 4532 ὁρῶν
1420 4461 1824 4532 καταρῤἐοντές
1869 4479 1975 4532 μου

1521 4004 1734 4078 ἔληξεν.
1777 4006 1976 4075 Ἤρκει

2058 598 2436 667 superstitem,
2468 609 2520 654 et
2551 601 2604 654 in
2641 615 2870 653 numero
2894 599 3190 654 viventium
3239 614 3304 654 ex
3336 614 3401 652 eo
3429 596 3644 651 funesto

2060 699 2306 758 tempore
2340 691 2523 745 tandiu
2579 691 2831 747 censeri?
2865 693 3078 758 Qualth
3127 702 3240 744 erat
3297 691 3478 744 verius
3541 690 3648 743 uti-

2059 784 2270 854 liusqne
2296 785 2572 854 exspirare
2595 801 2680 840 me
2700 802 2808 839 uua
2839 801 2962 838 cum
2991 783 3646 853 parente,prodeuntiqae

2059 876 2178 946 ejus
2204 877 2399 931 anima:
2441 892 2614 931 meam
2663 878 2916 931 comitem
2952 876 3249 943 adiungam
3283 892 3297 928 :
3327 876 3512 942 sicque
3553 888 3643 926 or-

2060 970 2246 1024 bitatis
2276 971 2412 1023 mala
2445 971 2595 1040 μύει-ἰ
2655 969 2873 1033 facere;
2929 984 3050 1037 quae
3097 966 3276 1036 qualia
3330 975 3646 1035 quantaque

2063 1061 2242 1116 futura
2289 1077 2496 1126 essent,
2535 1063 2579 1117 si
2627 1061 2740 1130 jam
2796 1073 2907 1114 tum
2963 1061 3031 1114 ita
3085 1058 3401 1128 prmsentire
3450 1073 3650 1124 pransa-

2060 1151 2255 1220 giendo
2283 1152 2522 1220 potuisse
2547 1170 2606 1212 ιι,
2641 1151 2715 1205 uti
2759 1161 2944 1218 postea
2979 1149 3312 1218 experiundo
3361 1147 3604 1212 comperi
3629 1187 3644 1209 ,

2063 1243 2222 1313 plane
2255 1243 2494 1297 arbitror
2521 1243 2650 1296 tnihi
2689 1253 2815 1296 tunc
2848 1241 3088 1294 futurum
3135 1240 3299 1293 fuisse
3329 1239 3645 1307 optabilius,

2062 1334 2174 1387 alto
2200 1351 2266 1389 ex
2298 1334 2535 1389 culmine
2568 1334 2618 1387 in
2644 1349 2887 1402 praeceps
2917 1334 3100 1388 statim
3135 1332 3432 1400 perituram
3459 1330 3644 1398 dejit-i,

2063 1438 2154 1481 aut
2181 1426 2344 1482 etiam
2375 1427 2540 1480 vastis
2571 1427 2856 1495 procellosi
2892 1427 3057 1479 maris
3090 1425 3154 1478 ad
3182 1432 3388 1477 certum
3418 1424 3644 1474 exitium

2063 1521 2452 1588 exportantium
2487 1520 2603 1572 dari
2635 1518 2911 1584 ﬂuctibus,
2968 1533 3132 1588 quam
3179 1517 3232 1570 in
3296 1531 3389 1572 eas
3439 1514 3644 1568 servari

2065 1607 2425 1668 calamitates,
2449 1622 2567 1674 qlia:
2599 1608 2761 1659 vitam
2800 1608 2993 1661 deinde
3022 1621 3197 1660 meam
3244 1607 3550 1659 universam
3579 1618 3647 1657 ex

2067 1697 2156 1752 illo
2186 1700 2580 1768 punctoft'atalis
2597 1715 2706 1752 ora:
2727 1699 3023 1753 crudeliter
3041 1699 3291 1753 infestam
3315 1699 3645 1761 habuerunt,

1262 1787 1399 1858 λάθη
1412 1808 1438 1855 ελ
1452 1806 1530 1844 εν.
1567 1789 1678 1839 Καὶ
1722 1787 1960 1857 τετηρή-

2075 1806 2198 1844 verc
2231 1791 2496 1860 siquidem
2531 1793 2907 1861 usurpaverint
2941 1793 3071 1846 illud
3107 1793 3172 1845 de
3215 1791 3479 1860 tragtezlia
3512 1808 3527 1843 :

2215 1907 2346 1979 Qum
2378 1911 2575 1962 damna
2614 1927 2766 1963 casus
2789 1954 2802 1974 ,
2842 1927 3060 1979 qumque
3090 1910 3167 1964 vis
3202 1909 3375 1977 major
3411 1909 3541 1962 solet

2214 1977 2530 2032 Mortalilms
2562 1997 2757 2043 creare,
2791 1977 2981 2034 cuncto
3009 1979 3224 2046 pertuli.

2074 2071 2181 2125 Deo
2213 2087 2408 2143 nempe
2450 2075 2620 2127 visum
2649 2090 2964 2141 magnarum
3021 2089 3104 2127 me
3149 2072 3517 2126 calamitatum:
3574 2068 3655 2120 tli-

2073 2167 2375 2220 versorium
2410 2165 2848 2234 velutquodtlatn
2883 2181 2944 2218 ac
2991 2164 3146 2233 quasi
3193 2162 3528 2233 gytiinasium
3573 2158 3655 2213 fa-

2073 2271 2218 2311 cere.
2275 2256 2354 2311 En
2408 2257 2694 2312 amisimus
2748 2267 2956 2311 tantum
3011 2258 3111 2310 hoc
3169 2257 3431 2309 luminare
3488 2253 3655 2307 totius

2073 2350 2240 2414 orbis,
2263 2365 2515 2418 magnum
2543 2349 2813 2403 Alexium.
2832 2349 2989 2403 Orba!
3011 2348 3231 2403 familiae
3254 2363 3375 2416 qua:
3408 2347 3652 2400 membra

2075 2444 2348 2511 colligeret
2377 2445 2714 2512 foveretque,
2742 2455 3021 2510 supererat
3047 2443 3226 2495 lumen
3249 2441 3378 2495 illud
3397 2441 3654 2502 alterum,

2075 2535 2158 2588 vel
2219 2535 2341 2588 luna
2398 2535 2575 2604 potius
2620 2536 2865 2602 quaedam
2930 2533 3090 2604 pleno
3142 2533 3418 2587 collucens
3500 2530 3655 2590 orbe.

2077 2628 2230 2683 lrene
2278 2627 2553 2694 Angusta.
2589 2627 2675 2682 illa
2711 2626 2948 2682 Orientis
2998 2625 3418 2693 Occidentisque
3464 2637 3552 2677 res
3601 2629 3658 2674 et

2078 2735 2207 2773 cura
2237 2721 2562 2784 communis,
2609 2735 2674 2774 ac
2716 2733 2913 2774 nomen
2969 2718 3168 2786 ubique
3217 2716 3654 2773 celeberrimmn.

2078 2812 2206 2867 Haec
2240 2828 2454 2882 quoque
2483 2812 2682 2867 occidit
2717 2811 2912 2876 nobis;
2942 2819 2997 2866 et
3029 2810 3240 2865 iteratae
3277 2808 3402 2863 huic
3433 2807 3660 2876 jactura:

2080 2919 2364 2974 superesse
2400 2903 2590 2959 ferreae
2624 2918 2688 2958 ac
2731 2903 3018 2972 plusquam
3070 2915 3178 2956 aere
3233 2897 3418 2953 solida:
3471 2910 3664 2966 possu.

2083 3013 2233 3063 mus;
2293 2998 2578 3066 adlmcque
2611 3011 2790 3050 aerem
2845 2996 3139 3062 spiramus.
3190 2993 3330 3059 Quia
3389 2990 3552 3046 etiam
3591 2987 3658 3040 ad

2083 3089 2218 3144 alias
2251 3087 2536 3158 procellas,
2569 3087 2634 3140 ad
2665 3101 2837 3140 novos
2869 3085 3065 3140 ﬂuctus
3095 3084 3252 3153 longe
3298 3078 3662 3136 vehementis-

1069 3208 1084 3225 .
1155 3233 1159 3236 _
1234 3170 1662 3240 τῶνσυμφορῶν
1683 3171 1968 3242 μεμένηκα

2082 3180 2270 3244 simos,
2301 3192 2467 3246 atque
2496 3177 2632 3232 adeo
2678 3178 2743 3230 ad
2800 3177 2994 3244 ipsam,
3047 3174 3312 3228 malorum
3363 3183 3658 3231 summum,

2079 3271 2312 3326 Cmsaris
2369 3279 2600 3325 m0rtem
2658 3268 2931 3338 rigiditate
2979 3265 3263 3336 plusquam
3315 3261 3662 3317 adatnantina

2078 3363 2437 3421 duravimus:
2473 3360 2615 3431 quod
2647 3360 2896 3428 equidem
2934 3358 3026 3428 qui
3077 3357 3190 3412 ﬁeri
3247 3355 3503 3426 potuerit,
3545 3352 3660 3420 ipsa

2079 3459 2130 3513 in
2168 3471 2274 3526 qua
2309 3453 2514 3508 factum
2540 3461 2646 3518 est,
2677 3450 2848 3506 miror
2873 3451 3142 3514 maxime;
3175 3463 3274 3502 nec
3311 3445 3496 3500 mirari
3525 3443 3664 3498 satis

2076 3565 2235 3621 queo.
2261 3547 2565 3614 Quomodo,
2587 3547 2828 3614 inquam,
2859 3558 2955 3612 per
2979 3550 3056 3597 tot
3075 3539 3462 3596 infestissimos
3487 3536 3631 3591 maio
3648 3564 3663 3575 -

2077 3659 2197 3696 rum
2231 3640 2530 3710 ingentium
2563 3639 2816 3692 incursus
2839 3636 3066 3691 eluctari
3107 3635 3250 3690 hunc
3295 3633 3349 3686 in
3378 3633 3520 3686 diem
3581 3629 3664 3683 vi-

2078 3733 2252 3790 vendo
2280 3731 2611 3786 suﬂ‘ecerim.
2653 3727 2764 3798 Ego
2794 3743 2917 3798 qua:
2944 3742 3050 3781 non
3081 3739 3277 3795 expers
3321 3735 3538 3784 sensus,
3561 3734 3664 3773 nec

2078 3825 2143 3877 ad
2179 3822 2382 3876 doloris
2411 3821 2632 3875 aculeos
2661 3818 2827 3874 hebes
2857 3833 2977 3872 esse
3011 3816 3180 3878 soleo.
3238 3825 3298 3868 ut
3328 3813 3409 3868 vel
3452 3813 3504 3866 iu
3526 3849 3532 3855 .
3558 3810 3666 3864 illis

2079 3909 2300 3986 probavi
2335 3913 2576 3978 casibus,
2604 3912 2820 3982 quando
2845 3923 2962 3966 arte
3010 3911 3156 3965 omni
3210 3924 3272 3962 ac
3319 3905 3665 3978 philosophia

2077 4020 2328 4070 excussa,
2363 4005 2616 4072 maloque
2649 4005 2806 4073 plane
2829 4002 3178 4073 praevalente,
3215 4015 3277 4055 ac
3309 3998 3474 4052 frenis
3527 4011 3665 4064 per-

2082 4095 2372 4150 turbatioui
2422 4093 2685 4160 remissis,
2717 4092 2768 4146 in
2828 4093 3078 4147 mter-oris
3111 4089 3384 4161 quoddam
3438 4086 3663 4160 pelagus

2080 4197 2212 4240 testu
2252 4184 2488 4240 tristitia:
2517 4185 2740 4255 abrepta
2768 4199 2853 4239 me
2900 4184 3042 4238 ultro
3085 4183 3258 4252 ipsum
3289 4181 3486 4250 abieci,
3541 4196 3668 4248 per-

2081 4289 2206 4331 twsa
2239 4278 2506 4344 oriiuium,
2559 4279 2726 4330 vitam
2781 4291 2994 4346 quoque
3044 4276 3216 4342 ipsam
3263 4289 3405 4343 πετο
3461 4272 3666 4338 ferens,

2078 4371 2382 4439 animmque
2466 4369 2758 4439 indignans
2819 4369 2934 4437 ipsa
3011 4382 3183 4430 mezc,
3241 4367 3383 4434 quod
3461 4363 3662 4417 morari

2081 4461 2258 4514 adhuc
2306 4460 2599 4514 sustineret
2641 4461 2964 4528 incorpore.
3017 4456 3309 4511 Enimvero
3359 4454 3463 4509 nisi
3520 4467 3669 4522 quae-

1036 4559 1148 4610 σίτε
1167 4557 1235 4612 τὰ
1263 4557 1371 4611 τῶν
1396 4557 1832 4627 δυστυχημάτων
1864 4555 1958 4628 ρεύ

2093 4554 2213 4607 dam
2275 4553 2648 4619 adamantina,
2709 4554 2791 4606 vel
2861 4551 3070 4605 fortiori
3129 4550 3309 4603 adhuc
3383 4555 3666 4614 colrpacm

397 4680 623 4734 materia
669 4687 873 4733 natura
911 4691 1042 4730 mea:
1072 4675 1389 4730 constitutio
1439 4675 1599 4742 foret,
1625 4684 1838 4730 mortua
1861 4687 1982 4728 esse

392 4770 506 4840 jam
545 4771 743 4824 millies
766 4769 1082 4825 debueram.
1115 4765 1319 4822 Nioben
1355 4777 1410 4820 et
1434 4768 1698 4835 quosdam
1725 4765 1977 4821 audimus

401 4859 562 4930 507
610 4858 745 4911 alios
796 4872 827 4912 a
883 4856 1341 4926 compositorihus
1402 4855 1708 4910 fabularum
1765 4855 1974 4910 narrari

403 4951 604 5010 solere,
660 4946 1031 5015 magnitudine
1083 4945 1285 5000 doloris
1333 4953 1569 5000 mutatos
1622 4946 1674 4999 in
1723 4957 1975 5000 naturam

401 5040 666 5104 alteram;
700 5038 753 5092 in
786 5037 928 5091 hanc
952 5046 1152 5104 tamen,
1180 5037 1308 5092 licet
1337 5053 1548 5093 cassam
1586 5052 1772 5101 sensu,
1803 5039 1980 5093 luctus

401 5130 818 5199 perpetuitatem
850 5129 932 5183 sui
971 5129 1372 5194 transmisisse;
1408 5143 1474 5183 ac
1507 5140 1797 5200 postquam
1830 5131 1984 5184 obri-

403 5225 632 5288 guerant
667 5216 791 5268 facti
824 5231 888 5270 ex
928 5215 1238 5268 hominibus
1264 5215 1490 5284 lapides,
1527 5227 1708 5270 tamen
1756 5218 1982 5271 vulnera

405 5308 612 5362 doloris
666 5308 870 5377 primi,
931 5305 1191 5377 lacrymis
1249 5307 1580 5376 perennibus
1635 5311 1986 5364 consuevisse

407 5402 613 5464 testari,
661 5399 773 5469 Ego
824 5407 981 5453 caute
1032 5398 1226 5467 quavis
1276 5396 1540 5465 Marpesia
1598 5399 1804 5468 durior,
1866 5409 1986 5470 post

411 5495 654 5564 parentis
682 5494 988 5560 utriusque.
1037 5491 1266 5544 duorum
1320 5489 1749 5546 clarissimorum
1803 5495 1983 5548 omnis

407 5587 686 5644 memoriae
741 5583 1088 5654 principum,
1147 5579 1585 5637 luetuosissimos
1633 5584 1815 5640 obitus
1872 5585 1978 5640 vita

2088 4668 2350 4725 incolumi
2390 4676 2687 4738 spectatos,
2730 4668 2892 4722 etiam
2922 4668 2988 4721 ad
3030 4665 3240 4721 cladem
3288 4663 3667 4734 perferendam

2083 4774 2207 4830 quae
2238 4773 2418 4813 meum
2459 4758 2588 4811 mihi
2620 4757 2892 4810 Caesarem
2921 4755 3143 4824 eripuit,
3181 4754 3466 4822 plusquam
3504 4767 3668 4808 saxea

2085 4850 2334 4920 perstiti:
2367 4864 2468 4904 nec
2498 4848 2642 4919 quod
2687 4849 2853 4902 tantis
2905 4863 2970 4902 ex
3011 4857 3116 4900 tam
3153 4846 3261 4899 alto
3308 4843 3672 4899 incidentibus

2087 4942 2322 4998 molibus
2353 4942 2617 4996 malorum
2659 4941 2842 4995 anima
2886 4941 3090 5011 pariter
3133 4951 3442 5006 corpusque
3492 4951 3670 4991 meum

2089 5050 2314 5104 prorsus
2341 5035 2539 5089 obtrita
2573 5047 2677 5088 non
2706 5035 2837 5098 sint,
2870 5048 3088 5088 causam
3124 5033 3306 5087 dicere
3331 5030 3492 5084 aliam
3533 5042 3672 5098 queo

2088 5141 2288 5197 praeter
2339 5139 2615 5196 stuporem
2673 5126 3047 5182 incredibilem
3097 5135 3152 5180 et
3198 5139 3336 5194 pene
3402 5123 3674 5190 vitupera-

2083 5221 2272 5286 bilem,
2309 5223 2363 5276 in
2391 5221 2546 5290 cujus
2572 5222 2718 5276 velut
2753 5221 3015 5275 ultionem
3063 5219 3214 5273 coire
3255 5230 3404 5271 tiunc
3453 5226 3672 5282 quoque

2080 5329 2188 5369 non
2224 5315 2485 5368 desinunt
2537 5315 2662 5369 novi
2721 5312 3007 5368 conﬂuxus
3067 5308 3444 5366 calamitatum
3496 5302 3671 5355 maxi-

2082 5421 2314 5459 marum.
2348 5405 2480 5471 Quae
2515 5406 2734 5476 quidem
2769 5403 2920 5459 velut
2949 5417 3141 5456 amnes
3169 5395 3560 5453 torrentissimi
3599 5406 3665 5444 ex

2077 5497 2360 5552 altissimis
2391 5499 2663 5553 montibus
2693 5499 2745 5552 in
2784 5511 2958 5551 meam
2989 5496 3209 5552 domum
3239 5499 3298 5544 ut
3346 5488 3400 5542 in
3445 5483 3659 5552 voragi-

2086 5605 2277 5645 nosam
2313 5591 2549 5664 aliquam
2576 5589 2836 5648 corrivati
2863 5588 3172 5655 cavit-atem,
3203 5597 3322 5638 eam
3352 5579 3570 5649 rapiunt
3587 5574 3667 5630 le-

1431 5721 1639 5782 Variae
1682 5721 1989 5791 lectiones
2029 5747 2105 5794 ex
2141 5732 2283 5797 cod.
2317 5731 2586 5795 Coislin.

479 5846 527 5880 ⁷⁸
553 5846 997 5917 κορυφαιότατοι).
1075 5847 1116 5879 ⁷¹
1150 5842 1599 5917 δυστχυέστερον.
1679 5847 1726 5880 ⁷³
1753 5849 1884 5905 τῶν.
