4108 6404
353 384 497 452 1213

354 501 522 554 situm
585 500 855 556 interdum
913 502 1109 570 signet.
1166 503 1221 556 ld
1263 504 1507 557 cernitur
1545 503 1595 556 in
1642 502 1732 557 illo
1769 500 1944 570 Virgi-

356 593 409 648 lii
447 593 525 664 (ll
550 595 763 668 Gecrg.)
793 615 807 650 :

430 714 529 764 Aut
555 728 682 779 quos
719 711 926 765 Oceano
960 713 1171 775 propior
1190 715 1317 780 gerit
1353 712 1509 767 India
1542 713 1707 771 lucos,

437 780 676 834 Extremi
704 783 851 834 sinus
889 783 1025 833 orbis
1055 799 1073 835 :
1104 783 1189 834 ubi
1222 801 1341 836 nera
1372 787 1573 837 vincere
1605 799 1864 837 sumntum

435 853 651 905 Arboris
684 859 775 903 aut
803 850 925 905 ill/re
949 853 1099 919 jactn
1125 863 1331 915 potuere
1360 855 1585 917 sagitlre.

444 920 505 974 Et
536 939 658 991 gens
680 923 770 975 illa
805 924 1016 991 quidem
1056 926 1280 992 sumptis
1315 941 1415 976 non
1457 925 1614 977 tarda
1658 923 1944 993 pharetris.

368 1037 475 1091 Aer
507 1054 747 1092 summus
779 1039 990 1092 arboris
1041 1048 1123 1092 est
1171 1050 1450 1093 extremus
1501 1054 1633 1107 apex
1672 1052 1946 1092 ramorum

368 1144 430 1183 ac
456 1130 722 1183 frondium
757 1131 1020 1184 altissimo
1063 1146 1358 1200 exsurgens
1391 1147 1551 1200 supra
1601 1128 1791 1183 silvam
1827 1130 1951 1182 reli-

372 1238 560 1290 quam.
599 1222 659 1275 Et
694 1222 777 1275 his
823 1223 1190 1287 conjecturam
1223 1226 1457 1289 capienti
1489 1223 1556 1276 de
1596 1224 1713 1276 loco
1745 1222 1834 1291 qui
1871 1232 1953 1276 ρει

373 1314 424 1367 in
461 1315 712 1369 monii-us
746 1317 914 1367 videri
953 1324 1163 1379 poterat
1216 1332 1308 1370 aer
1366 1316 1567 1368 mantis
1604 1330 1725 1369 esse
1767 1328 1957 1381 supre-

374 1420 492 1458 mus
528 1408 645 1469 eius
678 1418 885 1460 vertex.
932 1406 1128 1459 Verum
1169 1407 1446 1460 intercedit
1489 1407 1611 1459 huic
1657 1405 1951 1469 suspicioni

371 1496 669 1548 ἀκολουθία
700 1497 811 1561 ipsa
848 1497 946 1548 loci
975 1506 1028 1549 et
1060 1497 1201 1548 ratio
1224 1496 1525 1557 sententim,
1550 1508 1667 1562 qum
1701 1493 1867 1563 exigit
1898 1502 1951 1544 ιιι

373 1599 468 1637 aer
505 1583 865 1651 Malagnnrttm
892 1585 1083 1637 sitnon
1112 1586 1407 1640 editissima
1445 1586 1641 1637 montis
1662 1583 1775 1649 eius
1807 1599 1952 1650 pars,

373 1678 466 1733 sed
498 1679 630 1730 mari
668 1678 840 1730 vicina
898 1678 1155 1740 maxime,
1193 1678 1595 1743 imminensque
1627 1685 1949 1743 opportune,

372 1783 613 1827 rastrum
640 1773 905 1839 quoddam
939 1779 1025 1823 aut
1058 1781 1217 1840 caput
1258 1769 1613 1833 pratnontorii
1650 1770 1713 1821 ad
1766 1768 1956 1835 appul-

377 1868 585 1921 sionem
646 1864 1083 1932 solutionemque
1143 1866 1383 1920 navium.
1441 1863 1633 1917 Statim
1689 1862 1954 1931 siquidem

377 1975 403 2011 a
433 1960 595 2012 Iditur
628 1957 925 2025 Angusmm
966 1957 1125 2009 simul
1168 1957 1329 2010 istum
1370 1972 1540 2008 aerem
1578 1954 1776 2022 attigit,
1811 1952 1955 2022 regia

378 2066 596 2104 iuonere
625 2051 784 2103 missa
828 2051 1222 2118 itupcratrieem
1262 2050 1311 2103 in
1357 2064 1479 2100 arce
1504 2047 1777 2101 maritima
1805 2059 1958 2098 com-

380 2141 1060 2196 marantemaeeersivisse
1100 2159 1113 2195 :
1163 2141 1222 2193 '0
1257 2140 1509 2209 βασιλεὺς
1569 2139 1686 2206 ἅμα
1741 2138 1820 2207 τῷ
1866 2137 1960 2189 τὸν

382 2235 519 2303 ἀέρα
550 2235 896 2290 καταλαϐεῖν.
924 2234 1012 2287 διὰ
1042 2233 1135 2286 τοῦ
1157 2232 1439 2302 βασιλικοῦ
1492 2232 1762 2301 μονήρους
1795 2245 1961 2299 μετα..

381 2333 659 2392 ari-gnatam
702 2328 798 2398 τὴν
851 2326 1193 2397 Λύγούσταν.
1226 2326 1360 2386 Ima,
1393 2336 1443 2377 ttt
1471 2334 1715 2394 apparet,
1755 2337 1819 2377 ea
1844 2324 1959 2391 ipso

384 2420 565 2476 animo
588 2438 649 2476 ae
680 2438 773 2490 spe
797 2420 1139 2473 confieiendre
1165 2418 1557 2488 deportationis
1594 2418 1754 2486 hujus
1780 2418 1956 2470 locum

384 2518 544 2572 istum
562 2516 824 2571 insederat
848 2518 1140 2584 imperator
1162 2533 1174 2568 :
1195 2523 1250 2567 ιιι
1274 2512 1354 2567 vel
1376 2513 1498 2565 inde
1521 2513 1649 2565 satis
1668 2510 1961 2564 verisimile

384 2616 453 2666 sit
484 2628 661 2667 aerem
697 2602 1685 2676 vocatumpromantoriiexenrrenlis
1721 2602 1773 2654 in
1813 2614 1961 2654 mare

386 2713 541 2770 C'tpttl
572 2702 806 2767 nudique
830 2711 1142 2767 portuosum
1178 2707 1231 2750 et
1258 2710 1476 2749 accessu
1523 2692 1702 2747 facile.
1739 2692 1830 2745 Sic
1859 2689 1964 2744 Au-

386 2796 571 2851 sonius
602 2795 653 2847 in
676 2793 913 2856 Mosella,
948 2792 1126 2858 templi
1154 2805 1323 2843 aerem
1358 2798 1509 2841 vacat
1546 2802 1649 2839 non
1680 2786 1963 2855 quodcun-

388 2907 491 2961 que
550 2888 780 2941 medium
838 2887 1070 2948 spatium
1130 2884 1270 2936 inter
1307 2894 1576 2935 cameram
1607 2887 1659 2930 et
1691 2876 1967 2944 pavimen-

391 2994 503 3037 tum
539 2980 647 3034 fani
690 2997 701 3032 :
734 2981 827 3032 sed
851 2976 1099 3045 insignite
1131 2974 1328 3028 natlnm
1356 2973 1466 3025 sive
1494 2970 1808 3024 umbilicum
1850 2980 1965 3019 me-

391 3075 492 3127 dim
562 3069 782 3125 fornicis
844 3066 1215 3137 praminenter
1274 3072 1574 3118 exstantem
1629 3077 1659 3115 e
1720 3068 1967 3127 tnaguete

391 3162 565 3226 lapide
598 3162 648 3213 in
681 3158 914 3228 speciem
972 3156 1133 3211 Cauri
1199 3154 1378 3208 ﬂantis
1430 3152 1773 3207 conformata
1824 3166 1839 3203 :
1881 3150 1966 3203 cui

389 3254 635 3321 opposita
678 3263 852 3305 statua
883 3251 1057 3303 ferrea
1088 3248 1366 3309 Arsinoes,
1421 3246 1603 3299 innata
1664 3243 1715 3297 vi
1777 3242 1970 3309 lapidis

398 3342 647 3399 llerculei
715 3350 885 3395 tracta
942 3341 995 3395 in
1056 3340 1241 3403 altum,
1298 3350 1558 3407 suspensa
1608 3334 1973 3406 suspendebat

391 3441 601 3492 animos
632 3435 1151 3499 admirationemque
1175 3440 1543 3498 spectatorum
1575 3429 1780 3482 circum
1818 3428 1973 3481 bian-

395 3535 524 3586 tium
559 3550 572 3586 :
605 3530 742 3595 quod
777 3528 1005 3582 solidum
1033 3528 1242 3595 signum
1278 3523 1461 3593 gravis
1512 3523 1751 3576 materiae
1785 3522 1975 3576 admo—

402 3636 515 3679 tum
570 3638 766 3677 arcana
812 3620 859 3673 vi
925 3618 1073 3673 tholo
1122 3618 1298 3673 medio
1352 3616 1635 3670 testudinis
1691 3616 1972 3668 delubrum

393 3731 627 3784 superne
657 3712 1009 3782 contegentis,
1038 3711 1107 3762 ibi
1143 3711 1369 3765 hzereret
1401 3708 1548 3763 nullo
1587 3708 1776 3771 fulcra,
1807 3706 1966 3760 talem

395 3809 679 3877 obiectans
716 3806 1153 3875 snspectantibus
1186 3803 1424 3869 speciem
1471 3803 1623 3869 quai
1664 3803 1778 3855 sala
1825 3801 1977 3856 crine

398 3901 671 3954 inhzerens
701 3897 893 3951 nucleo
920 3911 1149 3950 camerm
1193 3894 1353 3964 justre
1409 3893 1563 3947 malis
1618 3894 1794 3965 puella
1856 3893 1980 3949 inde

398 3993 682 4062 penderet.
720 3989 922 4044 Versus
943 3988 1163 4043 Ausonii
1189 3988 1265 4041 sic
1298 3987 1497 4042 habent
1537 4002 1551 4040 :

472 4124 728 4177 Conditor
753 4123 837 4175 hic
869 4121 1052 4190 forsan
1091 4120 1251 4188 fuerit
1286 4118 1641 4190 Ptolemaida:
1669 4119 1812 4174 uult:

476 4194 820 4263 Dinoclmres,
852 4189 1055 4263 quadra
1083 4191 1169 4243 cui
1204 4191 1254 4242 in
1281 4189 1495 4263 fastigia
1523 4207 1651 4263 cono

472 4260 675 4332 Surgit,
710 4274 754 4314 et
787 4256 896 4329 ipsa
917 4278 1038 4315 suos
1068 4261 1325 4332 consumit
1353 4256 1597 4332 Pyrantis
1634 4257 1870 4332 umbras.

470 4327 663 4389 Iussus
690 4333 751 4385 ob
777 4327 961 4385 incesti
992 4332 1080 4398 qui
1107 4331 1370 4398 quondam
1414 4330 1581 4395 [Ledus
1607 4327 1805 4381 artioris

469 4405 726 4458 Arsinoen
764 4404 946 4456 Pharii
974 4402 1240 4465 suspendit
1279 4400 1333 4451 in
1365 4416 1485 4453 aere
1525 4399 1728 4463 templi.

473 4474 649 4539 Spirat
674 4475 809 4529 enim
838 4473 956 4524 tecti
988 4472 1248 4523 testudine
1274 4468 1442 4523 Corus
1474 4470 1691 4522 Achates
1720 4484 1740 4523 .'

474 4542 1003 4615 Aﬁlatamquetrahit
1032 4540 1226 4609 ferrato
1260 4542 1401 4593 crine
1428 4540 1681 4605 puellam.

406 4658 498 4713 Sic
542 4659 595 4712 in
629 4658 769 4728 pileo
800 4658 1040 4726 despotre
1075 4654 1292 4708 Sciadio
1319 4653 1465 4708 dicta
1496 4670 1509 4707 :
1546 4653 1613 4707 de
1658 4667 1767 4723 quo
1816 4651 1975 4708 Codi-

406 4768 529 4815 nus,
562 4768 681 4819 cap.
715 4752 769 4813 5,
804 4766 950 4802 unm.
981 4751 1031 4810 i,
1062 4764 1182 4819 pag.
1215 4747 1305 4811 45,
1336 4747 1467 4800 edit.
1496 4747 1654 4816 lleg.,
1684 4747 1792 4817 ἀὴρ
1827 4762 1988 4799 voea-

411 4854 497 4899 tur
517 4846 689 4897 nodus
721 4842 917 4911 cingnli
943 4841 1265 4895 clarissimis
1288 4856 1317 4895 e
1341 4840 1567 4906 gemmis
1596 4840 1989 4907 pretiosissima

410 4946 564 4990 textu
602 4949 796 4987 nomen
840 4934 1077 5002 despotze
1130 4932 1299 5001 ipsius
1345 4932 1663 5000 inscriptum
1710 4940 1987 4988 ostentans

408 5027 743 5081 intuentibus
777 5034 988 5078 contra.
1019 5023 1147 5078 Erat
1188 5026 1331 5081 enim
1365 5024 1452 5079 ille
1476 5026 1648 5079 nodus
1681 5023 1990 5094 (Gretserus

411 5131 596 5173 noster
649 5134 753 5170 non
798 5120 935 5169 male
990 5117 1278 5170 umbonem
1341 5118 1523 5180 vertit,
1582 5117 1652 5170 ob
1698 5119 1985 5185 quamdam

408 5210 815 5263 similitudinem
858 5205 1100 5259 umbilici
1135 5205 1509 5277 clypeorum),
1544 5217 1685 5272 erat,
1744 5208 1987 5274 inquam,

407 5301 632 5369 pretiosi
670 5311 722 5353 et
745 5314 881 5353 auro
912 5299 990 5352 cla
1006 5299 1112 5351 vati
1149 5299 1490 5364 diadematis,
1522 5316 1628 5369 qua
1665 5300 1989 5354 reditnieba-

411 5402 497 5445 tur
529 5392 701 5458 piletts
730 5389 991 5457 tlespatte,
1036 5390 1190 5458 quasi
1239 5389 1400 5444 libula
1454 5392 1578 5454 ista,
1620 5399 1675 5444 et
1723 5390 1989 5446 etubletna

413 5483 895 5552 fulgentissitnum,
928 5498 991 5534 ex
1020 5482 1293 5549 congestis
1330 5483 1663 5551 margaritis,
1698 5484 1748 5536 in
1780 5494 1985 5550 partem

413 5576 736 5630 anteriorem
772 5575 1056 5629 obversum
1093 5584 1255 5641 atque
1283 5576 1417 5628 adeo
1457 5576 1698 5631 emicans
1744 5592 1774 5630 e
1815 5576 1992 5631 fronte

414 5682 643 5721 s-ttuma.
676 5667 789 5719 Non
828 5665 955 5720 facit
993 5667 1095 5720 huc
1122 5667 1269 5719 notio
1287 5665 1388 5719 alia
1420 5665 1652 5720 nominis
1682 5668 1810 5737 ἀὴρ,
1839 5667 1990 5733 juxta

416 5775 577 5829 quam
611 5760 782 5812 velum
835 5775 939 5828 qua
988 5770 1173 5816 Sancta
1230 5760 1545 5829 operiuntur
1598 5759 1650 5811 itt
1699 5759 1855 5813 altari
1896 5774 1993 5812 aer

416 5850 637 5906 dicitur.
687 5851 901 5922 Colligit
948 5852 1105 5909 testia
1130 5852 1253 5909 onia
1316 5848 1597 5907 Meursius.
1655 5849 1753 5906 Cui
1810 5852 1990 5907 addo:

1528 391 2031 453 GLOSSARlUM
2082 394 2447 460 ANNEUM.

3496 395 3634 461 1214

2051 507 2221 559 videri
2259 508 2548 561 indicatam
2603 509 2706 563 hoc
2742 509 2908 565 verba
2949 509 3032 563 vel
3074 509 3427 563 subtilitatem
3463 508 3639 560 tenuis

2044 612 2107 650 ac
2149 598 2368 664 pretiosi
2400 601 2561 668 panni
2598 618 2706 669 quo
2757 604 2871 655 vela
2912 602 3040 656 talia
3102 600 3466 662 constabant;
3530 614 3638 665 quo

2048 703 2197 741 more
2232 690 2493 753 ingeniosi
2548 694 2847 762 scriptores
2895 692 3029 747 telas
3081 692 3470 747 subtilissimas
3508 704 3640 741 vcn-

2048 784 2132 832 tos
2165 779 2395 840 textiles,
2432 790 2524 835 aut
2558 782 2778 837 nebulas
2812 784 3154 836 colunrentes
3178 796 3374 835 voeare
3411 780 3582 832 solent
3622 797 3635 831 :

2050 872 2132 922 vel
2168 873 2465 926 adhibitum
2500 874 2621 937 huc,
2669 890 2860 928 nomen
2885 874 3013 944 ἀὴρ,
3039 885 3307 940 quatenus
3344 872 3632 939 caliginem

2050 971 2103 1015 et
2166 965 2417 1025 tenebras
2463 977 2641 1029 sonat,
2674 967 2736 1017 ad
2766 965 3156 1029 designandum
3211 964 3629 1017 obtnnbratione

2055 1054 2157 1108 ista
2191 1057 2532 1123 contegentis
2576 1058 2678 1110 veli
2720 1066 2999 1126 augustam
3026 1057 3172 1109 velut
3216 1055 3508 1124 quamdam
3547 1072 3637 1107 νει-

2053 1145 2273 1213 liginem
2339 1148 2540 1201 olTundi
2620 1150 2930 1217 mysteriis,
2997 1157 3049 1200 et
3117 1164 3304 1201 saetas
3390 1145 3642 1199 teni-bras

2055 1239 2251 1309 quibus
2282 1241 2346 1293 ad
2379 1242 2782 1295 venerationem
2818 1240 2976 1309 vulgo
3005 1242 3475 1294 commendentur.

2126 1334 2509 1401 Ἀμρίρυκοᾳ
2562 1332 2680 1388 Lib.
2717 1350 2832 1396 vltt,
2867 1342 2921 1386 et
2953 1332 3045 1386 lib.
3098 1348 3187 1384 xw
3232 1350 3246 1384 :
3299 1330 3479 1385 Gt'nlls
3527 1330 3646 1383 sine

2056 1428 2222 1480 dubio
2272 1426 2446 1480 ttavis.
2512 1424 2695 1480 Videri
2767 1438 2946 1495 posset
3014 1426 3391 1492 corrigendum
3454 1425 3640 1492 ἀμφη-

2060 1522 2213 1592 ptuit;
2249 1520 2572 1585 mnbirentis,
2611 1536 2720 1587 quo
2770 1521 2931 1572 verba
2973 1517 3316 1586 Thucydides
3356 1526 3437 1568 est
3471 1531 3596 1565 usus
3628 1530 3642 1566 :

2059 1615 2160 1669 nisi
2196 1615 2325 1667 satis
2358 1623 2616 1681 expertus
2652 1613 2725 1665 ttti
2759 1614 2966 1665 Annam
3001 1611 3317 1679 saepiuseule
3365 1594 3515 1661 novis
3544 1623 3641 1661 vo-

2057 1706 2286 1768 cabulis,
2352 1705 2755 1774 temperandam
2795 1713 3070 1772 putassem
3118 1702 3361 1755 criticum
3402 1717 3645 1774 manum.

2058 1796 2196 1862 Quin
2228 1797 2388 1849 etiam
2418 1770 2522 1849 non
2552 1770 2939 1863 usquequaque
2967 1792 3286 1862 ἀμφηρικδς
3312 1770 3645 1859 Thucydidis

2060 1890 2125 1940 ad
2162 1888 2323 1956 hujus
2348 1888 2451 1941 loci
2484 1889 2804 1940 sententiam
2855 1884 3002 1940 facit.
3047 1886 3141 1937 llic
3184 1886 3326 1936 enim
3362 1900 3446 1937 res
3480 1882 3649 1949 exigit

2060 1983 2161 2035 ltoc
2215 1981 2379 2033 verba
2447 1979 2671 2049 intelligi
2708 1994 2899 2031 navem
2965 1988 3207 2046 apertam
3265 1978 3523 2042 undique.
3582 1976 3648 2028 ad

2060 2074 2479 2141 speculationem
2503 2073 2726 2125 liberant
2752 2072 2992 2139 riparum
3016 2070 3210 2131 amnis,
3233 2068 3418 2135 quales
3437 2068 3649 2137 ἀμεριρ-

2061 2169 2246 2237 ρῶγας
2282 2166 2479 2219 Suidas
2511 2163 2810 2233 appellatas
2837 2164 2994 2216 docet
3026 2178 3037 2212 :
3075 2162 3228 2229 quasi
3278 2159 3428 2212 dicas
3465 2159 3653 2212 fractis

2062 2260 2298 2327 undique
2327 2257 2575 2311 obicibus
2601 2254 2911 2308 vectoribus
2938 2255 3142 2305 circum
3178 2252 3353 2305 omnia
3384 2251 3641 2303 cernendi

2064 2366 2257 2421 puram
2319 2349 2634 2401 facultatem
2693 2347 2905 2399 dantes.
2964 2343 3391 2412 Speculatorias,
3436 2342 3477 2395 si
3514 2342 3653 2395 bene

2062 2441 2302 2505 memini,
2337 2441 2472 2494 dixit
2506 2439 2709 2501 Livius,
2745 2438 2838 2491 lib.
2874 2454 2911 2491 ιι
2944 2436 3169 2490 Deeadis
3220 2435 3428 2504 primm.
3483 2433 3655 2490 (Γνιωοὶ

2062 2544 2264 2598 autem,
2336 2540 2393 2585 ut
2452 2531 2775 2584 Plutarchus
2836 2530 2887 2582 in
2956 2527 3162 2582 Catone
3200 2566 3213 2588 ,
3277 2525 3659 2579 κατασκοπικὰ

2063 2629 2224 2681 πλοῖα
2252 2645 2263 2679 :
2293 2644 2451 2695 quam
2478 2640 2659 2678 vocent
2686 2623 2978 2675 Latinitate
2999 2622 3252 2675 donatam
3278 2621 3342 2672 ab
3364 2621 3533 2674 llirtio
3562 2621 3660 2672 ltu-

2064 2723 2278 2782 Ιιοιιιιις,
2311 2721 2402 2771 lib.
2443 2735 2493 2783 v,
2527 2718 2637 2770 imo
2668 2726 2720 2770 et
2755 2732 2781 2767 a
2816 2715 2995 2767 Tullia
3023 2715 3117 2767 lib.
3155 2731 3185 2766 v
3208 2712 3565 2780 Epistolarum
3593 2710 3658 2763 ad

2060 2814 2323 2868 Atticum.
2343 2810 2609 2865 Ceterum
2643 2811 2686 2864 si
2715 2810 2833 2878 quis
2859 2824 2954 2877 pro
2976 2809 3154 2877 priore
3173 2804 3490 2858 atnbiretnis
3506 2805 3658 2872 ἀμφ-

2063 2906 2259 2978 ηρικοῦ
2294 2907 2509 2959 notione
2546 2903 2885 2958 ambitiosius
2913 2898 3232 2963 contendat,
3269 2898 3409 2952 haud
3445 2895 3661 2950 dillicile

2072 3000 2460 3062 concesserim,
2483 3007 2765 3066 utramque
2800 2996 2884 3048 hic
2915 2993 3366 3063 signiﬁcationem
3406 2991 3457 3043 in
3495 3004 3658 3044 unam

2070 3094 2335 3148 inclusam
2369 3106 2580 3148 vocem.
2618 3099 2674 3140 ut
2717 3089 3024 3156 ἁμφὶρυκοι
3083 3085 3210 3154 νῆες
3263 3093 3315 3136 et
3365 3093 3565 3150 aperta
3607 3086 3662 3134 et

2070 3186 2280 3240 duobus
2312 3184 2568 3250 utrinque
2619 3180 2781 3233 remis
2809 3179 3021 3247 agitata
3056 3191 3222 3230 naves
3254 3176 3390 3230 sint.

2144 3275 2520 3343 Ἀνθρῶπως.
2560 3270 2830 3326 Prculiari
2864 3269 3164 3337 eljnridica
3191 3268 3402 3322 ratione
3435 3280 3663 3333 usurpa-

2075 3382 2163 3426 tur
2208 3373 2273 3423 ab
2304 3370 2457 3423 Anna
2493 3368 2594 3420 bac
2637 3378 2832 3417 nomen
2888 3362 3025 3415 libro
3068 3360 3367 3429 pra-sortito
3405 3373 3527 3420 xttt,
3561 3372 3665 3409 sae-

2078 3466 2197 3535 plus
2230 3464 2294 3515 ad
2326 3457 2747 3527 signiﬁcandum
2782 3452 3105 3522 ὑποχείριον
3146 3451 3335 3504 δοῦλον
3368 3448 3631 3514 subiectio

2076 3572 2196 3611 nent
2226 3553 2527 3623 professum
2582 3548 2742 3603 alicui
2775 3547 3003 3615 print-ipi
3054 3548 3265 3599 ratione
3313 3543 3457 3598 feudi
3494 3544 3559 3596 ab
3593 3554 3658 3596 et)

2078 3647 2304 3715 accepti.
2339 3644 2472 3697 Vide
2499 3643 2723 3694 verbum
2753 3639 2946 3703 λίζιοε,
2976 3639 3200 3692 inferius
3226 3652 3325 3691 suo
3352 3638 3493 3688 loco.

2154 3738 2527 3804 Ἀντίληψσις,
2556 3734 2610 3787 In
2645 3734 3011 3786 instrumenta
3050 3730 3200 3799 pacis
3243 3728 3507 3783 confecta:
3544 3724 3667 3778 Bai—

2080 3832 2341 3886 ntundnm
2376 3831 2515 3883 inter
2538 3836 2588 3880 et
2622 3826 2866 3879 Alexium
2902 3825 3203 3891 Augustum
3250 3821 3346 3875 lib.
3382 3834 3476 3873 xm
3510 3828 3669 3873 sonat

2084 3924 2366 3979 liberalem
2425 3920 2653 3991 gratiam
2695 3927 2747 3971 et
2778 3916 3189 3971 concessionem
3246 3913 3563 3968 clementem
3603 3926 3667 3967 ac

2083 4015 2408 4071 beneficam.

2153 4100 2454 4168 Ἀπόκρεω
2479 4111 2530 4153 et
2553 4094 2887 4163 ‘Aaoorrric.
2918 4094 3053 4151 Cum
3079 4093 3212 4148 nlltil
3238 4093 3540 4160 addendum
3574 4092 3673 4147 lla-

2085 4195 2241 4250 beam
2296 4195 2361 4246 ad
2401 4207 2465 4246 ea
2506 4202 2625 4261 qua:
2677 4190 2777 4243 viri
2834 4186 3135 4241 dattissind
3184 4186 3251 4241 de
3287 4185 3368 4239 his
3397 4183 3673 4239 vocabulis

2085 4284 2436 4347 adnotarnnt,
2473 4297 2636 4337 causa
2682 4281 2768 4335 hic
2806 4275 3049 4332 morandi
3085 4289 3188 4330 non
3221 4288 3326 4330 est.

2166 4375 2598 4440 Ἀποστολεύς.
2640 4373 2739 4440 Qui
2769 4371 2933 4425 classi
2966 4380 3179 4437 praaest.
3227 4368 3367 4423 Vide
3409 4367 3673 4435 Suidam;

2085 4466 2496 4536 usurpatnrlib.
2532 4480 2631 4519 χιιι
2680 4464 2732 4518 in
2769 4464 3159 4519 Paciticatione
3188 4460 3496 4515 Baitnundi.

2168 4557 2568 4627 Ἀριστήριον.
2599 4557 2716 4612 Lib.
2750 4570 2859 4623 xw,
2893 4570 3016 4624 pag.
3046 4555 3175 4609 «ΗΥ».
3211 4555 3274 4606 Ἦ
3306 4551 3361 4607 δὲ
3386 4551 3677 4621 Αὐγούστοι

2089 4651 2397 4723 περιχαρὴς
2419 4652 2678 4718 γεγονυῖα
2706 4650 2923 4717 ἐδέξατο
2951 4649 3139 4702 τοῦτον
3164 4648 3270 4714 ἔξω
3302 4647 3403 4716 τῆς
3430 4647 3526 4699 τοῦ
3556 4662 3673 4700 κοι-

2088 4744 2260 4806 τῶνος
2320 4743 2527 4812 θύρας,
2579 4743 2909 4812 ἀριστήριον
2958 4742 3117 4795 τοῦτο
3172 4741 3341 4794 παλαι
3397 4739 3671 4809 ὀνομαζό-

2093 4854 2273 4907 μενον.
2306 4836 2582 4903 Snspicari
2622 4836 2748 4889 licet
2777 4848 2841 4889 ex
2886 4835 3166 4888 notatione
3200 4832 3446 4888 vocabuli
3501 4830 3675 4886 fuisse

2090 4930 2228 4984 banc
2256 4926 2503 4997 Gyutecei
2557 4927 2783 4995 palatini
2814 4926 3112 4982 exhedram
3140 4925 3192 4977 in
3223 4939 3325 4993 qua
3372 4922 3673 4990 imperatri-

2085 5038 2176 5077 ces
2209 5020 2385 5073 cibum
2412 5036 2629 5075 sumere
2665 5027 3090 5075 consueverant.
3146 5016 3213 5071 Ut
3243 5016 3314 5070 sit
3362 5016 3683 5086 ἁριστήριον

2097 5111 2208 5165 ἀπὸ
2250 5110 2344 5163 τοῦ
2379 5114 2625 5181 ἀριστείν
2664 5115 2944 5181 prandere.
2978 5110 3131 5175 Quod
3169 5112 3212 5162 si
3248 5109 3319 5162 ita
3353 5118 3456 5171 est,
3489 5122 3679 5175 parum

2090 5204 2391 5259 verisimile
2427 5203 2590 5258 fuerit
2611 5205 2751 5259 Idem
2781 5218 2905 5258 esse
2966 5205 3297 5273 ἀριστήρεον
3319 5216 3441 5254 cum
3465 5200 3682 5269 Ἄρεως

2095 5298 2229 5365 οῐκῳ
2258 5296 2415 5365 cujus
2440 5296 2684 5349 meminit
2711 5293 3028 5363 Procopius,
3059 5293 3189 5347 lib.t
3221 5291 3565 5346 Persicorum
3590 5288 3680 5342 ubi

2091 5388 2158 5441 de
2186 5388 2435 5441 ineundio
2466 5386 2615 5440 urbis
2646 5397 2695 5439 et
2733 5386 2917 5453 palatii
2951 5403 2965 5439 :
3005 5385 3113 5437 Kal.
3138 5384 3262 5452 τῆς,
3283 5385 3381 5447 ait,
3408 5380 3675 5452 βασιλέως

2089 5480 2259 5551 αὐλῆς
2273 5481 2340 5532 τὰ
2362 5481 2426 5531 ἐκ
2441 5479 2549 5532 τῶν
2574 5479 2925 5549 προπυλαίων
2946 5478 3075 5548 ἄχρι
3098 5479 3157 5540 ἐς
3177 5477 3270 5528 τὸν
3296 5475 3507 5545 ’Ἄρεως
3526 5471 3673 5540 λεγό-

2097 5591 2257 5643 μενον
2290 5568 2462 5637 οἷκον,
2500 5572 2774 5626 καυθέντα
2809 5572 3053 5641 ἐφθάρη.

2177 5663 2679 5734 Ἀρχοντοπῶλοι.
2732 5663 2853 5717 Filii
2898 5672 3276 5717 veteranarum
3335 5656 3567 5711 militum
3621 5655 3673 5709 in

2098 5775 2264 5812 ttnnm
2300 5774 2492 5828 agmen
2526 5759 2606 5812 sic
2635 5759 2838 5810 dictum
2889 5755 3210 5823 conscripti,
3268 5751 3365 5806 lib.
3409 5765 3506 5812 vn,
3549 5763 3669 5818 pag.

2072 5850 2222 5907 '205.
2272 5849 2584 5919 Ἀρχόντων
2628 5864 2823 5905 nomen
2852 5846 2935 5905 vel
2989 5846 3255 5902 militares
3301 5851 3673 5914 magistratus,
