4108 6438
440 427 581 495 1215

436 557 498 601 ut
556 539 919 604 centuriatus,
971 524 1296 599 tribunatus,
1327 540 1382 589 et
1431 531 1639 590 similes
1671 533 1874 588 indicat
1909 550 1924 588 :
1960 545 2021 590 ut

440 638 495 693 hi
524 636 727 692 fuerint
747 633 839 688 lilii
864 646 972 687 non
1001 628 1374 701 gregariorum
1406 625 1498 682 sed
1523 635 1677 699 gesto
1704 626 2027 693 magistratu

442 728 797 798 probatorum
835 722 1066 776 militum
1103 737 1117 773 :
1158 717 1238 773 vel
1282 717 1469 771 eadem
1517 716 1739 771 natione
1794 715 2032 768 sumitur

441 836 547 888 qua
585 816 895 888 principum
940 827 1045 865 vox
1075 810 1130 865 in
1163 808 1354 863 militia
1400 806 1669 861 Romana.
1708 804 1812 862 Ubi
1869 804 2030 860 Prin-

445 915 620 981 cipes,
660 908 894 973 Hastati,
923 903 1145 969 Triarii,
1176 901 1389 973 species
1415 911 1543 955 sunt
1595 898 1824 952 n-ilitum
1862 897 2028 952 etiam

443 1002 820 1075 prtefccturatu
860 999 1147 1053 militarem
1179 1010 1289 1049 non
1324 994 1653 1066 gerentiu'u.
1688 990 1883 1044 Πώλου
1916 1000 2027 1044 ter-

449 1095 682 1150 minatio
717 1088 1121 1162 ὑποκοριστικὴ
1144 1086 1463 1142 diminutiva
1494 1095 1577 1138 est
1606 1081 1811 1138 Grzeeis
1839 1096 2031 1136 recen-

449 1187 616 1241 tibus.
650 1186 829 1252 Quod,
855 1166 982 1251 quia
1021 1180 1121 1234 viri
1157 1179 1304 1235 docti
1341 1177 1554 1233 abunde
1589 1175 1844 1240 docuere,
1876 1173 2034 1229 novis

445 1277 888 1343 auctoritatibus,
925 1274 1070 1345 quod
1097 1281 1215 1327 erat
1245 1270 1423 1333 facile,
1456 1268 1701 1339 putidum
1731 1279 1786 1321 et
1840 1282 2036 1337 super-

451 1386 753 1426 vacaneum
789 1367 954 1423 fuerit
991 1368 1279 1419 adstruere
1308 1362 1521 1419 conari.
1555 1360 1788 1415 Tantum
1815 1359 2031 1422 addam,

444 1463 590 1532 quod
639 1461 707 1515 ad
777 1459 1078 1530 Ἀτούρων
1124 1470 1340 1526 quoque
1398 1454 1651 1523 superius
1703 1451 2031 1522 explicatam

450 1571 641 1612 vocem
676 1564 731 1613 et
758 1553 1043 1609 cohortem
1080 1549 1273 1604 referri
1308 1555 1506 1617 potest,
1541 1545 1623 1599 vel
1656 1544 1813 1614 plane
1835 1545 1901 1597 ad
1932 1544 2035 1598 hoc

451 1662 625 1715 genus
660 1645 988 1717 pertinuisse
1021 1642 1294 1696 cohortem
1332 1649 1702 1693 trecentorum
1750 1636 2031 1699 eximiam,

453 1740 549 1794 lib.
594 1753 717 1801 χιιι,
755 1736 858 1793 sub
892 1734 1103 1789 initium
1134 1731 1501 1797 descriptam;
1528 1729 1621 1805 vel
1654 1737 1803 1783 certe
1839 1726 2036 1783 similis

452 1829 687 1886 ins'ituli
723 1843 786 1882 ac
817 1827 1032 1897 generis
1083 1823 1272 1879 fuisse.
1310 1821 1487 1877 Verba
1544 1821 1646 1875 loci
1695 1820 1904 1874 laudati
1954 1819 2037 1875 sic

449 1922 694 1978 habent:
731 1920 844 1990 Τὴν
893 1918 1094 1988 νέηλυν
1154 1917 1417 1987 στρατιὰν
1468 1916 1533 1966 ἐκ
1572 1913 1672 1983 τῆς
1729 1913 2034 1977 συντάξεως

452 2014 635 2080 πάσης
714 2008 1124 2078 ἀπολεξάμενος
1186 2022 1197 2035 '
1257 2005 1354 2060 καὶ
1428 2003 1524 2068 οὓς
1602 2004 1805 2074 μᾶλλον
1872 2003 2036 2065 αὐτὸς

450 2104 792 2174 ἀνεθρέψατο
837 2102 933 2156 καὶ
982 2100 1050 2154 τὰ
1098 2098 1465 2169 στρατιωτικὰ
1521 2095 1907 2162 ὲξεπαίδευσεν
1955 2094 2033 2163 (1ιὶ

454 2195 739 2251 manifeste
800 2196 867 2247 ad
924 2195 1154 2248 classem
1216 2190 1326 2243 τῶν
1393 2188 2031 2262 Ἀγοὺρωνιιειιίιιοιιι),

452 2284 735 2356 ἀρχηγοὺς
763 2283 1189 2357 στρατευμάτων
1216 2282 1572 2353 κατέστησεν.
1603 2278 1788 2336 Ἦσαν
1812 2282 1857 2334 δ’
1889 2275 2037 2335 οὗτοι

457 2379 772 2447 ξύμπαντες
794 2378 1127 2447 τριακόσιοι,
1190 2376 1397 2440 πάντες
1431 2377 1566 2441 νέοι,
1618 2377 1710 2431 καὶ
1749 2377 2037 2447 εὐμήκεις,

457 2467 800 2537 σφριγῶντες
846 2466 909 2520 τὸ
935 2467 1116 2537 σῶμα,
1139 2468 1236 2520 καὶ
1256 2467 1482 2529 ἕκαστος
1506 2466 1713 2520 τούτων
1749 2468 2037 2539 ἁρτίχνους

452 2559 515 2611 τὸ
551 2559 781 2628 γένειον,
815 2567 923 2614 etc.
980 2557 1146 2613 Paulo
1198 2557 1422 2612 inferius
1472 2557 1574 2611 sub
1625 2557 1862 2612 medium
1915 2558 2037 2613 libri

454 2648 699 2718 ejusdem
755 2663 875 2716 xm,
934 2656 1268 2703 memoratur
1312 2648 1486 2701 caedes
1543 2647 1699 2702 Cara:
1755 2647 2036 2716 cujusdam

454 2743 546 2812 qui
577 2754 640 2795 ex
670 2740 898 2797 cohorte
928 2740 1036 2795 τῶν
1081 2739 1360 2810 Ἀγούρων
1422 2738 1842 2810 ὴνδρειωμένων
1872 2738 2040 2793 luisse

455 2833 695 2888 videtur.
731 2832 825 2888 Sic
854 2834 1000 2886 enim
1030 2835 1184 2888 Anna
1216 2851 1230 2886 :
1265 2833 1536 2887 Πίπτουσι
1590 2829 1898 2902 τηνικαῦτα
1930 2830 2040 2883 τῶν

462 2923 759 2993 Ῥωμαίων
782 2925 991 2979 πολλοί.
1027 2926 1135 2979 Καὶ
1167 2925 1331 2989 αὐτὸς
1363 2925 1392 2976 ὁ
1422 2926 1615 2995 Καρᾶς
1644 2924 1903 2993 νηπιόθεν
1927 2925 2041 2987 τοῖς

457 3013 707 3082 γνησίοις
738 3014 890 3083 παρὰ
919 3013 1017 3069 τοῦ
1044 3014 1446 3084 αὐτοκράτορος
1521 3012 1895 3085 προσληφθεὶς
1944 3012 2043 3065 καὶ

452 3104 804 3173 locale-{sig

525 3196 1080 3266 Αὐτοκρατόρισσα.
1114 3198 1456 3269 lmperatrix,
1489 3198 1582 3254 lih.
1620 3214 1729 3255 xtv.

1197 3334 1261 3390 Β.

525 3450 924 3518 Βεστιαριται.
941 3449 1062 3506 Lib.
1086 3465 1161 3514 tv,
1186 3465 1308 3521 pag.
1338 3450 1460 3517 109,
1481 3452 1592 3505 τῶν
1617 3451 1675 3506 δὲ
1691 3453 2043 3524 οἱκειοτέρων

454 3542 551 3608 οὓς
582 3542 923 3614 βεστιαρξτας
953 3544 988 3615 ἡ
1018 3542 1282 3614 συνήθεια
1310 3543 1487 3600 καλεῖ.
1510 3544 1712 3601 Omnes
1746 3547 1844 3600 bos
1874 3546 2045 3602 fuisse

456 3635 711 3691 custodes
742 3635 1102 3703 imperialium
1134 3635 1366 3691 vestium
1397 3636 1501 3706 (sic
1557 3639 1703 3691 enim
1758 3638 1861 3693 viri
1898 3640 2043 3695 docti

464 3724 830 3795 βιστιιιριτῶν
861 3739 1056 3779 nomen
1086 3724 1384 3795 exponunt)
1425 3726 1682 3796 equidem
1729 3728 1819 3782 vix
1854 3729 2041 3785 credo.

459 3815 743 3883 Quomodo
771 3816 918 3871 enim
948 3816 1035 3871 isti
1065 3826 1159 3870 aut
1193 3826 1271 3872 tot
1300 3816 1531 3873 fuissent
1559 3829 1617 3873 ut
1648 3834 1714 3875 ex
1746 3820 1817 3876 iis
1853 3834 2044 3877 nume-

434 3924 585 3973 ,που
617 3912 816 3967 cohors
853 3921 1221 3982 pugnaturum
1258 3913 1378 3968 acie
1403 3913 1655 3969 Alesiam
1683 3916 2043 3984 sequeretur?

458 4011 554 4057 aut
582 4002 680 4058 soli
704 4017 768 4057 ex
812 4003 1011 4057 aulicis
1036 4016 1100 4057 ac
1128 4002 1447 4057 domesticis
1475 4007 1730 4063 omnibus
1758 4008 1828 4061 ad
1875 4009 2037 4064 dimi-

462 4092 697 4147 candum
750 4091 1202 4147 asciscerentur?
1232 4089 1465 4148 Videtur
1504 4095 1688 4163 potius
1737 4111 1804 4152 ex
1860 4097 2042 4153 verbis

465 4185 636 4237 Annae
677 4181 1024 4255 βεστιαρὶτας
1055 4184 1234 4240 dictos
1276 4186 1643 4241 communiter
1678 4188 1885 4260 vulgari
1935 4189 2043 4245 lin-

463 4292 565 4343 ωιτη
601 4275 772 4331 fuisse
811 4290 1006 4333 omnes
1035 4276 1364 4333 domesticos
1409 4279 1605 4335 domus
1649 4281 1908 4351 Augusta:
1947 4283 2040 4353 qui

460 4369 622 4423 statis
646 4366 698 4422 in
728 4367 930 4437 palatio
960 4367 1336 4426 ministrantes
1364 4368 1554 4426 oﬂieiis
1601 4372 1822 4428 latnilite
1864 4375 2042 4442 impe-

462 4457 675 4512 ratoriae
728 4457 1159 4528 imputabantur.
1215 4458 1382 4514 Certo
1439 4459 1677 4515 fortasse
1720 4462 1904 4518 colore
1949 4473 2043 4519 aut

462 4549 624 4603 modo
653 4549 884 4603 vestium
916 4548 1000 4620 (ut
1050 4549 1213 4606 hodie
1266 4549 1384 4605 lieri
1438 4553 1744 4624 consuevit)
1798 4553 1868 4610 ab
1917 4555 2042 4610 aliis

463 4637 732 4702 distincti,
765 4638 1000 4708 indeque
1029 4639 1455 4710 appellationem
1485 4641 1654 4697 nacti.

531 4755 812 4810 BJatrIa.
848 4756 1064 4812 Recitat
1105 4760 1282 4821 Anna,
1315 4757 1407 4812 lib.
1435 4772 1519 4825 ιιι,
1559 4773 1684 4830 pag.
1736 4759 1805 4816 95
1846 4768 1899 4816 et
1947 4760 2039 4828 9i,

438 4847 745 4915 «pistulam
794 4848 972 4903 Alexii
1005 4849 1231 4918 Augusti
1258 4848 1327 4903 ad
1359 4836 1655 4905 Henricum
1706 4866 1884 4921 regem
1912 4852 2036 4907 Ale-

463 4938 719 5003 Inaunite,
745 4953 851 5009 qua
886 4940 1024 4994 inter
1058 4940 1160 4993 alia
1191 4938 1486 5010 imperator
1538 4950 1768 4997 testatur
1810 4958 1871 4998 se
1919 4945 2038 5015 regi

459 5042 528 5081 ex
560 5038 719 5097 pacto
763 5028 977 5086 misisse
1027 5042 1245 5085 centum
1292 5033 1654 5103 quadraginta
1711 5035 1814 5089 tria
1870 5038 2038 5093 millia

458 5134 805 5174 nummorum
835 5130 889 5175 et
921 5132 1136 5177 centum
1170 5122 1388 5189 Blattia,
1408 5123 1605 5178 ἑκατὸν
1629 5126 1875 5194 placata.
1901 5128 2039 5196 Quid

460 5210 573 5271 haec
606 5209 803 5264 Blattia
834 5212 946 5266 sint
978 5212 1232 5281 equidem
1269 5214 1556 5284 disqttisivi
1596 5219 1684 5271 diu
1726 5236 1741 5273 :
1791 5234 1898 5289 quo
1940 5234 2037 5289 po-

459 5299 731 5356 tissimum
775 5301 962 5357 omnia
1019 5301 1326 5372 indagantis
1384 5306 1627 5374 suspicio
1674 5309 1898 5372 sederit,
1954 5311 2043 5363 hic

458 5408 760 5463 proponam
786 5394 1021 5450 obnoxie
1075 5408 1140 5450 ac
1186 5396 1392 5451 timide.
1448 5398 1717 5454 Existimo
1765 5402 2038 5457 volumina

460 5483 633 5541 fuisse
662 5484 827 5554 panni
875 5485 1166 5541 holoserici
1210 5488 1423 5541 ostrino
1473 5491 1657 5545 colore
1701 5492 1876 5558 tincti,
1924 5503 2041 5549 cent

459 5580 632 5645 piece:
682 5577 747 5632 de
792 5579 1003 5633 uelours
1036 5596 1102 5633 ou
1141 5581 1280 5634 satin
1332 5597 1493 5652 rmtge
1539 5587 1820 5655 cramoisy,
1875 5586 1946 5640 ita
1982 5597 2041 5641 ιιι

461 5670 704 5723 materia;
726 5670 887 5724 simul
919 5678 976 5724 et
1003 5671 1203 5727 coloris
1229 5687 1399 5741 genus
1426 5674 1574 5729 vocis
1605 5678 1764 5732 unius
1791 5677 2038 5746 emphasi

458 5758 754 5830 iungantur
782 5760 1123 5819 institutione
1156 5763 1412 5831 peculiari
1458 5764 1769 5822 Graecorum
1825 5772 2043 5838 sequio-

467 5863 541 5903 rts
571 5849 694 5904 avi.
729 5848 968 5907 Primum
1007 5852 1253 5908 omnium
1302 5853 1537 5911 Blattam
1571 5859 1675 5914 diei
1715 5863 2043 5932 purpuram,

1607 419 2102 480 GLOSSARIUM
2145 416 2373 478 ANN.-E
2385 416 2522 478 ΠΜ.

3565 408 3705 476 1216

2132 542 2368 595 ostrum,
2400 529 2688 593 muricem,
2722 542 2784 584 ac
2814 541 3036 583 coccum
3064 526 3230 598 (unus
3272 525 3417 580 enim
3464 527 3718 597 populari

2134 637 2236 676 usu
2264 620 2415 676 color
2446 620 2649 675 rnbcus
2681 620 2991 689 splendens,
3022 628 3099 673 tot
3126 617 3246 673 istis
3274 618 3420 672 inter
3444 632 3503 671 sc
3532 618 3716 673 diver-

2132 715 2207 770 sis
2234 715 2487 786 signatur
2510 711 2867 782 nominibus),
2906 712 3154 777 blattam,
3177 709 3550 778 lnquam,dici
3586 725 3716 777 pur-

2132 820 2364 877 pureum
2411 818 2795 874 quemcunque
2863 800 3067 868 fucum,
3121 802 3436 856 doctissime
3488 801 3709 854 demou-

2132 910 2269 956 strat
2300 901 2544 955 Andreas
2576 900 2900 963 Resendius,
2928 898 3023 953 lib.
3057 914 3074 953 ι
3125 896 3524 967 Antiquitatuat
3560 894 3715 949 Lusi-

2137 992 2462 1056 tanicarum,
2497 1000 2610 1046 tum
2654 992 2778 1046 aliis
2813 1001 3056 1045 veterum
3087 987 3416 1044 testimoniis
3449 987 3717 1051 adductis,

2139 1092 2249 1137 tum
2285 1081 2372 1136 his
2403 1082 2614 1140 Sidonii
2644 1084 2915 1147 versibus,
2943 1081 3034 1136 lib.
3074 1097 3127 1135 χι
3165 1080 3338 1149 Epist.
3373 1080 3440 1133 ad
3494 1078 3719 1135 Tonan-

2135 1172 2268 1227 titnn
2294 1186 2311 1226 :

2491 1264 2804 1336 Butilasquc
2843 1266 2977 1336 ferte
3011 1265 3203 1320 blattas

2496 1335 2824 1407 Becoqttente
2848 1335 2994 1404 quas
3036 1336 3204 1407 aheno

2487 1405 2732 1460 Meliboea
2759 1405 2905 1470 fucat
2941 1406 3086 1459 uada

2494 1475 2770 1540 Ops/enm
2798 1486 2853 1530 tu
2887 1492 3097 1530 meraco

2483 1545 2736 1601 Bibulum
2775 1546 2950 1601 colore
2976 1546 3165 1611 vellus,
3196 1553 3307 1601 etc.

2133 1638 2280 1697 idem
2348 1641 2679 1697 auctoritate
2739 1639 2998 1707 Vopisci,
3062 1637 3388 1709 Capitolini,
3451 1636 3720 1705 Eutropii,

2136 1731 2287 1787 Pauli
2322 1733 2569 1791 Diacuni.
2602 1731 2816 1797 lsidori,
2851 1728 3106 1786 Venaulii
3150 1729 3456 1793 Fortunati,
3482 1739 3538 1783 et
3580 1729 3713 1782 alio-

2135 1839 2255 1878 rum
2289 1825 2482 1879 astruit
2514 1824 2805 1880 Gretserus
2833 1833 3038 1885 nOSIer,
3065 1821 3161 1876 lib.
3205 1837 3243 1877 ιι
3266 1821 3720 1876 Observationum

2137 1918 2193 1972 in
2228 1915 2521 1980 Cudinum,
2553 1913 2800 1979 solidius,
2838 1914 2892 1969 tti
2925 1914 3105 1978 fallor,
3137 1929 3301 1983 quam
3349 1923 3407 1967 ut
3436 1912 3571 1968 satis
3605 1912 3723 1969 fue-

2140 2011 2214 2064 rit
2243 2008 2516 2065 eruditum
2567 2009 2890 2077 scriptorem
2943 2007 3203 2062 Νοιοιιιιιι
3248 2008 3611 2076 posteriorum
3669 2007 3720 2059 in

2133 2099 2467 2164 Ccdrenum,
2525 2100 2699 2154 tribus
2753 2108 2940 2155 centra
2994 2098 3178 2154 verbis
3231 2098 3534 2165 excipere:
3589 2098 3721 2153 nihil

2134 2207 2256 2248 esse
2313 2192 2414 2246 nisi
2449 2209 2615 2262 nugas
2646 2204 2693 2246 ct
2731 2192 2928 2246 nullius
2972 2189 3222 2245 momenti
3269 2197 3559 2242 commenta
3606 2202 3723 2258 quat

2135 2287 2277 2338 circa
2307 2286 2555 2338 blattenm
2582 2284 2831 2350 colorem,
2853 2284 2905 2336 id
2933 2293 3007 2337 est
3035 2297 3241 2335 roseum
3275 2282 3349 2335 vel
3372 2296 3718 2350 purpureum,

2134 2387 2184 2431 ct
2219 2376 2453 2432 Crwcum
2491 2377 2761 2446 βλαττίον,
2805 2392 2870 2431 cx-
2905 2377 3172 2429 uominnm
3224 2374 3485 2429 allusione
3526 2377 3661 2429 retu!
3695 2390 3723 2426 ι

2141 2470 2391 2538 Delphica
2473 2470 2712 2538 tripode,
2768 2470 3010 2522 enuntiat
3063 2468 3290 2537 sparsim
3338 2463 3609 2522 Gruterus
3667 2468 3720 2520 in

2140 2563 2427 2621 Codinum.
2459 2563 2517 2618 lu
2560 2578 2669 2632 quo
2705 2570 2962 2632 prmterca
2999 2560 3165 2630 (quod
3198 2574 3330 2631 pace
3356 2561 3457 2612 viri
3488 2560 3628 2613 docti
3665 2567 3721 2611 et

2137 2656 2375 2725 religiosi
2412 2656 2614 2710 dictum
2653 2654 2837 2718 velim)
2889 2654 3287 2709 humanitatem
3315 2652 3432 2722 ejus
3457 2653 3721 2707 adversus

2139 2747 2419 2802 hominem
2450 2746 2515 2801 de
2554 2745 2816 2815 rel’gione
2848 2758 2910 2797 ac
2939 2743 3137 2799 litteris
3171 2743 3309 2797 bene
3345 2741 3597 2795 litel'illllll
3635 2756 3724 2794 re-

2137 2839 2320 2908 quiro.
2356 2836 2552 2894 All'erri
2584 2837 2721 2893 solet
2746 2835 3056 2892 Cassiodori
3093 2847 3311 2905 quoque
3362 2832 3713 2887 manifestum

2140 2931 2191 2985 in
2223 2933 2471 2988 eamdem
2523 2930 2848 2988 sententiam
2899 2931 3287 2986 testimonium.
3327 2927 3432 2984 Sed
3481 2942 3565 2983 res
3616 2926 3721 2981 nti-

2142 3024 2291 3078 nime
2321 3022 2484 3076 dubia
2548 3022 2878 3076 testimoniis
2909 3036 3016 3076 non
3071 3028 3213 3090 eget.
3264 3017 3463 3081 Blatta,
3520 3018 3721 3072 remis

2137 3131 2309 3187 genus
2343 3115 2542 3171 triticei
2577 3130 2641 3169 ac
2677 3113 2971 3182 ferruginei
3000 3112 3222 3179 coloris,
3254 3119 3570 3179 usurpatum
3602 3109 3713 3177 jam

2137 3209 2266 3265 olim
2297 3209 2503 3265 scimus
2531 3223 2631 3281 pro
2651 3222 2836 3263 verme
2867 3207 3077 3262 minuto
3102 3204 3300 3261 coloris
3325 3202 3720 3259 micantissime

2139 3302 2397 3366 llammei,
2453 3317 2517 3357 ac
2575 3302 2692 3355 viva
2755 3299 3019 3356 rubedine
3063 3298 3233 3353 saturi
3281 3297 3373 3367 qui
3425 3297 3599 3352 oritur
3651 3310 3721 3350 ex

2142 3394 2330 3465 granis
2376 3392 2592 3448 fruticis
2642 3390 2915 3447 Arabibus
2948 3387 3171 3443 Hermes
3205 3387 3332 3442 dicti
3366 3406 3379 3441 :
3407 3401 3471 3441 ex
3502 3402 3608 3456 qua
3637 3397 3718 3441 est

2145 3500 2342 3539 nomen
2373 3482 2610 3541 celebris
2645 3480 2790 3553 apud
2825 3479 3069 3534 ollieinas
3120 3476 3350 3533 autidoti
3403 3474 3724 3546 (conlectio-

2142 3590 2268 3632 nem
2303 3573 2611 3638 Alltermes,
2651 3572 2872 3641 vocant)
2904 3572 3046 3640 quod
3082 3570 3136 3624 in
3167 3584 3230 3624 ea
3258 3569 3434 3623 locum
3471 3567 3551 3622 vel
3581 3583 3720 3638 pra:-

2139 3668 2356 3738 eipnum
2394 3667 2574 3723 bacca:
2628 3664 2788 3733 hujus
2839 3663 3050 3719 fruticis
3082 3662 3313 3716 habeant
3345 3677 3360 3715 :
3396 3674 3556 3732 cujus
3584 3660 3715 3714 item

2136 3773 2205 3813 ex
2241 3758 2460 3812 nomine
2493 3756 2773 3827 vulgatum
2804 3753 2937 3810 illud
2975 3752 3181 3807 nostris
3212 3760 3415 3805 satura:
3465 3762 3718 3821 purpunc

2139 3848 2464 3904 vocabulum
2500 3857 2688 3902 natum
2718 3860 2824 3915 qua
2854 3860 3013 3914 range
3041 3842 3287 3897 cramoisi
3313 3828 3466 3912 quasi
3495 3841 3713 3894 rubrum

2141 3940 2530 3996 Kermcsinutu
2565 3937 2670 3994 dici
2703 3937 2860 3993 solet.
2891 3934 3028 3991 Hinc
3079 3935 3203 4004 quia
3246 3950 3309 3989 ex
3357 3934 3541 4006 granis
3569 3934 3720 3987 hisce

2140 4033 2300 4089 fucus
2334 4045 2644 4100 purpureus
2673 4043 2780 4098 quo
2814 4037 2994 4083 vestes
3025 4026 3344 4082 inﬁciuntnr
3391 4025 3718 4096 exprimitur

2139 4138 2379 4198 purpura
2410 4125 2527 4194 ipsa
2557 4139 2724 4194 grana
2752 4121 3032 4178 Lusitanis
3063 4121 3266 4176 dicitur
3296 4138 3311 4175 :
3347 4122 3458 4175 imo
3487 4129 3542 4175 et
3565 4118 3719 4174 Grae-

2138 4218 2218 4272 cis
2248 4217 2469 4281 κόκκος,
2506 4216 2658 4284 'quod
2691 4214 3031 4285 genericunt,
3068 4228 3172 4268 non
3208 4212 3384 4268 minus
3401 4227 3560 4282 quam
3593 4226 3723 4263 ver-

2138 4308 2262 4376 mis,
2299 4322 2493 4362 nomen
2532 4318 2641 4373 est,
2675 4307 2742 4359 ad
2771 4307 2911 4361 hanc
2942 4314 3121 4360 tatuen
3146 4303 3382 4373 speciem
3416 4319 3518 4360 usu
3549 4303 3708 4357 addi-

2137 4398 2454 4455 ctumJam
2502 4400 2628 4467 quia
2681 4413 2849 4467 grana
2902 4398 3017 4453 hate
3070 4397 3341 4451 industria
3388 4396 3718 4451 iniecturum

2138 4500 2291 4547 certo
2322 4491 2484 4545 modo
2510 4500 2561 4544 et
2589 4490 2765 4561 spatio
2803 4488 3062 4559 temporis
3097 4487 3151 4542 in
3203 4488 3344 4544 areis
3372 4502 3628 4556 expansa.
3666 4495 3723 4539 et

2147 4583 2377 4638 subinde
2430 4596 2599 4652 vappa
2657 4579 2743 4637 vel
2795 4580 3028 4636 cervisia
3083 4581 3278 4647 rigata,
3342 4590 3633 4634 vertuntur
3663 4580 3716 4630 in

2137 4674 2467 4730 vermiculos
2504 4672 2841 4744 pellucentes
2869 4687 3067 4729 cruore
3097 4672 3465 4729 ﬂorentissimi
3492 4673 3717 4737 coloris,

2137 4780 2245 4835 quo
2273 4775 2455 4820 vestes
2492 4765 2713 4820 imbutas
2742 4765 3115 4819 amoenissime
3163 4763 3439 4826 ineantur.
3492 4765 3717 4818 invaluit

2138 4867 2201 4910 ut
2266 4870 2549 4927 purpura,
2618 4856 2822 4910 vermis
2873 4870 2939 4911 ac
2995 4855 3328 4910 vermiculus
3388 4856 3716 4925 appelletur,

2134 4949 2328 5005 Graec
2358 4946 2576 5018 σκώληξ
2607 4955 2704 5001 aut
2732 4946 3061 5014 σκωλήκιον,
3096 4944 3240 5001 unde
3269 4952 3489 5015 putatur
3518 4947 3572 5001 in
3600 4946 3719 5000 vul-

2137 5056 2295 5112 gares
2347 5040 2560 5109 linguas
2625 5052 2909 5095 emanasse
2982 5038 3239 5093 scarlacw
3293 5053 3524 5101 nomen,
3580 5038 3716 5094 Galli

2137 5130 2399 5186 escarlatc
2433 5130 2643 5186 dicunt.
2679 5128 2781 5196 Qui
2810 5129 2971 5183 etiam
2992 5144 3089 5198 pro
3118 5129 3424 5184 ruberrimo
3446 5129 3585 5194 fuco,
3609 5146 3699 5184 ver

2135 5223 2320 5276 miltoa
2342 5221 2718 5279 vermiculnm,
2737 5221 2936 5289 passim
2959 5230 3243 5288 usurpant.
3270 5217 3452 5289 Neque
3475 5220 3526 5274 id
3549 5221 3710 5286 cospit

2134 5313 2264 5388 χθὲς
2286 5315 2380 5369 καὶ
2417 5313 2634 5384 πρώην,
2682 5314 3077 5367 communium
3116 5313 3495 5382 antiquissima
3532 5313 3713 5384 lingua

2135 5415 2324 5462 sancta
2364 5404 2501 5459 locis
2525 5419 2658 5459 sane
2693 5403 2940 5472 plurimis
2970 5404 3136 5459 etiam
3169 5402 3329 5473 primi
3367 5413 3424 5459 et
3457 5407 3719 5460 vetustis-

2135 5496 2260 5551 simi
2300 5495 2588 5564 scriptoris
2640 5494 2827 5561 Mosis,
2860 5509 3046 5550 vocem
3092 5487 3264 5561 mt‘m.
3314 5511 3433 5566 quae
3476 5513 3714 5550 vermetn

2133 5594 2316 5653 sonat,
2357 5600 2456 5655 pro
2491 5601 2726 5657 purpura
2764 5596 3011 5657 usurpet,
3060 5588 3135 5640 uti
3175 5588 3358 5641 videre
3405 5596 3488 5640 est
3541 5587 3712 5641 Exod.

2131 5694 2263 5744 xxv,
2288 5679 2356 5743 ις
2396 5693 2558 5743 xxxv,
2606 5678 2709 5745 55;
2748 5694 2941 5740 χιιιικ,
2973 5680 3039 5744 5;
3077 5678 3302 5734 Levitici
3356 5695 3465 5740 xlv,
3509 5680 3543 5734 4
3567 5690 3621 5735 et
3658 5680 3711 5735 6.

2134 5768 2271 5824 Tum
2323 5781 2578 5838 praeterea
2644 5769 2744 5823 Job
2796 5785 2923 5833 xxv,
2978 5769 3044 5832 6;
3095 5770 3197 5824 lsa.
3253 5784 3292 5834 ι,
3333 5749 3568 5836 ιὸξχιν,
3610 5770 3712 5833 ll;

2134 5877 2245 5927 χιι,
2283 5863 2385 5927 ll;
2434 5861 2635 5919 Tbrcn.
2665 5876 2736 5929 tv,
2775 5860 2841 5928 5;
2877 5859 3025 5918 J0me
3076 5879 3149 5919 ιν.
3184 5865 3244 5932 7;
3296 5862 3505 5919 Nabutn
3556 5880 3614 5932 ιι,
3647 5867 3703 5933 5,
