4108 6418
407 378 537 441 12H

402 502 454 547 et
490 491 640 545 alibi.
672 490 776 544 Sed
809 491 1063 544 omittere
1095 494 1205 543 non
1231 501 1451 557 possum
1503 485 1683 542 locum
1719 487 1984 542 eximium

402 599 467 636 ex
534 581 675 636 Psal.
725 596 839 646 xxI,
892 580 947 643 7,
998 580 1090 634 ubi
1144 579 1298 648 juxta
1356 576 1642 644 Vulgatam
1692 585 1984 631 nostram:

406 671 519 742 Ego
553 672 736 725 vermis
768 682 815 725 et
864 688 965 724 non
995 671 1170 735 homo,
1228 670 1566 738 approbrium
1622 670 1893 722 hominum
1936 679 1988 722 et

403 763 627 832 abjectio
678 762 861 828 plebis.
915 762 1177 831 Loquitur
1222 776 1288 815 eo
1344 760 1552 828 psalmo
1603 760 1874 827 Christus,
1934 767 1990 815 et

406 859 721 927 prophetica
746 857 1082 925 przenuntiat
1116 855 1511 910 minutissimas
1529 869 1774 923 quasque
1803 864 1988 924 partes

405 965 466 1001 ac
499 949 795 1018 peristases
832 947 1101 1017 passionis
1138 961 1269 1010 sum,
1314 962 1451 1016 quas
1481 948 1531 1000 iu
1564 948 1881 1002 narratione
1908 949 1988 1003 rei

405 1049 572 1109 gesta:
633 1048 839 1093 attenta
919 1039 1326 1107 comparatione
1381 1052 1773 1107 recognoscere
1819 1037 1989 1091 multo

406 1141 490 1183 est
545 1128 1024 1198 jucumlissimum.
1081 1128 1153 1182 lis
1209 1143 1374 1198 porro
1427 1142 1547 1197 qum
1594 1127 1988 1196 descripsimus

405 1221 587 1271 verbis
643 1218 991 1287 singulariter
1057 1217 1371 1288 designatur
1444 1218 1574 1270 illud
1638 1217 1985 1286 opprobrium

405 1312 548 1381 quod
585 1311 836 1365 Christus
867 1312 1255 1376 gravissimum
1307 1310 1552 1379 pertulit,
1586 1311 1806 1378 quando
1847 1326 1986 1363 con-

406 1407 612 1460 SCiSSIIS
640 1403 844 1473 ﬂagris,
877 1413 932 1457 et
971 1412 1333 1472 praeterquam
1369 1412 1483 1457 toto
1513 1417 1743 1471 corpore
1776 1417 1941 1455 crueu
1962 1431 1985 1443 ε

408 1504 574 1560 tatus,
610 1498 772 1549 etiam
803 1504 1094 1548 coronatus
1125 1495 1315 1564 spinis,
1353 1495 1651 1563 productus
1678 1495 1742 1547 ad
1767 1492 1986 1549 Judacos

406 1605 433 1640 a
472 1586 643 1640 Pilato
690 1596 809 1651 est;
859 1587 932 1641 ita
1006 1586 1364 1652 deformatus,
1415 1597 1474 1640 ut
1520 1589 1606 1643 vix
1640 1603 1739 1658 pro
1767 1588 1988 1644 homine

406 1680 628 1749 agnosci
663 1690 867 1749 posset,
902 1680 1029 1743 nisi,
1063 1689 1121 1733 ιιι
1155 1681 1423 1749 pictorum
1455 1681 1668 1734 rudium
1700 1695 1819 1734 {evo
1849 1682 1985 1735 sim-

408 1772 529 1842 plici
582 1784 812 1825 conatus
871 1771 1170 1841 imperfecti
1235 1772 1569 1839 iuvabantur
1630 1773 1986 1842 inscriptione
2035 1814 2038 1818 .

408 1866 615 1932 addita,
649 1880 769 1934 quae
807 1870 1030 1920 doceret
1062 1881 1183 1921 esse
1212 1866 1486 1919 hominem
1529 1866 1581 1921 id
1615 1865 1759 1936 quod
1800 1866 1874 1919 illi
1910 1866 1988 1918 si-

411 1958 622 2011 mulare
668 1957 992 2025 cegitarant,
1044 1957 1115 2009 ita
1153 1955 1362 2010 Pilatus
1415 1956 1580 2009 verbo
1614 1955 1987 2010 admonuisset

406 2062 529 2103 esse
579 2048 728 2101 illiilli
761 2047 1035 2101 hominem
1067 2063 1082 2099 :
1115 2046 1288 2099 Eaivit
1314 2044 1472 2098 .Iesus
1497 2054 1717 2113 portans
1749 2045 1985 2113 spineam

407 2156 661 2194 coronant
714 2150 760 2193 et
802 2154 1130 2208 purpureum
1184 2139 1543 2191 vestimentum
1580 2154 1599 2196 ε
1630 2146 1674 2191 et
1722 2136 1858 2191 dixit
1910 2138 1986 2190 eis

406 2231 627 2301 (Judanis
654 2231 880 2301 Pilatus)
905 2249 918 2286 :
943 2234 1078 2285 Ecce
1101 2228 1275 2283 Homo
1316 2227 1497 2299 (Joan.
1518 2244 1632 2294 xIx,
1660 2230 1737 2299 5).
1766 2229 1837 2282 At
1871 2229 1985 2284 hinc

408 2324 511 2379 loci
550 2325 796 2381 alterius.
842 2324 988 2378 Satis
1032 2323 1105 2377 sit
1147 2323 1275 2377 hinc
1326 2322 1524 2392 legisse
1553 2322 1730 2377 obiter
1766 2322 1818 2375 in
1870 2336 1982 2376 rem

407 2426 751 2484 prieseriteut,
783 2415 892 2469 illic
926 2416 979 2469 in
1014 2414 1214 2468 vermis
1265 2414 1483 2468 nomine
1524 2412 1695 2466 alludi
1728 2422 1887 2467 acute
1919 2427 1983 2465 ac

409 2522 631 2578 prorsus
653 2508 928 2578 eleganter
956 2506 1023 2559 ad
1063 2520 1391 2575 purpureum
1443 2507 1825 2559 vestimentum
1872 2518 1982 2574 quo

410 2610 537 2656 tunc
562 2610 784 2671 opertus
807 2600 872 2654 ad
900 2598 1191 2653 ludibrium
1217 2597 1468 2653 Christus
1492 2596 1612 2651 fuit.
1658 2596 1980 2667 Quanquam

408 2693 461 2745 iu
495 2690 721 2745 Hebraeo
749 2674 908 2755 nybn
936 2691 1041 2744 alia
1074 2690 1239 2745 etiam
1273 2688 1504 2759 insignis
1542 2689 1741 2743 allusio
1785 2701 1868 2745 est
1916 2691 1981 2745 ad

411 2784 818 2838 crueilixiouem
875 2783 1248 2836 imminentem
1280 2796 1344 2835 ex
1402 2783 1780 2850 parouomasia
1835 2782 1984 2837 vocis

407 2861 520 2933 ηὸτι
550 2890 668 2943 qua:
699 2881 858 2928 sonat
884 2874 952 2926 de
992 2874 1138 2941 ligno
1174 2874 1507 2942 suspendere
1532 2887 1597 2926 ac
1640 2873 1981 2942 crucifigere.

411 2966 687 3019 Hactenus
746 2964 1007 3019 habemus
1062 2967 1316 3033 purpurei
1374 2964 1569 3019 eoloris
1626 2967 1898 3018 notionem
1929 2966 1984 3020 in

410 3058 614 3125 blatta;
650 3059 777 3111 mihi
811 3073 939 3111 vero
996 3057 1048 3110 id
1110 3074 1213 3111 non
1267 3057 1483 3121 suilicit,
1537 3058 1628 3126 qui
1676 3060 1981 3112 existiment

413 3152 581 3205 etiam
633 3167 802 3221 genus
846 3151 1007 3205 seriei
1062 3159 1243 3203 textus
1274 3166 1338 3203 ac
1372 3150 1707 3220 bombycina:
1745 3153 1985 3206 materia:

410 3245 592 3299 Blattii
628 3247 792 3297 verbo
842 3242 1115 3313 designari
1156 3258 1174 3295 :
1210 3243 1281 3295 ita
1329 3252 1384 3295 ut
1428 3242 1619 3295 Blattia
1656 3259 1762 3296 non
1809 3246 1985 3311 quivis

412 3338 573 3408 patrui
606 3337 886 3406 purpurei,
920 3335 1013 3389 sed
1045 3335 1207 3389 serici
1252 3335 1385 3388 sint.
1440 3334 1705 3401 l’rimum,
1753 3336 1984 3391 observo

410 3446 550 3496 smpe
580 3431 681 3483 ista
712 3428 963 3495 conjungi
1002 3429 1272 3479 mentione
1298 3429 1438 3495 apud
1464 3430 1780 3495 scriptores.
1807 3427 1985 3483 [Elius

413 3519 756 3589 Lampridius
788 3522 837 3571 in
861 3518 1203 3588 lleliogabalo
1229 3535 1242 3569 :
1272 3515 1553 3570 Paraverat
1575 3519 1722 3586 funes
1743 3520 1905 3571 blatta
1929 3528 1976 3573 et

411 3612 578 3663 serico
596 3623 640 3663 et
658 3613 1058 3674 coccointortos,
1092 3610 1297 3677 quibus,
1325 3610 1370 3662 si
1392 3626 1590 3663 necesse
1610 3619 1765 3667 esset.
1798 3611 1985 3680 laqueo

411 3705 571 3758 vitam
594 3704 788 3772 ﬁniret.
812 3703 1016 3767 Quibus
1046 3703 1094 3753 in
1124 3702 1299 3754 verbis
1327 3702 1517 3754 merito
1538 3703 1983 3771 quaeratalzquis:

412 3812 532 3862 qua:
568 3796 791 3847 materia
830 3794 993 3847 blatta
1027 3796 1098 3846 sit
1126 3808 1156 3846 a
1191 3795 1367 3847 serico
1392 3805 1445 3845 ct
1491 3809 1653 3847 cocco
1692 3794 1988 3848 distincta?

414 3906 477 3941 ae
508 3890 736 3940 fortasse
769 3902 874 3939 non
911 3886 1049 3939 male
1078 3890 1387 3954 suspiCetur
1417 3886 1567 3954 prius
1598 3896 1653 3938 et
1689 3888 1988 3954 expositive

414 3979 815 4048 acripieudmn,
850 3980 949 4032 hoc
982 3994 1160 4032 sensu
1200 3995 1213 4032 :
1269 3974 1557 4030 Paraverat
1600 3978 1748 4046 funes
1794 3980 1987 4042 blatta,

413 4076 512 4126 hoc
542 4083 637 4136 est,
684 4073 851 4125 serico
897 4079 945 4122 et
993 4087 1165 4136 cocco,
1217 4074 1319 4124 sive
1371 4072 1476 4139 ﬁlis
1531 4073 1712 4125 sericis
1762 4073 1990 4125 coccinei

414 4167 609 4221 coloris
646 4167 889 4229 intortos,
926 4176 1033 4217 etc.
1064 4160 1278 4216 Flavius
1309 4164 1566 4232 Vopiscus
1595 4165 1987 4217 iuAnt'eliano:

413 4264 545 4312 Cum
579 4260 641 4311 ab
680 4276 737 4311 eo
773 4274 903 4311 uxor
941 4274 1037 4310 sua
1068 4266 1259 4324 peteret
1288 4266 1345 4307 ut
1386 4258 1538 4308 unico
1586 4257 1746 4316 pallio
1795 4256 1988 4307 blateo

410 4358 577 4407 serico
622 4362 883 4414 uteretur,
926 4352 1017 4405 ille
1060 4350 1325 4417 respondit
1361 4364 1377 4402 :
1412 4348 1571 4401 Absit
1623 4357 1681 4403 ιιι
1725 4365 1857 4402 auro
1902 4349 1988 4400 fila

414 4454 736 4513 pensantur;
783 4444 914 4495 libra
962 4444 1099 4494 enim
1151 4443 1269 4493 auri
1321 4450 1446 4494 tunc
1472 4440 1606 4493 libra
1655 4440 1812 4493 serici
1859 4440 1986 4508 fuit.

414 4538 541 4593 Haec
574 4537 664 4591 ille
695 4540 745 4589 in
776 4534 974 4604 quibus
1014 4534 1189 4587 notari
1224 4533 1381 4599 cupio
1417 4551 1430 4587 :
1466 4548 1589 4586 cum
1620 4531 1820 4586 dicitur
1848 4533 1982 4585 libra

415 4629 602 4691 serici,
670 4643 774 4680 non
837 4626 1075 4679 sericum
1129 4638 1514 4692 quemcunque
1572 4639 1834 4691 pannum,
1894 4624 1990 4679 sed

414 4725 578 4778 simul
615 4720 898 4783 blatteum,
935 4720 1035 4771 hoc
1067 4725 1150 4770 est
1177 4731 1505 4785 purpureum
1539 4716 1761 4785 intelligi
1796 4733 1810 4771 :
1845 4717 1918 4771 uti
1938 4727 1992 4771 et

413 4834 538 4872 cum
590 4815 675 4867 fila
736 4815 985 4865 dicuntur
1049 4825 1179 4864 auro
1227 4810 1465 4877 pensari,
1520 4810 1603 4863 lila
1667 4811 1988 4881 bombycina

416 4922 580 4961 cocco
614 4906 778 4958 tincta
821 4904 1105 4970 cogitanda
1136 4912 1283 4962 sunt,
1317 4901 1452 4954 adeo
1486 4901 1599 4955 huic
1632 4917 1731 4954 usu
1772 4912 1825 4954 et
1857 4916 1985 4971 pre-

418 5003 493 5055 tio
540 4997 831 5063 cunjttucta
883 4997 1031 5049 vices
1081 4995 1181 5047 sibi
1242 4994 1472 5047 invitent
1519 4994 1583 5046 ad
1623 5004 1862 5047 mutuam
1916 4995 1995 5048 si-

418 5091 823 5161 gnificationem
899 5092 1179 5153 praestant.
1249 5082 1434 5152 Itaque
1509 5093 1563 5134 et
1632 5081 1793 5149 paulo
1864 5091 1991 5136 ante

417 5196 541 5234 cum
626 5177 765 5231 dixit
836 5172 1102 5243 Vopiscus
1171 5172 1312 5224 idem
1370 5185 1385 5224 :
1458 5167 1664 5223 Vestem
1734 5168 1991 5221 boloseri-

416 5290 533 5327 cam
600 5285 761 5340 neque
820 5269 929 5336 ipse
1005 5265 1059 5316 in
1128 5264 1374 5315 vestiario
1438 5278 1534 5316 suo
1603 5262 1841 5327 habuit;
1901 5277 1991 5314 ne-

415 5377 514 5433 que
592 5360 747 5412 alteri
826 5351 1075 5407 utendam
1162 5351 1341 5414 dedit,
1412 5365 1522 5402 non
1603 5363 1991 5419 quamcunque

418 5455 599 5518 forte,
677 5449 769 5503 sed
850 5458 1177 5515 purpuream
1263 5442 1631 5511 significavit,
1706 5452 1764 5495 ut.
1839 5451 1991 5496 tanto

417 5543 775 5601 cohaerentius
809 5547 1066 5607 sequatur
1130 5533 1274 5603 quod
1316 5534 1499 5588 statim
1568 5534 1735 5589 infert
1774 5536 1843 5589 de
1898 5550 1994 5591 ue-

414 5650 540 5709 gato
608 5636 760 5690 uxori
809 5633 968 5702 pallio
1026 5629 1265 5689 blatteo,
1342 5640 1409 5679 ex
1482 5625 1785 5681 holoserico
1855 5632 1989 5699 pu'r-

414 5745 581 5799 pureo
608 5726 878 5781 videlicet.
918 5719 1024 5775 Sed
1072 5731 1359 5788 pergarnus
1387 5716 1635 5781 exempla
1695 5717 1826 5769 dare
1858 5733 1990 5773 con-

410 5830 612 5893 juncta:
663 5816 956 5874 meutionis
985 5812 1182 5869 coloris
1214 5820 1266 5865 et
1294 5808 1447 5865 texti.
1480 5808 1533 5865 lu
1561 5806 1764 5866 Codice
1816 5809 1989 5868 Theo-

1566 373 2061 435 GLOSSARIUM
2105 369 2464 435 ANNEUM.

3535 374 3674 441 1218

2096 488 2211 542 dos.
2249 486 2353 556 leg.
2388 488 2468 551 l3,
2504 489 2585 542 tit.
2624 487 2690 542 de
2735 486 3069 557 Murilegulis
3098 489 3188 559 qui
3226 498 3308 544 est
3338 487 3408 542 20
3439 486 3561 542 libri
3588 504 3619 542 x
3653 497 3672 542 ς

2096 580 2364 646 Quoniam
2424 591 2686 634 trecentas
2715 597 2844 649 pene
2881 583 3047 634 libras
3079 584 3262 636 blattis
3313 585 3493 636 serica:
3527 580 3667 635 clan-

2095 671 2305 725 destina
2330 671 2623 740 fricatione,
2649 682 2756 726 etc.
2804 672 2859 726 In
2895 671 3095 727 Codice
3126 672 3422 728 iustiniani
3465 672 3676 726 serico-

2099 764 2267 817 blatta
2300 779 2408 818 uno
2441 762 2704 818 vocabulo
2746 763 2961 832 legitur.
2999 764 3061 818 Et
3116 764 3243 818 alibi
3292 780 3434 831 sepe
3476 763 3672 818 similia

2098 854 2279 906 videre
2309 862 2426 916 est;
2485 869 2609 906 nam
2668 853 2754 906 hie
2799 854 2910 922 jam
2944 870 3097 921 mqno
3161 854 3430 924 longiores
3464 867 3674 907 sumus.

2097 941 2235 997 Hine
2261 944 2462 998 factum
2500 954 2556 997 nt
2586 944 2698 997 sola
2728 945 2999 998 mentione
3028 945 3228 999 coloris
3259 946 3540 1015 purpurei,
3572 960 3671 998 usu

2098 1037 2268 1092 tacito
2334 1038 2525 1092 sericze
2562 1039 2806 1092 materia:
2842 1039 3052 1105 species
3082 1039 3438 1093 iudicaretur.
3481 1036 3678 1091 Narrat

2096 1142 2223 1184 ecce
2247 1130 2311 1182 de
2344 1126 2560 1183 Nerone
2609 1128 2905 1183 Suetonius
2942 1146 2955 1182 :
2994 1130 3169 1183 Aut-eo
3204 1146 3321 1182 eum
3371 1130 3469 1183 reti
3496 1130 3676 1197 piscu-

2096 1228 2207 1272 tum
2280 1229 2326 1273 et
2380 1218 2598 1287 funibus
2670 1235 2907 1288 purpura
2936 1236 3189 1290 coccoque
3216 1221 3385 1274 nexis.
3431 1219 3563 1284 Quis
3590 1220 3674 1272 hic

2094 1313 2239 1367 aliud
2271 1312 2525 1381 intelligit
2553 1327 2716 1380 quam
2769 1313 2927 1365 funes
2983 1312 3176 1367 sericis
3222 1312 3326 1365 illis
3384 1315 3674 1380 purpureis

2097 1403 2369 1460 intortos?
2420 1405 2567 1468 Quos
2634 1406 2876 1459 eamdem
2941 1420 3052 1458 rem
3104 1419 3412 1457 memorans
3450 1405 3674 1457 blatteos

2094 1497 2342 1568 apprime
2379 1496 2430 1549 in
2489 1510 2601 1549 rem
2633 1506 2873 1550 nostram
2908 1496 3044 1549 dixit
3074 1473 3382 1564 Eutropius,
3416 1497 3507 1549 uni
3554 1498 3673 1550 voci

2094 1590 2549 1661 significationem
2578 1591 2742 1644 serici
2787 1598 2971 1643 textus
3002 1600 3056 1643 et
3090 1590 3329 1644 coccinei
3370 1590 3475 1643 fuci
3506 1588 3676 1656 subji—

2094 1685 2265 1739 cieus.
2297 1682 2437 1750 Quid
2489 1681 2708 1736 Grzeci?
2747 1680 3125 1752 (Recentiores
3162 1683 3260 1736 hos
3296 1682 3420 1735 dico
3467 1680 3677 1751 Byzan-

2096 1774 2330 1828 tiuarum
2361 1783 2687 1829 tractatores
2712 1775 2917 1843 rerum)
2953 1789 3114 1843 quam
3155 1773 3319 1826 niulta
3349 1773 3511 1843 hujus
3541 1788 3676 1827 cou-

2094 1867 2402 1922 suetudiuis
2439 1867 2689 1935 exempla
2743 1866 3137 1935 suppeditant?
3171 1866 3387 1920 Nicetes
3437 1882 3579 1920 unus
3604 1868 3678 1920 sit

2095 1957 2252 2011 satis.
2287 1954 2534 2010 Aliorum
2598 1954 2908 2009 testimonia
2942 1967 3228 2010 occurrent
3263 1956 3406 2011 ultro
3454 1955 3678 2026 legenti-

2095 2048 2219 2102 bus.
2262 2034 2314 2102 ιε
2348 2047 2439 2101 ubi
2476 2046 2528 2100 in
2587 2046 2779 2101 Alexio
2807 2046 3085 2101 Comueno
3127 2045 3375 2112 Juuiore,
3424 2048 3562 2102 libro
3588 2063 3673 2112 ιιι,

2094 2139 2148 2192 in
2214 2138 2490 2207 plerisque
2569 2137 2856 2194 codicibus
2904 2137 3071 2194 habet
3158 2139 3290 2194 ἄνευ
3344 2139 3457 2192 τῶν
3516 2138 3680 2210 pia:-

2092 2229 2255 2295 τίων,
2314 2230 2416 2284 alia
2449 2230 2632 2295 lectio,
2660 2229 2802 2301 (quin
2830 2240 3106 2301 utcunque
3149 2240 3370 2301 putetur
3406 2233 3680 2299 margina-

2097 2323 2167 2378 lis
2191 2322 2487 2386 aduotatio,
2520 2322 2721 2375 veteris
2753 2329 2901 2376 certe
2931 2321 3269 2387 grammatici
3296 2332 3413 2387 est;
3451 2330 3507 2375 et
3534 2331 3589 2375 ut
3620 2325 3673 2377 in

2093 2430 2153 2469 re
2180 2413 2294 2477 tali,
2327 2413 2395 2467 de
2432 2414 2653 2467 notione
2688 2414 2836 2469 vocis
2896 2414 3097 2466 usitata
3150 2428 3251 2468 suo
3282 2421 3548 2483 tempore,
3577 2430 3675 2468 au-

2091 2507 2397 2562 ctoritatem
2437 2506 2620 2577 habet)
2671 2506 2800 2572 alia,
2846 2506 3084 2574 inquam,
3120 2506 3276 2561 lectio
3328 2505 3488 2561 habet
3535 2507 3675 2577 πλὴν

2089 2600 2199 2653 τῶν
2228 2599 2475 2668 σηρικῶν
2508 2600 2793 2669 νημάτων.
2826 2599 2964 2653 Alibi
3001 2596 3219 2653 Nicetes
3247 2598 3474 2668 βλαττια
3502 2598 3674 2652 πολλά

2092 2694 2294 2764 χρυσᾶ.
2333 2694 2390 2746 In
2422 2707 2543 2760 qua!
2595 2680 2759 2745 verba
2820 2691 3164 2760 paraphrasis
3217 2693 3359 2746 docti
3401 2705 3678 2762 gramma-

2091 2786 2185 2840 tici
2239 2787 2318 2840 sic
2374 2785 2579 2839 habet:
2616 2788 2823 2855 σηρικὰ
2875 2784 3274 2855 διαπλεχοέντα
3306 2771 3517 2853 χρᾶσῷ.
3551 2785 3671 2837 Alia

2093 2884 2305 2937 omitto.
2357 2880 2482 2936 Haec
2515 2882 2657 2934 enim
2710 2880 2923 2934 abunde
2970 2890 3093 2934 sunt
3151 2890 3209 2934 ut
3249 2890 3400 2933 recte
3429 2879 3675 2933 videatur

2094 2974 2148 3030 in
2207 2975 2520 3029 universum
2571 2973 2832 3028 statuisse
2876 2972 3182 3027 Salmasius
3223 2972 3375 3026 Notis
3427 2971 3491 3024 ad
3527 2972 3671 3023 Hist.

2091 3069 2229 3137 Aug.
2280 3068 2461 3137 script.
2498 3082 2622 3135 pag.
2681 3066 2807 3130 591,
2857 3068 3185 3119 recentiores
3240 3064 3461 3119 Graecos
3510 3062 3676 3131 βλατ-

2093 3160 2207 3211 τίον
2244 3176 2347 3212 ιιοη
2388 3175 2483 3228 pro
2515 3159 2685 3211 blatta
2727 3159 2807 3210 uel
2844 3173 3082 3225 purpura
3136 3155 3273 3220 sola,
3304 3156 3395 3209 sed
3457 3170 3553 3223 pro
3585 3171 3677 3206 ne-

2094 3260 2236 3302 mate
2261 3252 2430 3304 serico
2474 3250 2671 3303 blatteo
2722 3264 3027 3315 usurpasse.
3059 3248 3112 3301 In
3153 3263 3262 3316 quo
3304 3256 3432 3310 puto
3459 3244 3678 3299 Graecus

2094 3345 2360 3395 rationem
2410 3341 2664 3396 habuisse
2694 3342 2931 3409 aliquam
2965 3340 3190 3410 originis
3224 3338 3435 3392 ﬁlerunt
3465 3339 3675 3391 serico-

2096 3451 2215 3488 rum
2242 3449 2361 3503 qute
2395 3448 2422 3486 a
2456 3448 2668 3496 verme,
2708 3433 2810 3485 hoc
2841 3440 2925 3485 est
2954 3432 3120 3484 blatta
3146 3440 3289 3499 (nam
3311 3429 3484 3482 Blatta
3506 3432 3677 3482 iner-

2096 3526 2218 3579 dum
2244 3539 2534 3578 commune
2567 3539 2760 3577 nomen
2795 3524 2995 3576 vermis
3017 3524 3122 3588 est)
3148 3522 3486 3591 producitur,
3518 3522 3677 3590 vulgo

2098 3618 2357 3687 bombyce
2407 3618 2573 3671 dicto.
2628 3614 2781 3670 Unde
2834 3616 2978 3667 tilum
3035 3615 3208 3682 ipsum
3245 3629 3308 3667 ac
3343 3615 3446 3667 tela
3498 3629 3562 3667 ex
3611 3630 3678 3670 eo

2099 3718 2241 3761 texta
2291 3709 2521 3777 hombe
2580 3708 2800 3760 dicitur.
2849 3706 2989 3771 Quin
3041 3706 3203 3759 etiam
3259 3719 3454 3759 nomen
3500 3707 3674 3773 ipsum

2097 3800 2527 3871 vulgatissimum
2586 3799 2773 3865 serici,
2814 3815 2920 3851 non
2982 3814 3009 3850 a
3061 3796 3281 3851 Seribus
3337 3797 3552 3866 populis
3585 3806 3680 3851 aut

2098 3894 2270 3963 patria
2303 3908 2510 3957 eorum,
2546 3892 2689 3959 quod
2728 3892 2889 3960 vulgo
2926 3899 3140 3960 putant,
3180 3890 3224 3942 si
3256 3890 3529 3958 llesychio
3560 3891 3681 3957 qui-

2100 3985 2219 4037 dem
2262 3984 2552 4045 credimus,
2603 3982 2862 4045 dueitur,
2934 3981 3027 4034 sed
3087 3995 3116 4031 a
3182 3993 3306 4034 sere
3352 3993 3535 4032 verme
3567 3979 3681 4031 sive

2100 4077 2291 4133 blatta.
2326 4075 2402 4129 Ita
2438 4075 2581 4129 enim
2616 4074 2915 4144 Hesychius
2949 4073 3103 4142 εΣὴρ
3138 4071 3359 4141 σκώληξ
3386 4075 3413 4123 ὁ
3445 4072 3544 4139 τὴν
3580 4088 3679 4138 με-

2097 4169 2267 4231 τάξειν
2333 4168 2729 4237 ἐργαζόμενος,
2765 4168 2864 4219 hoc
2904 4175 3019 4227 est,
3056 4164 3157 4218 Ser
3212 4166 3402 4217 vermis
3453 4165 3680 4215 sericum

2098 4261 2263 4314 tellus
2292 4258 2551 4327 efﬁciens.
2591 4256 2772 4320 Quare
2818 4257 2993 4308 serica
3050 4256 3219 4309 vesris
3273 4253 3535 4322 peculiari
3591 4270 3680 4306 ra-

2098 4353 2246 4404 tione
2309 4350 2501 4412 blatta,
2553 4347 2749 4402 hlatlea
2787 4347 2869 4401 vel
2907 4347 3094 4398 blatlia
3125 4346 3342 4399 dicitur.
3413 4345 3515 4398 l’ra
3534 4355 3678 4398 terea

2100 4444 2228 4498 illud
2290 4442 2664 4495 admouuerim
2694 4458 2707 4493 :
2744 4455 2865 4493 cum
2901 4439 3101 4507 duplex
3162 4440 3431 4508 scriptura
3480 4440 3551 4491 sit
3585 4453 3687 4492 no-

2102 4535 2263 4588 minis
2288 4531 2578 4603 βλαττίονς
2624 4530 2791 4584 altera
2840 4530 3118 4599 geminato
3149 4547 3199 4593 τ,
3237 4529 3407 4583 altera
3457 4543 3519 4582 ea
3553 4529 3681 4580 sim-

2100 4626 2224 4695 plici
2272 4624 2453 4677 littera
2489 4642 2502 4677 :
2541 4638 2663 4690 qua:
2712 4622 2979 4675 hactenus
3033 4621 3268 4675 diximus
3305 4630 3515 4672 tantum
3549 4633 3682 4672 con-

2100 4716 2287 4772 venire
2318 4715 2395 4783 τῷ
2433 4714 2694 4783 βλιττίῳ,
2732 4711 3008 4781 quomodo
3062 4712 3253 4765 scribit
3291 4719 3345 4764 ct
3386 4710 3540 4763 Anna
3582 4725 3681 4764 no-

2100 4818 2211 4862 stra
2239 4818 2290 4862 et
2346 4805 2626 4859 Cedrenus
2664 4803 2715 4856 iu
2751 4802 2974 4856 Tiberio
3006 4802 3094 4867 lli,
3123 4804 3212 4858 ubi
3259 4810 3522 4855 memorat
3555 4818 3679 4856 στο-

2098 4900 2200 4961 λὰς
2230 4897 2548 4969 σωληνατὰς
2582 4895 2693 4949 ἀπὸ
2723 4894 3003 4966 βλαττέου.
3067 4897 3143 4950 Ex
3200 4895 3398 4964 quibus
3447 4893 3684 4950 fortasse

2103 5003 2213 5047 tum
2259 4990 2467 5045 Nicette
2510 4989 2627 5043 loca
2693 4996 2806 5042 tum
2864 4988 3053 5042 Codiui
3102 5004 3220 5056 qua:
3272 4988 3488 5059 βλατίον
3539 4989 3683 5041 scri-

2098 5083 2234 5137 bunt
2261 5095 2385 5135 cum
2424 5096 2455 5130 τ
2488 5075 2653 5148 ψιλῷ,
2676 5078 3001 5147 corrigenda
3030 5086 3178 5131 sunt.
3208 5077 3362 5143 Quod
3391 5092 3517 5131 vero
3543 5080 3683 5131 ratio

2098 5172 2385 5227 sententia:
2418 5170 2619 5226 alicubi
2665 5170 2834 5233 exigit
2871 5179 2930 5222 ut
2981 5167 3239 5238 βλαττεον
3290 5170 3540 5223 volumen
3581 5169 3677 5230 sit,

2098 5274 2280 5321 ortum
2336 5265 2505 5319 videri
2539 5271 2721 5333 potest
2755 5278 2819 5316 ex
2879 5276 2947 5316 eo
2997 5261 3140 5329 quod
3196 5262 3361 5329 panni
3410 5261 3679 5329 ejusmodi

2102 5357 2264 5415 serici
2300 5368 2589 5425 antequam
2629 5356 2681 5410 in
2713 5365 2903 5423 partes
2940 5355 3073 5409 secti
3102 5354 3381 5420 assutiqne
3411 5352 3463 5405 in
3500 5362 3680 5407 vestes

2098 5457 2305 5513 essent,
2336 5449 2387 5503 in
2423 5448 2698 5502 volumina
2747 5445 3226 5516 complicabantur
3258 5442 3491 5513 βλαττία
3519 5443 3683 5515 vulgo

2107 5542 2370 5595 vocitata.
2403 5537 2689 5594 Postremo
2717 5536 2848 5591 illud
2884 5548 3107 5591 monere
3148 5550 3255 5589 non
3288 5535 3534 5589 omittam
3572 5552 3678 5589 non

2100 5645 2226 5686 esse
2259 5636 2449 5685 contra
2482 5643 2597 5683 rem
2628 5642 2693 5680 ac
2726 5626 3053 5680 sententiam
3112 5636 3356 5679 nostram
3388 5624 3683 5678 stabilitam

2100 5721 2241 5776 bica
2303 5719 2461 5773 nobis
2491 5718 2668 5774 locum
2699 5716 2849 5771 illum
2880 5716 3095 5781 Codiui,
3133 5731 3254 5784 cap.
3282 5714 3336 5773 4.
3376 5730 3429 5767 ιι.
3459 5713 3553 5779 20,
3592 5715 3683 5768 ubi

2101 5813 2303 5871 mentio
2354 5818 2441 5870 est
2489 5807 2690 5865 λευκοῦ
2764 5807 3039 5868 βλαττίου.
3090 5808 3164 5867 Ut
3229 5809 3375 5868 enim
3430 5806 3682 5864 omittam
