4108 6410
423 358 558 426 i219

420 477 584 532 etiam
636 472 930 529 candorem
977 485 1231 543 purpura:
1277 468 1466 533 tribui,
1526 465 1712 522 llorat.
1762 463 1875 520 Sat.
1929 476 2000 526 vi,

419 567 516 621 lib.
552 580 593 620 tl
627 585 642 621 :

957 697 1135 754 Rubro
1164 699 1250 751 ubi
1277 714 1427 750 cocco

534 770 720 825 Tincta
753 787 908 842 super
936 770 1091 822 lectos
1116 770 1361 822 canderet
1387 768 1540 822 restis
1572 767 1794 820 eburnos
1821 782 1840 830 ;

437 923 568 962 sane
624 907 826 960 ferrum
867 907 989 974 igne
1021 913 1302 974 cmicrplo,
1337 903 1478 970 quod
1515 903 1753 956 candens
1787 900 2008 964 dicitur,

434 1015 764 1068 purpureum
797 998 1056 1065 fulgorem
1089 997 1269 1050 habet.
1306 996 1376 1050 Ut
1411 995 1854 1064 nonpertendam
1890 1009 2014 1046 meo

421 1091 544 1160 jure
569 1091 821 1158 quamvis
847 1089 1193 1144 eminentiam
1243 1089 1580 1156 splendentis
1605 1089 1655 1140 in
1681 1102 1779 1140 suo
1810 1101 2011 1154 genere

429 1183 630 1240 coloris
658 1197 952 1254 purpuram
991 1181 1266 1236 interdum
1312 1180 1594 1249 appellari.
1619 1179 1774 1234 Unde
1807 1194 2013 1250 purpu-

427 1286 530 1328 reae
573 1274 724 1325 nives
774 1272 930 1324 dicta:
983 1270 1359 1338 reperiuntur.
1403 1267 1536 1322 Illud
1586 1269 1743 1322 modo
1795 1269 1916 1322 dico
1947 1281 2011 1320 eo

426 1364 545 1429 ipso
572 1364 715 1432 quod
738 1360 978 1418 Collinns
1003 1362 1315 1432 significare
1346 1361 1532 1415 volens
1591 1359 1879 1426 logotheta:
1932 1359 1980 1425 pi
2001 1384 2014 1398 ι

430 1453 569 1506 lemn
591 1468 657 1508 ex
681 1455 856 1508 serico
883 1454 1005 1508 albo
1022 1453 1324 1521 splendenti
1347 1467 1491 1514 esse,
1515 1451 1720 1506 vocavit
1739 1450 1866 1504 illud
1887 1449 2014 1502 λευ-

432 1545 530 1597 κὺν
563 1543 841 1614 βλαττὶον.
883 1545 1018 1599 satis
1052 1545 1321 1598 indicasse
1363 1543 1618 1613 βλαττίον
1651 1543 1848 1605 solum,
1874 1542 2015 1597 seri-

432 1652 556 1690 cunt
589 1652 712 1694 esse
749 1652 1108 1706 purpureum,
1142 1653 1262 1706 quae
1289 1636 1473 1708 opinio
1509 1644 1700 1690 nostra
1751 1643 1836 1689 est
1872 1633 2014 1704 ωηιιί

436 1728 656 1786 lectoris
697 1729 926 1782 arbitrio
959 1727 1225 1795 subjecta.
1980 1742 1985 1745 ·

507 1838 754 1906 natum.
783 1837 904 1892 Lib.
935 1853 1053 1900 vttt,
1081 1853 1204 1906 pag.
1230 1836 1333 1892 227
1377 1853 1390 1888 :
1431 1836 1539 1889 Καὶ
1581 1835 1773 1894 ὁπόσοι
1805 1835 1898 1888 τὸν
1927 1850 2016 1888 νο-

440 1947 458 1996 t
484 1928 586 1982 ἁδα
615 1927 731 1997 βίον
760 1927 975 1984 εἴλοντο
1014 1925 1277 1996 (βλὰχους
1321 1927 1544 1984 τούτους
1571 1925 1608 1994 ἡ
1639 1923 1798 1994 κοινὴ
1827 1923 2019 1984 καλεῖν

431 2013 540 2076 οἶδε
574 2017 908 2088 διάλεκτος).
943 2017 1003 2074 Bt
1045 2027 1226 2075 tamen
1260 2016 1454 2072 Blaclu'
1477 2015 1794 2086 populorum
1823 2028 2018 2076 nomen

439 2123 523 2167 est
571 2113 814 2168 Moesiam
862 2113 1196 2182 superiorem
1265 2111 1635 2176 incolentium,
1694 2109 1786 2178 qui
1857 2107 2021 2167 hodie

438 2207 662 2263 Valacbi
689 2216 972 2268 vocantur,
1003 2206 1132 2261 olim
1178 2206 1412 2260 fortasse
1437 2220 1502 2262 ex
1531 2204 1748 2274 Scythis
1775 2201 2022 2260 nomadi-

443 2300 544 2354 bus
569 2310 625 2353 et
659 2297 1002 2354 hamaxobiis
1024 2301 1174 2367 vagis
1206 2297 1262 2352 in
1290 2298 1358 2352 iis
1389 2296 1621 2364 denique
1645 2295 1866 2352 sedibus
1888 2309 2020 2350 con-

442 2390 790 2460 quiescentes
821 2390 1002 2444 :unde
1029 2389 1316 2445 invaluet'il.
1349 2400 1406 2442 ut
1433 2388 1709 2458 proprium
1734 2396 1894 2444 antea
1928 2401 2020 2442 se-

436 2493 545 2536 ctae
575 2490 740 2548 atque
777 2480 1015 2535 instituti
1055 2493 1254 2535 nomen
1288 2479 1438 2548 genti
1469 2479 1810 2548 postmodum
1837 2476 2024 2532 adire.

439 2570 595 2628 serit.
653 2568 838 2638 Neque
866 2569 1012 2622 enim
1053 2582 1327 2637 nunquam
1365 2567 1543 2622 studia
1591 2567 1644 2620 in
1678 2565 1896 2636 generis
1931 2580 2024 2634 ap-

439 2661 784 2731 pellationem
818 2669 1103 2715 transeunt
1132 2661 1184 2713 iu
1217 2659 1510 2716 similibus.
1537 2657 1846 2714 Occurrunt
1876 2672 2025 2714 nunc

437 2753 588 2810 Corsi
607 2757 720 2812 sive
737 2753 812 2808 Co
821 2753 971 2808 rsiea
988 2750 1176 2806 insula:
1195 2751 1428 2805 cultores
1444 2751 1536 2818 qui
1554 2751 1810 2818 quoniam
1829 2764 2026 2820 oppor-

442 2845 667 2904 tunitate
690 2844 929 2900 littorum
947 2852 1002 2898 et
1017 2845 1243 2896 marium
1270 2843 1429 2896 illecti
1462 2843 1752 2911 priaticam
1767 2841 1896 2895 olim
1913 2850 2024 2895 stu.

441 2938 588 2998 (Ense
619 2935 960 2998 faetitabant,
995 2936 1117 2988 inde
1148 2934 1353 3002 vulgari
1387 2933 1646 2988 vocabulo
1669 2934 1874 3004 piratas
1909 2949 2026 2986 cor-

440 3029 609 3082 saires
627 3027 857 3080 dicimus
879 3043 894 3079 :
914 3027 988 3080 uti
1015 3036 1067 3079 et
1087 3024 1324 3079 latrones
1347 3024 1596 3094 brigands
1617 3039 1867 3078 vocamus
1886 3025 2026 3094 quod

441 3119 725 3190 Brigantes
758 3119 885 3173 olim
919 3118 1123 3188 Magna:
1153 3118 1441 3172 Britannia:
1485 3117 1664 3188 populi
1713 3117 2024 3171 latrocinio-

440 3228 568 3266 .rnm
623 3211 842 3268 infamia
897 3209 1319 3281 ﬂagrarentzut
1350 3211 1594 3266 omittam
1645 3209 2026 3264 Chaldaeorum

447 3319 646 3360 nomen
682 3307 878 3374 saepius
901 3303 1029 3357 olim
1061 3301 1366 3374 astrologiae
1397 3305 1632 3358 studium
1669 3317 1830 3371 quam
1850 3301 2026 3358 locum

455 3395 645 3463 patriae
671 3395 1004 3464 designasse.
1033 3392 1130 3448 Cui
1163 3395 1435 3462 geminum
1463 3403 1545 3448 est
1575 3394 1717 3463 quod
1745 3407 2023 3448 sacrarum

443 3487 772 3542 Litterarum
833 3486 1154 3554 interpretes
1223 3485 1489 3540 adnotant
1557 3486 1609 3539 in
1669 3484 1773 3539 illis
1847 3485 2029 3538 verbis

446 3579 706 3634 Proverli.
745 3594 904 3640 χχχι,
941 3577 1011 3632 25
1043 3594 1058 3631 :
1113 3575 1400 3634 Sindonem
1434 3576 1560 3646 fecit
1605 3586 1656 3631 et
1704 3576 1939 3630 vendidit
1980 3586 2027 3632 et

444 3670 716 3739 cingulum
739 3669 966 3727 tradidit
995 3670 1326 3737 Cltanantco,
1364 3667 1853 3723 Chananmumdici
1887 3684 2030 3722 mer-

445 3773 712 3818 catorem.
765 3761 871 3816 Sed
922 3763 1101 3819 nullus
1149 3762 1221 3816 sit
1270 3762 1393 3816 linis
1450 3763 1494 3815 si
1521 3777 1704 3816 curem
1738 3776 2031 3830 congerere

450 3863 643 3906 cuncta
681 3855 798 3920 ejus
856 3853 955 3912 loci
1005 3855 1276 3924 exempla.
1334 3851 1514 3908 Unum
1581 3853 1774 3907 addam
1827 3854 1894 3907 de
1924 3868 2031 3922 quo

453 3946 619 4000 fuerit
644 3961 828 4014 operae
858 3946 1092 4015 pretium
1124 3946 1418 4000 monuisse.
1443 3943 1680 3999 Joannes
1715 3944 2029 4009 Sinnamus,

456 4037 612 4106 cujus
634 4034 998 4089 Historiarum
1017 4035 1186 4089 libros
1220 4049 1396 4088 rerum
1412 4033 1776 4088 narrationem
1796 4033 2032 4088 indidem

461 4128 551 4181 ubi
612 4127 786 4181 Attnze
841 4137 1040 4182 nostrae
1075 4126 1292 4180 Alezias
1321 4126 1517 4180 desiuit
1552 4127 1898 4196 auspicantes
1929 4125 2034 4180 La.

453 4223 566 4275 tina
593 4220 843 4276 versione
889 4221 1308 4289 dcproperamus
1359 4220 1508 4275 brevi
1537 4219 1867 4287 prodituros,
1893 4219 2034 4274 libro

451 4313 692 4367 secundo
719 4311 964 4367 meminit
1003 4310 1422 4380 depraedationis
1475 4310 1749 4382 Mysorum
1783 4327 1904 4381 qua:
1945 4312 2030 4364 in.

456 4417 536 4457 ter
573 4402 805 4458 Cilicum
840 4412 896 4458 et
925 4403 1235 4462 Antiochia:
1271 4400 1444 4474 Syriw
1493 4404 1630 4457 lines
1662 4413 2028 4458 exerceretur.

459 4493 611 4550 Unde
671 4507 854 4550 autem
903 4492 996 4546 tali
1058 4495 1178 4548 loco
1219 4493 1396 4560 Mysi?
1442 4491 1646 4562 Nempe
1688 4493 1867 4564 Mysos
1900 4495 2036 4548 viles

456 4599 724 4654 personas.
766 4596 820 4640 et
871 4585 1143 4655 mancipia
1184 4586 1459 4655 intelligit,
1495 4586 1878 4656 signiﬁcatque
1927 4603 2036 4640 uta-

456 4691 630 4745 gnum.
677 4691 960 4730 numerum
996 4676 1322 4732 rusticorum
1357 4687 1411 4732 et
1441 4676 1626 4729 vilium
1673 4679 1905 4745 capitum
1941 4691 2037 4732 ca-

457 4775 575 4834 ptos
607 4774 663 4818 et
689 4765 939 4818 servituti
973 4763 1143 4820 fuisse
1161 4765 1429 4825 addictos.
1464 4765 1518 4820 ld
1552 4767 1687 4823 adeo
1715 4767 1838 4826 inde
1855 4776 2034 4822 ortmn

457 4857 732 4925 suspicari,
750 4856 834 4911 fas
863 4867 947 4912 est
987 4858 1137 4928 quod
1198 4859 1476 4928 Mysorum
1511 4873 1645 4929 gens
1691 4859 2036 4928 despicabilis

458 4957 512 5002 ιιι
534 4948 779 5003 servituti
802 4960 926 5002 nata
946 4949 1074 5004 olim
1100 4950 1386 5018 proverbio
1418 4949 1594 5004 locum
1617 4950 1843 5008 dederat
1865 4951 2036 5021 ἐσχαο

459 5057 550 5104 τος
577 5038 806 5102 Μυσῶν,
845 5055 966 5094 cmn
985 5040 1212 5107 alicujus
1242 5041 1432 5097 intima
1457 5041 1634 5096 vilitas
1662 5043 2036 5112 exaggeranda

456 5147 579 5188 cum
607 5133 899 5202 hyperbole
932 5141 1094 5194 esset.
1127 5132 1318 5187 Cicero
1363 5149 1458 5203 pro
1496 5133 1713 5198 Flacco,
1735 5144 1870 5189 sect.
1918 5133 1987 5188 65
2019 5151 2032 5188 :

464 5226 605 5291 Quid
626 5240 784 5293 porro
822 5225 878 5278 in
909 5223 1097 5279 (ἐνωοο
1145 5241 1386 5278 sermone
1413 5235 1521 5280 tam
1549 5227 1738 5280 tritum
1762 5235 1919 5298 atque
1952 5242 2040 5280 ce-

459 5319 726 5375 lebratum
771 5330 850 5374 est
905 5335 1063 5388 quam
1113 5321 1159 5373 si
1217 5321 1336 5388 quis
1375 5319 1678 5388 despicatui
1729 5319 1948 5374 ducitur
1979 5328 2037 5376 ut

461 5408 738 5478 Mysorum
778 5410 998 5464 ultimus
1027 5425 1142 5464 esse
1172 5404 1408 5473 dicatur,
1440 5409 1577 5464 etc.?
1602 5407 1771 5479 Igitur
1807 5417 1862 5463 ut
1899 5410 2032 5480 Mysi

464 5504 735 5570 uiaucipia
785 5502 936 5568 dicti,
989 5513 1046 5554 ut
1103 5501 1240 5558 bello
1292 5503 1432 5570 capti
1460 5502 1590 5556 dura
1625 5513 1678 5556 et
1725 5501 2036 5558 inclementi

459 5593 722 5646 servitute
747 5592 916 5650 habiti
950 5592 1128 5654 Sclavi
1169 5594 1282 5648 sive
1309 5594 1457 5648 Slavi
1490 5594 1738 5658 vocitati,
1773 5592 1871 5657 sic,
1907 5591 2040 5652 Bla-

460 5681 566 5744 chi,
600 5698 724 5735 eum
776 5685 953 5752 gentis
997 5699 1145 5754 vagae
1203 5684 1478 5754 proprium
1505 5693 1651 5740 esset
1685 5695 1911 5746 nomen,
1943 5697 2038 5753 ap-

463 5770 710 5835 Itcilative
739 5787 922 5843 postea
954 5777 1321 5848 designarent
1352 5775 1620 5836 instabilis
1646 5784 1694 5829 et
1727 5774 2038 5838 desultoria:

1591 344 2091 414 GLOSSARIUM
2123 339 2493 404 ANN;EUM.

3505 335 3509 339 ’
3545 329 3680 396 1223

2111 461 2235 513 vitae
2266 457 2558 521 Barbaros,
2586 453 2802 515 ἑλόντας
2821 451 2910 505 τὸν
2942 449 3149 522 νομάδα
3175 449 3310 523 βίον,
3345 448 3594 503 erratica:
3626 457 3685 502 et

2112 563 2378 617 nusquam
2416 547 2668 602 habentis
2695 545 3029 599 domicilium
3063 543 3182 594 vine
3213 540 3502 594 scutarius.

2180 641 2560 708 Βραχιόνιον.
2616 637 2736 690 Τῶν
2781 635 3097 706 Βλαχερνῶν
3141 633 3232 686 lib.
3266 649 3324 686 ll.
3363 631 3455 684 Est
3491 629 3688 700 opinor

2111 749 2300 792 murus
2351 733 2468 788 sive
2501 730 2738 786 ambitus
2789 730 3049 792 tenerior,
3088 725 3349 781 suburbio
3378 723 3688 782 Constanti-

2111 825 2425 894 n0politano
2449 822 2760 878 Hinc/ternae
2793 820 2939 875 dicto
2965 819 3358 873 circumdatus.

2180 916 2417 983 Βρεϐἰα.
2451 912 2693 981 Catalogi
2730 926 2980 965 vasorum
3006 923 3286 962 sacrorum
3309 917 3363 962 et
3390 906 3692 977 posscssio-

2114 1025 2238 1062 num
2264 1005 2518 1060 Ecclesia:
2561 1004 2654 1057 lib.
2693 1018 2766 1067 ιιι,
2800 1018 2920 1072 pag.
2958 1001 3058 1055 157
3095 1016 3112 1068 ;
3158 1009 3432 1068 sumptum
3487 1014 3551 1051 ex
3589 1013 3690 1051 usu

2115 1099 2281 1152 veteri
2313 1096 2562 1152 Ecclesiae
2592 1093 2818 1150 Latina.
2858 1093 3070 1148 Etenim
3105 1094 3330 1161 Optatos
3376 1091 3516 1144 libro
3539 1105 3577 1152 ι,
3613 1099 3688 1142 te-

2114 1200 2290 1246 statur
2320 1205 2334 1242 :
2369 1189 2612 1242 chartam
2645 1188 2696 1239 in
2737 1201 2844 1255 qua
2879 1185 3185 1253 conscripta
3213 1193 3397 1238 essent
3434 1181 3572 1236 bona
3597 1198 3691 1236 cc-

2116 1283 2419 1338 clesiastica
2453 1281 2652 1336 brevem
2687 1280 2903 1349 proprie
2938 1289 3204 1334 vocatam.
3445 1337 3450 1341 _

2182 1375 2430 1442 Βρύσις.
2457 1372 2573 1428 Lib.
2603 1389 2694 1435 xv,
2720 1390 2822 1426 non
2859 1372 3015 1441 longe
3045 1371 3109 1424 ab
3135 1370 3291 1424 initio
3334 1371 3428 1423 ita".
3463 1386 3693 1439 στρατο-

2113 1468 2327 1522 πεδεύει
2379 1467 2524 1522 κατὰ
2575 1465 2671 1535 τὴν
2724 1463 2916 1536 βρύσιν
2970 1463 3067 1516 τοῦ
3133 1463 3437 1533 Καρυκέως
3492 1463 3694 1514 nation-

2118 1556 2310 1627 μένην.
2348 1553 2468 1610 Non
2497 1565 2579 1610 est
2611 1555 2836 1610 dubium
2870 1555 2997 1624 quin
3030 1554 3222 1624 βρύοις
3252 1554 3323 1607 sit
3347 1553 3488 1607 fons.
3518 1551 3570 1606 ld
3599 1569 3696 1605 vo-

2113 1651 2196 1704 cis
2225 1651 2399 1719 ipsum
2431 1659 2652 1720 otymon
2687 1649 2906 1704 clamat.
2943 1647 3045 1704 Est
3092 1647 3239 1700 enim
3268 1662 3297 1700 a
3329 1645 3480 1716 βρύω
3509 1654 3699 1700 scatu-

2116 1741 2219 1798 rio.
2245 1742 2449 1796 Frater
2487 1756 2580 1796 eas
2621 1740 2975 1796 auctoritates
3003 1754 3142 1809 quas
3173 1738 3366 1794 recitat
3427 1737 3697 1792 Meursius

2115 1834 2315 1898 alieno,
2339 1834 2388 1890 ni
2417 1831 2594 1897 fallor,
2615 1830 2754 1896 loco,
2775 1845 2967 1900 nempe
2997 1831 3050 1889 in
3085 1839 3249 1887 verbo
3280 1828 3514 1902 βρισίον,
3550 1829 3696 1900 quod

2116 1925 2347 1982 alterius
2371 1923 2601 1992 originis
2622 1933 2676 1978 et
2705 1922 3044 1993 signiﬁcatus
3075 1930 3179 1976 est.
3221 1921 3358 1978 Puto
3388 1931 3572 1978 autem
3603 1921 3698 1974 de-

2119 2011 2329 2082 signari
2390 2009 2742 2079 peculiariter
2797 2013 2964 2066 verbo
3013 2010 3265 2082 βρύσιιως
3305 2010 3480 2065 locum
3519 2011 3694 2077 ipsum

2118 2103 2472 2173 scaturiginis
2506 2119 2570 2158 ex
2602 2117 2710 2173 quo
2743 2104 2992 2173 pretinus
3017 2103 3267 2162 hauritur
3295 2118 3311 2158 :
3342 2103 3412 2160 ad
3439 2102 3701 2156 differen-

2121 2198 2250 2252 tiam
2281 2194 2478 2266 πηγῶν
2521 2195 2615 2250 καὶ
2647 2195 2868 2266 κρηνῶν
2917 2195 3132 2250 illarum
3179 2211 3299 2267 qua;
3346 2195 3604 2266 operibus
3645 2195 3698 2250 in

2120 2287 2284 2346 urbes
2328 2287 2739 2354 inducebantur,
2779 2285 3081 2355 cujusmodi
3113 2296 3231 2342 erat
3284 2287 3317 2356 ή
3369 2287 3700 2357 ἑννεᾶικρου·

2127 2398 2216 2443 νος
2242 2379 2492 2436 Athenis.
2529 2379 2636 2434 Sed
2671 2379 2863 2436 horum
2895 2377 3122 2440 fontium
3152 2378 3393 2446 origines
3413 2380 3700 2446 oportebat

2121 2473 2304 2532 altiori
2342 2485 2464 2526 esse
2512 2472 2640 2538 situ,
2693 2469 2836 2530 unde
2859 2486 2952 2539 per
3011 2485 3238 2539 pronum
3269 2485 3378 2540 quo
3420 2479 3538 2524 erat
3563 2484 3702 2538 opus

2122 2565 2312 2622 deduci
2361 2574 2604 2634 possent.
2641 2566 2710 2622 At
2741 2563 2934 2634 βρύοις
2965 2564 3176 2620 videtur
3206 2563 3311 2618 dici
3359 2561 3478 2618 fons
3516 2561 3702 2616 humi-

2123 2658 2249 2721 lior,
2305 2657 2518 2725 qualem
2559 2656 2780 2725 optabat
2838 2654 3119 2710 Juvenalis
3174 2655 3301 2726 (sat.
3355 2653 3458 2723 ut),
3515 2655 3699 2708 villico

2123 2748 2255 2805 culti
2297 2750 2464 2816 horti,
2511 2757 2724 2815 puteum
2766 2762 2958 2816 nempe
2986 2749 3210 2813 ln'evem,
3240 2750 3340 2802 hoc
3369 2758 3473 2812 est,
3496 2763 3599 2802 non
3623 2747 3706 2802 al-

2127 2853 2262 2907 tum,
2294 2859 2386 2896 nec
2436 2852 2570 2896 reste
2615 2843 2948 2908 movendum,
2992 2857 3178 2898 verum
3205 2845 3344 2896 unde
3397 2858 3556 2896 manu
3587 2843 3702 2896 sola

2129 2949 2250 2990 cum
2290 2934 2450 2989 situla
2481 2933 2716 2987 demissa
2750 2934 2970 2988 haurire
3023 2933 3207 2988 liceat.
3265 2934 3582 3002 Quanquam
3615 2933 3702 2986 fu-

2128 3041 2251 3080 nem
2311 3041 2339 3079 a
2388 3025 2580 3095 βρύσει
2630 3041 2734 3079 ιιοιι
2769 3026 3009 3082 excludit
3060 3026 3320 3092 Codinus,
3365 3042 3485 3096 cap.
3529 3027 3582 3093 7,
3627 3026 3703 3080 De

2132 3117 2358 3188 Ofﬁciis,
2397 3134 2544 3172 num.
2571 3117 2659 3181 16,
2686 3133 2809 3188 pag.
2842 3119 2932 3186 9i,
2961 3118 3090 3174 edit.
3114 3117 3247 3188 Reg.
3281 3120 3370 3173 ubi
3403 3119 3479 3174 sic
3500 3119 3657 3174 habet
3685 3137 3700 3176 :

2128 3211 2288 3265 Κατὰ
2322 3210 2422 3280 μὲν
2452 3211 2514 3264 τὸ
2548 3212 2781 3268 παλαιὸν
2813 3213 2970 3277 ἐκτὸς
3001 3213 3102 3284 τῆς
3133 3212 3342 3278 πόλεως
3387 3213 3704 3268 ἀκολουθῶν

2127 3302 2206 3370 τῷ
2253 3302 2464 3372 βασιλεί
2507 3302 2557 3373 (ὁ
2586 3304 2876 3374 Πικέρνης)
2907 3303 3070 3376 ἔφερε
3103 3304 3382 3360 κιιιοὼνιον
3415 3304 3554 3374 μετὰ
3575 3305 3708 3361 ἀλύο

2131 3410 2304 3458 σεως’
2347 3395 2422 3458 ὡς
2463 3396 2527 3450 ἂν
2555 3397 2605 3448 εἰ
2637 3396 2694 3449 ιν
2749 3395 2909 3467 χρείᾳ
2945 3395 3156 3464 γένοιτο
3201 3399 3344 3450 πιεῖν
3390 3398 3555 3450 αὐτὸν
3592 3399 3703 3451 ἀπὸ

2133 3483 2334 3553 βρύσου
2369 3484 2475 3554 (al.
2509 3483 2740 3556 βρύσης,
2775 3485 2914 3540 torte
2961 3485 3230 3556 βρύσεως,
3265 3488 3298 3558 ἢ
3329 3486 3603 3558 ποταμοῦ)
3631 3488 3706 3558 δῷ

2131 3578 2290 3631 τοῦτο
2349 3579 2565 3650 (melius
2616 3578 2756 3636 forte
2821 3579 2969 3648 legas
3034 3579 3238 3651 τούτῳ)
3295 3583 3390 3635 καὶ
3445 3583 3568 3654 πίῃ.
3626 3583 3704 3636 lbi

2129 3669 2320 3734 ἅλυσις
2355 3685 2459 3724 non
2509 3680 2617 3725 tam
2651 3672 2716 3726 ad
2750 3673 3088 3730 commodius
3144 3675 3422 3730 ferendum
3479 3692 3709 3745 suspen-

2131 3779 2249 3818 sum
2279 3781 2310 3820 e
2349 3765 2600 3818 catenula
2634 3764 2912 3833 pocillum,
2944 3782 3103 3835 quam
3139 3768 3202 3820 ad
3235 3768 3517 3824 hauriendi
3551 3786 3704 3824 usum

2131 3857 2593 3911 accolttntmiatattt
2627 3857 2954 3912 mentionem
2989 3859 3169 3912 habet.
3203 3859 3318 3914 Non
3353 3876 3490 3931 nego
3527 3871 3648 3914 tam.
3673 3880 3704 3916 ιι

2133 3948 2318 4017 πηγὴν
2346 3957 2398 4000 et
2433 3947 2630 4018 βρύσιν
2669 3949 2783 4004 sive
2819 3949 3024 4020 βρύσην
3073 3966 3191 4006 esse
3221 3967 3536 4022 synonyma.
3572 3951 3706 4007 Ν.ιιιι

2132 4053 2294 4107 quem
2327 4039 2504 4094 locum
2547 4039 2878 4095 Βασιλακίου
2919 4042 3128 4113 βρύσην
3159 4045 3512 4114 Curopalates
3538 4047 3712 4101 couti—

2135 4143 2329 4187 nuator
2353 4133 2581 4188 Cedreni
2611 4136 2902 4190 vocitatum
2944 4142 3042 4203 ait,
3078 4139 3166 4194 ubi
3196 4141 3376 4196 σπι)δεί
3415 4141 3712 4198 Botaniatze

2134 4224 2368 4292 Augusti
2423 4224 2580 4295 jussu
2639 4225 2909 4284 Basilacio
2961 4239 3087 4285 sunt
3119 4233 3283 4298 oculi,
3317 4233 3470 4287 Anna
3527 4245 3710 4291 nostra

2133 4317 2446 4387 diligentius
2479 4330 2644 4374 totam
2683 4320 2976 4378 llistoriam
3009 4323 3327 4379 Basilaciani
3359 4326 3482 4381 belli
3515 4343 3576 4381 ac
3603 4328 3712 4382 cla-

2137 4409 2221 4468 dis
2276 4411 2522 4470 referens
2562 4411 2745 4483 πηγὴν
2785 4412 3123 4472 Βασιλακίου
3174 4417 3373 4472 dictum
3420 4419 3515 4474 ait.
3571 4418 3711 4484 Non,

2136 4503 2594 4568 quemadmodmn
2661 4506 2740 4558 vir
2790 4507 2980 4562 doctus
3013 4509 3064 4562 in
3113 4509 3270 4562 novis
3321 4511 3386 4564 ad
3438 4497 3709 4569 Codinum

2136 4593 2290 4648 Notis
2317 4611 2488 4664 nuper
2521 4597 2730 4661 docuit,
2765 4587 2889 4667 pag.
2944 4600 3036 4662 95,
3072 4602 3205 4656 cdit.
3241 4599 3286 4654 Β
3308 4602 3446 4672 gite,
3475 4605 3617 4672 qtmd
3645 4606 3712 4658 ab

2135 4685 2346 4753 effossis
2371 4685 2632 4742 Basilacii
2661 4690 2830 4742 oculis
2864 4692 3142 4760 sanguinis
3177 4691 3350 4760 fontes
3396 4695 3711 4760 erupissent,

2137 4775 2192 4829 in
2227 4791 2336 4844 quo
2369 4776 2503 4829 nihil
2541 4789 2813 4832 exczecato
2855 4778 3121 4832 Basilacio
3153 4783 3430 4850 pr0prium
3482 4783 3621 4849 fuit;
3655 4795 3714 4840 nt

2139 4867 2416 4930 omittam,
2441 4884 2549 4937 quo
2581 4879 2707 4923 tunc
2733 4870 2892 4924 modo
2925 4872 3320 4928 excarcatioues
3363 4875 3482 4929 ista:
3516 4877 3717 4930 ﬁebant

2137 4959 2448 5012 admotione
2478 4959 2693 5015 lamina:
2739 4961 3046 5025 candentis,
3103 4963 3269 5019 videri
3305 4965 3442 5018 citra
3495 4966 3717 5021 missio-

2138 5063 2260 5103 nem
2315 5049 2596 5118 sanguinis
2627 5051 2925 5117 perpetrnri
2971 5052 3195 5121 solitas;
3232 5055 3322 5108 sed
3362 5056 3504 5124 quod
3536 5059 3708 5112 comi.

2141 5139 2284 5207 gerit
2326 5141 2587 5194 escmcari
2641 5138 2962 5193 Basilacium
3021 5157 3186 5210 prope
3247 5143 3451 5197 fontem
3505 5161 3572 5198 ex
3608 5144 3713 5198 hoc

2140 5230 2332 5287 deinde
2386 5245 2516 5288 casu
2575 5231 3043 5298 cognominatum.
3096 5231 3309 5286 Vidcsis
3354 5237 3564 5290 Annam
3611 5237 3713 5290 sub

2138 5321 2372 5378 medium
2399 5321 2520 5375 libri
2548 5337 2564 5374 ι
2597 5319 2929 5392 Corrigenda
2981 5323 3303 5391 hincjobiter
3336 5341 3495 5391 prava
3532 5327 3713 5394 lcetio,

2137 5422 2193 5466 et
2222 5427 2286 5472 ex
2310 5427 2372 5468 ea
2408 5424 2534 5472 nata
2573 5429 2678 5468 non
2712 5426 2858 5468 recta
2910 5416 3286 5485 interpretatio
3320 5417 3422 5471 loci
3463 5419 3715 5487 Curopa-

2138 5504 2260 5566 iane
2285 5505 2338 5560 in
2371 5504 2676 5570 Botaniate,
2703 5523 2823 5577 pag.
2863 5507 2970 5564 866
3042 5509 3299 5570 editionis
3340 5510 3519 5579 Regia:
3552 5530 3567 5566 ;
3603 5514 3715 5566 Καὶ

2131 5595 2340 5650 ,ἔκτοτε
2391 5597 2420 5649 ὁ
2465 5597 2629 5661 τόπος
2693 5598 3009 5668 ὠνόμασται
3069 5599 3262 5670 βρύσις
3327 5601 3420 5654 τοῦ
3485 5603 3716 5657 Baeti:-

2154 5687 2298 5741 κίον.
2338 5687 2467 5752 Qua:
2499 5690 2577 5744 sic
2633 5689 2808 5744 reddit
2852 5691 3118 5757 interpres
3151 5707 3164 5744 :
3199 5691 3265 5742 Et
3299 5709 3362 5746 ex
3391 5710 3450 5746 eo
3489 5704 3715 5762 tcntpore

2139 5776 2284 5831 locus
2314 5779 2404 5833 ille
2455 5780 2754 5849 appellatus
2806 5792 2883 5836 est
2930 5784 3169 5852 fieittitus
3202 5782 3476 5839 Basilucii.
3514 5784 3714 5856 Lrgcre
