4108 6406
368 343 498 410 1221

363 464 510 516 enim
545 461 733 516 maluit
782 461 967 533 βρύξις
993 475 1158 530 quam
1197 458 1415 529 βρὺσις,
1465 467 1656 512 contra
1693 457 1940 512 codicum

369 553 530 607 (Νι-ιιι
560 569 577 618 ;
613 567 826 622 parum,
885 561 944 605 ut
985 549 1251 619 suspicari
1307 563 1537 618 pronum
1597 557 1701 615 est,
1735 546 1944 600 habens

365 649 725 710 coatperluut,
751 643 879 709 quid
912 641 964 698 id
993 641 1143 694 vocis
1173 650 1339 694 esset.

437 732 705 800 Βυκάνη.
733 732 854 786 Lib.
890 749 968 796 XI,
1000 740 1129 786 ante
1157 732 1420 797 medium,
1467 731 1538 785 al.
1569 729 1766 802 βυκινη
1803 731 1936 786 buc-

363 826 508 880 cina.
541 827 628 880 Sic
658 827 878 895 μήχανη
909 823 1181 889 machina,
1215 821 1458 894 τρυτάνη
1493 823 1714 875 trutina.

1121 956 1182 1009 Γ.

444 1075 791 1140 Γενούσιος.
863 1074 977 1128 Lib.
1039 1091 1132 1139 XI,
1179 1071 1462 1135 Γενούσιος
1511 1071 1697 1134 στόλος
1751 1069 1943 1125 cIaSsis

370 1167 690 1222 Geuttcusis.

442 1260 707 1326 Γήπεδα.
771 1260 888 1313 Lib.
949 1277 1037 1322 xv,
1081 1267 1201 1327 post
1259 1259 1516 1312 medium.
1571 1259 1720 1310 Hanc
1757 1271 1942 1310 vocem

369 1363 588 1407 Cllzll'ral
617 1354 930 1406 Eustathius
953 1353 1018 1406 ad
1046 1351 1213 1405 Iliad.
1248 1351 1298 1412 δ,
1339 1351 1422 1403 his
1452 1349 1665 1403 verbis:
1699 1347 1944 1418 Γήπεδον

376 1445 580 1514 μέντοι,
621 1443 682 1495 τὸ
729 1445 785 1495 ὲν
814 1443 967 1496 πόλει
1001 1445 1360 1512 προκείμενον
1396 1443 1597 1505 οἰκίας,
1634 1433 1747 1491 οἷον
1776 1439 1944 1506 κηπί-

367 1535 500 1588 διον.
542 1534 654 1589 Hoc
689 1544 773 1590 est.
826 1536 1064 1606 γήπεδον
1115 1545 1330 1588 vocatur
1384 1533 1579 1603 fundus
1648 1540 1739 1584 aut
1788 1541 1946 1584 terra:

367 1645 516 1696 pura:
548 1632 772 1699 spatium
809 1631 951 1684 intra
977 1630 1153 1684 urbem
1184 1631 1483 1699 contiguum
1509 1627 1730 1693 a'dt'buv,
1762 1626 1938 1696 cujus-

368 1722 510 1775 madt’
548 1735 624 1776 est
651 1723 856 1777 hortus.

444 1814 732 1870 Γλῶσσα.
785 1815 1432 1871 Prretcrusitatissimam
1481 1814 1738 1870 omnibus
1785 1827 1946 1866 voca—

369 1908 481 1962 buli
535 1909 694 1978 hujus
759 1910 1059 1973 notionem,
1117 1909 1278 1963 aliam
1339 1909 1389 1963 ei
1425 1909 1599 1974 valde,
1653 1909 1706 1962 ni
1766 1904 1944 1972 fallor,

368 2001 694 2069 singularem
730 2001 880 2054 Anna
923 2010 1105 2056 nostra
1136 2000 1375 2073 subjiclt,
1414 2001 1541 2056 dum
1570 1999 1650 2055 sic
1689 1999 1783 2054 lib.
1815 2014 1942 2064 χιιι,

367 2095 467 2147 sub
521 2093 753 2147 medium
790 2109 910 2164 pag.
944 2093 1071 2160 594,
1109 2094 1294 2150 scribit
1333 2110 1349 2148 :
1383 2094 1631 2158 Σκοποὺς
1667 2094 1726 2146 ἓν
1756 2092 1947 2161 διαφό-

371 2204 486 2259 ροις
522 2187 801 2257 ἐξέπεμπε
838 2187 1058 2252 τόποις,
1087 2188 1412 2258 περιαθρεῖν
1444 2187 1510 2241 τὰ
1537 2187 1666 2258 περὶ
1699 2185 1792 2240 τὸν
1821 2187 1949 2240 Βαῖ-

372 2278 622 2348 μςῦντον,
658 2279 751 2330 καὶ
779 2278 1027 2346 γλῶτταν
1068 2278 1214 2349 αὑτῷ
1245 2262 1454 2331 ὲκείόεν
1490 2278 1740 2348 κομίσαι.
1775 2277 1832 2332 1η
1861 2277 1946 2334 his

367 2372 498 2426 satis
534 2382 754 2440 apparet
784 2372 1032 2440 γλῶτταν
1057 2372 1162 2427 dici
1198 2381 1402 2427 certum
1435 2383 1487 2425 et
1516 2372 1851 2440 exploratum
1879 2372 1946 2427 de

371 2466 526 2518 hoste
557 2465 825 2517 llllttlllltll.
861 2463 1090 2518 Locutio
1123 2475 1202 2518 est
1233 2464 1316 2519 vel
1363 2465 1570 2534 origine
1605 2464 1832 2526 Gallica.
1860 2467 1946 2522 vel

369 2554 540 2608 sacris
563 2553 997 2622 expeditionibus
1023 2567 1052 2606 e
1081 2553 1285 2608 Grtecla
1342 2552 1395 2605 in
1451 2552 1678 2605 Galliam
1713 2566 1740 2603 a
1776 2551 1945 2608 Gallis

368 2657 677 2716 reportata;
715 2657 862 2700 certe
889 2646 1156 2714 hodieque
1185 2645 1266 2699 vel
1313 2647 1553 2700 maxime
1580 2646 1792 2716 vigens.
1854 2645 1944 2700 Sic

367 2740 510 2793 enim
537 2740 714 2816 “vulgo
761 2739 991 2793 dicimus
1022 2755 1034 2791 :
1067 2737 1302 2793 Prendre
1329 2738 1521 2808 langue
1570 2739 1659 2792 des
1690 2740 1942 2794 canentis.

378 2831 688 2896 Usurpatur
721 2833 848 2885 item
878 2832 1004 2886 alibi
1039 2832 1108 2885 ab
1137 2834 1288 2884 Anna
1321 2831 1572 2899 γλώττης
1622 2846 1814 2886 nomen
1853 2847 1948 2900 pro

373 2935 534 2978 terra:
565 2933 736 2978 tractu
777 2925 911 2978 mari
946 2934 1231 2994 prmteuto,
1259 2935 1351 2978 aut
1383 2926 1562 2993 potius
1607 2925 1657 2979 in
1691 2939 1840 2979 mare
1868 2927 1950 2979 in-

376 3029 651 3072 eat-rente.
686 3018 956 3087 Allegoria
995 3017 1327 3072 nostratibus
1348 3033 1563 3087 quoque
1586 3034 1689 3072 non
1715 3019 1946 3082 insueta,

379 3109 468 3178 qui
502 3109 765 3178 ejusmodi
805 3109 1173 3178 promontoria
1206 3119 1402 3164 vocant
1448 3110 1663 3180 langues
1694 3113 1756 3163 de
1788 3119 1946 3164 terre.

372 3200 551 3256 Locus
596 3212 680 3256 est
733 3201 826 3256 lib.
876 3217 990 3267 xu,
1045 3211 1163 3270 post
1212 3203 1354 3256 med.
1391 3218 1404 3254 :
1439 3204 1574 3255 Κατ’
1621 3203 1792 3276 αὐτὴν
1847 3201 1948 3274 τὴν

369 3293 626 3362 γλῶσσαν
677 3294 885 3347 axem-Sa
928 3295 1243 3348 κατέλιπον.
1298 3293 1412 3349 Nisi
1464 3294 1684 3363 γλῶσσα
1749 3295 1946 3351 fretum

373 3396 467 3439 aut
503 3387 785 3455 trajectum
824 3387 910 3440 hic
943 3387 1121 3456 potius
1151 3395 1328 3443 sonat.

442 3478 732 3544 Γόνατος.
770 3477 888 3532 Lih.
920 3493 996 3547 ιι,
1031 3493 1154 3548 pag.
1187 3479 1312 3534 511.
1366 3477 1572 3534 Nomen
1631 3481 1794 3534 turris
1849 3479 1946 3536 Ni-

371 3569 614 3623 emensis.

1116 3684 1176 3737 A.

441 3795 752 3850 Διαλαλιὰ.
800 3796 1072 3866 Edictum,
1122 3797 1440 3862 admonitio,
1488 3801 1564 3853 cri
1603 3800 1803 3870 public,
1849 3803 1943 3861 lib.

369 3902 494 3954 vui,
528 3898 647 3956 post
672 3889 812 3944 med.

443 3981 865 4049 Διακράτησις.
900 3981 1200 4050 Possessio,
1248 3983 1342 4040 lib.
1378 4001 1509 4051 χιιι,
1563 3987 1614 4040 in
1656 3989 1804 4058 pacis
1861 3988 1947 4043 in-

370 4084 674 4130 strumento
707 4074 1059 4128 Baimuudum
1086 4076 1227 4129 inter
1247 4086 1301 4130 et
1323 4077 1593 4133 Alexium.

442 4165 770 4219 Δ-ουκάτον.
803 4163 924 4219 Lib.
955 4181 1079 4233 xm,
1107 4166 1353 4231 ducatus,
1390 4167 1438 4222 ιε
1462 4169 1651 4224 άυεΙιέ.

1130 4301 1192 4357 Ε.

444 4419 716 4490 ,Εαρτνὸς
749 4420 980 4486 καιρός,
1029 4416 1108 4471 La
1165 4434 1472 4487 campague,
1535 4435 1697 4476 omne
1734 4432 1946 4495 tempus

373 4531 480 4584 quo
509 4513 707 4568 bellum
751 4511 864 4583 geri
916 4511 1018 4565 sub
1069 4511 1157 4564 dio
1206 4520 1420 4579 potest,
1473 4528 1502 4566 a
1557 4527 1682 4568 vere
1732 4517 1798 4568 ad
1848 4532 1946 4570 au-

376 4615 644 4659 tumnum.
677 4601 796 4658 Lib.
831 4616 909 4667 ix,
945 4602 1123 4658 initio.
1735 4605 1738 4608 ’

447 4696 803 4764 Ἐγχόρηγα.
872 4693 1138 4749 Dicuntur
1202 4692 1408 4763 lapides
1487 4695 1554 4750 ad
1618 4707 1944 4754 structuram

371 4787 600 4857 peregre
637 4785 878 4849 advecti,
937 4803 1046 4840 non
1081 4785 1316 4841 indidem
1353 4786 1440 4840 ubi
1478 4787 1780 4844 aediﬁcatur
1811 4806 1951 4846 sum-

371 4877 476 4951 ‘pti,
525 4879 613 4933 lib.
651 4894 733 4934 ιιι.
785 4877 983 4934 Portus
1019 4879 1484 4950 Constantinopoli
1524 4879 1793 4936 Bucoleon
1851 4899 1950 4952 ap-

377 4975 625 5047 pellatus,
657 4973 856 5027 dicitur
890 4983 1115 5028 ornatus
1155 4971 1270 5042 jam
1307 4975 1437 5028 olim
1473 4974 1642 5030 fuisse
1671 4975 1738 5028 δι’
1789 4979 1954 5048 ἐγχο³

381 5068 564 5138 ρήγων
593 5063 687 5118 καὶ
719 5063 1050 5134 μαρμάρων.
1077 5062 1196 5118 Lib.
1223 5081 1276 5120 ιιι
1311 5065 1468 5136 paulo
1498 5077 1624 5121 ante
1648 5068 1833 5133 linem,
1853 5085 1947 5124 arx

378 5159 443 5212 a.l
482 5156 797 5210 Laodiceam
830 5163 1102 5209 exstructa
1156 5158 1354 5212 dicitur
1384 5158 1450 5210 δι’
1483 5158 1816 5230 ἐγχορήγου,
1868 5161 1950 5213 ιιί-

382 5248 578 5302 mirum
630 5261 695 5300 ex
755 5245 980 5299 materia
1029 5244 1185 5314 longe
1219 5251 1447 5304 navibus
1498 5251 1811 5318 importata.
1861 5251 1951 5306 Sic

380 5339 522 5393 enim
547 5337 651 5392 loci
681 5339 946 5392 sententia
977 5337 1148 5407 exigit
1177 5353 1336 5407 quam
1370 5339 1462 5409 qui
1513 5343 1752 5395 atlendet
1795 5341 1952 5396 intel-

378 5431 508 5501 liget
539 5445 719 5484 arcem
770 5429 824 5482 in
884 5428 1061 5483 hostili
1107 5428 1224 5483 solo
1280 5438 1334 5487 et
1386 5433 1438 5484 in
1493 5433 1680 5486 sabulo
1746 5433 1951 5503 trepide

377 5534 636 5578 structam
689 5539 792 5577 non
830 5520 934 5576 nisi
974 5521 1190 5576 aliunde
1221 5520 1381 5577 illata
1435 5523 1689 5578 nidiﬁcari
1725 5527 1952 5580 materia

377 5616 640 5687 potuisse.
1434 5685 1437 5688 .

447 5704 752 5760 Ἐθνικόν.
803 5705 876 5757 Τὸ
908 5705 1139 5759 ὲθνικόν.
1199 5703 1383 5758 Militia
1434 5706 1783 5762 auxiliarium
1821 5725 1953 5780 gen-

381 5801 535 5867 tium,
567 5797 658 5854 lib.
695 5814 766 5853 tv.
804 5799 1107 5870 Aliquando
1152 5799 1489 5868 dubitabant,
1523 5814 1589 5855 an
1644 5817 1748 5858 non
1784 5802 1953 5858 eccle-

1530 341 2025 404 GLOSSARIUM
2053 339 2403 402 ANNEUM

3506 340 3643 404 19.22

2057 456 2277 512 siastice
2311 471 2412 510 vox
2449 467 2510 510 ea
2560 451 2632 506 ibi
2667 465 3026 523 usurparctur
3075 469 3174 526 pro
3205 451 3513 510 inﬁdelibus
3540 455 3632 524 qui

2052 548 2203 602 multi
2238 547 2540 603 militabant
2565 544 2665 602 sub
2691 545 2879 607 Alexio
2917 563 2930 600 :
2967 546 3129 609 Turci
3161 546 3374 602 saltem.
3427 547 3629 601 lterum

2053 641 2316 708 repetitur
2337 640 2431 695 lib.
2465 655 2538 693 vt.

2124 731 2379 789 Ἐκεῖσε.
2425 732 2690 790 Peculiari
2753 735 2971 788 notione
3031 742 3325 804 usurpatur
3376 733 3443 786 ab
3474 736 3626 786 Anna

2058 836 2154 888 pro
2189 820 2471 887 ἐπέκεινα,
2505 823 2671 888 ultra,
2705 825 2770 878 ad
2800 823 3132 891 designanda
3162 823 3276 876 loca
3306 834 3452 877 trans
3485 823 3632 878 limi-

2051 924 2178 969 tum.
2214 916 2304 971 Sic
2327 917 2514 972 eadem
2554 917 2704 980 alibi,
2733 917 2910 969 ἐκεῖσε
2928 915 3021 968 τοῦ
3051 916 3366 978 Δανούῦεως
3403 917 3622 986 ῥέοντα,

2053 1009 2115 1062 de
2145 1009 2378 1076 quodam
2417 1011 2582 1066 ﬂuvio
2613 1009 2748 1062 ultra
2774 1009 3100 1064 Danubium.
3138 1010 3206 1063 Et.
3229 1011 3381 1064 initio
3423 1010 3518 1064 lib.
3538 1025 3630 1074 xv,

2051 1102 2231 1154 ἐκεῖσε
2295 1103 2358 1156 de
2391 1102 2514 1158 Asia
2574 1103 2806 1167 dicitur;
2843 1104 3040 1172 quippe
3071 1103 3210 1156 ultra
3266 1105 3462 1157 fretum
3499 1103 3628 1157 sita.

2055 1190 2344 1247 Scribebat
2389 1193 2640 1249 videlicet
2687 1192 2840 1246 Anna
2870 1190 3338 1263 Constantinopoli
3394 1193 3471 1246 cis
3507 1191 3634 1246 llel-

2053 1285 2383 1352 lespoutum.

2123 1380 2576 1447 Ἐμπεριϐόλως.
2631 1378 2746 1436 Lib.
2780 1395 2808 1431 v
2853 1391 3119 1442 extremo,
3171 1380 3321 1432 Anna
3376 1380 3478 1432 huc
3536 1379 3632 1429 ad-

2056 1471 2299 1524 verbium
2338 1472 2600 1540 impendit
2630 1471 2949 1540 eXpIicando
2995 1471 3312 1524 charactere
3357 1467 3470 1521 Itali
3531 1468 3634 1522 So-

2053 1561 2244 1629 phistae
2276 1565 2360 1616 cui
2396 1564 2776 1633 στρυφνότητα
2812 1563 2907 1615 καὶ
2937 1561 2997 1614 τὸ
3028 1561 3392 1632 ἐμπερίϐολον
3421 1560 3630 1615 tribuit.

2053 1651 2167 1708 Hoc
2192 1653 2318 1720 quid
2350 1653 2414 1710 sit
2449 1653 2723 1724 explicare
2747 1668 2853 1706 non
2878 1651 3034 1720 hujus
3067 1667 3243 1724 operae
3269 1651 3444 1706 fuerat
3468 1650 3631 1706 verba

2054 1745 2314 1798 duntaxat
2366 1757 2504 1796 nova
2568 1758 2838 1811 exponere
2888 1759 3159 1812 aggressa:
3218 1758 3231 1794 :
3287 1743 3389 1796 nisi
3435 1742 3633 1798 Lexira

2055 1831 2297 1900 vulgaria
2337 1847 2528 1901 parum
2565 1833 2651 1886 hic
2681 1831 2914 1887 feliciter
2948 1844 3255 1902 susu-ptam
3295 1833 3629 1902 previnciant

2054 1931 2306 1995 gererent
2345 1922 2535 1994 (llenr.
2568 1921 2831 1992 Stephan.
2894 1936 3024 1980 tum.
3062 1923 3080 1978 Ι
3147 1923 3299 1980 Thes.
3357 1928 3461 1981 col.
3493 1925 3632 1994 696;

2053 2017 2446 2076 Constantinus
2475 2017 2627 2073 verb.
2657 2017 3045 2088 ὲμπερίϐολος)
3098 2017 3263 2072 Aiunt
3297 2018 3440 2073 enim
3473 2018 3637 2087 λόγον

2054 2109 2425 2182 ἐμπερίϐολον
2465 2111 2766 2166 orationem
2799 2103 2920 2164 esse
2950 2121 3196 2165 ornatam
3228 2117 3279 2163 et
3306 2111 3633 2178 elegantem,

2053 2216 2156 2256 nec
2179 2212 2392 2268 esacte,
2443 2202 2545 2257 nisi
2581 2201 2760 2268 fallor,
2817 2217 2915 2256 nec
2971 2203 3105 2257 satis
3141 2203 3206 2257 ad
3245 2212 3480 2256 mentem
3519 2205 3637 2274 ejus

2058 2294 2202 2348 unde
2228 2293 2532 2348 hauserunt
2565 2295 2745 2348 Budaei
2773 2294 2865 2348 τοῦ
2909 2294 3072 2358 πάνυ,
3112 2295 3204 2363 qui
3235 2294 3390 2364 plane
3421 2296 3636 2349 subtili-

2057 2394 2139 2438 ter
2197 2394 2250 2439 et
2311 2385 2521 2438 erudite
2575 2383 2724 2437 vocis
2777 2384 2938 2452 hujus
3002 2387 3274 2438 notionem
3337 2385 3634 2450 edisserit,

2055 2492 2178 2549 pag.
2235 2477 2337 2531 467
2395 2477 2925 2534 Εοῑιιιηοιιῑιιιῖοιιιιιι
2975 2493 3220 2542 suorum,
3265 2478 3396 2531 edit.
3455 2475 3632 2533 Paris.

2056 2573 2181 2627 anni
2231 2572 2400 2637 l548;
2459 2570 2841 2640 concluditque
2895 2570 3195 2639 perspectis
3241 2569 3493 2624 omnibus
3542 2571 3636 2620 τὸν

2054 2663 2414 2736 ἐμπερίϐολον
2445 2663 2603 2729 λόγον
2631 2664 2829 2732 opponi
2859 2661 2934 2733 τῷ
2971 2660 3198 2732 καθαρῷ
3236 2676 3368 2730 puro
3390 2661 3630 2714 sermoni

2056 2761 2308 2826 nudoque
2338 2774 2352 2810 :
2386 2775 2412 2809 ιι
2445 2772 2552 2826 quo
2603 2758 2827 2810 tnultmn
2877 2771 2980 2808 non
3019 2754 3280 2807 abhorret
3315 2754 3481 2805 Anna:
3541 2769 3638 2804 uo-

2056 2861 2184 2905 Stras
2236 2851 2512 2904 sententia
2546 2865 2560 2901 :
2597 2863 2715 2916 cpite
2745 2847 2860 2900 Itali
2895 2848 3196 2901 orationem
3227 2853 3447 2912 tectam,
3477 2845 3632 2898 solli-

2056 2944 2244 3008 citam,
2278 2944 2624 2999 cautionibus
2675 2942 3073 3010 przemuuitam,
3131 2941 3360 3006 indeque
3415 2940 3638 2992 minime

2058 3053 2246 3106 puram
2283 3053 2347 3092 ac
2378 3037 2678 3106 simplicem
2728 3035 2897 3089 fuisse
2925 3035 3102 3088 docet.
3151 3032 3282 3086 Nam
3317 3031 3636 3102 elegantiam

2057 3131 2274 3199 quidem
2309 3131 2442 3184 adeo
2488 3129 2537 3181 ei
2565 3128 2767 3181 nullam
2829 3126 3042 3189 tribuit,
3091 3134 3149 3180 ut
3203 3139 3402 3193 passm
3441 3125 3636 3176 barba-

2057 3223 2242 3276 rismis
2291 3231 2346 3275 et
2407 3220 2826 3290 stribiligiuibus
2880 3219 3199 3273 lutulentum
3259 3218 3480 3284 ﬂuxisse
3553 3232 3637 3270 rc-

2055 3314 2376 3384 prehendat.

2125 3407 2471 3475 Ἐξισότης,
2507 3421 2628 3477 pag.
2661 3405 2787 3460 ρει).
2821 3403 3018 3470 Judex,
3080 3413 3300 3472 praeter,
3361 3404 3634 3473 inspector

2054 3513 2298 3571 praesens
2343 3509 2398 3554 et
2453 3499 2782 3567 compositor
2828 3511 3006 3550 rerum
3047 3495 3100 3549 in
3141 3495 3476 3565 provinciam
3513 3508 3638 3548 cum

2056 3598 2321 3658 potestate
2353 3590 2571 3643 missus.
2640 3586 2771 3641 Vide
2817 3587 3040 3641 Suidam
3089 3595 3141 3640 et
3192 3583 3362 3639 Notas
3391 3583 3544 3640 Post.
3582 3585 3634 3639 in

2053 3681 2383 3745 Cedrenum,
2411 3682 2476 3733 ad
2509 3696 2630 3749 pag.
2662 3679 2788 3734 59l.

2127 3771 2616 3836 Ἐξιππάζεσθαι.
2669 3768 2789 3826 Lib.
2819 3785 2894 3832 Iv,
2952 3778 3074 3838 post
3106 3769 3340 3821 medium
3372 3785 3386 3821 :
3418 3769 3638 3824 omissis

2056 3865 2270 3936 equites
2300 3866 2454 3931 equis
2481 3863 2662 3916 subito
2690 3863 2898 3931 pedites
2931 3861 2982 3914 iu
3014 3863 3221 3915 hostem
3253 3861 3468 3914 vadere.

2125 3955 2526 4020 Ἕξκουϐιταί.
2561 3955 2606 4007 Α
2639 3963 2786 4007 recto
2831 3953 3116 4022 singulari,
3161 3952 3507 4023 ὲξκουϐιτής.
3545 3951 3638 4008 Sic

2056 4049 2214 4121 plane
2269 4049 2554 4116 legendum
2587 4047 2679 4101 lib.
2714 4061 2788 4110 tv,
2822 4045 2966 4098 eirea
3002 4043 3262 4109 medium,
3329 4045 3418 4098 ubi
3469 4046 3638 4098 codex

2057 4153 2243 4196 noster
2272 4140 2586 4205 ἐξουϐιτῶν,
2621 4140 2740 4194 sine
2769 4139 2933 4193 dubio
2961 4139 3086 4201 ullo,
3139 4153 3236 4207 pro
3279 4136 3636 4202 ἐξκουόιτῶν,

2059 4235 2242 4289 habet.
2297 4232 2470 4288 Porro
2531 4231 2855 4301 ὲξκουϐιτής
2911 4231 3051 4284 idem
3095 4230 3237 4299 quod
3273 4229 3637 4299 ὲξκουσίτωρ,

2056 4327 2200 4396 quod
2231 4326 2556 4380 vocabulum
2589 4338 2710 4379 cum
2740 4333 2794 4378 et
2841 4322 3109 4376 Meursius
3159 4332 3211 4376 et
3250 4322 3481 4376 Carolus
3527 4323 3641 4375 Διι-

2058 4419 2207 4473 nibal
2233 4415 2506 4472 Fabrotus
2537 4418 2588 4470 iu
2621 4418 2736 4471 suis
2768 4415 3062 4471 Clossariis
3097 4414 3384 4483 diligenter
3413 4429 3639 4469 enarra-

2059 4513 2256 4571 verint,
2289 4511 2509 4563 verbum
2547 4525 2651 4562 non
2684 4509 2902 4562 addam.

2131 4603 2561 4668 Ἐξκουσιὶτος.
2615 4601 2818 4656 Nomen
2869 4601 3044 4655 navis.
3101 4598 3220 4654 Lib.
3256 4615 3310 4662 ι,
3369 4608 3488 4668 post
3519 4614 3636 4653 tne-

2060 4695 2204 4750 dium
2231 4711 2245 4748 :
2289 4693 2606 4747 Ἀπέστειλε
2631 4692 2724 4744 τὸν
2752 4691 3087 4759 καλούμενον
3134 4690 3388 4758 δεύτερον
3419 4689 3637 4758 κόμητα

2063 4791 2204 4862 μετὰ
2252 4788 2346 4842 τοῦ
2395 4789 2528 4840 ἰδίου
2576 4787 2873 4856 κατέργου,
2929 4783 3262 4848 ὲξκουσάτου
3317 4782 3475 4852 παρὰ
3524 4783 3639 4844 τοῖς

2060 4885 2338 4946 ναυτικοῖς
2364 4879 2729 4948 καλουμένου.
2759 4877 2955 4934 Comes
2988 4878 3074 4931 hic
3099 4876 3373 4931 secundus
3404 4873 3640 4929 fortasse

2061 4976 2109 5030 is
2139 4985 2231 5028 aut
2265 4975 2313 5030 ei
2352 4973 2548 5028 similis
2598 4971 2765 5025 fuerit
2799 4985 2958 5038 quem
2997 4968 3438 5024 contramiralem
3467 4967 3638 5020 nostri

2061 5068 2250 5122 dicunt
2283 5083 2298 5120 :
2326 5065 2480 5134 cujus
2512 5064 2664 5117 navis
2697 5079 2724 5116 a
2774 5062 3025 5131 pmtoria
3077 5061 3317 5114 secunda
3367 5057 3638 5111 Excumta

2061 5158 2242 5212 vocari
2275 5141 2431 5212 solita
2466 5165 2610 5209 esset
2642 5170 2670 5208 a
2711 5153 2962 5208 nauticis.

2132 5247 2599 5313 Ἐξουσιαστής.
2659 5245 2775 5300 Lib.
2833 5261 2919 5310 λι,
2971 5252 3092 5314 post
3128 5244 3296 5305 med.,
3357 5241 3637 5312 princeps,

2061 5342 2341 5414 loparcha,
2379 5341 2630 5411 dynasta.

2129 5432 2662 5502 Ἑξουσιοκράτωρ.
2715 5431 2830 5487 Lib.
2878 5446 2979 5485 xui
3009 5471 3023 5496 ,
3067 5430 3167 5484 sub
3196 5427 3334 5482 med.
3366 5441 3379 5477 :
3409 5425 3512 5480 Τὸν
3545 5424 3638 5489 ἐξ·

2062 5527 2460 5596 ουσιοκρὰτορα.
2512 5524 2833 5595 Ῥωμῑσκην
2895 5522 2956 5576 τὸ
3002 5521 3174 5588 δεξιὸν
3219 5520 3486 5589 ἐπέχοντα
3540 5519 3637 5572 κέ-

2068 5637 2187 5690 ρας.
2235 5617 2487 5671 Militaris
2521 5617 2573 5669 id
2605 5616 2955 5686 magistratus
2987 5627 3204 5667 n0mcn.

2135 5709 2506 5775 Ἐξὼπολον.
2554 5707 2717 5763 Forte
2788 5706 2977 5761 melius
3037 5703 3352 5771 ὲξώπυλον,
3389 5703 3483 5760 lib.
3543 5715 3636 5770 Vt,

2062 5818 2190 5876 pag.
2219 5801 2347 5874 180,
2376 5802 2616 5860 exterior
2638 5798 2875 5857 ambitus
2910 5811 3208 5855 murorum.
