4108 6400
465 361 600 426 1-223

530 468 947 526 Ἐπισκὺνιον.
981 464 1230 533 Antiqua:
1275 459 1636 516 institutionis
1667 475 1806 524 vox;
1856 457 1950 511 sed
1986 456 2038 508 in

463 581 569 636 qua
609 561 850 616 nonnihil
881 561 1035 613 Anna
1071 568 1256 612 nostra
1308 553 1646 622 καινοτομεϊ.
1704 551 1757 605 Id
1803 564 1910 620 quo
1959 549 2044 601 in-

465 659 758 726 telligatur,
794 670 954 723 quam
994 649 1330 712 necessario,
1369 657 1474 700 tam
1513 644 1750 699 breviter
1791 651 2042 710 repeten-

465 757 588 806 dum
624 764 726 816 est,
761 751 901 820 quod
941 748 1179 802 nationis
1226 745 1349 798 huic
1391 743 1558 796 verbo
1592 738 1928 808 subjccerint
1954 751 2048 790 ve-

467 857 629 897 teres.
704 828 1017 895 Eustathius
1068 839 1132 891 ad
1205 836 1400 905 Odyss.
1457 850 1494 901 η
1544 848 1558 883 :
1605 830 1952 884 Ἐπισκυνίου
2011 827 2047 898 ή

467 933 738 1004 ἑρμηνεία
787 930 939 1000 παρὰ
987 930 1100 989 τοῖς
1163 927 1417 988 παλαιοῖς
1475 922 1657 991 αὕτη·
1725 920 2049 975 ὲπισκύνιον

465 1026 609 1093 ὑπ’ὲρ
669 1022 843 1092 ὀφρὺν
901 1017 1253 1089 ὲποφρύδιον.
1326 1017 1467 1071 Idem
1530 1015 1656 1069 alibi
1713 1027 1907 1081 nempe
1977 1010 2046 1064 ad

465 1115 630 1170 Illud.
657 1132 686 1186 ρ
727 1138 738 1169 ;
786 1111 1136 1166 Ἐπισκύνιον
1176 1110 1233 1163 δέ
1272 1111 1412 1171 ἐστι,
1445 1109 1585 1160 κατὰ
1621 1106 1750 1167 τοὺς
1783 1103 2050 1165 παλαιοὺς

465 1208 661 1266 εἰπεῖν,
704 1204 998 1273 ἐπεδερμον
1035 1201 1062 1254 ὃ
1110 1199 1439 1269 ἐπιχαλᾶται
1490 1200 1605 1260 τοῖς
1652 1195 1761 1248 τῶν
1810 1195 2046 1246 λεόντων

465 1298 769 1366 ὀφθαλμοῖς
802 1297 897 1349 καὶ
925 1294 1195 1347 καλύπτει
1226 1292 1428 1354 αὐτοὺς
1463 1288 1694 1360 προνοίᾳ
1726 1286 1963 1354 φύσεως,
1989 1285 2048 1339 ού

463 1391 721 1444 τοσοῦτον
749 1389 838 1441 διὰ
877 1387 1050 1456 θυμὸν
1083 1389 1172 1440 ὅτε
1217 1385 1478 1448 σκύζεται
1511 1383 1570 1436 τὸ
1605 1383 1816 1451 θηρίον,
1843 1381 1870 1433 ὅ
1902 1381 2050 1432 ἐστιν

465 1482 772 1552 ὀργίζεται,
807 1483 930 1534 ὅσον
973 1481 1086 1544 ἵνα,
1149 1478 1225 1548 μὴ
1260 1478 1473 1548 βλέπων
1509 1477 1578 1528 τὰ
1607 1473 2053 1545 ὲπιρῤιπτόμενα

470 1579 624 1650 βέλη,
649 1577 1004 1646 δειλαίνηται.
1031 1573 1107 1628 Ex
1141 1573 1243 1638 his,
1271 1571 1522 1639 adjuncto
1555 1568 1846 1622 scholiaste
1867 1566 2054 1618 Nican-

469 1673 550 1725 dri
588 1673 679 1739 qui
737 1668 1055 1721 ἐπισκύνιον
1086 1681 1208 1719 csse
1229 1665 1304 1717 ait
1327 1663 1386 1716 τὸ
1407 1663 1593 1715 ἐπάνω
1615 1661 1724 1713 τῶν
1756 1657 2052 1728 ὀφθαλμῶν

472 1765 660 1836 μέρος,
702 1764 821 1834 ήτοι
857 1762 1036 1833 δέρμα
1060 1801 1073 1826 ,
1121 1761 1254 1813 satis
1279 1766 1493 1810 constat
1533 1754 1634 1808 hoc
1675 1751 1940 1806 vocabulo
1979 1749 2054 1803 si-

467 1857 713 1926 gniticari
754 1857 945 1925 pellem
975 1851 1348 1907 iunnineutem
1380 1849 1582 1910 oculis,
1609 1860 1662 1901 et
1689 1863 1784 1902 eos
1819 1857 2055 1914 superne

469 1958 862 2017 protegentem,
917 1960 1036 2015 qua:
1072 1945 1124 1997 itt
1168 1941 1416 1997 leonibus
1473 1938 1648 1992 laxior
1697 1944 1801 2002 est,
1853 1945 1907 1990 et
1959 1934 2056 1988 de-

471 2042 607 2096 mitti
638 2041 779 2094 solet
830 2054 952 2093 cum
995 2038 1076 2090 ira
1134 2034 1406 2096 feruntur,
1449 2029 1790 2100 providentia
1821 2025 2054 2097 quadam

471 2143 679 2187 natura:
715 2131 766 2185 id
793 2129 1022 2199 agentis,
1061 2140 1127 2181 ne
1153 2134 1449 2194 conspectu
1482 2123 1710 2176 telorum
1750 2133 2055 2189 generosus

472 2227 703 2294 impetus
728 2225 844 2288 ejus
877 2222 1059 2276 beStia:
1092 2219 1420 2282 retardctur,
1475 2230 1596 2284 qua:
1629 2213 1757 2268 inde
1789 2212 1965 2267 audax
2000 2221 2056 2266 et

472 2319 628 2374 fortis
653 2316 834 2378 irruit,
865 2315 1004 2383 quod
1040 2327 1182 2366 caeca
1222 2309 1372 2364 rabie
1419 2323 1658 2379 ιπθθοθυε
1695 2306 1902 2372 rem";
1941 2305 2056 2374 Pe"

471 2410 611 2464 libus
635 2408 1052 2477 superciliorum
1084 2419 1150 2459 eo
1198 2418 1320 2458 sese
1357 2401 1582 2456 inferius
1625 2399 2056 2462 demittentibus,

471 2520 580 2572 quo
613 2503 690 2556 ira
741 2499 935 2569 majori
989 2497 1301 2552 effervescit
1354 2496 1565 2549 irritata
1619 2493 1818 2547 bellua.
1876 2492 2056 2558 Quare

473 2596 604 2648 illud
657 2610 720 2646 ex
783 2602 992 2644 natura:
1046 2587 1283 2658 peritia,
1346 2587 1413 2640 ad
1483 2584 1684 2640 furoris
1750 2584 2053 2652 emphasim

471 2682 936 2738 vehementissimi
988 2681 1056 2734 ab
1117 2676 1352 2733 Homero
1405 2675 1472 2731 de
1524 2676 1680 2730 leone
1718 2676 1920 2729 dictum
1978 2685 2060 2729 est

471 2777 636 2830 Iliad.
674 2793 704 2845 ρ
733 2793 746 2827 :

479 2890 592 2943 Πᾶν
625 2888 680 2941 δέ
713 2887 758 2940 τ’
785 2887 1096 2940 ἐπισκύνιον
1128 2884 1282 2938 κάτω
1312 2883 1534 2936 ἕλκεται
1567 2881 1695 2935 ὄσσε
1741 2880 2042 2936 καλύπτον.

478 3007 621 3059 Hine
651 3004 939 3058 Cmsarissa
971 3011 1155 3055 nostra
1193 2998 1480 3066 imaginem
1528 3006 1771 3050 mutuata
1821 3006 1903 3050 est
1952 2995 2060 3049 ele-

472 3099 652 3168 gantis
689 3095 976 3164 allegoriae,
1016 3090 1344 3147 transferens
1373 3088 1690 3142 ἐπισκύνιον
1738 3090 1802 3141 ad
1845 3088 2052 3157 signiti-

471 3191 705 3245 caudum
741 3188 936 3258 capitis
975 3199 1185 3257 tegmen
1212 3185 1466 3240 usitatum
1506 3181 1902 3249 professoribus
1935 3180 2058 3236 vita:

473 3284 813 3347 monasticte,
845 3281 984 3350 quod
1031 3281 1144 3348 ipsa
1180 3277 1442 3332 curulium
1471 3275 1596 3329 alibi
1631 3284 1813 3328 vocat.
1843 3273 1896 3326 ιιι
1929 3272 2066 3327 solet

473 3378 539 3429 ad
572 3373 844 3443 specimen
899 3371 1175 3426 modestiae
1226 3369 1382 3436 longe
1437 3366 1576 3419 intra
1633 3366 1819 3420 oculos
1854 3364 2064 3418 demitti

471 3477 528 3522 et
557 3466 757 3520 vultum
789 3472 954 3533 atque
1009 3477 1071 3516 os
1104 3462 1456 3524 inutnbrare;
1493 3458 1874 3526 tristitiamque
1916 3457 2058 3510 illam

487 3555 849 3613 venerabilem
891 3564 945 3609 et
979 3552 1286 3622 religiosam
1332 3550 1632 3614 inducere,
1679 3563 1800 3616 qua:
1853 3549 2060 3612 etimn,

476 3662 579 3700 non
613 3645 692 3701 ira
749 3645 905 3705 sola,
957 3643 1122 3695 verbo
1174 3637 1396 3703 σκύζειν
1431 3649 1483 3692 et
1534 3637 1887 3707 σκυδμαίνειν
1918 3637 2061 3691 unde

473 3746 560 3792 est
597 3734 951 3796 ἐπισκύνιον,
983 3733 1322 3801 designatur,
1380 3729 1424 3782 si
1489 3729 1646 3783 bonis
1690 3728 2060 3799 grammaticis

475 3819 750 3882 credimus
790 3843 804 3879 :
845 3825 937 3894 qui
987 3839 1095 3878 non
1129 3822 1560 3892 intprobabiliter
1593 3827 1881 3875 autumant
1936 3821 2063 3876 inde

471 3935 596 3976 esse
623 3917 1175 3988 metagrammatismo
1211 3916 1447 3984 quodam
1497 3914 1559 3967 τὸ
1593 3912 1918 3983 σκυθρωπὸν
1966 3915 2062 3965 καὶ

482 4009 928 4081 σκυθρωπάζειν.
974 4008 1112 4062 Alibi
1148 4009 1312 4062 etiam
1362 4006 1518 4060 Anna
1563 4008 1750 4060 eadem
1805 4019 2060 4059 coronam

481 4103 811 4171 imperiatum
848 4115 1082 4169 superne
1110 4098 1346 4152 clausam
1371 4106 1426 4152 et
1447 4112 1738 4153 concavam
1764 4136 1780 4162 ,
1819 4112 1880 4150 ac
1916 4097 2062 4151 vide-

478 4193 602 4246 licet
644 4193 870 4244 frontem
902 4191 1069 4259 ipsam
1097 4202 1267 4254 usque
1316 4187 1383 4241 ad
1434 4187 1720 4257 supercilia
1760 4196 2052 4257 tegentem,

487 4283 844 4336 translatione
875 4297 977 4335 non
1037 4282 1216 4336 minus
1259 4292 1402 4350 apta,
1465 4280 1782 4334 ἐπισκύνιον
1828 4281 2061 4350 appellat

479 4375 572 4430 lib.
610 4391 685 4430 ix.

565 4465 924 4531 ‘Ema'uomj.
978 4464 1096 4520 Lib.
1137 4480 1249 4519 xw.
1301 4462 1526 4520 Videtur
1571 4478 1696 4520 esse
1737 4466 1926 4520 domus
1968 4476 2062 4521 aut

480 4560 734 4627 palatium
765 4558 1070 4627 episcopale
1109 4557 1502 4628 Tripolitanum
1549 4560 1601 4610 in
1649 4571 1756 4626 quo
1812 4557 1958 4611 velut
1998 4560 2051 4614 in

479 4649 598 4702 loco
625 4663 804 4714 sacro,
835 4647 1078 4718 deposita
1116 4647 1460 4717 imperatoris
1491 4648 1716 4716 pecunia
1747 4656 1827 4702 est
1859 4663 1886 4700 a
1911 4647 2055 4719 lcga-

487 4743 554 4796 tis
584 4741 719 4809 ejus.

1233 4873 1293 4926 Ζ.

549 5013 884 5078 Ζατρίκιον.
905 5010 1121 5080 Accipio
1140 5012 1281 5064 ultro
1305 5018 1358 5064 et
1381 5012 1673 5081 comproho
1688 5010 2057 5081 conjecturam

479 5104 696 5158 Meursii
734 5102 1016 5173 ζατρίκιον
1046 5105 1230 5157 ludum
1259 5118 1379 5157 esse
1415 5103 1868 5168 latrunculorum,
1895 5106 2053 5177 vulgo

477 5199 857 5261 schaccarum,
902 5195 1193 5263 opinantis.
1245 5193 1389 5249 Satis
1441 5196 1492 5248 id
1545 5197 1776 5252 suadent
1820 5212 1940 5266 qua:
1989 5214 2056 5252 ex

478 5290 735 5342 Acluuete
765 5296 820 5340 et
859 5301 1126 5356 anonymo
1180 5289 1245 5338 de
1301 5298 1417 5341 arte
1473 5286 1686 5342 Persica
1748 5291 2055 5344 testimonia

478 5378 692 5432 reeitat.
737 5375 847 5430 Nec
882 5375 1087 5429 abludit
1140 5377 1291 5428 Anna
1325 5395 1339 5432 :
1373 5377 1525 5442 Cujus
1575 5378 1814 5432 narratio
1849 5379 2057 5448 exigit,

483 5480 540 5522 ut
572 5470 658 5523 hic
697 5469 853 5522 ludus
877 5467 1140 5536 ejusmodi
1170 5466 1335 5522 fuerit
1365 5469 1454 5536 qui
1479 5485 1506 5519 a
1535 5469 1870 5535 sedentibus,
1893 5480 2051 5538 atque

477 5562 614 5613 adeo
649 5559 1107 5623 recumbentibus,
1149 5568 1332 5629 posset
1359 5561 1600 5614 exerceri
1647 5577 1661 5615 :
1713 5563 2057 5631 quandoqui-

482 5652 600 5704 dem
632 5659 841 5719 patrem
878 5663 1032 5702 suum
1065 5651 1162 5714 ait,
1189 5651 1403 5704 Izedium
1438 5652 1609 5706 noctis
1653 5653 1917 5707 insomnis
1966 5670 2058 5707 ac-

480 5741 604 5793 citis
633 5737 1004 5802 collusoribus,
1037 5741 1108 5795 ita
1141 5750 1198 5793 ut
1227 5751 1364 5807 erat,
1397 5741 1813 5797 decumbentem
1859 5745 2057 5810 adlme,

483 5842 610 5886 ante
641 5828 837 5896 lucem,
870 5830 974 5885 isto
1002 5831 1339 5889 remissionis
1367 5849 1563 5904 genere
1603 5831 1881 5901 fefellisse,
1915 5836 2056 5903 quod

1629 341 2124 411 GLOSSARIUM
2166 342 2541 406 ANNEUAI.

3597 328 3735 394 1224

2152 468 2310 509 nemo
2348 469 2454 508 non
2490 451 2629 506 videt
2665 459 2791 521 apte
2829 447 3098 520 quadrare
3132 447 3186 501 in
3235 445 3588 500 schaecortnu
3645 447 3730 498 Iu-

2145 547 2294 600 dunt.
2321 545 2497 600 Unum
2539 545 2728 608 miror,
2761 543 3012 611 excipere
3042 539 3356 601 .‘lleursium,
3393 541 3570 592 minus
3621 537 3728 591 sibi

2144 654 2304 707 quam
2340 637 2502 691 vellet
2556 637 2608 689 in
2650 637 2751 689 hoc
2802 634 2984 688 latere
3035 631 3308 686 Theocriti
3362 628 3730 693 scholiasteu,

2143 731 2296 801 quasi
2331 732 2375 783 is
2409 730 2587 798 potius
2616 725 2900 797 ζατρικίου
2929 739 3123 779 nomen
3153 723 3219 776 ad
3260 721 3588 777 calculorum
3643 721 3727 773 lu-

2144 824 2270 874 dum
2308 820 2526 874 referat.
2564 818 2639 872 Eu
2671 817 2980 872 scholiastis
3009 817 3168 885 hujus
3203 815 3378 869 locum
3430 813 3729 882 integrum,

2145 929 2301 981 quem
2336 912 2531 982 oppido
2565 910 2810 964 ntutilmn
2850 909 3118 963 Meursius
3167 907 3475 976 descripsit.
3519 906 3610 961 Sic
3645 906 3738 960 ille'

2145 1014 2371 1059 annotat
2400 1005 2631 1062 adlillum
2668 1018 2880 1056 versum
2909 1002 3078 1071 idyllii
3109 1016 3140 1054 ν
3181 1018 3193 1054 :

2287 1163 2404 1216 Καὶ
2435 1161 2526 1215 τὸν
2552 1161 2661 1214 ἀπὸ
2685 1163 2956 1232 γραμμᾶς
2992 1163 3134 1215 κινεῖ
3164 1161 3332 1216 λίθον.

2147 1297 2180 1365 ἡ
2203 1296 2258 1349 δὲ
2287 1296 2434 1362 λέξις
2459 1298 2844 1370 μεταφορικῶς
2871 1299 2979 1350 ἀπὸ
3007 1297 3115 1350 τῶν
3147 1297 3452 1361 παιζόντων
3479 1297 3541 1350 τὸ
3561 1315 3737 1351 κοινο-

2148 1391 2354 1452 λέκτως
2377 1390 2676 1458 λεγόμενον
2692 1391 2992 1460 ζατρίκιον.
3023 1391 3254 1444 Ἐκεῖνοι
3284 1389 3392 1460 γὰρ
3410 1391 3538 1445 ὅταν
3566 1391 3736 1444 πολλὰ

2153 1488 2481 1556 ποιήσαντες
2512 1486 2570 1538 ού
2619 1484 2874 1539 δύνανται
2921 1486 3126 1554 ἑτέρως
3161 1485 3382 1553 νικῆσαι
3427 1484 3517 1536 τὸν
3547 1485 3738 1554 ὅμοιον

2149 1583 2444 1650 παίκτορα,
2483 1579 2692 1632 κινοῦσι
2722 1580 2816 1631 καὶ
2860 1578 2949 1631 τὸν
3000 1578 3108 1631 ἀπὸ
3135 1578 3403 1648 γραμμῆς
3433 1577 3604 1640 λίθον,
3646 1579 3738 1631 τὸν

2148 1670 2290 1724 οὕτω
2314 1670 2538 1742 βασιλέα
2561 1669 2921 1738 καλούμενον.
2954 1669 3078 1722 ίῘὶΕο
3111 1669 3202 1721 ibi.
3238 1668 3366 1733 Quae
3397 1667 3586 1722 Latine
3619 1669 3741 1722 red-

2148 1766 2271 1818 dant
2295 1765 2636 1832 equidem,ut
2660 1766 2822 1816 etiam
2850 1762 2938 1830 qtti
2971 1760 3337 1816 artisludeudt
3356 1777 3514 1828 quam
3538 1760 3740 1814 Curta:

2151 1857 2344 1926 linguas
2361 1855 2718 1910 eonsultiores
2750 1865 2896 1917 sunt,
2929 1868 3039 1908 sua:
3072 1852 3536 1907 schaccomaehitc
3566 1852 3743 1903 artill-

2153 1949 2294 2002 cium
2321 1950 2372 2002 itt
2401 1947 2624 2002 zatricio
2661 1955 2960 2016 agnoscant
2997 1963 3008 1997 :
3053 1942 3186 1999 Cum
3218 1943 3346 1996 dicit
3371 1951 3526 2011 poeta
3560 1957 3580 1997 :
3613 1942 3672 1996 Et
3709 1958 3738 1994 a

2155 2040 2295 2095 linea
2345 2039 2577 2108 lapidem
2616 2050 2816 2103 movet,
2845 2035 3124 2090 dictionem
3157 2035 3410 2104 transfert
3453 2053 3484 2088 a
3523 2051 3746 2089 consuev-

2152 2134 2332 2186 tudine
2361 2132 2650 2186 ludentium
2683 2148 2799 2184 eum
2851 2131 3033 2184 ludum
3067 2147 3217 2195 quem
3259 2135 3410 2200 vulgo
3459 2131 3741 2184 zatririum

2153 2226 2357 2278 dicunt.
2399 2224 2492 2277 Illi
2515 2227 2653 2276 enim
2678 2233 2953 2292 postquam
2989 2223 3230 2276 omnibus
3261 2222 3474 2276 tentati:
3511 2223 3653 2275 haud
3685 2239 3742 2277 se

2153 2317 2310 2370 aliter
2343 2303 2607 2382 reportare
2633 2316 2907 2369 victoriam
2930 2314 2994 2368 de
3018 2315 3276 2368 collusore
3309 2329 3458 2384 posse
3484 2317 3741 2382 sentiunt,

2153 2417 2358 2462 morem
2390 2409 2456 2459 ad
2487 2419 2775 2460 extremum
2800 2423 2832 2459 α
2875 2408 3049 2474 prima
3073 2406 3213 2460 linea
3241 2406 3480 2473 lapillum
3501 2447 3517 2471 ,
3559 2422 3742 2475 nempe

2154 2502 2304 2554 illum
2335 2503 2424 2569 qui
2459 2515 2553 2554 rex
2586 2499 2908 2569 appellatur.
2946 2498 3036 2554 Sic
3068 2500 3171 2554 ille.
3197 2499 3328 2565 Qute
3359 2500 3521 2554 verba
3555 2501 3745 2553 sebac—

2155 2593 2450 2646 cotechuia:
2517 2592 2672 2662 periti
2742 2607 2860 2646 sese
2920 2606 3217 2661 agnascere
3301 2592 3688 2660 responderunt
3724 2632 3740 2655 ,

2156 2687 2609 2755 submoturosque
2641 2685 2802 2739 facile
2841 2685 3162 2740 calcularios
3193 2726 3207 2751 ,
3239 2684 3284 2739 si
3324 2685 3602 2740 vindicare
3652 2685 3740 2740 illa

2161 2786 2388 2840 tentent,
2433 2792 2536 2829 una
2581 2777 2902 2844 exceptione
2935 2794 2947 2830 :
2984 2775 3150 2831 fuisse
3178 2777 3304 2829 olim
3332 2783 3592 2845 scrupeos
3631 2789 3682 2830 et
3711 2793 3743 2830 e

2157 2864 2352 2931 lapillis
2410 2868 2691 2929 schacros,
2737 2880 2861 2918 cum
2915 2863 3075 2919 hodie
3131 2865 3465 2934 frequentius
3519 2866 3745 2923 eburuei

2165 2967 2446 3010 tornenlur
2485 2968 2577 3009 aut
2621 2957 2802 3010 buxei.
2849 2956 2954 3010 Sed
3011 2958 3124 3010 lucc
3176 2957 3264 3011 isll
3320 2957 3570 3013 viderint.
3604 2959 3739 3012 illud

2163 3060 2358 3103 nostra:
2393 3050 2778 3119 πραγματείας
2808 3060 2887 3104 cst
2918 3051 3222 3120 disquirere
3248 3051 3405 3119 cujus
3427 3053 3498 3106 sit
3519 3054 3744 3123 originis

2162 3159 2262 3198 Vox
2298 3143 2599 3216 ζατρίκιον,
2631 3143 2832 3201 Graecae
2872 3162 2938 3198 an
2982 3145 3244 3199 barbam.
3300 3146 3436 3200 Sttut
3481 3147 3571 3215 qui
3630 3134 3758 3200 tua?

2161 3253 2396 3307 guopere
2423 3240 2752 3294 contendant
2782 3239 3002 3294 verbum
3032 3253 3152 3294 esse
3191 3237 3506 3305 Persicum;
3538 3241 3742 3296 etenim

2162 3331 2428 3401 hodieque
2457 3331 2885 3386 latrunculorutn
2919 3330 3101 3386 ludum
3156 3332 3334 3387 Persis
3377 3343 3630 3403 xatrang.
3657 3333 3740 3387 vel

2158 3435 2380 3495 atati-ang
2405 3425 2684 3495 appellari.
2719 3424 2996 3479 l‘liuianus
3021 3434 3209 3480 contra
3241 3428 3590 3492 exercitator,
3616 3442 3740 3495 pag.

2163 3518 2336 3581 H30,
2399 3517 2684 3588 ζατρίκιον
2742 3517 3032 3572 dictionem
3094 3532 3214 3572 esse
3271 3519 3547 3573 contendit
3597 3533 3746 3573 mere

2161 3611 2427 3674 Graecam,
2465 3620 2518 3664 et
2555 3611 2606 3664 in
2641 3609 2916 3664 Persidem
2955 3608 3250 3678 profectam
3289 3626 3318 3666 e
3347 3609 3576 3666 Graecia.
3611 3611 3744 3676 Qui:

2162 3707 2334 3772 enim,
2371 3705 2548 3773 inquit
2573 3745 2588 3770 ,
2629 3706 2788 3758 nescit
2833 3704 2990 3773 hujus
3014 3705 3129 3758 ludi
3158 3705 3501 3759 inventionem
3545 3705 3743 3760 ercis

2158 3799 2423 3853 debet-ila
2451 3797 2652 3852 θνατοῖς
2685 3799 2847 3867 igitur
2882 3797 2953 3851 ad
2999 3797 3193 3852 Persas
3239 3815 3318 3852 res
3361 3801 3612 3868 ipsarum
3651 3814 3745 3851 uo-

2161 3891 2562 3943 minctrausiit.
2626 3888 2754 3943 llicc
2808 3888 2949 3943 ille:
2996 3891 3048 3942 in
3111 3888 3311 3958 quibus
3363 3891 3742 3960 astipulantrm

2162 3997 2498 4050 nequaquam
2528 3981 2692 4036 habet
2726 3982 2940 4036 Annam
2974 3991 3238 4042 nostram.
3275 3993 3433 4052 prout
3464 3986 3644 4038 videre
3676 3990 3746 4036 li-

2161 4083 2267 4136 cet,
2297 4088 2418 4140 pag.
2455 4071 2580 4134 560,
2626 4072 2717 4128 ubi
2750 4074 3020 4128 mentione
3076 4073 3364 4142 ζατρικίου
3421 4077 3593 4142 facta,
3631 4077 3746 4129 haec

2161 4177 2288 4216 mox
2321 4161 2602 4232 subiungit
2633 4179 2646 4216 :
2683 4162 2882 4216 Παιδιὰ
2921 4163 2978 4216 δὲ
3027 4163 3187 4217 τοῦτο
3219 4165 3283 4217 ὲκ
3313 4167 3411 4236 τῆς
3463 4167 3572 4218 τῶν
3619 4168 3743 4219 Ἀσ-

2163 4253 2367 4324 συρίων
2396 4253 2612 4326 τρυφῆς
2662 4252 3068 4324 ἐξευρημένων,
3115 4255 3210 4307 καὶ
3239 4258 3318 4316 εἰς
3352 4258 3503 4327 ἡμᾶς
3534 4259 3745 4309 ἐκεῖθεν

2160 4345 2438 4416 ἐληλυθός.
2492 4343 2698 4399 Tamen
2745 4354 3065 4400 constanter
3121 4346 3294 4401 Graeci
3355 4350 3695 4417 grammatici
3726 4387 3743 4410 ,

2158 4453 2388 4509 quorum
2422 4439 2561 4493 ratio
2589 4454 2696 4493 non
2730 4439 2999 4495 immerito
3044 4440 3280 4496 habendi
3327 4443 3614 4507 videatur,
3643 4440 3746 4513 ζηο

2157 4533 2338 4599 τρεῖον
2366 4573 2380 4598 ,
2447 4530 2563 4586 sive
2596 4531 2846 4602 ζατρεῖον
2875 4573 2890 4598 ,
2926 4548 2953 4585 a
2983 4547 3091 4601 quo
3135 4532 3418 4604 ζατρεκιον
3465 4543 3748 4588 extensum

2159 4634 2246 4678 est
2281 4623 2678 4695 ύποκοριστικῇ
2718 4623 3026 4689 ἐπενθέσει,
3061 4622 3260 4678 (ἔταξοω
3291 4625 3482 4695 origini
3509 4626 3748 4680 vocabu-

2159 4717 2270 4771 lum
2307 4716 2600 4770 vindieant.
2667 4721 2834 4770 Sonat
2885 4726 3064 4770 autem
3117 4715 3368 4788 ζατρεῖον
3414 4718 3746 4788 pistrinum,

2162 4809 2518 4879 ergastulum,
2557 4823 2836 4862 servorum
2891 4823 3191 4873 carcerem,
3246 4821 3341 4862 aut
3394 4819 3745 4864 tormentum.

2159 4902 2364 4956 Auctor
2394 4901 2750 4972 Etymologici
2783 4899 3035 4971 ζητρεῖον
3083 4902 3144 4954 τὸ
3202 4902 3312 4955 τῶν
3366 4903 3569 4956 δούλων
3626 4905 3749 4958 δεσ-

2165 4995 2478 5064 μωτήριον,
2528 4995 2699 5064 ἧγουν
2738 4991 2829 5046 τὸν
2874 4993 3096 5064 μύλωνα
3124 5034 3138 5059 ,
3177 4994 3320 5066 quod
3357 5011 3476 5049 mox
3513 4997 3744 5050 edictum

2162 5087 2310 5140 addit
2342 5085 2495 5158 quasi
2522 5087 2791 5155 δὴτρειον,
2828 5085 2936 5138 ἀπὸ
2965 5085 3058 5138 τοῦ
3090 5086 3194 5140 δέω
3228 5087 3368 5155 quod
3397 5097 3478 5141 est
3521 5089 3647 5159 ligo,
3693 5099 3747 5142 et

2162 5177 2309 5246 τρέω
2353 5177 2446 5230 τοῦ
2499 5177 2795 5246 φοϐοῦμαι.
2830 5176 2960 5232 Nam
2993 5193 3166 5247 pana:
3215 5189 3376 5248 caput
3411 5181 3468 5232 ἐν
3507 5179 3746 5252 ζατρείῳ

2163 5271 2502 5326 vinculorum
2539 5271 2940 5325 incommodum
2975 5280 3113 5337 erat,
3163 5273 3362 5341 quibus
3409 5274 3475 5326 ad
3521 5276 3739 5342 cippum

2164 5365 2525 5433 alligahantur
2555 5363 2816 5427 infelices,
2849 5373 2902 5418 et
2942 5379 3035 5434 per
3065 5365 3252 5434 longas
3294 5365 3402 5420 illic
3451 5381 3631 5420 moras
3663 5376 3744 5418 ta-

2164 5457 2385 5512 bescere
2413 5457 2747 5510 sinebantur.
2773 5453 2928 5535 Unde
2951 5458 3114 5512 etiam
3150 5458 3262 5526 ipse
3297 5457 3384 5511 ille
3410 5461 3599 5528 cippus
3618 5475 3744 5529 pro-

2163 5553 2278 5620 prie
2310 5548 2560 5620 ζητρεῖον
2579 5549 2772 5613 dictus,
2791 5547 2834 5603 si
2857 5547 3162 5617 Moscopulo
3180 5551 3468 5617 credimus,
3491 5550 3744 5622 ζητρεῖον

2166 5645 2362 5707 κοινῶς
2387 5644 2415 5694 ὀ
2440 5639 2700 5704 κοῦσπος.
2748 5639 2909 5694 Ἔστι
2941 5641 2998 5694 δὲ
3042 5637 3183 5706 εἶδος
3229 5643 3590 5714 κολαστηρίου
3621 5639 3666 5712 ᾧ
3688 5647 3744 5698 οἱ

2159 5735 2334 5789 δοῦλοι
2365 5733 2711 5802 ἐδεσμοῦντο.
2755 5733 2859 5786 Aut
2913 5725 3074 5799 idem,
3109 5746 3201 5788 aut
3246 5737 3438 5790 similis
3494 5752 3580 5791 res
3641 5736 3742 5788 fuit

2163 5829 2248 5884 ille
2285 5828 2478 5894 codex,
2517 5828 2582 5883 de
2629 5838 2736 5895 quo
2783 5825 3136 5897 Propertius,
3185 5828 3278 5883 lib.
3321 5845 3413 5895 tv,
3461 5831 3600 5899 eleg.
3637 5846 3739 5896 ut.
