4108 6408
479 464 609 536 2227

472 581 791 643 Κατάλυσις
835 578 905 633 ibi
963 577 1194 648 positum
1256 574 1470 629 videtur
1530 569 1652 624 ἀντὶ
1697 565 1814 633 τοῦ,
1855 565 2062 620 ἀπόλυ-

474 692 581 740 σις,
609 672 873 727 liberalia.

553 761 899 825 Κατεπάνω,
925 760 1013 816 94.
1044 756 1350 812 Κατεπάνω
1373 753 1482 807 τῶν
1507 750 1838 821 ἀξιωμάτων
1866 759 2016 800 verto
2044 761 2059 799 ε

484 856 810 926 Pra'positus
855 852 1218 922 dignitatibus.
1266 847 1401 901 Puto
1435 860 1554 899 esse
1592 844 1659 896 ab
1703 841 1893 894 ἐπάνω
1928 854 2062 907 prm-
2094 866 2103 873 -

477 950 654 1015 posito
707 945 871 999 κατὰ.
929 942 1017 997 Bis
1065 940 1330 1011 reperitur
1384 937 1437 990 in
1491 935 1721 1004 epistola
1771 931 1945 985 Alexii
1996 929 2060 982 ad

479 1038 770 1094 Ilenricnm
804 1037 940 1089 libro
973 1033 1156 1087 tertio.
1204 1031 1358 1097 Quod
1396 1026 1664 1081 Meursius
1702 1025 1844 1077 hanc
1877 1036 2061 1073 vorent

478 1144 758 1200 exponens
789 1128 1206 1194 Redemptorem
1243 1120 1589 1190 vectigalium
1619 1117 1808 1177 vertit,
1848 1112 2065 1183 generis

481 1236 677 1274 nomen
710 1218 905 1287 speciei
938 1215 1145 1270 tribuit.
1183 1213 1448 1267 Videntur
1479 1210 1621 1263 enim
1657 1208 1706 1258 οἱ
1741 1202 2065 1266 κατέπανοι,

484 1314 660 1368 velut
712 1310 907 1365 melius
967 1308 1226 1362 scribitur
1290 1307 1391 1359 hoc
1444 1302 1584 1364 loco,
1646 1301 1694 1353 οἱ
1750 1295 2066 1358 κατεπάνω,

480 1405 608 1458 dicti
641 1402 808 1457 fuisse
840 1400 1114 1469 praepositi
1160 1397 1383 1452 cuilibet
1429 1393 1531 1458 rei,
1562 1404 1619 1447 ut
1650 1390 1739 1444 hic
1790 1388 2069 1457 dignitati-

485 1498 609 1562 bus,
653 1495 724 1549 les
771 1493 1199 1548 surintendants.
1260 1486 1445 1556 Itaque
1482 1498 1679 1539 censeo
1715 1483 1852 1536 hanc
1886 1492 2068 1533 vocem

486 1590 689 1645 Graeca
728 1586 957 1655 originis
989 1593 1044 1639 et
1084 1580 1346 1651 analogia:
1384 1579 1541 1647 plane
1564 1577 1834 1630 diversam
1866 1573 1931 1625 ab
1962 1569 2069 1622 alia

487 1695 636 1736 mere
685 1679 915 1734 barbara
972 1674 1238 1744 sequioris
1286 1671 1512 1727 Grazciae
1562 1684 1658 1722 usu
1713 1664 1838 1719 trita
1896 1660 2070 1715 καπέ-

485 1790 684 1836 τανος,
726 1781 817 1825 aut
866 1767 1189 1829 καπέτανις,
1226 1765 1307 1816 vel
1340 1766 1499 1818 etiam
1550 1758 1879 1817 καπετάνιος
1923 1754 2075 1822 capi-

489 1867 633 1918 taine
664 1865 732 1917 de
769 1877 876 1932 qua
903 1857 1276 1929 glossographi
1302 1865 1385 1908 sat
1410 1854 1601 1908 multa.

566 1955 890 2025 Κάτεργον.
928 1950 1213 2006 Triremis.
1261 1947 1395 2001 Vide
1444 1942 1705 2014 glossaria
1754 1936 1972 1993 Menrsii
2025 1945 2080 1989 et

492 2047 717 2101 Fabroti
754 2046 817 2098 ad
845 2043 1111 2100 Nicetam.
1155 2041 1248 2094 lib.
1301 2054 1354 2102 x,
1419 2044 1540 2104 post
1588 2030 1824 2086 medimu
1869 2046 1882 2082 :
1941 2028 2076 2079 Ἀπ-

495 2135 708 2193 details
739 2134 830 2190 τὸν
885 2130 1222 2200 καλούμενον
1276 2125 1530 2193 δεύτερον
1564 2121 1779 2190 κόμητα
1821 2114 1959 2187 μετὰ
1984 2111 2078 2166 τοῦ

498 2228 633 2282 ἰδίου
659 2228 954 2297 κατέργου.

569 2320 858 2374 Καύκων.
889 2315 1172 2379 Caueium,
1204 2312 1299 2366 lib.
1335 2326 1416 2373 Ill,
1458 2306 1510 2361 in
1551 2304 1773 2375 epistola
1807 2300 1977 2354 Alexii
2016 2297 2082 2351 ad

498 2408 790 2467 Ilenricum
820 2412 942 2482 jure
963 2409 1154 2478 Opinor
1187 2420 1304 2459 meo
1336 2406 1386 2457 in
1408 2399 1856 2468 interpretatione
1884 2393 2083 2448 retinui

500 2521 695 2560 sonum
722 2504 899 2574 ipsum
933 2502 1082 2554 vocis
1110 2499 1354 2554 barbarae
1374 2495 1722 2564 ejusdemque
1744 2487 2083 2557 πολυσήμου.

502 2598 633 2652 Nam
662 2606 717 2651 et
745 2594 989 2665 hydriam
1020 2599 1075 2646 et
1110 2589 1332 2643 calicem
1379 2596 1434 2639 et
1467 2598 1744 2638 nummum
1776 2586 1955 2633 sonat.
2009 2576 2085 2629 Ex

510 2689 708 2761 quibus
746 2685 1064 2741 notionibus
1094 2681 1330 2737 secunda
1375 2679 1607 2732 maxime
1657 2674 1708 2726 in
1743 2673 1885 2726 hunc
1912 2671 2087 2723 locum

509 2784 787 2852 quadrat;
844 2792 942 2833 nec
991 2792 1131 2831 vana
1178 2773 1411 2827 fortasse
1464 2767 1699 2836 suspicio
1730 2765 1825 2830 sit,
1880 2765 1924 2816 si
1970 2763 2092 2831 quis

509 2875 732 2930 calicem
766 2885 981 2926 sacrum
1008 2868 1073 2921 ad
1106 2880 1260 2920 usum
1286 2860 1541 2917 sacriﬁcii
1578 2874 1642 2921 ex
1675 2872 1884 2926 gentma
1920 2852 2093 2908 solida

510 2965 848 3033 sardonyche
889 2962 1084 3013 factum
1136 2955 1227 3009 hic
1270 2951 1556 3021 intelligat.
1614 2946 1750 3001 Vide
1780 2945 2092 3000 Meursium.

586 3051 809 3106 Κέλλα.
850 3049 965 3110 Lib,
991 3063 1082 3111 xv,
1105 3044 1254 3101 Cella
1290 3040 1564 3097 monachi.

586 3143 889 3212 Κληρικοί.
916 3139 1132 3202 Clerici,
1158 3137 1534 3206 episcoporum
1570 3129 1809 3192 asseclar,
1843 3127 1937 3181 lib.
1974 3139 2095 3188 xui,

513 3239 568 3291 in
604 3236 966 3289 Instrumento
997 3229 1190 3297 pacis:
1225 3226 1288 3277 Οἱ
1335 3221 1764 3291 Θεοφιλέστατοι
1803 3219 2099 3269 ὲπῖσκοποι

528 3326 813 3398 ’Λμάλφης
851 3321 1100 3394 Μαῦρος,
1136 3321 1231 3375 καὶ
1265 3319 1292 3370 ὁ
1331 3315 1425 3369 τοῦ
1469 3313 1743 3383 Ταρέντου
1793 3308 2099 3380 Ῥενάρδος,

518 3421 612 3471 καὶ
646 3417 694 3469 οἱ
726 3417 824 3469 σὺν
866 3413 1017 3484 αὐτῷ
1048 3409 1319 3481 κληρικοῖ.

594 3511 876 3578 Κόμητες.
941 3505 1147 3560 Tritior
1197 3505 1310 3557 lucc
1354 3516 1455 3555 vox
1487 3509 1573 3555 est
1632 3514 1729 3553 usu
1783 3492 2104 3565 posterioris

522 3600 746 3657 Graeciae
781 3614 942 3667 quam
970 3606 1028 3652 ut
1054 3599 1119 3650 de
1152 3595 1239 3649 illa
1275 3596 1570 3647 notandmu
1602 3591 1689 3643 hic
1719 3590 1787 3642 sit
1810 3585 2103 3656 quidquam

525 3694 853 3755 distinctius,
896 3689 1192 3761 praesertim
1222 3702 1341 3742 cum
1375 3686 1430 3740 in
1466 3700 1526 3740 ea
1550 3683 1799 3753 copiosus
1830 3682 1900 3735 sit
1928 3678 2108 3733 Meur—

521 3787 672 3845 sius,
730 3798 886 3852 quem
932 3780 1183 3835 consulas
1239 3779 1383 3833 licet.
1435 3776 1589 3830 Addo
1651 3785 1852 3826 tantum
1913 3781 2110 3840 praeter

524 3874 870 3929 notissimam
919 3872 1077 3926 istam
1141 3870 1416 3923 notionem
1469 3864 1768 3936 dignitatis,
1822 3861 2110 3929 aliquando

526 3965 827 4034 simplicius
869 3962 1119 4030 usurpari
1176 3960 1316 4012 hanc
1350 3972 1532 4011 vocem
1588 3965 1645 4009 ut
1703 3954 1938 4022 antiquae
1993 3952 2112 4006 voci

527 4055 731 4108 Latina:
782 4067 952 4105 comes
1014 4050 1373 4117 respondeat,
1425 4056 1477 4101 et
1543 4046 1805 4100 asseclam
1859 4052 1949 4096 aut
2016 4044 2115 4097 via:

530 4147 739 4200 socium
775 4152 954 4199 sonet.
994 4140 1111 4195 Lib.
1148 4155 1257 4203 xiv,
1291 4141 1389 4192 sub
1414 4136 1652 4191 medium
1681 4137 1746 4191 de
1784 4135 2116 4205 principibus

526 4236 699 4291 Gallis
731 4234 798 4288 ad
854 4233 1235 4300 imperatorem
1289 4245 1411 4283 cum
1466 4243 1660 4296 magno
1704 4228 1965 4280 comitatu
2014 4226 2115 4279 ad-

531 4327 786 4381 euntibus
815 4340 828 4377 :
865 4321 1130 4384 Ὀπὸσους
1167 4320 1232 4374 ἂν
1264 4319 1496 4381 ἕκαστος
1533 4318 1640 4371 τῶν
1672 4319 1931 4387 κομήτων
1962 4314 2116 4367 ἐϐού-

528 4418 656 4470 λετο
704 4412 1270 4486 συμπαραλαμϐάνων
1323 4412 1518 4482 εἰσῄει.
1544 4410 1616 4464 Ibi
1656 4419 1834 4463 tamen
1865 4408 2115 4477 alubigua

532 4512 705 4567 oratio
734 4519 817 4565 est
845 4520 900 4563 et
933 4509 979 4562 si
1012 4523 1111 4561 vox
1156 4507 1415 4576 κομήτων
1451 4504 1715 4558 referatur
1750 4502 1816 4555 ad
1849 4501 2100 4567 ἒκλστος,

537 4614 596 4659 ut
628 4614 771 4665 recte
793 4610 992 4673 potest,
1022 4600 1155 4653 nihil
1186 4598 1534 4653 innovabitur
1560 4596 1612 4649 in
1644 4594 1761 4665 ejus
1786 4594 2115 4664 significatu,

538 4696 633 4750 sed
665 4704 873 4749 tantum
902 4691 946 4745 si
972 4691 1239 4745 referatur
1270 4689 1337 4742 ad
1367 4687 1621 4749 ὁπόσους.

610 4787 963 4856 Κοιίιτούρα.
1017 4783 1141 4839 Lib.
1192 4801 1269 4839 χι.
1338 4781 1528 4836 Militia
1574 4782 1806 4851 prepria
1865 4782 2121 4848 cujusque

539 4880 776 4933 comitis.
826 4877 1146 4946 Coniunctis
1199 4875 1341 4929 enim
1372 4877 1438 4927 ad
1471 4873 1921 4942 Oppugnatiouem
1975 4872 2124 4926 urbis

543 4970 741 5023 Nicaea:
790 4966 1105 5021 Latinorum
1156 4965 1408 5020 omnibus
1462 4966 1655 5033 cepiis,
1714 4962 1967 5015 comitum
2014 4965 2129 5017 sive

546 5060 848 5132 principum
900 5059 1291 5126 unusquisque,
1336 5057 1390 5109 in
1420 5057 1536 5109 loco
1566 5065 1716 5108 certo
1746 5054 1941 5123 cuique
1994 5056 2130 5109 assi-

544 5163 714 5225 gnato
777 5144 1025 5220 proprias
1084 5148 1186 5202 sub
1254 5149 1425 5216 signis
1482 5147 1845 5214 peculiaribus
1894 5147 2132 5201 habebat

553 5247 760 5316 copias.
790 5241 898 5296 Has
923 5251 1227 5295 castrorum
1268 5252 1321 5292 et
1361 5240 1631 5293 exercitus
1655 5239 1886 5293 universi
1927 5250 2130 5306 partes,

555 5356 782 5409 quarum
811 5348 1147 5406 unaquaeque
1192 5334 1291 5388 sub
1320 5331 1525 5402 proprii
1555 5331 1770 5386 comitis
1813 5332 2133 5400 prtefectura

551 5442 693 5497 erat,
720 5430 1058 5503 κομιτούρσις
1090 5429 1244 5482 Anna
1278 5437 1455 5480 vocat.

627 5522 1076 5588 Κονοστιιῦλος.
1148 5518 1352 5573 Practer
1427 5527 1683 5571 annotata
1762 5530 1789 5569 a
1878 5512 2135 5580 Meursio,

561 5615 933 5678 Κονσσταῦλος
996 5627 1188 5667 nomen
1243 5621 1324 5665 est
1377 5609 1655 5675 dignitatis
1711 5624 1818 5662 non
1871 5619 1929 5662 ut
1981 5607 2140 5662 hodie

558 5709 852 5779 singularis
880 5717 934 5762 et
969 5706 1143 5761 unica
1173 5707 1223 5759 in
1259 5714 1369 5758 toto
1396 5719 1585 5779 regno,
1615 5704 1708 5756 sed
1739 5716 1858 5770 quae
1882 5700 2140 5769 multipli-

561 5802 829 5855 cationem
861 5800 1168 5853 admitteret
1208 5815 1221 5852 :
1271 5798 1404 5851 adeo
1456 5805 1513 5849 ut
1572 5796 1720 5849 multi
1770 5794 1930 5847 simul
1961 5791 2140 5845 Cono-

560 5893 719 5948 stain
770 5907 889 5948 esse
934 5900 1174 5958 possent,
1244 5892 1323 5945 uti
1383 5890 1541 5946 bodie
1584 5885 1949 5949 mareschalli,
2004 5896 2141 5949 quos

1647 451 2150 519 GLOSOARIUM
2186 440 2557 509 ANNJSUM-

2159 564 2375 614 vocant.
2411 556 2465 611 Id
2490 553 2688 609 indicat
2722 549 2895 611 Anna,
2922 546 3020 602 lib.
3051 539 3293 606 xm,sub
3325 536 3585 601 medium,
3614 536 3746 592 dum
3794 536 3811 549 ’

2164 650 2520 706 Baimnndum
2567 645 2715 699 fa‘sis
2752 646 3010 695 adversus
3043 635 3307 706 quosdam
3340 647 3561 687 suorum
3592 629 3745 683 dela-

2162 746 2403 799 tionibus
2438 740 2831 810 perturbatum,
2862 731 3023 785 anxie
3064 728 3397 810 deliberasse
3427 724 3504 777 ait
3529 740 3544 777 :
3574 720 3746 785 Τίνας

2162 835 2276 890 ἀντ’
2307 833 2484 885 αὐτῶν
2529 824 2936 886 Κονοσταύλους
2961 803 3232 890 ποιήσειε.

2239 928 2517 991 Κόρτινα.
2546 921 2678 974 Muri
2704 917 2965 973 ambitus.
2996 912 3071 966 La
3102 910 3363 974 courtine,
3393 907 3486 960 lib.
3530 921 3606 966 xl,
3658 903 3749 957 ubi

2165 1023 2228 1073 de
2275 1018 2561 1071 obsidione
2612 1009 2880 1065 Nicaeensi
2922 1007 3031 1059 τῶν
3072 1000 3276 1074 μεταξὺ
3326 999 3613 1070 κορτινῶν,
3644 1010 3751 1047 non

2168 1120 2373 1170 autem,
2414 1117 2471 1159 ut
2530 1103 2796 1156 Mi-nrs'us
2841 1099 2973 1154 citat
3020 1111 3082 1149 ex
3137 1089 3530 1148 Ilwscbeliatzis
3560 1101 3749 1141 excer-

2167 1200 2294 1270 ptis,
2333 1197 2426 1250 lib.
2463 1209 2580 1247 VIII.

2241 1284 2635 1341 Κουκούλιον.
2683 1279 3074 1351 Trgumentum
3120 1270 3315 1341 capitis
3365 1267 3751 1321 monachorum

2168 1384 2470 1452 proprium,
2505 1379 2598 1433 lib.
2633 1393 2720 1432 XV.

2242 1450 2462 1528 Κοῦλα.
2498 1472 2605 1524 Arx
2639 1468 2891 1537 imposita
2920 1463 3146 1519 civitati.
3178 1461 3297 1515 Lib.
3321 1450 3397 1523 xi,
3424 1455 3525 1513 sub
3558 1456 3755 1509 linem:

2169 1567 2281 1635 Τὴν
2338 1566 2522 1637 μέντοι
2558 1560 2857 1631 ἀκρόπολιν
2888 1558 3024 1626 ὅπερ
3072 1553 3245 1607 κοῦλα
3279 1552 3372 1606 νῦν
3415 1551 3448 1617 ἠ
3500 1546 3760 1614 συνήθεια

2169 1662 2358 1715 καλεῖν
2414 1660 2627 1725 εἴωθεν,
2676 1656 2755 1707 ἔτι
2791 1652 2992 1706 Κὲλτοι
3025 1651 3300 1719 κατεῖχον.
3358 1643 3522 1699 Libro
3566 1642 3757 1696 eodem

2173 1770 2266 1806 arx
2300 1752 2639 1806 Autiochena
2680 1745 2848 1799 κοῦλα
2879 1752 3121 1797 vocatur.

2246 1866 2589 1919 Κύπελλον.
2646 1860 2861 1923 Pollux,
2893 1858 2989 1911 lib.
3026 1872 3099 1918 vt,
3147 1867 3270 1920 cap.
3335 1851 3421 1914 I6,
3473 1860 3765 1902 «euinnzne

2178 1958 2280 2009 hoc
2330 1952 2648 2007 vocabulum
2709 1948 2917 2019 poeulis
2977 1945 3269 2007 omnibus,
3338 1941 3430 1996 sed
3490 1938 3762 2009 poeticum

2176 2046 2461 2115 agnoscit:
2522 2042 2596 2095 Τὸ
2621 2043 2730 2110 γὰρ
2773 2040 2943 2101 δέπας
3001 2037 3098 2089 καὶ
3149 2033 3420 2088 κύπελλον
3481 2028 3761 2097 ποιητικά.

2178 2136 2410 2192 Videtur
2447 2144 2626 2187 tamen
2659 2131 2813 2185 Anna
2838 2131 2886 2182 id
2921 2142 3184 2193 usurpare
3210 2142 3305 2192 pro
3344 2133 3493 2177 certo
3528 2122 3763 2189 quodam

2177 2245 2378 2300 genere
2406 2242 2469 2278 ac
2515 2224 2685 2277 forma
2746 2220 2944 2288 peculi,
2996 2221 3119 2270 dum
3176 2217 3269 2268 lib.
3330 2228 3418 2276 xv,
3473 2214 3572 2266 sub
3604 2211 3765 2264 linem

2182 2318 2262 2373 sit:
2308 2316 2500 2371 scribit
2535 2332 2547 2368 :
2581 2312 2767 2379 ’Ύδωρ
2798 2310 2971 2362 ἐδίδου
2999 2307 3085 2360 διὰ
3125 2305 3220 2358 τοῦ
3249 2303 3544 2365 κυπέλλου,
3586 2302 3647 2353 οὐ
3698 2298 3766 2351 δι’

2182 2410 2513 2480 ἐκπώματός
2540 2424 2682 2470 τινος
2708 2403 2908 2467 πίνειν,
2936 2403 3022 2454 ἵνα
3058 2401 3131 2471 μὴ
3180 2398 3391 2467 γένοιτό
3428 2399 3476 2447 οἱ
3507 2395 3772 2456 πολειάκις

2182 2504 2456 2567 δυσκόλως
2487 2501 2617 2571 περὶ
2648 2500 2747 2568 τὴν
2797 2497 3128 2556 κατάποσιν,
3188 2488 3634 2560 φλεγμαινούσης
3668 2488 3770 2557 τῆς

2186 2597 2444 2668 ὑπερῴης
2463 2596 2558 2648 καὶ
2576 2593 2745 2662 αὐτῆς
2777 2592 2840 2661 δὴ
2863 2590 2961 2659 τῆς
2992 2586 3270 2656 γλώσσης,
3297 2596 3404 2636 etc.
3433 2577 3768 2634 Sententiam

2188 2690 2425 2756 divinavi
2461 2698 2513 2741 ct
2546 2685 2790 2753 expressi
2825 2692 2882 2737 ut
2938 2679 3105 2749 potui,
3161 2677 3304 2741 quod
3343 2675 3484 2729 idem
3523 2668 3775 2725 usuvenit

2190 2774 2243 2836 in
2281 2791 2389 2834 tota
2424 2781 2534 2834 lere
2563 2780 2661 2833 ista
2693 2775 3062 2843 descriptione
3082 2771 3254 2825 ittorbi
3281 2778 3335 2823 et
3363 2767 3550 2821 mortis
3573 2764 3770 2830 Alexii,

2192 2874 2281 2926 ubi
2321 2872 2487 2923 ('tttittx
2540 2868 3024 2922 innumerabililnts
3060 2864 3259 2934 passim
3310 2859 3520 2915 lacunis
3553 2859 3686 2923 hiat,
3720 2864 3775 2909 et

2192 2978 2314 3035 qua:
2344 2963 2599 3016 continue
2638 2959 2803 3013 refert
2836 2956 3296 3012 iucorrectissima
3327 2953 3566 3008 exhibet.

2266 3054 2480 3121 Κῦρος.
2524 3051 2849 3105 Ilonorilicae
2882 3046 3340 3116 compcllationis'
3372 3042 3627 3105 formula,
3675 3041 3780 3093 mi-

2200 3159 2390 3200 nutum
2421 3162 2484 3199 ex
2521 3143 2712 3214 κύριος
2742 3153 2801 3196 ut
2834 3141 2974 3211 apud
3010 3140 3233 3193 Latinos
3268 3139 3503 3192 domnus
3559 3150 3623 3187 ex
3674 3134 3777 3188 do-

2199 3241 2370 3294 mino.
2432 3235 2552 3291 Lib.
2613 3252 2734 3300 xm,
2797 3235 3096 3303 imperator
3142 3239 3196 3283 et
3252 3231 3371 3298 ejus
3430 3227 3572 3280 filius
3624 3222 3779 3292 quasi

2199 3331 2416 3401 proprie
2439 3341 2493 3385 et
2517 3328 2877 3395 appellatione
2903 3323 3127 3397 privatis
3154 3337 3258 3375 non
3287 3319 3664 3380 conveniente,
3684 3315 3784 3368 κῦ-

2203 3440 2296 3494 ρος
2338 3425 2571 3478 dieitur;
2608 3422 2748 3473 unde
2782 3419 2922 3471 forte
2947 3427 3192 3470 nostrum
3230 3411 3390 3478 Sire;
3423 3411 3582 3481 κῦρις
3614 3409 3781 3461 etiam

2204 3517 2402 3570 iterum
2430 3522 2487 3567 et
2522 3512 2682 3565 tertio
2709 3511 2849 3564 idem
2884 3509 3158 3575 Angustus
3229 3502 3612 3572 compellatur.
3662 3497 3783 3553 Non

2207 3616 2384 3662 tamen
2423 3619 2642 3675 semper
2686 3615 2914 3658 somnne
2965 3608 3178 3652 servata
3221 3594 3478 3669 potestati
3534 3592 3638 3645 fuit
3669 3592 3786 3643 haec

2207 3713 2336 3763 vox,
2395 3698 2489 3752 sed
2548 3695 2863 3766 promiscue
2931 3690 3178 3760 personis
3235 3686 3516 3742 honoratis
3563 3683 3783 3737 attribui

2205 3790 2361 3860 prius
2390 3788 2620 3843 solebat.
2683 3784 2917 3838 Sanctus
2968 3780 3238 3834 Maximus
3300 3778 3353 3831 in
3404 3775 3787 3830 dissertatione

2208 3894 2332 3935 cum
2387 3878 2598 3948 Pyrrho
2640 3878 2718 3931 sic
2751 3890 2875 3928 eum
2924 3888 3105 3927 secum
3153 3869 3460 3938 loquentem
3505 3865 3633 3919 facit
3668 3883 3678 3915 :
3720 3862 3788 3916 Τί

2211 3990 2295 4026 σοι
2326 3972 2497 4024 κακὸν
2519 3970 2882 4039 ἐποιήσαμεν,
2914 3964 3046 4035 κῦρι
3080 3963 3227 4017 ἄῦὃα
3266 3959 3488 4029 Μάξιμε
3518 3974 3534 4023 ;
3588 3956 3791 4011 Viden-

2212 4067 2340 4121 dum
2374 4065 2538 4119 etiam
2576 4077 2644 4116 an
2692 4076 2799 4114 non
2834 4058 3103 4126 religiosae
3148 4052 3496 4124 appellationi
3547 4048 3789 4102 coalitum

2213 4158 2402 4214 eadem
2434 4171 2534 4210 \ox
2584 4154 2812 4215 serviat,
2852 4159 2911 4203 ut
2978 4148 3147 4218 κῦρος
3198 4143 3476 4214 Γεώργιος
3530 4141 3599 4194 ab
3634 4140 3791 4191 Anna

2216 4261 2573 4313 memoratus,
2611 4248 2683 4303 sit
2717 4246 2876 4300 divus
2903 4240 3190 4312 Georgius,
3237 4246 3297 4292 ut
3343 4250 3440 4291 nos
3493 4233 3792 4302 loquimur.

2956 4382 3022 4434 Λ.

2288 4501 2499 4565 Λίζῖος.
2537 4497 2860 4569 Ἀνθρωπος
2895 4491 3456 4559 λίζιος,1ιοηυηειὶ9ε,
3478 4485 3798 4559 ὑποχείριος

2216 4594 2424 4659 δοῦλος,
2465 4590 2822 4663 jurejurando
2867 4587 3010 4658 quod
3056 4592 3253 4640 voeant
3323 4582 3593 4636 fidelitatis
3641 4579 3800 4633 alicui

2220 4685 2361 4738 Velut
2392 4681 2623 4751 principi
2663 4678 2981 4741 obstrictus,
3015 4684 3066 4728 et
3092 4672 3436 4728 benefniario
3457 4669 3580 4738 jure
3623 4668 3797 4721 obnov

2223 4778 2341 4831 xius
2370 4775 2559 4830 cliens.
2610 4771 2745 4826 Vide
2775 4770 3063 4823 lllcursium
3093 4776 3146 4819 et
3171 4763 3506 4820 Glossarium
3536 4763 3602 4816 ad
3645 4759 3807 4815 Nice-

2223 4879 2423 4923 cetam.
2470 4866 2679 4931 Quibus
2720 4863 2841 4916 addi
2894 4860 3126 4930 plurima
3179 4864 3405 4927 possunt
3454 4870 3517 4909 ex
3572 4853 3806 4908 lectione

2225 4960 2551 5028 scriptorum
2586 4956 2785 5011 citima:
2826 4956 3132 5016 vetustatis,
3168 4952 3366 5021 passim
3402 4947 3575 5002 cuivis
3619 4947 3803 5001 obvia.

2300 5047 2718 5121 Λογγιϐαρδία.
2767 5045 2822 5098 Si
2856 5045 2975 5113 quis
3010 5045 3112 5097 hoc
3159 5058 3352 5096 nomen
3395 5039 3597 5109 vulgari
3648 5037 3809 5092 hodie

2231 5145 2448 5199 notione
2476 5142 2702 5208 accipiat
2733 5152 2830 5206 pro
2880 5136 3165 5205 subalpina
3219 5133 3395 5198 Italia,
3457 5146 3618 5200 quam
3676 5128 3806 5184 olim

2230 5238 2461 5295 Romani
2513 5234 2822 5288 citeriorem
2883 5231 3113 5286 Galliam
3170 5228 3475 5292 vocabanl‘,
3534 5240 3616 5279 me
3666 5225 3710 5277 is
3755 5223 3810 5276 in

2231 5331 2402 5385 Amne
2444 5323 2680 5380 Historia
2719 5323 3012 5393 plurimum
3044 5319 3298 5384 falletur;
3334 5319 3384 5371 in
3411 5332 3475 5372 ea
3527 5316 3670 5371 enim
3702 5329 3809 5367 sat-

2234 5424 2351 5492 pius
2382 5416 2633 5473 Calabria
2666 5426 2752 5468 aut
2801 5413 3092 5483 Campania
3148 5413 3252 5467 isto
3292 5411 3510 5465 nomine
3563 5410 3813 5476 designa-

2239 5522 2342 5565 tur.
2376 5508 2507 5562 Puta
2545 5506 2681 5559 libro
2715 5504 2888 5574 primo
2926 5503 3015 5555 ubi
3077 5504 3143 5556 de
3185 5501 3357 5555 initiis
3404 5500 3629 5553 Roberti
3659 5497 3815 5555 Cala-

2239 5603 2370 5658 bria:
2400 5599 2594 5654 ducis:
2639 5598 2784 5651 cuia
2849 5609 3037 5649 socero
3092 5594 3346 5648 tributam
3408 5591 3577 5646 fuisse
3629 5597 3816 5646 urbem

2240 5696 2368 5751 dicit
2410 5695 2459 5747 in
2491 5686 2871 5759 Λογγιὸαρδίᾳ
2907 5687 3069 5740 sitam
3122 5682 3385 5754 φρούριον
3419 5691 3682 5737 vocatam.
3727 5679 3820 5734 Est

2240 5794 2420 5841 autem
2450 5798 2550 5836 ora:
2573 5780 2768 5836 civitas
2798 5778 2874 5833 sic
2912 5778 3049 5831 dicta
3087 5790 3191 5830 non
3222 5775 3380 5844 longe
3412 5789 3443 5828 a
3490 5772 3700 5847 Capua,
3752 5773 3820 5828 de

2243 5889 2344 5950 qua
2389 5873 2445 5927 in
2469 5869 2623 5925 Notis
2647 5869 2712 5924 ad
2748 5882 2870 5923 eum
2928 5866 3107 5923 locum
3171 5864 3384 5922 dicetur
3430 5862 3657 5936 aliquid.
3703 5864 3823 5931 Qua
