4108 6402
409 496 544 564 1229

402 616 691 670 occasione
721 633 882 687 porro
919 623 1056 677 inter
1086 626 1302 684 Grzecos
1329 632 1656 702 Byzantinos
1685 639 1976 696 invaluev-it

405 705 519 759 haec
548 712 882 763 consuetudo
913 713 992 768 sic
1021 716 1226 772 italiam
1265 724 1590 789 appellandi,
1651 729 1804 782 docet
1855 746 1980 782 eru-

403 793 512 847 dite
545 796 627 848 Vir
668 813 818 866 teque
853 803 1147 872 'ieligioSus
1206 825 1268 864 ac
1341 815 1548 878 tiocllts,
1598 835 1753 880 quem
1812 822 1972 872 hono-

399 885 475 937 ris
527 895 1005 958 causa.nomiuo,
1063 897 1130 951 Β.
1208 901 1267 955 Ρ.
1334 904 1514 969 Goar,
1591 913 1979 975 pestertorihus

399 974 552 1030 Nolis
585 980 650 1030 ad
687 980 1016 1053 Cedreuum,
1047 991 1111 1043 ad
1141 1007 1263 1059 pag.
1294 989 1420 1057 577,
1453 1015 1611 1065 quem
1650 1017 1976 1069 magnopere

399 1081 594 1122 cenSco
621 1075 896 1134 consulas.
926 1074 1231 1137 Admonere
1282 1087 1333 1140 id
1391 1088 1489 1142 hoc
1547 1091 1664 1142 loco
1703 1092 1970 1156 interfuit,

399 1171 465 1212 ne
521 1163 643 1230 quis
709 1168 938 1222 miretur
1001 1185 1120 1225 cum
1187 1176 1377 1230 viderit
1443 1195 1524 1233 me
1575 1183 1976 1252 Αογγιϐαρδίαν

397 1249 668 1308 interdum
740 1256 962 1327 Italiam,
1023 1264 1156 1318 alias
1215 1267 1519 1325 Calabriam
1581 1273 1972 1341 interpretari;

399 1343 529 1407 quin
564 1345 726 1398 etiam
760 1348 1053 1416 aliquando
1103 1355 1536 1428 Longohardiam
1583 1364 1775 1418 Latine
1821 1369 1971 1436 posui

395 1436 617 1491 netione
640 1440 824 1494 eadem
848 1453 953 1511 qua
987 1445 1036 1498 id
1069 1463 1262 1504 nomen
1297 1450 1468 1506 Graatti
1512 1469 1754 1509 sumunt.

462 1532 784 1598 Λογχαγίίι.
817 1534 934 1590 Lib.
975 1555 1002 1591 Χ
1028 1578 1042 1604 ,
1075 1543 1174 1596 sub
1219 1543 1374 1598 finem
1408 1565 1420 1600 :
1458 1551 1847 1620 παρεγγιῶμαί
1888 1560 1970 1605 σοι

395 1619 531 1686 μήτε
579 1623 715 1691 πρὶς
744 1627 1006 1694 οὐραγίαν
1045 1634 1179 1700 μήτε
1213 1637 1349 1704 προς
1378 1639 1676 1709 λογχαγίαν
1715 1619 1967 1699 ἵστασθαι

393 1711 691 1779 φάλαγγος.
715 1715 914 1771 Suadet
936 1718 1197 1777 Thrasoni
1226 1726 1444 1782 Alexins
1471 1731 1633 1785 uituio
1660 1735 1775 1802 plus
1799 1752 1964 1805 quam

393 1803 552 1857 vellet
585 1807 818 1860 hostium
854 1811 1158 1879 inventura,
1192 1824 1246 1870 ut
1291 1836 1394 1873 non
1429 1822 1479 1874 in
1529 1825 1698 1892 prima
1754 1845 1856 1881 non
1913 1829 1964 1882 in

391 1903 662 1960 postrem‘a
710 1901 824 1952 acie
857 1917 1090 1972 pugnare
1139 1919 1377 1975 appetat,
1427 1914 1519 1967 sed
1556 1915 1606 1968 in
1650 1919 1821 1972 media
1859 1935 1873 1972 :
1912 1931 1968 1975 ιιι

389 1994 563 2039 tectus
598 1990 832 2057 undique
877 2007 1104 2050 numero
1146 2009 1362 2054 suorum
1413 2012 1558 2060 tutus
1602 2023 1722 2063 esse
1773 2014 1961 2079 possit.

386 2078 664 2147 Οὑραγίαν
693 2098 789 2152 pro
813 2087 928 2139 acie
961 2103 1228 2154 posu'ema
1256 2094 1356 2164 legi
1385 2101 1525 2165 apud
1553 2091 1960 2170 Xenophozitem

385 2170 437 2223 in
470 2171 758 2242 ἀποϐάσει,
788 2177 1081 2247 λογχαγὶαν
1110 2197 1394 2254 nusquam.
1424 2189 1567 2243 Nova
1596 2211 1694 2248 vox
1725 2197 1959 2253 videtur.

382 2261 508 2316 Ideo
539 2265 711 2320 codex
745 2268 882 2322 alter
908 2271 1167 2342 λοχαγίαν
1208 2279 1367 2332 habet
1394 2287 1410 2333 ξ
1437 2299 1553 2351 qua}
1589 2301 1683 2339 vox
1717 2288 1818 2340 huc
1851 2303 1958 2343 non

380 2356 632 2423 quaduat.
671 2361 940 2426 Qumrilur
993 2368 1133 2421 enim
1188 2371 1472 2425 ἀντίθετον
1523 2376 1620 2444 τῆς
1672 2377 1956 2447 οὑραγῖας,

380 2453 521 2515 quod
571 2467 690 2506 esse
737 2454 964 2525 λοχαγίαι
999 2463 1204 2527 nequit.
1264 2463 1431 2519 Recte
1492 2481 1619 2536 ergo
1666 2467 1955 2540 λογχαγία,

383 2541 820 2610 ἀντιπαράταξις
855 2548 1002 2602 frons
1026 2553 1319 2618 exercitus,
1353 2557 1441 2610 ubi
1472 2559 1664 2613 hastati
1708 2565 1959 2632 cuspides

378 2636 723 2698 protendunt.
773 2638 887 2694 Non
937 2641 1215 2698 dissimulo
1242 2655 1417 2703 tamen
1450 2650 1699 2722 λοχὰγων
1731 2658 1957 2710 mentio-

376 2732 502 2775 nem
545 2741 664 2794 quae
697 2730 855 2781 tertio
891 2741 1150 2798 quartove
1182 2752 1301 2790 mox
1351 2752 1509 2795 versu
1554 2747 1796 2813 sequitur
1830 2759 1956 2817 pro-

377 2806 608 2863 babilem
636 2811 811 2870 facere
840 2815 1124 2875 lectionem
1152 2821 1434 2894 λοχαγίας.

1114 2960 1205 3014 Μ’.

443 3062 840 3119 uariauit-aa.
885 3067 1006 3122 Fuit
1036 3073 1126 3141 qui
1175 3077 1550 3144 suspicaretur
1594 3086 1774 3139 nescio
1822 3089 1952 3156 quid

373 3153 438 3206 de
484 3159 745 3221 torquatis
781 3157 970 3216 Gallis.
1004 3164 1219 3220 Memini
1257 3169 1430 3236 legere
1481 3190 1567 3228 me
1607 3179 1745 3245 apud
1791 3153 1950 3249 Poly-

370 3242 517 3296 bium
567 3249 841 3318 μανιάκην
893 3263 1157 3320 torquem.
1201 3257 1314 3319 ,Scd
1371 3278 1510 3314 nunc
1555 3281 1656 3317 non
1698 3276 1814 3320 erat
1866 3270 1950 3322 his

370 3335 542 3396 locus,
569 3355 666 3393 nec
692 3345 941 3410 cuiquam
974 3357 1151 3413 potest
1181 3365 1299 3403 esse
1330 3353 1550 3407 dubium
1582 3358 1708 3424 quin
1741 3375 1940 3422 11am-1-

367 3434 526 3486 κᾶται
558 3438 694 3504 apud
733 3440 963 3508 Annam,
1000 3443 1092 3497 lib.
1122 3460 1213 3504 vn.
1247 3462 1370 3516 pag.
1406 3451 1543 3513 ‘2l0,
1575 3453 1680 3506 sint
1705 3455 1946 3522 reliquite

365 3525 642 3591 copiarum
674 3528 954 3596 Mattiacis,
987 3534 1177 3589 famosi
1207 3539 1474 3605 quondam
1512 3543 1560 3593 in
1595 3541 1746 3597 [talia
1780 3545 1936 3599 Grae-

364 3629 552 3673 corum
594 3621 770 3686 ducis,
807 3635 866 3677 ut
893 3625 1051 3679 docet
1079 3627 1231 3682 Anna
1295 3630 1429 3697 ipsa,
1465 3632 1555 3687 lib.
1607 3650 1660 3699 ι,
1694 3652 1815 3706 pag.
1855 3637 1940 3692 Η.

363 3709 712 3780 Curopalates
776 3717 827 3769 in
864 3717 1102 3786 Diogene
1137 3721 1526 3790 τΑὐτάρανδος
1555 3723 1614 3777 δὲ
1658 3726 1735 3795 τῷ
1784 3737 1942 3796 μονο-

364 3801 521 3871 μάχ·;›
569 3806 662 3856 καὶ
683 3812 1166 3878 κατηγωνισμένου
1197 3813 1248 3866 οἱ
1279 3814 1376 3866 σὺν
1422 3816 1570 3884 αὑτῷ
1621 3818 1781 3888 (forte
1840 3820 1938 3874 σὺν

359 3892 529 3962 αὐτῷ)
574 3902 971 3967 περαιωθέντες
999 3902 1076 3971 τῷ
1110 3903 1322 3973 βασιλεῖ
1349 3906 1706 3973 δουλωθέντες
1739 3929 1940 3980 pavu-

358 3986 526 4037 κείταὶ
568 4005 632 4040 τε
675 3992 1162 4074 ὲπῳνομάσθησαν,
1197 3998 1291 4051 καὶ
1329 4002 1395 4070 τῇ
1443 4002 1730 4072 Ῥωμαίων
1765 4005 1930 4078 πολλῇ

358 4074 496 4130 forte
523 4079 717 4150 (πόλει)
748 4069 914 4136 ὲνσιπέ
924 4103 1137 4152 μειναν.

426 4172 823 4242 Μανουήλημ.
861 4174 976 4230 Lib.
1028 4195 1117 4242 xv,
1167 4185 1547 4236 candelabrum
1584 4199 1711 4241 ante.
1766 4191 1935 4257 impe-

356 4269 590 4315 ratorem
627 4266 868 4333 prteferri
901 4268 1114 4324 solitum
1163 4287 1192 4325 a
1230 4276 1513 4329 manubrio
1545 4277 1682 4332 forte
1737 4283 1815 4334 sic
1850 4283 1937 4336 di-

353 4361 496 4404 ctum
528 4368 591 4408 ex
643 4355 835 4412 Latino
870 4363 1037 4417 verbo
1085 4379 1298 4420 manus.
1345 4365 1479 4422 Vide
1534 4371 1931 4429 Meursinm-ct

350 4445 490 4499 alios
517 4447 955 4519 glossograpbos.

420 4540 772 4606 Μαρκέσση.
817 4543 1006 4599 Dubito
1028 4564 1093 4600 an
1135 4550 1234 4603 hoc
1267 4552 1338 4605 sit
1369 4568 1616 4620 personae
1646 4561 1924 4626 proprium

349 4643 567 4692 nomen,
609 4647 676 4684 an
707 4649 834 4687 vero
863 4637 1138 4704 dignitatis
1191 4641 1332 4697 illius
1377 4647 1536 4699 hodie
1584 4651 1880 4704 notissimae
1909 4693 1923 4715 ,

346 4736 509 4788 quam
537 4725 967 4780 utarcbionatum
998 4730 1225 4783 dicimus
1260 4750 1275 4785 :
1312 4735 1380 4787 ita
1423 4747 1480 4790 ιιι.
1511 4738 1823 4798 Tancretlus
1853 4744 1922 4799 ab

344 4815 497 4868 Anna
557 4817 796 4870 tuarebio
852 4833 1092 4876 vocetur.
1154 4823 1461 4895 Scriptores
1516 4836 1920 4899 expeditionum

343 4922 622 4959 saetarum
653 4921 968 4967 constanter
1003 4917 1145 4969 hunc
1183 4917 1520 4975 Tancredum
1551 4939 1743 4982 vocant
1777 4930 1921 4984 Mar-

341 4995 474 5047 cltisi
516 4994 679 5048 filium
711 5013 724 5047 :
759 5007 810 5050 et
834 4998 1061 5057 fortasse
1095 5005 1269 5060 Patris
1298 5026 1491 5063 nomen
1525 5015 1634 5067 filio
1665 5019 1910 5087 atljnnxit

343 5084 430 5138 hic
457 5086 636 5151 Anna,
664 5105 810 5143 more
839 5091 927 5145 illo
956 5096 1121 5148 veteri
1151 5113 1258 5165 quo
1281 5101 1535 5158 Socrates
1565 5105 1912 5177 Sophronisci

338 5187 391 5228 ct
417 5174 759 5248 Thucydides
787 5180 932 5235 Olori
958 5184 1060 5237 dici
1097 5187 1254 5243 solet.

411 5294 822 5360 Μιχαηνῖάτος.
857 5297 926 5350 Ut
973 5297 1327 5366 Ῥωμανάτος
1363 5318 1542 5363 certas
1574 5291 1914 5370 nummorum

335 5375 542 5448 species
598 5387 878 5452 designant
933 5390 1255 5455 imaginibus
1307 5408 1576 5455 certorum
1620 5405 1912 5474 imperato-

339 5490 454 5525 rum
490 5493 678 5544 nempe,
714 5479 986 5532 Michaelis
1014 5494 1103 5535 aut
1141 5486 1365 5540 Romani
1401 5493 1647 5561 Diogenis
1680 5498 1912 5566 impres-

335 5583 442 5619 sas.
478 5567 556 5621 Ad
596 5569 909 5625 lil‘cbaelem
939 5581 1075 5639 quod
1103 5579 1316 5637 attinet,
1358 5581 1448 5634 lib.
1479 5599 1594 5646 χιιι,
1620 5589 1722 5641 sub
1751 5592 1906 5642 finem

336 5662 394 5711 l’t
449 5662 645 5712 mentio
672 5663 1027 5732 Μιχαηλᾶτου
1069 5671 1339 5738 χαραγῆς,
1378 5673 1475 5726 hoc.
1524 5687 1626 5737 est,
1674 5684 1908 5744 pecunia!

335 5747 606 5813 itttpt‘chtt:
636 5753 807 5820 effigie
840 5756 1113 5814 Michaelis
1145 5763 1300 5816 Duca:
1332 5768 1586 5834 Augusti;
1620 5771 1709 5824 Sic
1755 5775 1898 5826 enim

332 5841 488 5906 paulo
519 5855 634 5910 post
666 5845 902 5912 loquitur
937 5850 1262 5908 Baimuudus
1286 5875 1298 5910 :
1324 5857 1557 5925 'Opsiim
1590 5863 1900 5931 λαμϐάνειν

333 5933 452 5985 κατ’
502 5936 724 6007 ἐτησίαν
767 5939 914 5993 δόσιν
941 5944 1045 5997 ἀπὸ
1102 5950 1210 6000 τᾶν
1264 5951 1562 6020 βασιλικῶν
1613 5958 1899 6030 θησαυρῶν

1570 524 2070 590 GLOSSARIUM
2110 535 2476 598 ANNIEUM.

3523 548 3656 616 129.0

2082 648 2317 702 τάλαντα
2357 653 2604 707 διακόσια
2628 655 2722 708 τοῦ
2749 657 3302 727 προϐεϐασιλευκὸτος
3331 663 3499 736 κόρου
3550 669 3656 721 Μι-

2079 741 2219 809 χαὴλ
2272 743 2534 812 ποιότητά
2580 764 2638 798 τε
2665 749 2763 801 καὶ
2817 751 3068 821 χαραγὴν
3125 755 3492 825 ἀποφέροντα.
3552 758 3657 813 Ubi

2081 834 2371 887 notandum
2419 839 2559 904 quod
2604 840 2828 908 ποιότης
2877 852 2925 895 et
2959 845 3178 914 χαραγὴ
3224 846 3651 917 distinguuntur.

2079 921 2224 975 l‘aloi
2260 936 2306 976 et
2367 927 2413 979 Ie
2445 929 2562 982 coin
2593 932 2730 983 etin
2785 930 3085 988 Romanato
3144 937 3434 1008 ποιότητος
3486 941 3655 994 solius

2079 1014 2137 1067 fit
2177 1019 2413 1082 mentio,
2457 1035 2560 1073 non
2615 1024 2742 1077 item
2801 1028 2909 1095 typi
2946 1044 2958 1080 :
2995 1026 3132 1082 forte
3181 1029 3471 1086 affectasse
3521 1035 3645 1086 Bai-

2076 1112 2332 1162 mundum
2388 1112 2521 1164 solvi
2551 1113 2650 1167 sibi
2702 1115 2788 1168 tali
2816 1128 3026 1170 moneta
3057 1122 3366 1185 pensionem
3419 1139 3651 1178 annuam

2075 1201 2216 1266 quod
2274 1201 2373 1255 iste
2425 1203 2718 1269 imperator
2769 1208 2994 1264 Michael
3036 1212 3214 1267 Ducas
3261 1197 3434 1272 afﬁnis
3485 1219 3655 1281 ipsius

2075 1289 2263 1345 fuisset
2292 1303 2348 1346 ttt
2379 1295 2518 1348 libro
2554 1315 2567 1351 ι
2598 1301 2844 1356 traditur.
2875 1305 3039 1358 Porro
3072 1307 3296 1373 ποιότης
3331 1319 3382 1360 et
3433 1313 3650 1381 χαραγὴ

2073 1381 2298 1437 diversas
2329 1387 2782 1445 considerationis
2808 1406 2964 1449 erant
2998 1413 3012 1461 ;
3051 1413 3173 1449 nam
3208 1399 3503 1468 imperator
3530 1405 3650 1468 qui-

2072 1471 2202 1528 libet
2235 1478 2458 1533 arbitrio
2493 1495 2592 1534 suo
2627 1495 2839 1558 certum
2865 1489 3087 1552 gradum
3125 1499 3180 1542 et
3228 1493 3446 1544 modum
3501 1498 3653 1562 puri-

2072 1567 2196 1620 tatis
2233 1571 2431 1623 metalli
2468 1575 2868 1638 praescribebat.
2912 1578 3032 1632 llaec
3064 1591 3179 1634 erat
3208 1586 3451 1650 ποιότης,
3486 1601 3647 1654 quam

2068 1659 2309 1712 eamdem
2340 1676 2460 1717 esse
2494 1663 2593 1718 sub
2627 1666 2732 1719 alio
2759 1670 3102 1738 charagmate
3133 1672 3263 1727 nihil
3302 1684 3467 1730 vetat.

2137 1751 2468 1819 Μόλιονκος.
2504 1756 2619 1810 Lib.
2653 1775 2726 1821 vr,
2776 1761 2986 1814 videtur
3031 1779 3150 1818 esse
3201 1780 3457 1833 angustus
3489 1776 3648 1823 terra:

2069 1851 2277 1898 tractus
2307 1861 2474 1913 aquas
2503 1850 2748 1906 dividens
2800 1853 2971 1907 instar
3023 1860 3335 1925 crepidinis,
3390 1865 3644 1916 SllitSll'tt-

2067 1933 2246 1988 ctione
2275 1945 2327 1988 et
2377 1953 2594 2007 aggere-
2626 1940 2841 1996 firmata
2892 1948 3082 2010 moles,
3134 1949 3434 2017 eujusmodi
3482 1953 3640 2015 objici

2065 2026 2271 2090 stagnis
2317 2044 2378 2081 ac
2408 2028 2718 2086 fluminibus
2771 2036 2967 2089 solent.
3019 2039 3242 2104 Gallice,
3285 2053 3640 2111 prmlerquant

2065 2116 2208 2180 quod
2266 2115 2512 2172 Latinam
2565 2125 2720 2178 molis
2759 2142 2947 2179 vocem
3001 2132 3299 2184 retinemus
3371 2135 3640 2193 interdum

2065 2204 2115 2257 in
2153 2205 2236 2260 bis
2267 2210 2616 2277 appellandis,
2643 2215 2824 2280 dignes
2853 2218 3186 2284 frequentius
3219 2238 3494 2276 vocamus.
3532 2223 3640 2276 Ha-

2063 2296 2152 2348 bet
2175 2309 2354 2351 autem
2397 2301 2823 2376 ὑποκοριστικὴν
2859 2307 3084 2362 formam
3122 2313 3346 2366 verbum
3375 2315 3632 2381 μολὶσκος

2063 2397 2125 2440 ιιι
2156 2404 2186 2442 c
2227 2389 2415 2446 Latino
2452 2395 2610 2462 male:
2647 2398 2714 2450 ab
2745 2398 2897 2452 Anna
2941 2402 3019 2454 vel
3054 2404 3121 2455 ab
3156 2403 3273 2471 ejus
3303 2406 3399 2457 τοινὶ
3435 2405 3638 2460 Graecis

2059 2476 2347 2533 formatum
2398 2483 2660 2539 videatur.
2715 2486 2877 2558 [Vide
2926 2491 3000 2544 Du
3066 2492 3326 2563 Cougium
3366 2499 3430 2549 ad
3463 2498 3633 2552 Amne

2059 2585 2111 2639 p.
2142 2572 2286 2644 155.]

2126 2665 2594 2735 Μουλσούμανοι
2649 2668 2734 2726 vel
2766 2674 2943 2740 potius
2977 2681 3467 2749 Movaozi-iyaroz.
3513 2682 3634 2737 Lib.

2056 2768 2108 2804 tv
2138 2771 2150 2806 :
2197 2753 2510 2825 Ὀμολογῶν
2541 2760 2658 2830 ἅμα
2699 2767 2760 2816 ἐκ
2793 2767 2988 2819 πολλοῦ
3041 2769 3139 2839 τὴν
3172 2772 3485 2840 ἀναμεταξὺ
3521 2772 3634 2825 τῶν

2051 2844 2497 2916 Μουλσουμάνων
2545 2853 2640 2904 καὶ
2673 2855 2780 2906 τῶν
2844 2855 3131 2926 Ῥωμαίων
3182 2864 3402 2932 εἰρήνην
3437 2865 3634 2916 ἐπικο-

2051 2935 2168 2988 Θεῖν
2218 2938 2538 2996 θεάσασθαι.
2611 2944 2968 3002 Mttsulmanni
3019 2951 3483 3009 Muhatnmedante
3535 2972 3628 3007 su-

2048 3031 2381 3094 perstitionis
2430 3036 2666 3091 cultores
2706 3040 2862 3106 primi
2895 3044 3065 3096 vocati
3117 3055 3278 3105 sunt,
3311 3049 3454 3113 quod
3507 3065 3629 3103 cum

2049 3119 2448 3178 Mobammedes
2479 3129 2668 3194 dogma
2704 3145 2858 3183 suum
2900 3145 3106 3187 armata
3135 3147 3188 3188 et
3221 3136 3446 3190 violenta
3475 3156 3630 3208 gras-

2049 3214 2260 3266 satione
2295 3229 2634 3286 propagaret,
2672 3237 2763 3274 cos
2795 3240 2983 3278 omnes
3026 3227 3352 3281 interficiens
3380 3232 3466 3295 qui
3499 3248 3623 3285 sns-

2046 3305 2224 3371 cipere
2254 3307 2381 3359 illttd
2415 3310 2634 3370 nollent,
2684 3314 2771 3380 qui
2803 3316 3166 3382 suspiciebant
3198 3306 3488 3404 pssime,
3520 3323 3623 3375 hoc

2045 3405 2128 3448 est
2171 3397 2368 3450 servati
2405 3408 2457 3451 et
2486 3400 2616 3452 salvi
2653 3404 2798 3465 facti,
2830 3406 3024 3472 quippe
3059 3421 3086 3459 a
3141 3397 3316 3463 morte
3362 3412 3571 3464 liberati
3609 3453 3623 3470 ,

2043 3485 2381 3542 dicebantur.
2421 3488 2495 3543 Ex
2547 3492 2647 3544 bac
2691 3494 2898 3558 origine
2948 3498 3171 3551 invaluit
3227 3499 3276 3552 id
3331 3518 3521 3556 nomen
3560 3511 3625 3555 a-I

2046 3577 2254 3633 Turcos
2300 3592 2352 3634 et
2402 3581 2704 3638 Saracenos
2737 3585 3126 3642 lilubammedis
3173 3593 3406 3648 cultores
3461 3596 3621 3648 (lusi-

2039 3672 2306 3738 gnandos;
2331 3675 2452 3741 quia
2487 3685 2664 3729 tamen
2701 3693 2760 3731 ea
2795 3696 2898 3731 non
2947 3681 3120 3748 gentis
3167 3685 3451 3751 appellatio
3475 3727 3489 3749 ,
3523 3692 3618 3741 srd

2041 3763 2339 3833 Θρησκείας
2375 3767 2859 3829 est,.\lusulmatmi
2911 3790 3015 3826 non
3063 3776 3319 3830 dicuntur
3371 3781 3469 3833 nisi
3521 3785 3611 3850 q-Ii

2040 3857 2348 3912 circumcisi
2381 3870 2526 3925 sunt,
2567 3863 2610 3914 si
2660 3879 2836 3916 tnares
2891 3866 3035 3930 sint,
3067 3869 3108 3920 si
3157 3879 3336 3922 autem
3395 3869 3609 3924 feminae

2041 3951 2141 4003 nisi
2181 3951 2567 4018 professionem
2602 3954 3067 4012 Multammedismi
3100 3961 3325 4015 solemni
3383 3963 3607 4017 formuli

2040 4042 2285 4097 fecerint.
2332 4044 2684 4100 Transierunt
2726 4059 2902 4104 autem
2958 4053 3316 4122 significatum
3375 4058 3608 4123 primum

2036 4131 2223 4184 salutis
2254 4148 2525 4200 corporea:
2545 4146 2598 4188 et
2629 4142 3064 4206 pneservationis
3096 4158 3121 4195 a
3162 4154 3334 4197 morte
3365 4148 3429 4198 ad
3462 4148 3614 4200 salu-

2035 4229 2138 4274 tem
2172 4239 2330 4292 quam
2363 4241 2392 4278 a
2423 4226 2802 4285 Mubatmnede
2839 4233 3022 4286 miseri
3055 4249 3298 4302 sperant;
3334 4250 3384 4290 ut
3412 4238 3615 4292 Musul—

2033 4313 2213 4365 manni
2255 4314 2362 4368 sint
2391 4317 2584 4383 quibus
2623 4319 3054 4378 Blubammedani
3097 4329 3335 4395 paradisi
3369 4327 3602 4384 felicitas

2027 4412 2178 4456 certo
2215 4405 2478 4470 promissa
2507 4418 2610 4462 est.

2770 4545 2838 4599 N.

2095 4673 2408 4741 Ναζῖραῐοι.
2448 4677 2567 4734 Lib.
2599 4696 2686 4744 xv,
2722 4692 2840 4749 post
2877 4685 3107 4739 medium
3144 4706 3156 4741 :
3207 4690 3324 4742 Ἐπῖ
3362 4691 3455 4743 τοῦ
3503 4693 3600 4759 βα-

2024 4766 2232 4820 σιλικοῦ
2266 4769 2444 4822 τοίνυν
2477 4773 2538 4840 τῇ
2575 4773 2693 4840 μετ’
2730 4775 2901 4845 αὐτὴν
2937 4779 3182 4848 καθῆστο
3213 4781 3429 4851 Θρόνου.
3466 4787 3603 4839 Πολ·

2021 4862 2103 4913 lci.
2162 4862 2216 4914 δὲ
2269 4857 2572 4926 τηνικαῦτα
2610 4868 2870 4936 παρῆσαν
2919 4873 3018 4935 τῆς
3051 4889 3108 4925 τε
3158 4876 3468 4944 συγκλήτου
3506 4882 3602 4932 κέὶ

2019 4954 2120 5025 τῆς
2145 4955 2296 5024 ἱερᾶς
2345 4958 2584 5018 συνόδου,
2623 4960 2712 5011 καὶ
2743 4961 2852 5013 τῶν
2878 4964 3194 5035 Ναζιραίων
3237 4969 3418 5024 αὐτῶν
3459 4975 3560 5026 ὀττό
3582 5004 3592 5012 ·

2021 5059 2104 5099 σοι
2182 5047 2339 5114 λόγου
2400 5052 2646 5120 μετεῖχον
2680 5052 2922 5121 λογάδες.
2966 5055 3256 5128 Religiosae
3300 5063 3428 5116 vita:
3471 5080 3597 5130 pru-

2019 5139 2250 5194 fessores
2300 5141 2501 5194 (Lm-cis
2553 5143 2882 5200 Christianis
2931 5150 3056 5203 dicit
3114 5161 3241 5204 sunt
3293 5154 3586 5222 Ναζεραῖοι

2018 5231 2281 5285 translato
2317 5246 2345 5283 a
2391 5231 2664 5289 Nazarteis
2709 5239 2984 5294 veteribus
3038 5245 3276 5300 nomine.
3331 5246 3386 5298 S.
3445 5245 3595 5299 Νἰιιις

2015 5322 2169 5391 cujus
2193 5323 2447 5392 epistolas
2476 5327 2708 5378 nondum
2740 5331 2913 5383 editas
2936 5334 3300 5388 describebam
3336 5353 3501 5404 nuper
3525 5355 3592 5390 ex

2013 5416 2212 5478 optimo
2245 5417 2432 5469 codice
2467 5418 2803 5473 bibliotheem
2848 5423 3131 5488 Medicam,
3161 5428 3384 5495 epiStola
3436 5430 3532 5481 145
3573 5449 3585 5482 :

2012 5500 2168 5559 Οὗτοι
2208 5507 2407 5567 πάντες
2433 5509 2534 5561 κᾶν
2564 5528 2622 5561 τε
2675 5511 2928 5582 κληρικοὶ
2955 5516 3055 5566 κᾶν
3087 5533 3145 5567 τε
3183 5517 3449 5585 βιωτικοὶ,
3484 5521 3587 5572 κᾶν

2008 5616 2066 5649 τε
2097 5597 2381 5666 Ναζιραῖοι
2409 5603 2498 5651 7.2".
2533 5602 2970 5671 ἀποτεταγμένοι
3013 5606 3324 5676 ὑπάρχωσι,
3353 5618 3458 5660 etc.

2079 5691 2490 5758 Νουμίσμίιτα.
2525 5692 2641 5747 Lib.
2677 5711 2759 5754 ttt.
2802 5712 2914 5761 poSI
2954 5700 3190 5752 medium
3244 5703 3292 5751 in
3342 5699 3578 5768 Epistula

2007 5781 2176 5834 Alexii
2205 5786 2270 5834 ad
2304 5782 2612 5846 lleutieum,
2658 5791 2882 5840 nummi.

2075 5874 2502 5941 Νωϐελίσιμος.
2539 5875 2653 5930 Lib.
2690 5892 2806 5939 xm,
2842 5881 2940 5930 sub
2968 5883 3195 5932 ιιιοιίἱιιιιι
3224 5898 3237 5945 ;
3271 5885 3450 5935 titulus
3494 5888 3580 5937 iii-

2005 5965 2225 6034 gnitutis
2260 5965 2308 6020 in
2334 5969 2451 6021 aula
2479 5969 2556 6022 vel
2583 5970 2760 6036 potius
2792 5975 3058 6043 republicn
3091 5975 3398 6046 Byzantina:
3429 5978 3568 6034 Gm-
