4108 6402
460 616 580 673 ciae,
607 625 671 664 ex
708 605 900 661 Latino
933 598 1250 656 nobilissimi
1284 597 1446 650 verbo
1483 596 1534 648 in
1563 593 1808 648 Graecum
1842 607 2032 644 Sutttttlt

467 701 717 756 inﬂexus.

1221 785 1256 819 ’.τ’

510 896 967 964 ’Ξυλοκλασίαμ
1007 904 1123 956 Lib.
1156 916 1276 961 xm,
1310 899 1409 952 sub
1445 894 1680 948 medium
1715 908 1729 943 :
1764 888 1951 943 Πᾶσάν
1986 899 2044 938 τε

468 1002 710 1070 ἄτροπον
758 997 846 1049 διὰ
883 997 993 1047 τῶν
1064 989 1416 1060 καλουμένων
1465 978 2046 1053 ξυλοκλασιῶνξαΰθις

470 1095 585 1154 τοῖς
644 1090 867 1151 Κελτοῖς
914 1086 1354 1153 ἀπετάφρευσεν.
1410 1078 1510 1132 Διὰ
1545 1078 1903 1131 iustrmuento
1937 1086 2049 1124 scr-

481 1184 587 1246 vit;
625 1191 681 1234 ιιι
715 1179 844 1234 velit
882 1177 1104 1233 semitas
1136 1170 1520 1239 ξυλοκλασὶαις
1570 1167 1772 1220 clusas.
1803 1162 2047 1215 Alterum

473 1277 704 1329 duorum
731 1284 862 1340 ergo
888 1278 970 1323 est
1000 1265 1329 1334 ξυλοκλασία
1376 1280 1388 1316 :
1426 1258 1507 1313 vel
1536 1256 1776 1326 aggestio
1822 1260 2053 1306 temera-

477 1366 556 1419 ria
582 1378 734 1418 Caesa:
761 1362 930 1424 silv-.c,
965 1358 1208 1430 (Tacitus
1237 1370 1421 1411 conca:
1443 1354 1520 1406 les
1554 1347 1777 1416 diceret)
1811 1345 1894 1399 vel
1923 1358 2052 1397 can-

478 1452 714 1508 cellatim
756 1451 983 1519 objecta:
1024 1458 1203 1503 crates
1237 1462 1249 1499 :
1289 1455 1583 1510 utrumque
1615 1449 1797 1508 aptum
1827 1436 1893 1488 ad
1925 1448 2048 1489 seo-

480 1544 702 1596 lt‘llllutlt
747 1541 872 1595 loci.

1233 1630 1298 1686 Ο.

564 1742 618 1795 ’0
640 1742 739 1797 ἐπὶ
816 1740 1129 1811 τραπέζης.
1184 1737 1303 1793 Lib.
1353 1750 1468 1797 xm,
1511 1746 1630 1801 pag.
1661 1728 1765 1784 ΞΠ
1818 1738 1875 1782 et
1918 1722 2051 1780 573.

481 1832 654 1889 OlIicii
690 1847 886 1887 nomen
914 1842 1006 1885 aut
1037 1825 1324 1884 ministerii
1354 1866 1368 1891 ,
1398 1834 1456 1878 ut
1484 1831 1729 1893 apparet,
1766 1819 1818 1874 in
1852 1816 2058 1873 familia

484 1927 852 1996 imperatoris.
878 1924 1104 1979 Videtur
1138 1930 1320 1976 autem
1351 1932 1455 1973 non
1485 1931 1618 1986 pure
1647 1916 1943 1968 humanum
1972 1919 2060 1962 aut

486 2021 765 2090 politicum
794 2018 964 2073 fuisse
996 2016 1049 2070 id
1087 2028 1306 2077 mimus,
1335 2010 1430 2066 sed
1485 2009 1832 2076 religiosum;
1865 2001 2063 2071 quippe

486 2127 596 2182 quo
618 2110 938 2176 fungeretur
965 2106 1264 2159 monachus
1286 2101 1350 2154 ad
1382 2098 1723 2168 bynmodiam
1742 2106 2060 2147 noetttrnam

486 2181 644 2258 sitatis
667 2200 820 2256 horis
842 2197 1137 2254 excubans.
1172 2193 1334 2248 Forte
1361 2190 1520 2258 hujus
1544 2196 1663 2242 erat
1694 2187 1828 2239 bene
1853 2181 2062 2253 precari

487 2310 653 2365 super
704 2307 946 2349 mensam
981 2289 1116 2345 cibis
1157 2285 1368 2354 positis,
1415 2292 1468 2339 et
1518 2280 1856 2349 postmodum
1910 2289 2066 2327 cauta

491 2400 706 2459 peracta
739 2388 931 2457 praeire
966 2383 1208 2438 solcmne
1239 2393 1458 2434 carmen
1490 2374 1786 2445 gratiarum
1813 2368 2065 2423 actionis.

490 2479 770 2538 Videmlus
794 2477 1177 2545 Curopalates.

568 2572 910 2641 ϐιηματίας.
947 2567 1063 2622 Lib.
1091 2582 1206 2620 xm.
1242 2562 1436 2619 Suidas
1465 2556 1784 2629 οιηματιας,
1814 2552 2068 2622 ἐπηρμέ-

494 2684 606 2730 νος.
659 2664 958 2731 Superbus,
996 2658 1300 2731 praeﬁdens,
1343 2653 1426 2708 sui
1469 2650 1727 2719 opinione
1760 2644 1994 2700 tumidus
2021 2652 2075 2696 et

497 2777 609 2833 pne
638 2774 696 2815 se
725 2758 860 2811 alios
888 2768 1175 2824 spernens.

568 2848 904 2920 Ὀρυκτίδες
946 2845 1226 2914 χελῶναι.
1274 2839 1396 2895 Lib.
1450 2852 1568 2899 xm,
1622 2844 1750 2888 ante
1798 2829 2074 2889 medium,

500 2918 799 3000 testudines
840 2948 934 2991 aut
975 2935 1140 3005 plutei
1176 2932 1422 3004 tegendis
1474 2929 1538 2982 iis
1578 2926 1667 2996 qui
1704 2936 1884 2977 muros
1915 2918 2078 2972 suffu-

500 3036 677 3098 diunt,
713 3039 807 3086 aut
828 3029 1212 3084 subterraneos
1236 3033 1443 3077 meatus
1476 3028 1614 3072 terra
1653 3011 1922 3068 molienda
1952 3025 2078 3077 ege-

498 3123 776 3192 rendaqnc
806 3125 1088 3175 excavaut.
1208 3104 1211 3105 ν

576 3190 896 3277 οὺέὲωνες.
960 3209 1077 3263 Lib.
1136 3222 1248 3272 xiv,
1300 3220 1423 3275 pag.
1475 3200 1602 3257 370.
1646 3197 1760 3251 Non
1809 3195 1992 3261 utique
2029 3190 2082 3245 hi

504 3316 631 3365 sunt
659 3305 897 3361 Vetones
926 3316 1065 3373 quos
1120 3310 1332 3353 veteres
1394 3290 1686 3364 geographi
1728 3290 1779 3342 in
1818 3284 2076 3354 Hispania

506 3401 798 3457 collocant.
839 3397 914 3452 lie
948 3396 1145 3463 quibus
1181 3390 1393 3446 crmlite
1424 3401 1574 3441 more
1619 3398 1716 3437 suo
1749 3380 1913 3433 multa
1970 3376 2082 3430 col-

509 3497 628 3565 ligit
671 3492 918 3546 Andreas
948 3486 1285 3548 Besendius;
1322 3479 1605 3535 manifeste
1662 3473 1929 3543 siquidem
1985 3469 2086 3520 hoe

510 3588 728 3645 nomine
760 3588 914 3639 Anna
946 3581 1114 3636 Italici
1146 3577 1361 3649 generis
1391 3584 1602 3643 gentem
1657 3578 1830 3629 notat,
1876 3565 1927 3616 in
1978 3576 2088 3631 quo

508 3697 714 3739 annon
767 3674 1102 3748 μνημονικὸν
1143 3671 1262 3739 ejus
1311 3666 1534 3735 σφάλμα
1589 3657 1986 3732 agnoscendum
2018 3653 2091 3708 sit

512 3777 652 3830 haud
678 3784 881 3828 temere
912 3765 1239 3823 delinierim.
1306 3760 1473 3814 Libro
1499 3753 1767 3826 superiori
1799 3753 1851 3804 in
1885 3747 2089 3804 descri-

510 3869 695 3936 ptione
728 3860 989 3917 Adriatici
1017 3860 1167 3913 sinus
1188 3855 1481 3907 Εὐετώνων
1514 3848 1679 3902 verbo
1720 3844 1930 3897 videtur
1950 3837 2091 3892 desi-

516 3972 712 4030 gnasse
740 3955 999 4008 Venetos.
1031 3949 1298 4016 Quoniam
1350 3956 1479 3997 vero
1549 3951 1823 4004 nunquam
1882 3930 2093 3994 Veneti,

518 4049 661 4117 quod
704 4048 856 4098 Anna
907 4037 1237 4098 meminerit.
1292 4043 1481 4088 contra
1539 4030 1920 4096 imperatorem
1974 4021 2096 4072 Ale-

523 4143 670 4196 xium
722 4138 924 4192 classes
972 4138 1271 4194 armarunt,
1310 4126 1519 4180 videtur
1572 4122 1675 4175 hoc
1723 4120 1842 4173 loco
1883 4114 2101 4169 Οὑετώ-

521 4251 628 4288 νων
661 4232 822 4287 verbo
854 4230 1035 4294 Italos,
1075 4235 1166 4279 aut
1198 4224 1362 4279 etiam
1385 4215 1761 4274 Occidentales
1788 4221 1842 4266 et
1870 4210 2100 4265 Latinos

522 4341 713 4383 omnes
745 4321 1039 4377 universim
1100 4314 1450 4377 intellexisse,
1480 4310 1588 4364 nisi
1647 4306 1889 4379 pressius
1947 4301 2101 4356 Iamsit

526 4424 582 4477 in
612 4418 843 4481 Pisanis,
873 4409 1273 4473 Geuuensibus,
1309 4417 1363 4460 et
1390 4404 1655 4464 Calabris,
1676 4414 1904 4469 quorum
1940 4410 2103 4449 nava-

523 4516 603 4569 les
632 4515 685 4565 in
719 4517 924 4579 patrem
952 4518 1109 4559 suum
1139 4498 1517 4575 expeditiones
1556 4490 1867 4560 descripsit.
1900 4487 2101 4543 Verum

526 4609 594 4660 de
621 4603 704 4660 his
735 4614 956 4670 agemus
983 4595 1192 4665 plenius
1223 4592 1275 4645 in
1311 4589 1469 4643 notis.

1296 4702 1362 4753 ﬂ.

606 4831 952 4899 Πάτροκλος
1001 4825 1322 4893 πρόφασις.
1383 4814 1765 4886 Saepe'Auna,
1807 4807 2109 4879 przescrtim

533 4927 629 4982 lib.
661 4940 720 4979 ιιι
755 4932 811 4977 et
838 4921 935 4975 lib.
970 4935 1027 4986 κ,
1056 4917 1161 4971 isto
1192 4909 1442 4983 loquendi
1482 4906 1640 4960 modo
1665 4900 1924 4972 exprimit
1961 4900 2111 4970 plau-

534 5019 747 5076 sibilem
770 5020 1120 5084 praetextum.
1152 5002 1515 5062 Proverbialis
1549 4998 1751 5055 locutio
1777 5011 1841 5052 ex
1875 4993 2111 5049 Ilomero

537 5111 693 5167 Iliad.
727 5103 771 5159 τ’
801 5122 814 5158 :

545 5226 639 5287 Ὣς
666 5222 838 5290 ἔφατο
865 5216 1131 5290 κλαίουσκ
1165 5213 1257 5265 ἐπὶ
1293 5212 1351 5290 δὲ
1382 5209 1704 5290 αῖενᾲχρντο
1725 5206 1991 5290 ,ηυγ-ξῖκξς

542 5273 853 5363 Πάἶερδκὶρν
879 5273 1169 5357 πρόφασιν,
1210 5282 1360 5351 σφῶν
1393 5280 1436 5333 δ’
1468 5273 1643 5331 αὺὲὧν
1677 5273 1826 5346 κήδε’
1857 5274 2085 5339 ἑκάστη.

544 5385 625 5440 Ad
653 5361 813 5453 quem
862 5381 1037 5434 locum
1113 5376 1193 5430 sic
1253 5374 1474 5428 adnotat
1534 5368 1850 5423 Eustathius
1893 5378 1907 5421 :
1954 5362 2025 5415 Τὸ
2060 5361 2116 5414 δὲ

552 5478 860 5548 Πάτροκλον
915 5474 1189 5542 πρόφασιν
1241 5468 1336 5520 καὶ
1398 5469 1476 5531 εἰς
1528 5461 1827 5534 παροιμίαν
1889 5458 2118 5527 ὕστερον

546 5570 735 5631 ἔπεσε,
762 5567 827 5621 δι’
867 5565 933 5637 ἣν
974 5564 1087 5635 ἔχει
1119 5561 1393 5634 εὔρυθμον
1424 5558 1720 5627 συντομίαν
1765 5555 1857 5607 καὶ
1894 5549 2119 5602 πιθανὸ-

546 5678 689 5729 τητα
721 5676 734 5691 ’
777 5661 873 5713 καὶ
919 5659 1142 5726 λέγεται
1188 5655 1282 5708 ἐπὶ
1331 5655 1440 5706 τῶν
1491 5650 1979 5723 προσποιουμένων
2019 5649 2118 5717 μὲν

551 5753 730 5803 ποιεῖν
757 5767 812 5802 τι
843 5751 930 5802 διὰ
968 5748 1125 5819 τήνδε
1171 5746 1293 5799 τινὰ
1320 5747 1523 5810 αἰτίαν,
1568 5743 1646 5812 τῷ
1684 5743 1797 5795 ὖντι
1854 5743 1911 5795 δὲ
1945 5742 2120 5802 ἄλλως

548 5839 708 5893 ’τοῦτο
737 5839 1054 5905 ποιούντων.
1091 5838 1227 5894 Vide
1259 5849 1519 5909 praeterea
1549 5846 1706 5891 notus
1734 5833 2028 5891 llwschelii
2070 5842 2118 5886 el

552 5931 876 6004 glossarium
928 5930 1174 5987 Meursii.

1611 480 2104 547 GLQJSARIUM
2140 477 2513 539 ΑΝΝᾸΞΠΒΙ.

3587 462 3727 525 12ἶὲ

2223 583 2667 652 ΙΙελιιγολίμην.
2704 580 2833 648 Pag.
2868 576 2990 633 106.
3030 576 3191 642 Quasi
3236 573 3446 629 diceres
3480 589 3493 625 :
3528 571 3727 633 Portus

2150 680 2201 731 in
2240 676 2418 731 medio
2443 674 2599 728 mari.
2635 671 2935 726 Peculiaris
2988 670 3101 723 haec
3157 666 3404 737 quaedam
3457 663 3724 718 industria

2148 778 2265 822 erat
2296 767 2502 823 classes
2531 775 2769 818 armatas
2823 761 3113 815 multarum
3151 757 3369 810 navium
3431 769 3526 824 per
3576 761 3728 809 vasta

2150 862 2324 916 maria
2384 857 2744 919 (luctantium,
2800 866 2859 909 ut
2906 854 3042 908 locis
3101 850 3451 920 importuosis
3510 858 3728 915 portum

2149 950 2436 1021 quemdam
2469 948 2537 1002 ad
2569 962 2724 1001 usum
2764 960 2957 1014 pugnae
2985 954 3076 996 ant
3100 941 3472 996 exscensionis
3517 942 3569 992 in
3624 940 3732 994 ali-

2151 1058 2314 1110 quem
2370 1040 2545 1092 locum
2608 1038 2918 1108 improvisa:
2978 1034 3243 1088 Iacerent.
3300 1033 3355 1088 Id
3405 1032 3538 1096 Leo,
3576 1030 3729 1085 Tacl.

2152 1136 2338 1187 Const.
2373 1132 2463 1193 9.0.
2490 1133 2687 1186 citatus
2719 1128 2749 1182 ἡ
2779 1127 3006 1182 .‘ilcnrsio
3058 1124 3311 1180 ναυτικοῦ
3344 1126 3532 1179 στόλου
3569 1142 3731 1194 στρα-

2151 1229 2379 1294 τήγημα
2430 1233 2611 1278 vocnt.
2663 1220 2768 1277 Ubi
2820 1229 2874 1273 et
2920 1236 3031 1273 rem
3066 1221 3238 1284 ipsam
3286 1215 3403 1271 fuse
3447 1216 3731 1271 describit.

2153 1316 2263 1374 Nos
2289 1317 2405 1384 ejus
2443 1316 2605 1371 verba
2640 1331 2763 1369 cum
2795 1316 2963 1367 Anna:
3000 1320 3202 1364 postne
3238 1310 3419 1364 verbis
3446 1310 3736 1380 diligenter

2157 1410 2502 1465 conferemus
2536 1409 2588 1462 in
2626 1406 2783 1462 Notis
2815 1418 2867 1459 et
2901 1414 3157 1459 accurate
3186 1403 3299 1458 Deo
3358 1402 3522 1458 dante
3571 1401 3738 1472 quid-

2159 1503 2285 1575 quid
2320 1503 2372 1557 id
2401 1513 2485 1557 est
2524 1501 2953 1557 declarabimus.

2230 1597 2589 1662 Πελεγρῑνος
2619 1594 2698 1647 vel
2731 1593 3081 1661 Περεγρῖνος.
3109 1586 3611 1657 Peregrinationem
3648 1599 3737 1640 re-

2164 1688 2414 1757 ligiosam
2452 1685 2755 1754 suscipiens
2785 1684 2848 1737 ad
2871 1682 3075 1737 ChriSLi
3104 1682 3439 1748 sepulcrum.

2238 1779 2587 1849 Πιγκέρνης.
2620 1776 2912 1832 Pincerna.
2965 1773 3101 1829 Vide
3130 1771 3427 1828 Meursium
3460 1779 3517 1825 et
3568 1768 3745 1825 Curu-

2165 1873 2419 1939 palatem.

2240 1961 2621 2031 Πρίιιτὼριον.
2672 1962 2790 2017 Lib.
2836 1977 2929 2015 xm
2965 1976 2978 2012 :
3038 1959 3295 2028 Ἀντικρὺ
3339 1957 3439 2026 τῆς
3482 1954 3747 2026 δουκικῆς

2169 2055 2434 2123 καθέδρας
2465 2054 2600 2123 ὅπερ
2632 2052 2973 2122 Πραιτώριον
3011 2050 3460 2120 προσωνόμαστο.

2242 2142 2588 2213 Πρεϐέντζη.
2653 2142 2957 2198 Provincia.
3013 2143 3103 2196 S‘e
3150 2140 3364 2208 proprie
3421 2138 3568 2193 dicta
3620 2150 3751 2205 pars

2177 2238 2386 2300 CullitL‘,
2440 2237 2730 2289 comitatus
2789 2234 3019 2288 celebris
3064 2234 3220 2301 cujus
3269 2243 3454 2284 cernes
3483 2228 3551 2283 ab
3583 2227 3746 2282 Anna

2173 2342 2396 2383 vocatur
2431 2331 2624 2398 Κύμης
2656 2327 3023 2398 Πρεϐἐντζης,
3066 2340 3185 2396 pag.
3214 2324 3341 2379 289.

2247 2420 2605 2490 Προάλματα
2636 2420 2745 2473 τῶν
2782 2417 3035 2482 πεδίλων,
3072 2417 3164 2469 lib.
3197 2431 3250 2482 ν,
3315 2414 3455 2469 ultra
3491 2410 3750 2473 medium,

2173 2530 2290 2581 qnzc
2318 2527 2580 2567 incussos
2619 2512 2771 2579 cquis
2808 2508 2992 2564 Gallos
3023 2525 3050 2561 a
3078 2515 3222 2560 statu
3251 2512 3307 2558 et
3339 2503 3552 2557 incessu
3579 2501 3755 2568 impe-

2174 2608 2323 2658 diant
2352 2622 2366 2658 :
2405 2605 2530 2672 qui-.l
2562 2605 2671 2656 sint
2699 2616 2907 2671 quaero,
2940 2597 3297 2652 calcariane?
3329 2610 3396 2648 an
3445 2593 3550 2646 alia
3585 2605 3755 2660 eque-

2178 2697 2306 2749 stris
2334 2706 2622 2749 armaturm
2678 2708 2803 2762 pars
2873 2690 2982 2744 illis
3037 2688 3371 2758 temporibus
3408 2686 3648 2750 usitata;
3682 2697 3753 2736 an

2178 2788 2377 2856 aliquid
2407 2787 2679 2841 hodierna:
2701 2798 2916 2854 quoque
2945 2777 3401 2845 consuetudinis?

2250 2878 2602 2944 Πρόσωπον.
2636 2874 2838 2927 Praeter
2868 2873 3142 2926 notionem
3183 2868 3454 2936 vulgatam
3482 2867 3615 2920 artis
3663 2880 3759 2919 vo-

2183 2970 2432 3025 cabulum
2463 2979 2545 3022 est
2581 2968 2635 3020 in
2665 2964 2919 3020 civilibus
2963 2962 3417 3016 convcutionibus
3474 2973 3630 3014 usum
3662 2957 3762 3011 ha-

2183 3063 2337 3123 bens,
2375 3070 2433 3114 ut
2468 3061 2517 3113 in
2554 3056 2944 3128 pacificationis
2993 3054 3363 3108 Iustrumento
3401 3050 3648 3104 Alexium
3675 3049 3761 3102 in-

2187 3164 2270 3209 ter
2297 3164 2349 3208 et
2380 3152 2740 3206 Baimundum
2782 3158 3062 3202 transacto
3092 3147 3275 3201 videre
3308 3152 3411 3205 est,
3439 3143 3536 3196 lib.
3562 3156 3686 3196 xm.

2255 3244 2594 3311 Πολλαχός.
2631 3242 2750 3296 Lib.
2785 3238 3211 3308 xv,.0ppositum
3263 3232 3488 3304 μοναχῷ
3536 3230 3762 3301 plurifa-

2189 3338 2327 3393 rinm
2362 3337 2627 3392 solitario.
3336 3312 3341 3317 ’

2261 3431 2485 3497 Πόρτη.
2523 3430 2707 3482 Porta.
2742 3426 2875 3480 Viale
2913 3423 3227 3478 Meursium.

2939 3519 3013 3569 P.

2272 3613 2674 3667 Ῥεϐεννικόν.
2739 3610 2857 3664 Lib.
2928 3624 2979 3671 ν,
3054 3603 3367 3678 ρεϐεννικῆν
3436 3598 3764 3671 περικόψας.

2201 3706 2422 3761 Videtur
2469 3702 2781 3776 ῥεόεννικὸν
2826 3716 2946 3756 esse
2973 3700 3115 3768 quod
3156 3697 3362 3752 Gallice
3398 3694 3631 3749 dicimus
3682 3706 3770 3744 ra-

2197 3800 2355 3861 veliu,
2384 3797 2622 3851 bnrriére
2657 3806 2752 3850 aut
2782 3793 2913 3863 quid
2945 3792 3144 3847 simile.

2276 3892 2506 3957 Ῥητός.
2547 3890 2661 3943 Lib.
2704 3905 2759 3950 Χ,
2791 3890 2934 3940 circa
2977 3885 3211 3939 medium
3262 3880 3418 3954 ῥητοὶ
3457 3878 3566 3949 γὰρ
3605 3871 3770 3945 ἦσαν.

2197 3986 2279 4037 Au
2312 3983 2475 4051 ῥητὸς
2507 3981 2728 4036 notione
2754 3980 2978 4033 barbara
3013 3992 3112 4043 pro
3137 3991 3291 4029 rarus
3325 3968 3600 4040 positum?
3631 3968 3711 4019 Au
3741 3981 3770 4017 a

2200 4076 2399 4130 Graeca:
2429 4075 2654 4143 originis
2705 4073 3037 4141 proprietate
3069 4085 3175 4123 non
3230 4059 3572 4120 discessum?
3628 4065 3779 4113 certe

2204 4171 2341 4224 ratio
2363 4168 2643 4223 sententia:
2668 4164 2832 4235 exigit
2857 4176 2913 4218 ut
2943 4161 3104 4216 isthic
3130 4159 3286 4230 ῥητοὶ
3317 4154 3477 4227 pauci
3499 4154 3776 4207 dicantur.

2202 4261 2385 4316 Estea
2440 4258 2628 4313 Grmca
2687 4270 2790 4311 vox
2836 4272 2865 4309 a
2909 4252 3118 4308 dicendi
3183 4248 3368 4304 verbo.
3414 4242 3602 4315 Ῥητοὶ
3649 4257 3821 4311 ergo.

2204 4354 2364 4416 forte,
2395 4368 2530 4421 quos
2563 4350 2721 4405 facile
2754 4348 2876 4416 quis
2924 4345 3152 4400 dicendo
3205 4352 3260 4396 et
3302 4336 3640 4394 numerando
3664 4348 3785 4402 per-

2207 4445 2511 4507 censuerit;
2539 4442 2736 4513 quippe
2779 4431 2912 4492 non'
2941 4437 3161 4495 multos,
3206 4434 3299 4487 sed
3359 4438 3512 4485 certo
3559 4438 3658 4481 nec
3714 4437 3783 4478 eo

2210 4554 2405 4606 tnagno
2430 4536 2855 4603 comprehensus
2895 4542 3147 4583 numero.

2289 4631 2485 4696 Ῥόγα.
2510 4626 2628 4681 Lih.
2666 4641 2743 4681 ιιι.
2780 4631 2897 4692 post
2927 4620 3157 4674 medium
3192 4634 3207 4671 :
3258 4615 3420 4682 Ῥόγα
3454 4614 3565 4667 τῶν
3600 4609 3787 4665 δοθέν-

2211 4738 2318 4776 των
2372 4721 2547 4773 εἴκοσι
2614 4714 2971 4785 ἀξιωμάτων.
3029 4709 3369 4779 Stipendium
3434 4702 3789 4772 dignitatibus

2213 4814 2451 4869 debitum
2481 4808 2867 4880 ἀξιωματικὸν
2899 4808 3127 4860 dictum.
3162 4801 3297 4856 Vide
3327 4798 3644 4854 Meursium.

2295 4905 2630 4975 Ῥομφαῒαι.
2665 4902 2781 4957 Lib.
2810 4916 2845 4955 ι.
2891 4897 3067 4953 Gladii
3099 4892 3322 4965 quidam
3355 4893 3501 4946 circa
3554 4889 3795 4956 impera-

2217 5010 2390 5055 torem
2429 4998 2630 5067 gestari
2695 5011 2725 5049 ιι
2776 4994 2942 5048 certis
2986 4990 3105 5059 eius
3153 4985 3507 5056 stipatoribus
3534 4979 3703 5044 soliti,
3733 4988 3797 5033 ut

2217 5096 2341 5148 olim
2381 5108 2409 5145 a
2452 5091 2735 5145 lictoribus
2782 5084 2960 5139 fasces
3012 5092 3067 5136 et
3099 5094 3319 5136 secures
3360 5087 3486 5130 ante
3518 5070 3793 5129 consules.

2298 5181 2701 5252 Ῥωμανάτον.
2761 5175 2879 5229 Lib.
2923 5190 3004 5238 ιιι,
3054 5188 3177 5242 pag.
3222 5170 3291 5225 9i
3339 5184 3355 5221 '.
3410 5163 3793 5237 Εἰργασμένου

2222 5278 2483 5349 ἀργυρίου
2517 5274 2612 5329 καὶ
2650 5269 3005 5339 Ῥωμανάτου
3033 5264 3289 5337 παλαιᾶςς
3316 5262 3625 5329 ποιότητος.
3682 5253 3795 5309 Ve—

2226 5370 2450 5425 risimile
2504 5366 2738 5420 arbitror
2802 5361 3031 5416 indicari
3081 5358 3182 5412 hoc
3219 5353 3382 5409 verbo
3434 5360 3646 5405 certum
3676 5359 3799 5401 mo-

2224 5473 2358 5519 neta:
2411 5474 2580 5528 genus
2634 5471 2821 5509 cusunt
2866 5452 3044 5521 jussu,
3097 5456 3192 5501 aut
3230 5447 3555 5512 impressum
3622 5437 3802 5506 eﬂlgie

2225 5556 2448 5610 Romani
2503 5549 2750 5619 Diogenis
2787 5544 3035 5615 Augusti.
3075 5540 3205 5597 Vide
3230 5537 3480 5609 superius
3509 5536 3672 5589 verbo
3690 5530 3803 5586 Μισ-

2224 5645 2512 5719 χαηλὰςος.

2975 5729 3039 5787 Σ.

2298 5826 2644 5893 Σαταναιὶλ.
2708 5824 2827 5880 Lib.
2884 5839 2974 5890 xv,
3037 5830 3159 5892 post
3202 5817 3464 5883 medium,
3515 5824 3639 5882 pag.
3670 5805 3802 5873 489,

2236 5921 2489 5988 Satanas,
2524 5915 2795 5975 Diabolus.

2216 5816 2255 5835 οἵ
