4108 6410
387 326 524 394 19.33

458 442 736 511 Σέκρετα.
769 443 882 501 Etsi
909 461 1013 502 vox
1045 446 1238 502 Latina
1289 456 1394 513 est,
1442 458 1620 506 tamen
1675 465 1871 504 novam
1907 459 1960 501 et

385 536 661 591 veteri-bus
695 538 836 592 haud
871 548 1054 592 notam
1087 523 1292 610 accepit
1331 556 1358 594 a
1387 540 1592 596 Graecis
1643 543 1964 597 recentiori-

387 628 492 683 bus
527 630 821 684 notionem.
869 629 1151 700 Signiﬁcat
1181 634 1351 698 enim,
1385 635 1435 686 ni
1470 634 1649 698 fallor,
1677 634 1960 693 tabularia,

389 719 505 774 sive
537 736 657 789 quae
702 722 943 775 archivia
981 723 1139 789 vulgo
1169 723 1444 786 dicimus;
1484 725 1686 777 scrinia
1723 733 1777 775 et
1813 723 1964 777 locu-

389 811 472 862 los
503 810 710 865 chartis
738 813 1072 867 authenticis
1127 821 1242 867 tuto
1292 815 1666 870 custodiendis
1720 825 1961 885 paratos.

390 901 526 954 Tum
562 904 722 956 ctiam
783 919 1072 960 consessus
1126 907 1388 960 lectorum
1439 908 1714 962 hominum
1770 910 1967 976 quibus

391 994 631 1061 cognitio
663 994 728 1049 de
763 997 925 1050 rebus
975 1013 1041 1052 eo
1088 999 1442 1053 altiuentibus
1496 999 1819 1054 demandata
1862 1010 1964 1054 est.

391 1081 470 1136 Ita
501 1097 817 1150 usurpatur,
856 1088 900 1141 si
935 1096 1080 1142 recte
1111 1098 1354 1154 autumo,
1392 1090 1487 1144 lib.
1527 1106 1612 1154 ιιι,
1641 1106 1765 1160 pag.
1804 1091 1890 1146 84.

465 1177 836 1245 Σεργέντιος.
900 1179 1021 1234 Lib.
1073 1196 1195 1244 xm,
1243 1193 1496 1250 sergent;
1548 1197 1647 1236 vox
1700 1182 1903 1236 Gal-lica
1941 1196 1971 1235 e

396 1267 587 1324 Latino
612 1271 860 1329 serviens.
894 1280 947 1324 ιιι
977 1273 1194 1340 quidam
1226 1274 1432 1340 volunt,
1480 1289 1601 1328 cum
1631 1276 1698 1327 ali
1734 1290 1761 1327 a
1795 1275 1971 1329 Caesa-

397 1362 568 1416 rianis
599 1363 888 1418 deducant.

468 1454 795 1523 Σέρμωνες.
826 1456 1031 1527 Navigii
1065 1475 1255 1525 genus,
1284 1460 1376 1511 lib.
1420 1475 1502 1523 ιιι,
1530 1459 1668 1512 infra
1701 1459 1970 1523 medium;

396 1545 536 1601 forte
571 1563 598 1599 a
634 1547 800 1616 σείρω
831 1549 1005 1616 traho,
1038 1551 1179 1618 quod
1210 1553 1458 1605 remulco
1484 1551 1790 1605 trahantur.

466 1637 704 1702 Σιάους.
741 1639 858 1694 Lib.
900 1655 971 1703 Vl,
1030 1655 1152 1708 pag.
1208 1641 1333 1705 170,
1386 1643 1612 1696 nuntius
1639 1641 1720 1696 vel
1759 1643 1965 1710 legatus

398 1728 662 1785 Sultanis.
691 1729 808 1784 Vox
841 1732 1064 1784 'l‘urcica
1099 1733 1364 1800 hodieque
1429 1734 1648 1789 usitata.
1697 1734 1786 1787 Sic
1831 1734 1973 1787 enim

398 1824 596 1890 passim
625 1822 783 1891 legati
813 1837 1078 1878 vocamur
1102 1840 1238 1894 quos
1259 1826 1560 1881 Turcorum
1585 1828 1880 1897 imperator
1910 1827 1976 1881 ad

399 1914 534 1966 alios
566 1915 837 1982 principes
874 1917 1060 1970 mittit.

473 2006 678 2074 Σίγνα.
716 2009 887 2062 Certa:
920 2010 1102 2076 ﬁgnrze
1133 2012 1298 2066 ductu
1333 2012 1527 2066 calami
1586 2011 1886 2080 designatae
1921 2011 1973 2063 in

399 2098 609 2154 chartis
631 2102 1077 2166 conventionum,
1131 2105 1198 2158 ab
1231 2104 1300 2158 iis
1349 2103 1683 2165 hominibus,
1727 2104 1818 2171 qui
1855 2117 1978 2156 cum

400 2191 640 2246 scrlbcre
664 2192 940 2247 nescirent
966 2193 1233 2262 ejusmodi
1263 2195 1418 2261 signa
1465 2193 1584 2248 loco
1621 2193 1983 2261 subscriptio-3

399 2282 487 2336 nis
519 2284 812 2351 ponebant.
877 2284 968 2340 Sic
1029 2296 1322 2356 usurpatur
1377 2287 1495 2340 haec
1536 2299 1638 2338 vox
1700 2285 1797 2338 lib.
1858 2299 1978 2350 xm,

401 2389 523 2442 pag.
556 2374 682 2428 “6.

473 2467 719 2522 Σκάλαι.
757 2468 876 2524 Lib.
912 2485 987 2524 ιιι.
1027 2468 1193 2525 Certa
1243 2470 1359 2525 loca
1395 2471 1547 2526 urbis
1596 2469 1984 2524 Constantino-

401 2560 676 2628 politanzc.
709 2560 840 2616 Vide
869 2561 1186 2616 Meursium.

499 2655 962 2707 Σουλτανίκιον.
995 2654 1127 2722 Pag.
1159 2654 1226 2708 95
1288 2664 1340 2708 et
1365 2655 1518 2710 alibi.
1550 2655 1678 2708 Hzec
1709 2668 1808 2706 vox
1840 2653 1982 2721 apud

404 2744 616 2798 Annam
647 2745 754 2800 duo
779 2746 1068 2813 signiﬁcat,
1108 2747 1284 2802 locum
1320 2748 1435 2801 sive
1462 2746 1724 2812 palatium
1782 2755 1837 2800 et
1886 2761 1966 2798 au:

407 2833 514 2889 lam
544 2835 772 2891 sultanis
807 2839 1004 2891 summi
1041 2837 1346 2892 Turcorum
1383 2839 1669 2906 principis,
1714 2847 1768 2891 et
1801 2837 1982 2904 digni-

411 2932 580 2977 tatem
619 2924 763 2977 illam
798 2926 986 2995 ipsam.
1021 2928 1179 2981 Palei.
1207 2943 1270 2980 ex
1308 2927 1492 2982 multis
1522 2927 1653 2982 locis
1681 2939 1797 2994 quae
1819 2925 1988 2980 lector

409 3011 464 3065 in
492 3013 605 3081 ipsa
635 3012 870 3069 lectione
896 3014 1056 3070 facile
1083 3018 1318 3072 notabit.

483 3107 882 3178 Σπούδεργος.
941 3109 1062 3167 Lib.
1096 3125 1186 3174 xv,
1239 3119 1361 3179 post
1388 3110 1650 3174 medium,
1711 3109 1990 3178 eleganter

412 3209 609 3254 novata
669 3214 767 3254 vox
823 3199 888 3254 ad
969 3201 1382 3271 signiﬁcandum
1434 3215 1665 3270 gnavum
1723 3208 1780 3254 et
1844 3210 1988 3254 stre-

413 3305 607 3344 nuum.

484 3385 814 3452 Στρατηγις
845 3394 1047 3438 certam
1075 3386 1392 3452 qualitatem
1423 3394 1517 3437 aut
1544 3385 1638 3452 jus
1687 3386 1842 3438 urbis
1895 3385 1992 3436 de-

415 3487 570 3531 notat
603 3479 687 3532 cui
725 3480 830 3533 tale
865 3479 1177 3546 adjunctum
1208 3479 1516 3548 apponitur,
1551 3489 1608 3531 ut
1631 3489 1774 3545 patet
1820 3492 1851 3532 e
1896 3477 1991 3531 lib.

413 3584 512 3624 xm
549 3580 812 3625 extremo.
843 3571 1104 3624 Similiter

487 3661 927 3729 Στρατηγάτον.
971 3663 1043 3716 De
1071 3671 1252 3716 castro
1280 3661 1531 3714 videlicet
1561 3661 1760 3714 dictum
1791 3658 1877 3727 jus
1896 3657 1994 3711 ali-

417 3753 562 3819 quod
593 3752 828 3820 praesidii
861 3762 955 3807 aut
993 3753 1330 3822 privilegium
1383 3751 1582 3815 innuit,
1632 3749 1770 3805 forte
1833 3749 1995 3818 quale

420 3843 634 3898 urbium
665 3859 852 3898 earum
884 3845 936 3898 in
971 3843 1142 3899 Gallia
1185 3855 1238 3899 et
1283 3844 1464 3914 Belgio
1510 3859 1628 3911 qmc
1657 3841 1997 3896 Castellanitn

425 3944 711 3991 vocantur.

491 4028 1050 4098 Στρατοπεδάρχης.
1107 4029 1334 4082 Videtur
1406 4027 1698 4097 peculiaris
1752 4026 1995 4094 quaedam

423 4117 693 4185 dignitas;
750 4118 842 4171 lib.
900 4134 998 4182 xu,
1065 4118 1133 4172 de
1180 4121 1389 4187 aspiete
1440 4137 1454 4174 :
1506 4118 2000 4188 Στρατοπεδὰρχην

419 4211 774 4278 τετιμηκώς;
821 4211 944 4262 item
977 4211 1135 4278 paulo
1170 4211 1416 4279 superius
1467 4227 1478 4261 :
1534 4211 1996 4282 Σρατοπεδάρχην

420 4301 584 4354 αὑτὸν
616 4300 840 4367 ὴξιώκει
871 4301 1051 4369 πάσης
1095 4300 1407 4368 Ἀνατολῆς,
1437 4315 1543 4354 etc.

493 4391 834 4458 Συνήθειαι.
879 4390 996 4445 Lib.
1036 4407 1118 4455 ιιι,
1160 4392 1209 4444 in
1244 4392 1389 4442 Bulla
1429 4394 1603 4444 Aurea
1635 4407 1802 4459 genus
1835 4393 2003 4444 vecti-

425 4482 562 4552 galis
593 4483 672 4537 sic
700 4483 924 4537 dictum.
964 4483 1286 4537 Guillelntus
1318 4484 1535 4553 Tyrius,
1595 4484 1688 4537 lib.
1747 4500 1805 4537 ιιι
1841 4501 1855 4536 :
1915 4483 2000 4536 Ita

427 4581 484 4624 ut
515 4588 542 4625 e
592 4582 868 4639 conspectu
905 4571 1510 4638 Constantinopolitam
1562 4574 1808 4636 rivilatis,
1873 4589 2000 4640 pro-

427 4675 694 4718 curatores
752 4681 873 4718 suos
924 4666 1130 4718 haberet
1182 4667 1695 4731 quiconsueludiues
1733 4683 1764 4717 (ι
1810 4675 2000 4717 trans-

427 4757 668 4810 euntibus
756 4758 1044 4823 exiqerent.
1133 4754 1268 4809 Vide
1353 4755 1629 4809 Novellum
1715 4755 2002 4810 Iustiniani

425 4864 614 4909 cum,
668 4848 754 4900 ubi
782 4849 915 4922 Περὶ
964 4848 1287 4918 κουφιςμῶν
1335 4847 1646 4916 συνηθείας.
1702 4847 1836 4902 Sunt
1866 4848 2000 4901 alic-

427 4941 517 4994 ubi
557 4939 824 5007 hodieque
882 4941 930 4992 in
970 4941 1146 4995 Gallia
1173 4941 1416 5011 ιιιιωιιςιιιι
1449 4941 1686 5007 portoria
1720 4957 1837 5010 qua:
1869 4958 2003 4994 cnn—

427 5030 741 5084 suetudines
769 5040 1046 5084 vocantur.

501 5121 890 5190 Συμπιὶθειαι.
924 5122 1045 5176 Lib.
1078 5139 1159 5186 ιιι,
1189 5133 1243 5178 et
1276 5123 1370 5176 lib.
1407 5138 1482 5184 ix,
1538 5120 1824 5172 manifeste
1876 5130 2003 5174 sunt

433 5214 786 5268 remissiones
845 5229 1016 5282 [)(Bnm
1064 5230 1196 5280 quas
1253 5213 1456 5268 Gallice
1515 5213 1694 5282 grdces
1748 5212 2002 5273 dicimus,

431 5306 650 5376 quando
691 5306 922 5358 convicti
985 5305 1230 5358 criminis
1277 5305 1602 5372 suppl-icium
1663 5305 1816 5369 plena
1853 5311 2005 5369 pote-

432 5409 570 5452 state
600 5399 861 5466 principis
917 5397 1276 5450 condonatur.
1328 5393 1518 5460 Venia,
1562 5393 1831 5456 remissio,
1892 5395 2007 5446 sive

434 5492 657 5545 remissa
699 5503 756 5544 ut
792 5489 1030 5559 loquitor
1071 5495 1256 5540 auctor
1286 5487 1654 5540 commentarii
1688 5484 1737 5536 in
1779 5484 2004 5537 Paulum

431 5584 717 5637 Ambrosio
750 5581 936 5636 tributi
970 5581 1036 5634 ad
1071 5580 1228 5632 Rom.
1268 5593 1344 5640 vi,
1385 5577 1472 5630 H.
1509 5576 1789 5644 Signiﬁcat
1817 5577 2002 5627 eadem

435 5689 534 5729 vox
569 5673 708 5743 apud
744 5675 951 5727 Annam
1011 5687 1116 5726 non
1176 5685 1296 5723 raro
1359 5671 1685 5723 tributorum
1730 5669 2006 5720 condona-

441 5766 614 5824 tioues
680 5776 774 5823 aut
845 5765 1205 5824 relaxationes
1262 5762 1584 5826 debitorum,
1662 5759 1999 5830 συμπάθειαι

1519 337 2016 398 GLOSSARIUM
2061 340 2422 399 ANNEUM'

3516 332 3650 396 1⁵234

2059 451 2414 519 δημοσιακῶν
2442 449 2778 522 ὀφλημάτων
2813 463 2824 500 :
2868 448 2992 502 item
3023 446 3360 517 συμπάθειαι
3403 448 3512 502 τῶν
3559 454 3647 504 λε·

2067 546 2318 614 γομένων
2370 543 2689 614 συνηθειῶν.

2133 635 2507 704 Συμφωνεῐν.
2554 633 2819 688 Pcculiari
2868 633 3086 688 notione
3131 631 3440 686 ﬁdelitatem
3491 632 3651 687 alicui

2069 727 2312 794 proﬁteri
2347 735 2402 780 et
2449 725 2566 794 ejus
2629 725 2913 794 ἄνθρωπον
2956 723 3124 787 λίζιον
3169 723 3306 778 ﬁeri.
3349 725 3408 776 lu
3451 725 3654 792 scripto

2065 822 2386 876 Concordia:
2413 821 2694 876 Baimnndi
2730 821 2830 875 sub
2864 820 3046 879 ﬁnem.
3084 820 3176 875 lib.
3213 835 3332 874 xm.

2127 930 2480 999 Σφαιρίζὲιν.
2506 929 2623 983 Lib.
2646 946 2721 988 Ix.
2741 939 2860 996 post
2878 928 3114 982 medium
3140 946 3154 982 :
3183 928 3242 981 Et
3263 929 3321 982 δὲ
3341 929 3654 998 σφαιρξζον-

2063 1037 2132 1072 τα
2153 1020 2342 1073 τοῦτον
2359 1016 2467 1072 εἶδέ
2484 1019 2728 1084 τις.ριιίε
2749 1018 2962 1071 dubitet
2981 1017 3068 1070 hie
3093 1018 3404 1087 σφαιρίζειν
3423 1034 3544 1073 esse
3563 1020 3649 1088 pi-

2071 1113 2120 1166 la
2157 1112 2381 1165 ludere?
2430 1111 2613 1182 Pergit
2648 1129 2660 1166 :
2689 1113 2750 1165 Εἰ
2779 1111 2835 1164 δὲ
2881 1111 3273 1180 ἱππαζόμενον,
3319 1115 3366 1165 εἰ
3394 1114 3452 1166 δὲ
3480 1115 3652 1166 ἱππα-

2072 1207 2194 1266 υεας
2237 1201 2580 1272 ποιούμενον.
2604 1202 2744 1272 Ergo
2765 1201 3029 1256 distincta:
3054 1203 3473 1257 exercitationes
3495 1221 3655 1274 σφαι-

2075 1297 2247 1365 ρίζειν
2266 1306 2315 1350 et
2344 1296 2625 1359 ἱππάζειν.
2653 1294 2815 1363 Atqui
2851 1294 3007 1364 paulo
3033 1302 3151 1362 post
3171 1293 3253 1349 sic
3274 1295 3433 1349 habet
3459 1295 3610 1348 Anna
3638 1313 3653 1348 :

2071 1387 2423 1456 Σφαιρίζοντι
2456 1387 2564 1457 γάρ
2610 1403 2743 1438 ποτε
2776 1385 2853 1454 τῷ
2893 1385 3259 1455 αὐτοκράτορι
3303 1385 3446 1438 κατὰ
3487 1387 3546 1439 τὸ
3599 1389 3660 1441 ἐν

2073 1479 2295 1549 μεγάλῳ
2319 1479 2564 1549 παλατίῳ
2596 1476 2925 1547 ἱππηλάσιον
2957 1475 3453 1545 (ψιίιίὶππηλάσιον
3484 1479 3546 1528 ad
3575 1479 3662 1546 pi-

2073 1571 2268 1639 Ιιιιιιῖ).
2292 1571 2505 1640 Pergit:
2545 1571 2711 1640 Ἀνήρ
2730 1586 2812 1632 τις
2837 1567 3110 1638 βάρϐαρος
3133 1568 3192 1632 ἐξ
3220 1568 3532 1637 Ἀρμενίων
3563 1571 3659 1622 καὶ

2072 1663 2333 1734 Τούρκων
2367 1665 2509 1731 φὺς,
2553 1663 2706 1730 ξίφος
2752 1661 2956 1714 ἔσωθεν
2999 1660 3110 1712 τῶν
3164 1660 3390 1728 ἀμφίων
3444 1661 3655 1730 φέρων,

2074 1755 2212 1808 ἐπὰν
2245 1757 2337 1808 τὸν
2369 1755 2748 1825 αὐτοκράτορα
2781 1754 2890 1806 τῶν
2925 1751 3396 1821 συσφαιριζόντων
3430 1753 3658 1806 ἀνασειο

2077 1846 2319 1915 ράσαντα
2347 1847 2438 1899 τὸν
2464 1846 2683 1915 χαλινὸν
2729 1843 3142 1910 ἀπολειφθέντα
3187 1842 3473 1907 ἐθεάσατο,
3505 1842 3591 1910 ἐφ’
3617 1837 3663 1909 ᾧ

2075 1939 2452 1992 πνευστιῶντα
2498 1939 2588 1990 τὸν
2638 1939 2807 1990 ἵππον
2862 1933 3160 2002 αναψὺξαι,
3211 1944 3318 1987 etc.
3367 1934 3440 1987 En
3492 1949 3661 2001 eque-

2077 2032 2205 2084 stris
2237 2031 2386 2084 lusus
2421 2031 2562 2099 pilm.
2599 2031 2828 2096 Quinam
2881 2029 2927 2082 is
2959 2042 3089 2082 vero
3122 2025 3243 2079 est?
3280 2025 3445 2079 Video
3485 2031 3665 2080 simu-

2076 2121 2227 2175 lacra
2276 2121 2394 2175 belli
2441 2122 2608 2174 armis
2643 2120 2870 2175 decursa
2914 2118 3334 2190 σφαιρομαχέας
3384 2117 3662 2170 veteribus

2081 2212 2274 2266 dictas.
2324 2213 2458 2266 Nam
2520 2225 2582 2266 ex
2621 2210 2864 2274 Polluce,
2918 2209 3010 2265 lib.
3047 2227 3105 2265 ιιι
3150 2228 3165 2265 :
3223 2210 3334 2262 Καὶ
3400 2207 3469 2262 τὰ
3521 2209 3664 2261 ὅπλα

2079 2305 2308 2372 σφαῖραι
2326 2319 2341 2334 ·
2373 2303 2467 2370 ἀφ’
2491 2297 2566 2354 ὧν
2591 2302 2684 2355 καὶ
2715 2301 2776 2355 τὸ
2811 2298 3214 2371 σφαιρομαχεῖν
3241 2298 3334 2352 καὶ
3358 2315 3665 2369 σφαιρομα-

2078 2394 2192 2462 χία.
2240 2391 2354 2446 Non
2420 2394 2630 2446 videtur
2687 2407 2815 2460 ergo
2882 2407 3002 2446 csse
3047 2407 3206 2459 posse
3255 2392 3472 2444 dubium
3532 2394 3661 2459 quin

2081 2485 2394 2555 σφαιρίζειν
2454 2485 2530 2538 sit
2573 2485 2840 2537 interdum
2877 2483 3012 2551 apud
3063 2485 3296 2544 Annam,
3331 2497 3525 2550 equum
3559 2480 3662 2535 do—

2082 2582 2276 2632 mitare
2333 2587 2494 2644 atque
2547 2576 2601 2630 in
2651 2577 2837 2630 orbem
2873 2591 3055 2646 agere,
3107 2585 3197 2627 aut
3225 2583 3480 2645 equestre
3518 2575 3664 2628 ludi-

2079 2685 2229 2723 crum
2267 2671 2578 2723 decurrere.
2723 2681 2726 2684 '

2155 2762 2506 2830 Σχιδευμός.
2531 2761 2652 2814 Lib.
2686 2777 2766 2824 ιιι,
2805 2761 2856 2813 in
2898 2759 3050 2814 Colla
3091 2774 3291 2813 aurea:
3331 2759 3665 2830 Σχιὸευμοῖις

2083 2855 2178 2908 καὶ
2213 2854 2656 2923 ἁποσχιδευμοὺς
2690 2861 2915 2905 autumo
2959 2851 3254 2904 scissiones
3294 2858 3348 2903 et
3388 2850 3668 2904 rescissio-

2084 2953 2180 2998 nes
2227 2959 2401 2998 rerum
2448 2945 2851 3013 judicatarum',
2897 2943 2977 2996 vel
3023 2952 3426 2996 contractarum
3455 2981 3470 3004 ,
3519 2955 3669 3009 posre

2085 3049 2246 3103 quam
2304 3035 2641 3089 solemnibus
2701 3035 2842 3104 juris
2904 3033 3148 3086 formulis
3196 3033 3420 3086 ﬁrt‘nataa
3491 3041 3664 3085 sunt:

2084 3142 2244 3196 quam
2279 3135 2598 3194 potestatem
2643 3127 2837 3180 summi
2873 3126 3209 3194 principatus
3245 3125 3515 3194 propriam
3565 3126 3666 3176 im-

2086 3225 2305 3288 perator
2337 3217 2446 3271 illic
2477 3218 2634 3272 matri
2673 3218 3065 3272 communicat.

2158 3308 2289 3363 Σώα
2336 3310 2562 3376 πίστις.
2620 3308 2858 3376 Videtur,
2907 3309 2999 3362 lib.
3049 3323 3160 3373 xiv,
3213 3321 3335 3362 esse
3394 3307 3526 3360 ﬁdes
3580 3305 3665 3357 illa

2089 3417 2248 3467 quam
2300 3400 2596 3454 solemnem
2645 3398 2956 3469 imperatori
3011 3409 3106 3453 aut
3151 3401 3261 3468 regi
3311 3396 3666 3466 jurejurando

2091 3492 2411 3561 interposito
2444 3491 2767 3559 proﬁtentur
2789 3492 2878 3560 qui
2921 3506 3108 3544 eorum
3136 3489 3244 3557 jnri
3272 3504 3330 3542 se
3374 3487 3670 3554 subjiciunt

2090 3596 2145 3638 et
2171 3598 2358 3638 eorum
2390 3583 2637 3637 homines
2668 3585 2820 3635 liunt.

2846 3714 2906 3767 T.

2170 3833 2384 3902 Τέμπη.
2420 3831 2648 3900 Τέμπης
2683 3829 2941 3898 singulari
2972 3842 3197 3881 numero
3233 3826 3384 3878 vallis
3427 3825 3494 3876 ab
3521 3825 3669 3875 Anna

2095 3925 2315 3989 dicitur,
2350 3922 2721 3993 singulariter,
2767 3929 2824 3974 ιιι.
2881 3921 3112 3972 videtur.
3176 3917 3309 3970 Aliis
3360 3917 3503 3969 enim
3559 3913 3672 3966 fere

2095 4013 2289 4080 plurali
2327 4030 2454 4066 voce
2475 4012 2542 4064 τὰ
2563 4011 2760 4080 Τέμπη
2795 4011 3070 4062 dicuntur.
3106 4005 3281 4060 Locus
3308 4014 3389 4058 est
3421 4004 3513 4055 lib.
3550 4019 3668 4061 xiii.

2097 4114 2218 4173 post.
2281 4105 2517 4159 medium
2562 4119 2599 4172 ε,
2635 4102 2756 4155 ὅθεν
2811 4101 2860 4153 οἱ
2913 4099 3110 4153 Κελτοὶ
3161 4099 3241 4155 εἰς
3293 4097 3388 4164 τὴν
3444 4093 3671 4163 Τέμπην

2097 4197 2452 4267 ἐμπεσόντες.

2175 4290 2360 4341 Tata.
2394 4286 2514 4340 Lib.
2548 4301 2646 4338 xm
2676 4303 2689 4338 :
2730 4284 2835 4335 Σὺν
2880 4276 2961 4342 οἷς
3000 4279 3099 4333 καὶ
3133 4279 3263 4347 τρία
3297 4277 3461 4329 τίλια.
3516 4276 3673 4330 Certa

2096 4389 2275 4432 castra
2309 4388 2403 4432 aut
2433 4377 2548 4429 loca
2584 4376 2663 4429 sic
2692 4375 2856 4428 diota.

2177 4467 2612 4536 Τοποτηρητής.
2671 4465 2787 4519 Lib.
2849 4479 2930 4528 ιιι,
3001 4472 3121 4531 post
3195 4462 3453 4524 medium,
3520 4460 3673 4512 aliter

2099 4573 2394 4632 usurpatur
2426 4575 2587 4629 quam
2625 4568 2684 4611 ut
2728 4557 2888 4626 vulgo
2924 4555 3060 4610 solut
3101 4552 3197 4624 pro
3231 4553 3435 4607 vicario
3494 4563 3678 4620 partes

2098 4657 2326 4724 alicujus
2365 4669 2428 4707 ac
2452 4653 2627 4706 locum
2652 4650 2934 4702 subeunte.
2973 4647 3045 4698 lbi
3086 4646 3226 4699 enim
3272 4643 3558 4699 manifeste
3587 4657 3679 4696 so-

2099 4760 2193 4804 nat
2217 4748 2526 4812 pra-fectum
2559 4746 2673 4799 urbi
2710 4743 2869 4798 alicui
2905 4741 3146 4794 munitae.

2177 4842 2401 4906 Tvpsla.
2440 4838 2557 4892 Lib.
2598 4853 2673 4898 Ix,
2716 4851 2834 4905 pag.
2862 4834 2958 4887 251
2993 4851 3009 4887 ι
3049 4830 3286 4898 ’Λγνοῶν
3332 4829 3430 4898 τὴν
3460 4826 3553 4881 τοῦ
3581 4827 3679 4879 αὖ·

2100 4934 2432 5005 τοκρά·.ορος
2477 4929 2595 4982 κατ’
2623 4927 2789 4982 αὐτοῦ
2849 4923 3394 4979 κατασκευασθεῖσαν
3434 4922 3674 4991 τορείαν.

2103 5026 2306 5096 Τυρεία
2339 5033 2515 5078 astuta
2561 5030 2614 5073 et
2645 5020 2792 5072 vafra
2839 5018 3191 5071 machinatio.
3247 5015 3562 5068 Eustathius
3610 5013 3675 5062 ad

2104 5119 2263 5171 Iliad.
2295 5113 2373 5168 a':
2410 5115 2481 5166 Τὸ
2519 5113 2576 5164 δὲ
2598 5111 2845 5182 τυρεύειν
2879 5110 3028 5178 καὶὴ
3063 5106 3255 5177 τυρεία
3308 5104 3554 5175 μοναχῶς
3586 5100 3678 5155 ἐπὶ

2103 5209 2440 5280 φαυλότητος
2478 5204 2704 5258 τίθεται.

2183 5298 2551 5366 Τυροεράγος.
2585 5297 2714 5364 Pag.
2749 5296 2809 5348 51
2848 5314 2861 5346 ι
2895 5293 3198 5346 Hebdomas
3225 5292 3274 5342 in
3304 5305 3364 5341 ea
3402 5285 3624 5339 DOlllittit
3646 5300 3674 5336 a

2104 5392 2358 5444 desinens
2394 5405 2554 5457 quam
2587 5402 2684 5439 nos
2733 5382 3240 5453 Quinqttagesimam
3295 5392 3569 5432 vocamus.
3614 5390 3674 5426 ca

2107 5483 2404 5537 bebdotnas
2433 5477 2746 5547 τυροφαγος
2792 5477 2991 5529 dicitur
3041 5472 3182 5541 quod
3236 5486 3330 5538 per
3373 5482 3489 5521 eam
3534 5465 3679 5518 vesci

2106 5574 2280 5625 adhuc
2309 5587 2339 5624 c
2359 5587 2470 5623 lSt'O
2495 5571 2702 5623 liceret.
2735 5567 2946 5621 Etenim
2971 5565 3349 5619 abstinentiam
3379 5561 3676 5612 solemni-ut

2105 5663 2254 5718 verni
2276 5662 2464 5732 jejunii
2505 5661 2679 5715 Grteci
2713 5661 2902 5714 diebus
2931 5659 3177 5711 undecim
3210 5653 3477 5707 maturius
3513 5665 3673 5719 quam

2109 5773 2206 5815 nos
2233 5756 2507 5811 inclinant.
2541 5755 2645 5812 Sed
2681 5756 2732 5807 in
2772 5769 2837 5809 eo
2868 5751 3187 5824 quibusdam
3227 5747 3481 5820 gradibus
3511 5755 3677 5798 utun-
