4108 6432
517 351 625 415 ets

1504 362 1764 424 SERMO
1798 365 1898 424 DE
1938 364 2135 425 ΖΟΝΑ
2168 366 2250 424 SS
2305 368 2688 430 ΒΕΙΡΑΙΗΕ.

3594 366 3731 433 1246

475 451 566 494 tur
597 439 864 510 potentias
902 441 1134 508 Domini,
1167 444 1378 500 auditas
1432 447 1591 505 faciet
1635 466 1822 505 onmes
1875 453 2060 504 lauda-
2089 453 2132 507 A
2163 452 2302 507 liter.
2337 454 2516 524 Diligit
2537 472 2662 511 vero
2689 456 2853 509 etiam
2882 454 3280 511 sanctissimum
3308 464 3359 509 et
3392 453 3728 512 Paraeletum

471 533 648 588 tiones
676 535 792 602 ejus
811 537 826 566 ¹
853 536 876 588 ?
899 554 917 586 ›
957 548 1048 590 aut
1070 542 1338 606 quomodo
1363 557 1570 608 possem
1600 561 1698 613 ego
1727 547 1828 601 hoc
1858 549 2054 617 duplici

473 625 598 678 luce
625 627 971 695 respiemlens
998 630 1214 692 festum,
1238 635 1416 686 verbis
1457 651 1722 690 exornare
1741 639 2053 704 Splendidis,

475 715 712 783 primum
768 721 982 786 quidem
1033 733 1090 773 ut
1151 723 1255 776 Deo
1285 725 1519 787 placeam
1548 767 1562 787 ,
1595 740 1647 780 et
1678 731 1723 781 ei
1747 770 1759 790 ,
1787 746 1904 796 quae
1933 746 2054 783 eum

479 809 688 874 peperit
720 811 836 863 sine
861 814 1088 876 Semine,
1122 825 1173 865 et
1226 817 1382 883 plane
1433 819 1777 873 ineﬂ‘ahiliter
1814 839 1826 873 :
1867 823 2057 877 deinde

472 899 657 961 etiam,
693 908 748 950 ut
788 903 984 964 prosim
1025 905 1088 958 iis
1123 944 1136 965 ,
1180 908 1268 975 qui
1311 921 1679 962 convenerunt
1715 921 1780 964 -et
1817 911 2058 980 jucunde

471 992 790 1046 exsultant?

548 1083 632 1135 Ill.
660 1088 817 1147 Atqui
863 1090 969 1142 vita
1006 1091 1222 1158 quidem
1256 1095 1469 1147 excelsa
1502 1111 1712 1164 carens,
1737 1114 1896 1167 quam
1930 1115 2056 1155 conr

469 1179 834 1232 venithabere
865 1197 978 1242 eos,
1041 1186 1130 1251 qui
1179 1187 1364 1238 volunt
1395 1189 1632 1242 scribere
1669 1209 1682 1244 :
1723 1212 1739 1242 ι
1784 1196 2054 1261 (primum

473 1267 616 1319 enim
646 1274 806 1336 etrapit
858 1272 1015 1326 Jesus
1060 1274 1252 1338 facere,
1311 1281 1502 1334 deinde
1536 1282 1812 1350 docere’)
1853 1306 1872 1338 ι
1899 1289 2058 1356 quin-

479 1361 644 1413 etiam
698 1365 927 1430 spiritali
988 1384 1152 1434 egens
1199 1372 1482 1438 oratione,
1511 1374 1760 1444 (oportet
1785 1381 1927 1432 enim
1964 1382 2060 1434 litt-

2163 546 2446 615 Spiritum,
2472 558 2527 600 ut
2551 550 2754 602 honore
2773 550 3053 616 aequalem,
3073 558 3128 605 et
3145 565 3517 605 consessorem
3562 550 3739 606 Patris

2160 649 2210 690 et
2247 637 2388 701 Filii,
2423 649 2474 691 et
2511 641 2687 708 utqui
2723 655 2786 693 ex
2820 639 2981 692 Patre
3034 640 3252 708 quidem
3302 639 3546 708 procedit
3580 681 3594 704 ,
3640 654 3736 708 per

2159 727 2354 782 Filium
2391 741 2569 783 autem
2606 732 2670 782 ad
2702 746 2914 783 omnem
2946 731 3088 797 pium
3128 730 3379 785 mittitur.
3433 731 3615 798 Diligit
3642 745 3738 782 au-

2163 830 2268 872 tem
2299 822 2455 873 simul
2484 827 2537 889 (ο
2559 823 2907 875 excellentem
2933 824 3020 876 Dei
3047 821 3431 888 oeconomiam)
3454 835 3593 884 eam,
3615 836 3734 888 quae

2162 913 2418 968 ineffabili
2459 925 2512 969 et
2540 916 2804 983 stupenda
2841 916 3050 968 ratione
3076 917 3126 968 in
3153 915 3361 968 ultimis
3397 913 3733 983 temporibus

2161 1007 2425 1060 continuit
2457 1009 2790 1078 unigenitum
2819 1007 3053 1060 Verbum
3080 1006 3256 1060 Patris
3282 1046 3296 1071 ,
3324 1013 3378 1060 et
3419 1005 3561 1074 quod
3611 1020 3731 1060 cum

2162 1114 2227 1154 eo
2261 1110 2343 1153 est
2379 1115 2574 1167 expers
2605 1101 2872 1168 principii.

2232 1191 2321 1245 Vl.
2349 1189 2547 1246 llabuit
2580 1194 2744 1256 enim,
2780 1193 2964 1246 habuit
3011 1192 3064 1245 in
3103 1203 3255 1244 utero
3310 1191 3632 1244 intemerata
3682 1197 3738 1244 et

2161 1285 2440 1351 impolluta
2499 1283 2730 1337 Verbum
2789 1283 2940 1346 illud,
3000 1283 3142 1352 quod
3205 1282 3372 1336 caelos
3426 1282 3736 1336 constituit.

2161 1374 2351 1428 llabuit
2384 1375 2435 1428 in
2471 1383 2622 1428 utero
2644 1389 2787 1434 eum,
2818 1375 2906 1440 qtti
2940 1390 3116 1444 pugno
3145 1374 3322 1427 omnia
3369 1374 3649 1436 continet,
3681 1382 3738 1426 et.

474 1467 635 1520 suam
675 1456 873 1511 habere
908 1462 1265 1530 theologicam
1293 1505 1307 1525 ,
1337 1475 1395 1519 ut
1434 1483 1536 1521 non
1562 1485 1694 1537 opus
1725 1471 1921 1526 habeat
1952 1475 2056 1528 alio
2121 1468 2216 1537 \(0
2240 1468 2619 1532 castissitnam,
2659 1477 2712 1521 et
2752 1467 2878 1520 nulli
2911 1467 3078 1535 cnlpze
3122 1466 3329 1520 amnem
3359 1507 3374 1532 ,
3407 1483 3564 1535 quant
3593 1467 3735 1520 exti-

474 1557 792 1600 r-onvcrtere
823 1552 1031 1614 Oculos,
1062 1569 1221 1620 quam
1257 1559 1321 1607 ad
1356 1559 1502 1613 viros
1539 1561 1773 1629 divinos,
1803 1566 1893 1634 qui
1926 1568 2052 1620 olim

473 1637 638 1690 locuti
673 1651 795 1693 sunt
829 1644 1053 1706 pulchre
1078 1658 1130 1699 et
1161 1652 1524 1720 panegyrice)
1575 1657 1706 1710 nihil
1747 1659 1889 1713 aliud
1947 1662 2056 1716 elli-

471 1730 610 1784 ciam
644 1734 926 1801 oratione,
973 1754 1133 1804 quam
1192 1745 1432 1797 molestia
1489 1746 1716 1802 alliciam
1763 1767 1897 1819 eos,
1960 1759 2051 1821 qui

469 1833 861 1893 convenerunt,
892 1829 1142 1886 indecora
1180 1838 1467 1890 verborum
1504 1840 1782 1897 humiliate
1807 1885 1822 1908 ,
1862 1857 1916 1900 et
1955 1849 2052 1900 ob-

472 1927 654 1975 scura.
679 1931 744 1969 ac
798 1919 1044 1976 inornata
1069 1925 1322 1980 dictione.
1358 1927 1462 1982 Sed
1500 1941 1678 1986 tamen
1711 1935 1812 1988 viri
1850 1937 2052 1991 ﬁdelis-

468 2004 592 2058 simi
622 2006 904 2077 implentes
941 2013 1326 2080 obedientiam,
1361 2030 1414 2073 et
1447 2021 1584 2088 ejus,
1615 2025 1703 2094 qui
1745 2037 1827 2081 est
1863 2029 2054 2085 divinis

468 2095 725 2163 repletus,
755 2115 940 2154 eamus
968 2104 1078 2171 jam
1144 2107 1337 2175 duplex
1397 2111 1462 2164 ad
1521 2111 1713 2167 festum
1777 2115 2054 2176 laudandae

469 2200 684 2257 semper
731 2198 786 2248 et
841 2194 1013 2249 beatae
1072 2197 1329 2267 Virginis.
1369 2220 1385 2252 ι
1419 2202 1575 2256 Dabit
1605 2206 1746 2259 enim
1783 2209 2006 2262 verbum
2035 2253 2050 2273 ,

468 2278 663 2346 inquit,
725 2283 981 2339 Dominus
1027 2293 1521 2357 evangelizantilms
1561 2296 1758 2352 virtute
1799 2300 1984 2356 multa.
2026 2322 2044 2355 ι

537 2373 625 2428 IV.
655 2377 766 2444 Age
794 2395 922 2432 vero
962 2381 1090 2437 huic
1131 2384 1331 2446 divino,
1385 2387 1668 2441 excellenti
1719 2398 1772 2444 et
1813 2391 2051 2458 iucundo

467 2461 574 2515 diei
599 2479 793 2518 novum
820 2468 1032 2536 aliqum!
1055 2472 1207 2538 prius
1233 2489 1608 2543 comparemus
1631 2486 1680 2532 et
1709 2494 2052 2550 exatquemus

465 2558 944 2624 spectaculnm,et
995 2562 1064 2614 ita
1115 2565 1272 2619 nobis
1308 2568 1606 2622 orationem
1658 2586 2052 2641 consequenter

466 2649 849 2714 suppeditante
885 2669 966 2712 ea,
1004 2670 1123 2723 quas
1158 2659 1274 2710 sine
1303 2659 1424 2712 nilis
1457 2660 1560 2715 ioci
1605 2667 1867 2734 angustiis
1887 2669 2049 2736 cepit,

466 2753 530 2790 ac
563 2742 832 2795 continuit
859 2747 1164 2801 consistens
1197 2747 1428 2803 Verbum
1458 2751 1635 2807 Patris
1659 2795 1674 2819 ,
1732 2758 2051 2826 adjiciamus

467 2847 700 2886 coronas
736 2838 1103 2891 encomiorum
1140 2841 1238 2904 his,
1271 2845 1474 2910 quibus
1500 2855 1582 2900 est
1613 2859 1822 2915 gratum
1852 2850 2048 2906 festum

463 2931 518 2976 et
557 2924 838 2979 amborum
875 2927 1012 2982 festo
1047 2929 1333 2987 afferamus
1357 2949 1442 2996 ea,
1475 2951 1592 3004 qua:
1634 2951 1715 2992 est
1747 2953 2050 2998 consenta-

465 3030 647 3070 neum.
684 3017 964 3082 Quomodo
992 3025 1132 3075 enim
1162 3027 1447 3092 propositis
1479 3030 1710 3096 geminis
1734 3073 1747 3094 ,
1779 3034 1868 3102 qui
1921 3051 2052 3105 gau-

464 3108 607 3163 dium
643 3111 875 3166 afl‘crunt
905 3117 1098 3179 oculis,
1137 3118 1248 3172 sole
1275 3159 1290 3184 ,
1324 3120 1542 3189 inquam
1571 3163 1585 3187 ,
1623 3125 2036 3194 resplendente,
2071 3125 2116 3186 C

463 3210 517 3255 et
546 3203 808 3257 orientem
844 3206 1169 3271 illustrante,
1201 3221 1255 3264 et
1280 3210 1404 3264 luna
1430 3227 1551 3267 cum
1586 3215 1882 3283 splendidis
1911 3221 2046 3276 stel-

465 3293 530 3348 lis
569 3305 780 3348 uoctem
809 3297 1094 3352 obscuram
1125 3300 1463 3357 illuminante
1487 3346 1499 3367 ,
1525 3317 1616 3361 aut
1647 3311 1807 3362 etiam
1838 3311 2049 3366 duobus

467 3387 672 3441 solibus
703 3389 1008 3445 orientibus
1040 3401 1172 3445 nutu
1195 3403 1247 3446 et
1280 3395 1614 3460 providentia
1669 3399 1869 3462 divina,
1909 3411 1964 3454 et
2017 3419 2047 3457 a

465 3479 624 3542 Patre
658 3494 798 3536 mota
858 3483 1148 3550 voluntate,
1177 3494 1258 3540 est
1303 3487 1622 3544 admirabile
1672 3499 1727 3544 et
1782 3493 2050 3550 ineffabile

468 3574 555 3635 iis,
587 3575 677 3643 qui
715 3575 805 3628 hic
849 3577 1067 3636 adsont.
1135 3579 1500 3646 spectaculum
1536 3598 1549 3634 :
1586 3582 1654 3636 ita
1689 3584 1849 3637 etiam
1880 3625 1896 3650 ,
1931 3602 2050 3654 qua:

465 3683 607 3720 nunc
663 3668 815 3722 adest
847 3669 1124 3737 splendida
1156 3679 1208 3724 et
1239 3687 1448 3726 summa
1472 3673 1758 3732 celebritas
1783 3719 1797 3740 ,
1831 3677 1886 3732 in
1951 3695 2048 3734 nos

462 3761 666 3818 emittit
702 3763 976 3817 radiorum
1015 3765 1272 3818 micantia
1311 3763 1542 3836 fulgura,
1577 3779 1629 3824 et
1657 3770 1813 3840 hujus
1847 3772 2048 3827 fidelis-

465 3855 590 3908 siuti
643 3857 820 3922 populi
882 3858 1353 3928 congregationem
1398 3901 1413 3926 ,
1467 3869 1722 3932 tanquam
1776 3876 2046 3920 astrorum

461 3947 862 4014 multitudinem
898 3964 1034 4016 pene
1057 3950 1497 4006 innumerabilem
1529 3991 1545 4016 ,
1597 3955 1761 4007 mittit
1799 3956 1866 4009 ad
1914 3965 2050 4010 tem-

462 4039 612 4107 plum
642 4039 780 4108 ejus,
813 4054 934 4107 quae
964 4048 1047 4098 est
1075 4056 1197 4096 vere
1234 4052 1286 4096 et
1325 4046 1542 4112 proprie.
1597 4045 1823 4115 Deipara
1857 4064 1871 4100 :
1911 4047 2050 4101 divi-

465 4144 674 4197 nosque
706 4129 905 4194 radios,
941 4131 1266 4198 odoresque,
1296 4133 1616 4188 suavissime
1664 4137 1932 4202 spirantes
1965 4136 2046 4190 ef-

463 4215 638 4272 fundit
698 4219 1158 4280 innumerabiles,
1212 4229 1265 4272 et
1334 4223 1621 4289 persuadet
1661 4223 1826 4276 Deum
1868 4241 2049 4292 prom-

462 4311 710 4384 ptissimo
732 4311 1041 4380 glorificare
1063 4311 1244 4364 animo
1272 4350 1287 4375 ,
1320 4313 1590 4382 quomodo
1639 4329 1701 4367 ex
1760 4316 2046 4386 terrigenis

461 4417 622 4456 nemo
654 4400 814 4455 fuerit
871 4403 1138 4457 elocutus.
1195 4402 1310 4456 Non
1353 4412 1534 4473 potest
1577 4405 1720 4458 enim
1768 4407 2042 4462 exhauriri

2161 1567 2410 1613 mescunt
2435 1559 2796 1625 intelligentes
2821 1573 3014 1612 omnes
3044 1557 3387 1627 bicrarchim)
3424 1557 3653 1626 gestavit
3680 1557 3732 1609 in

2161 1660 2316 1704 utero
2343 1650 2601 1720 eum,qui
2645 1666 2742 1704 nec
2771 1651 3060 1714 contineri,
3102 1665 3201 1704 nec
3247 1649 3381 1704 adiri
3437 1658 3613 1718 potest
3669 1649 3738 1703 ab

2160 1743 2416 1798 universa
2451 1751 2722 1806 creatura,
2756 1741 2922 1795 Deum
2953 1741 3252 1811 perfectum
3282 1752 3334 1795 et
3361 1738 3575 1810 (verum
3603 1739 3734 1810 quid

2160 1836 2254 1888 tibi
2281 1834 2382 1900 rei,
2414 1850 2446 1889 o
2484 1833 2710 1904 benigne
2739 1843 2793 1888 et
2822 1833 3082 1897 clemens,
3115 1849 3240 1887 cum
3271 1833 3531 1887 mendicis
3559 1842 3613 1886 et
3643 1831 3737 1886 ab-

2153 1927 2314 1995 iectis
2336 1927 2396 1994 ?)
2427 1927 2695 1981 hominem
2731 1925 3051 1994 perfectum,
3089 1925 3357 1994 duplicem
3387 1933 3601 1988 natura,
3629 1940 3733 1977 una

2159 2028 2338 2072 autem
2372 2019 2762 2072 consistentem
2823 2032 3080 2087 persona.
3129 2016 3246 2070 Non
3305 2017 3449 2070 enim
3505 2015 3736 2068 dicimus

2159 2111 2430 2164 hominem
2478 2110 2788 2164 deificatum
2827 2118 3080 2176 tanquam
3109 2110 3162 2161 in
3203 2107 3411 2161 visione
3463 2121 3527 2160 ac
3565 2106 3737 2176 phan-

2160 2201 2292 2254 tasia
2324 2219 2339 2258 :
2368 2201 2509 2254 absit
2544 2217 2559 2256 :
2599 2201 2690 2255 sed
2731 2200 2898 2276 Deum
2953 2201 3294 2254 incarnatnm
3326 2239 3342 2263 ,
3379 2209 3432 2252 et
3461 2198 3732 2259 hominem

2157 2291 2385 2358 factum,
2419 2293 2510 2362 qui
2547 2301 2715 2346 totum
2747 2291 2873 2346 illud
2899 2333 2914 2356 ,
2947 2295 3088 2360 quod
3122 2299 3366 2344 nostrum
3399 2298 3482 2342 est
3505 2329 3522 2355 ,
3554 2302 3738 2342 susce-

2156 2397 2252 2454 ptt,
2284 2387 2534 2453 dogmate
2563 2395 2752 2440 nostro
2777 2395 3045 2439 tenemus.
3081 2399 3100 2433 ε
3142 2381 3376 2436 Verbum
3430 2382 3574 2435 enim
3607 2381 3733 2451 (in-

2156 2481 2270 2544 quit
2329 2478 2548 2531 touitrni
2580 2475 2759 2547 filius)
2793 2491 2922 2530 caro
2949 2477 3148 2529 factum
3182 2485 3264 2530 est
3293 2475 3334 2528 ⁸.
3380 2494 3398 2526 ι
3437 2475 3557 2528 Νοιι
3590 2474 3732 2542 quod

2155 2587 2473 2626 conversum
2504 2587 2566 2625 ac
2586 2579 2850 2625 mutatum
2878 2572 2946 2624 sit
2969 2585 3033 2625 ex
3056 2585 3142 2634 eo,
3167 2571 3310 2638 quod
3330 2581 3442 2623 erat
3472 2568 3732 2635 Verbum,

2154 2664 2246 2718 sed
2279 2665 2416 2732 quod
2459 2664 3025 2737 przetereaacceperit
3051 2703 3066 2728 ,
3102 2673 3163 2717 ut
3207 2678 3335 2717 caro
3396 2663 3589 2717 fieret:
3625 2677 3733 2715 non

2157 2766 2357 2807 mutata
2386 2756 2670 2810 divinitate
2695 2757 2746 2808 in
2775 2756 3187 2817 lmmanitatem,
3230 2755 3322 2808 sed
3360 2769 3480 2807 cum
3517 2754 3734 2822 propria

2156 2864 2266 2902 Sua:
2322 2850 2622 2903 divinitatis
2681 2850 2938 2911 essentia,
3005 2849 3056 2901 in
3110 2848 3323 2916 propria
3379 2862 3608 2916 persona
3641 2847 3734 2903 Dei

2155 2940 2315 2996 Verbi
2349 2951 2402 2995 et
2431 2941 2781 2996 consistentis
2806 2982 2820 3005 ,
2879 2939 3348 3010 comprehendens
3395 2939 3560 2994 etiam
3609 2954 3731 2996 esse

2156 3033 2455 3086 hominem.

2224 3123 2337 3176 Vli.
2369 3122 2650 3176 Hominem
2685 3131 2866 3176 autem
2899 3122 3023 3176 dico
3075 3121 3334 3190 perfecte.
3388 3119 3734 3190 Quaecunque

2153 3217 2292 3269 enim
2338 3217 2517 3278 homo,
2546 3223 2600 3267 et
2625 3207 2800 3283 qualia
2830 3213 3011 3278 homo,
3046 3222 3100 3267 et
3131 3213 3174 3267 si
3216 3213 3342 3282 quid
3389 3223 3472 3268 est
3525 3213 3687 3268 homo
3713 3253 3727 3272 ς

2154 3308 2362 3375 accepit
2402 3305 2743 3374 Unigcnitus,
2783 3314 2842 3357 ιιι
2872 3305 2922 3357 in
2961 3303 3202 3373 perfecto
3236 3319 3338 3359 Suo
3369 3306 3585 3359 homine
3613 3303 3733 3358 uni-

2152 3413 2363 3452 versam
2398 3397 2647 3459 salutem,
2675 3411 2796 3449 eum
2819 3396 2961 3451 Deus
2985 3407 3152 3459 esset,
3183 3397 3459 3460 efficeret,
3497 3397 3732 3451 hominis

2155 3488 2286 3540 nihil
2332 3488 2642 3557 relinquens
2676 3505 2689 3540 :
2724 3502 2791 3540 ne
2823 3503 2947 3553 pars
2980 3487 3166 3541 relicta
3195 3503 3380 3542 rursus
3417 3490 3567 3542 fieret
3607 3501 3732 3542 esca

2153 3581 2376 3635 diaboli.
2410 3579 2522 3633 Non
2553 3581 2695 3634 enim
2738 3579 2906 3643 venit,
2936 3587 2993 3634 ut
3019 3589 3251 3633 mutaret
3278 3590 3548 3641 naturam,
3569 3595 3736 3635 carne

2155 3673 2390 3738 indutus,
2417 3674 2793 3726 universorum
2828 3671 2970 3726 Deus
3024 3689 3037 3725 :
3078 3671 3172 3725 sed
3205 3679 3262 3724 ιιι
3294 3685 3412 3724 eam
3468 3669 3736 3724 reforma-

2152 3774 2253 3829 ret,
2287 3773 2341 3818 et
2361 3764 2594 3819 efﬁceret
2614 3779 2800 3832 puram
2834 3779 2862 3818 a
2895 3764 3211 3830 mutatione,
3248 3772 3308 3818 ut
3335 3765 3503 3817 etiam
3525 3762 3723 3817 factum

2151 3866 2254 3911 est.
2282 3856 2432 3922 Quod
2463 3857 2606 3910 enim
2640 3856 2860 3921 fuimus,
2895 3858 3100 3911 erimus
3133 3899 3147 3919 ,
3175 3865 3395 3926 propter
3417 3855 3732 3927 mysterium

2150 3949 2266 4018 ejus
2298 3948 2686 4002 incarnationis
2719 3963 2859 4012 eam,
2903 3964 3021 4015 quae
3051 3947 3116 3999 ab
3165 3947 3316 4000 initio
3353 3958 3504 4011 erat,
3538 3946 3736 3999 immn-

2151 4043 2474 4098 tabililatem
2509 4042 2804 4110 accepturi,
2831 4055 2994 4110 quam
3031 4040 3162 4091 tnihi
3205 4048 3262 4092 et
3293 4039 3450 4092 bonis
3476 4040 3732 4094 omnibus

2149 4137 2395 4205 perfecit,
2421 4148 2474 4190 et
2508 4150 2703 4203 corpus
2723 4144 2914 4188 natura
2942 4134 3202 4187 mundum
3252 4134 3483 4186 rediens
3535 4150 3563 4186 a
3609 4147 3737 4200 pec-

2150 4241 2294 4292 cato,
2321 4241 2374 4284 et
2415 4230 2804 4296 intelligentem
2859 4229 3118 4294 animam,
3152 4227 3481 4281 voluntatem
3533 4225 3734 4278 haben-

2154 4332 2257 4374 lem
2299 4321 2710 4374 immutabilem.

2223 4412 2358 4466 Vlll.
2393 4411 2514 4466 Uno
2545 4423 2727 4467 autem
2762 4411 2932 4467 verbo
2978 4413 3291 4466 universum
3349 4409 3476 4465 dico
3528 4419 3734 4479 myste-

460 4495 576 4560 ejus
605 4495 870 4548 bonorum
902 4495 1194 4564 scaturigo.
1217 4495 1310 4549 Est
1339 4496 1595 4566 perennis
1615 4497 1900 4552 thesaurus
1929 4501 2045 4564 ejus
2078 4478 2122 4534 D
2153 4507 2312 4558 rium.
2339 4503 2523 4571 Neque
2555 4504 2722 4557 Deum
2754 4504 2952 4557 nudum
2989 4517 3240 4571 corpore,
3264 4508 3320 4556 et
3351 4502 3436 4564 iis,
3471 4515 3590 4567 qua:
3609 4509 3737 4554 sunt.

462 4588 865 4642 miraculorum.

538 4678 598 4734 V.
633 4680 688 4734 Si
721 4683 888 4746 enim,
916 4688 975 4736 ut
1005 4680 1262 4743 diximus,
1289 4693 1370 4735 est
1408 4682 1580 4737 dulcis
1609 4693 1662 4737 et
1716 4684 2050 4738 desiderabi-

464 4771 528 4828 lis
559 4781 611 4823 et
644 4773 895 4832 eximius.
921 4782 976 4826 et
1010 4772 1128 4826 beta
1157 4771 1319 4826 efficit
1343 4775 1503 4827 corda
1543 4777 1727 4830 oriens
1785 4778 1872 4830 hic
1922 4779 2002 4833 sol
2029 4818 2044 4844 ,

465 4866 554 4938 qui
588 4875 669 4917 e~t
700 4864 763 4918 ad
795 4874 1024 4932 tempus,
1053 4876 1100 4919 et
1144 4875 1225 4919 est
1254 4866 1591 4929 interiturus,
1651 4870 1863 4922 etiamsi
1899 4869 2046 4924 solus

468 4955 635 5010 fuerit
661 4957 844 5015 lucens
871 4969 920 5017 et
966 4957 1274 5011 illuminans
1309 4975 1322 5009 :
1356 4969 1557 5026 quanto
1600 4960 1771 5028 magis
1797 5002 1809 5021 .
1850 4971 2004 5026 putas
2030 5002 2045 5027 ,

464 5048 711 5100 Christus
774 5047 853 5100 sol
910 5047 1132 5115 justitiaa
1185 5063 1280 5102 nos
1343 5049 1608 5102 illuminat
1650 5050 2044 5117 jucundissima

469 5139 585 5205 ejus
613 5140 812 5205 Specie,
841 5148 894 5192 et
929 5139 1324 5206 pulchritudine
1359 5141 1616 5200 fruentes,
1655 5157 1749 5208 per
1791 5142 2044 5197 immate-

474 5231 655 5293 riales,
686 5233 926 5299 inquam,
959 5230 1340 5298 glorificantes,
1371 5239 1423 5285 et
1460 5233 1776 5300 purissimas
1808 5234 2044 5302 preces?

470 5341 488 5386 ς
541 5323 652 5394 Ego
678 5327 817 5376 enim
846 5325 862 5390 (
888 5323 1060 5390 inquit
1094 5323 1407 5391 Sapientia)
1435 5340 1526 5377 eos
1557 5365 1570 5390 ,
1599 5326 1686 5393 qui
1714 5341 1797 5379 me
1823 5335 2046 5392 amant,

464 5416 629 5486 diligo
658 5416 698 5470 ³.
739 5435 755 5466 ι
786 5415 886 5482 Qui
921 5425 1099 5476 autem
1135 5415 1542 5484 diligitFiiium,
1579 5428 1636 5470 et.
1661 5417 1826 5472 Deum
1859 5428 1912 5471 et
1943 5419 2042 5473 Ito-

467 5509 666 5570 minem
696 5507 994 5572 Christum,
1028 5506 1203 5574 diligit
1253 5523 1374 5562 eum
1425 5524 1640 5577 quoque
1667 5552 1681 5574 ,
1719 5511 1810 5580 qui
1865 5510 2039 5578 ipsum

465 5601 652 5668 genuit
678 5603 794 5655 sine
835 5612 1094 5668 tempore,
1124 5609 1249 5652 ante
1275 5601 1460 5654 omnia
1485 5602 1699 5661 sarcula,
1725 5609 1778 5655 et
1803 5601 2048 5656 ineffabi-

572 5784 590 5818 ¹
645 5783 792 5850 Psal.
824 5801 912 5854 ev,
944 5787 999 5842 2.
1059 5788 1078 5820 ⁸
1110 5785 1233 5842 Act.
1265 5801 1302 5852 ι,
1331 5785 1384 5840 l.
1476 5789 1497 5822 ³
1527 5785 1693 5843 Prov.
1716 5801 1835 5851 vm,
1865 5787 1954 5841 l7.

2151 4596 2417 4661 corporis,
2449 4594 2723 4649 Christum
2755 4608 2874 4647 esse
2919 4594 3206 4646 credamus
3239 4633 3254 4657 ,
3304 4607 3478 4660 neque
3531 4591 3732 4644 nudum

2149 4689 2420 4741 hominem
2459 4688 2666 4755 absque
2695 4702 2818 4745 vera
2853 4685 3134 4740 divinitate
3163 4725 3179 4748 ,
3225 4694 3280 4740 et
3325 4685 3390 4738 iis
3435 4699 3558 4754 qum
3609 4694 3736 4738 sunt

2145 4776 2441 4831 divinitatis
2481 4777 2853 4844 :(utrumque
2885 4776 3027 4829 enim
3069 4783 3256 4842 aperte
3298 4774 3588 4826 ostendunt
3639 4774 3737 4827 do-

2145 4869 2371 4921 ctrinam
2398 4865 2632 4934 diaboli)
2661 4867 2751 4918 sed
2778 4865 2941 4919 Deum
2965 4874 3156 4927 totum,
3176 4873 3230 4916 et
3254 4879 3375 4915 eum
3400 4864 3573 4931 ipsum
3602 4861 3734 4916 abs-

2153 4975 2257 5026 que
2305 4960 2658 5013 conversione
2681 4957 2841 5010 totius
2875 4956 3108 5009 hominis
3129 4956 3402 5022 accepisse
3417 4955 3733 5018 eSsentiam,

2151 5051 2315 5106 corde
2341 5066 2473 5118 puro
2499 5051 2786 5104 credamus
2817 5049 2883 5101 ad
2917 5048 3209 5114 justitiam,
3237 5055 3290 5098 et
3317 5062 3413 5098 ore
3442 5044 3735 5114 apostolice

2150 5155 2202 5196 et
2226 5153 2451 5212 paterne
2481 5141 2833 5194 confiteantur
2856 5136 2924 5190 ad
2954 5137 3208 5190 salutem.
3251 5133 3405 5187 llunc
3430 5148 3558 5203 ergo
3606 5142 3735 5186 ante

2150 5233 2346 5288 saecula
2383 5231 2573 5292 Deum,
2604 5230 2697 5297 qui
2755 5227 3142 5296 comprehendi
3201 5242 3308 5281 non
3368 5235 3582 5295 potest,
3637 5224 3728 5292 qui

2151 5307 2361 5381 refulsit
2390 5325 2442 5378 in
2477 5323 2688 5378 duabus
2724 5323 2974 5378 essentiis
3023 5332 3076 5376 et
3122 5319 3571 5389 operationibus,
3625 5332 3732 5371 una

2150 5427 2349 5480 autem,
2381 5426 2438 5469 ut
2463 5415 2716 5478 diximus,
2756 5428 3023 5482 persona,
3067 5419 3122 5464 et
3180 5410 3335 5465 nobis
3379 5411 3428 5462 in
3483 5405 3737 5462 omnibus

2151 5511 2250 5565 fuit
2275 5509 2608 5564 assimilatus
2642 5518 2840 5578 prteter
2876 5515 3178 5576 peccaturo,
3211 5504 3422 5572 peperit
3475 5515 3595 5569 qua:
3654 5504 3730 5557 esi

2149 5618 2338 5657 verum
2369 5600 2735 5672 patrocinium
2758 5597 3192 5655 Christianorum
3215 5633 3230 5660 ,
3283 5601 3338 5650 et
3371 5590 3590 5664 preprie
3638 5603 3726 5646 ve-

2069 5783 2093 5818 ⁸
2133 5781 2300 5842 Joan.
2335 5797 2376 5849 ι,
2411 5781 2499 5839 14.
