  <div class='ocr_page' id='page_1' title='image "/cluster/home/n/w/nwhite01/storage/ocr_20150623/131:no.4/coo.31924054870369/631.png"; bbox 0 0 4108 6408; ppageno 0'>
   <div class='ocr_carea' id='block_1_1' title="bbox 371 364 507 431">
    <p class='ocr_par' dir='ltr' id='par_1_1' title="bbox 371 364 507 431">
     <span class='ocr_line' id='line_1_1' title="bbox 371 364 507 431; baseline -0.015 0"><span class='ocrx_word' id='word_1_1' title='bbox 371 364 507 431; x_wconf 70' lang='grc'><strong>1247</strong></span> 
     </span>
    </p>
   </div>
   <div class='ocr_carea' id='block_1_2' title="bbox 1432 371 2469 434">
    <p class='ocr_par' dir='ltr' id='par_1_2' title="bbox 1432 371 2469 434">
     <span class='ocr_line' id='line_1_2' title="bbox 1432 371 2469 434; baseline 0.002 -4"><span class='ocrx_word' id='word_1_2' title='bbox 1432 372 1797 433; x_wconf 77' lang='grc' dir='ltr'><strong>ᾹΒΟΕΝΒΑ</strong></span> <span class='ocrx_word' id='word_1_3' title='bbox 1833 371 1936 430; x_wconf 85' lang='lat' dir='ltr'><strong>AD</strong></span> <span class='ocrx_word' id='word_1_4' title='bbox 1969 371 2286 432; x_wconf 77' lang='lat' dir='ltr'><strong>EUI‘HYM</strong></span> <span class='ocrx_word' id='word_1_5' title='bbox 2300 375 2469 434; x_wconf 82' lang='lat' dir='ltr'><strong>IUM.</strong></span> 
     </span>
    </p>
   </div>
   <div class='ocr_carea' id='block_1_3' title="bbox 3492 368 3627 434">
    <p class='ocr_par' dir='ltr' id='par_1_3' title="bbox 3492 368 3627 434">
     <span class='ocr_line' id='line_1_3' title="bbox 3492 368 3627 434; baseline -0.03 -1"><span class='ocrx_word' id='word_1_6' title='bbox 3492 368 3627 434; x_wconf 58' lang='lat'><strong>1243</strong></span> 
     </span>
    </p>
   </div>
   <div class='ocr_carea' id='block_1_4' title="bbox 372 475 3630 552">
    <p class='ocr_par' dir='ltr' id='par_1_4' title="bbox 372 475 3630 552">
     <span class='ocr_line' id='line_1_4' title="bbox 372 475 3630 552; baseline 0.001 -24"><span class='ocrx_word' id='word_1_7' title='bbox 372 491 537 543; x_wconf 84' lang='lat' dir='ltr'><strong>reque</strong></span> <span class='ocrx_word' id='word_1_8' title='bbox 567 485 652 529; x_wconf 85' lang='lat' dir='ltr'><strong>est</strong></span> <span class='ocrx_word' id='word_1_9' title='bbox 690 475 913 545; x_wconf 89' lang='lat' dir='ltr'><strong>Deipara</strong></span> <span class='ocrx_word' id='word_1_10' title='bbox 941 493 954 531; x_wconf 90' lang='lat'><strong>:</strong></span> <span class='ocrx_word' id='word_1_11' title='bbox 985 492 1105 547; x_wconf 83' lang='lat' dir='ltr'><strong>quae</strong></span> <span class='ocrx_word' id='word_1_12' title='bbox 1131 477 1389 532; x_wconf 91' lang='lat' dir='ltr'><strong>estaltior</strong></span> <span class='ocrx_word' id='word_1_13' title='bbox 1410 488 1463 533; x_wconf 91' lang='lat' dir='ltr'><strong>et</strong></span> <span class='ocrx_word' id='word_1_14' title='bbox 1490 478 1741 547; x_wconf 84' lang='lat' dir='ltr'><strong>superior</strong></span> <span class='ocrx_word' id='word_1_15' title='bbox 1761 475 1951 545; x_wconf 81' lang='lat' dir='ltr'><strong>quavis</strong></span> <span class='ocrx_word' id='word_1_16' title='bbox 1978 479 2025 534; x_wconf 80' lang='grc' dir='ltr'><strong>Α</strong></span> <span class='ocrx_word' id='word_1_17' title='bbox 2058 479 2121 531; x_wconf 89' lang='lat' dir='ltr'><strong>ad</strong></span> <span class='ocrx_word' id='word_1_18' title='bbox 2148 478 2358 533; x_wconf 86' lang='lat' dir='ltr'><strong>tandem</strong></span> <span class='ocrx_word' id='word_1_19' title='bbox 2391 491 2446 534; x_wconf 93' lang='lat' dir='ltr'><strong>et</strong></span> <span class='ocrx_word' id='word_1_20' title='bbox 2480 482 2742 536; x_wconf 86' lang='lat' dir='ltr'><strong>honorem</strong></span> <span class='ocrx_word' id='word_1_21' title='bbox 2784 496 3000 552; x_wconf 80' lang='lat' dir='ltr'><strong>semper</strong></span> <span class='ocrx_word' id='word_1_22' title='bbox 3037 480 3276 551; x_wconf 81' lang='lat' dir='ltr'><strong>Virginis</strong></span> <span class='ocrx_word' id='word_1_23' title='bbox 3300 489 3353 533; x_wconf 91' lang='lat' dir='ltr'><strong>et</strong></span> <span class='ocrx_word' id='word_1_24' title='bbox 3388 479 3630 546; x_wconf 75' lang='lat' dir='ltr'><strong>Deiparze</strong></span> 
     </span>
    </p>
   </div>
   <div class='ocr_carea' id='block_1_5' title="bbox 373 569 1946 638">
    <p class='ocr_par' dir='ltr' id='par_1_5' title="bbox 373 569 1946 638">
     <span class='ocr_line' id='line_1_5' title="bbox 373 569 1946 638; baseline -0.003 -16"><span class='ocrx_word' id='word_1_25' title='bbox 373 583 432 622; x_wconf 87' lang='lat' dir='ltr'><strong>re</strong></span> <span class='ocrx_word' id='word_1_26' title='bbox 468 579 673 630; x_wconf 86' lang='lat' dir='ltr'><strong>creata,</strong></span> <span class='ocrx_word' id='word_1_27' title='bbox 711 579 816 621; x_wconf 83' lang='lat' dir='ltr'><strong>tam</strong></span> <span class='ocrx_word' id='word_1_28' title='bbox 852 585 974 637; x_wconf 67' lang='lat' dir='ltr'><strong>qua:</strong></span> <span class='ocrx_word' id='word_1_29' title='bbox 1001 570 1100 624; x_wconf 85' lang='lat' dir='ltr'><strong>sub</strong></span> <span class='ocrx_word' id='word_1_30' title='bbox 1131 580 1403 638; x_wconf 74' lang='lat' dir='ltr'><strong>aspectum</strong></span> <span class='ocrx_word' id='word_1_31' title='bbox 1432 569 1596 632; x_wconf 87' lang='lat' dir='ltr'><strong>cadit,</strong></span> <span class='ocrx_word' id='word_1_32' title='bbox 1628 584 1785 636; x_wconf 86' lang='lat' dir='ltr'><strong>quam</strong></span> <span class='ocrx_word' id='word_1_33' title='bbox 1826 580 1946 635; x_wconf 74' lang='lat' dir='ltr'><strong>qua:</strong></span> 
     </span>
    </p>
   </div>
   <div class='ocr_carea' id='block_1_6' title="bbox 375 658 1943 731">
    <p class='ocr_par' dir='ltr' id='par_1_6' title="bbox 375 658 1943 731">
     <span class='ocr_line' id='line_1_6' title="bbox 375 658 1943 731; baseline -0.002 -19"><span class='ocrx_word' id='word_1_34' title='bbox 375 676 481 714; x_wconf 90' lang='lat' dir='ltr'><strong>non</strong></span> <span class='ocrx_word' id='word_1_35' title='bbox 513 662 676 723; x_wconf 90' lang='lat' dir='ltr'><strong>cadit,</strong></span> <span class='ocrx_word' id='word_1_36' title='bbox 706 676 827 731; x_wconf 78' lang='lat' dir='ltr'><strong>quze</strong></span> <span class='ocrx_word' id='word_1_37' title='bbox 851 674 934 716; x_wconf 89' lang='lat' dir='ltr'><strong>est</strong></span> <span class='ocrx_word' id='word_1_38' title='bbox 966 678 1123 730; x_wconf 90' lang='lat' dir='ltr'><strong>pura,</strong></span> <span class='ocrx_word' id='word_1_39' title='bbox 1155 663 1430 729; x_wconf 86' lang='lat' dir='ltr'><strong>impolluta</strong></span> <span class='ocrx_word' id='word_1_40' title='bbox 1455 702 1469 726; x_wconf 92' lang='lat'><strong>,</strong></span> <span class='ocrx_word' id='word_1_41' title='bbox 1505 662 1700 714; x_wconf 88' lang='lat' dir='ltr'><strong>intacta</strong></span> <span class='ocrx_word' id='word_1_42' title='bbox 1728 658 1904 712; x_wconf 79' lang='lat' dir='ltr'><strong>Patris</strong></span> <span class='ocrx_word' id='word_1_43' title='bbox 1927 697 1943 719; x_wconf 87' lang='lat'><strong>,</strong></span> 
     </span>
    </p>
   </div>
   <div class='ocr_carea' id='block_1_7' title="bbox 370 748 1943 822">
    <p class='ocr_par' dir='ltr' id='par_1_7' title="bbox 370 748 1943 822">
     <span class='ocr_line' id='line_1_7' title="bbox 370 748 1943 822; baseline -0.003 -17"><span class='ocrx_word' id='word_1_44' title='bbox 370 755 460 820; x_wconf 87' lang='lat' dir='ltr'><strong>qui</strong></span> <span class='ocrx_word' id='word_1_45' title='bbox 498 768 595 807; x_wconf 90' lang='lat' dir='ltr'><strong>nec</strong></span> <span class='ocrx_word' id='word_1_46' title='bbox 619 753 786 808; x_wconf 84' lang='lat' dir='ltr'><strong>videri</strong></span> <span class='ocrx_word' id='word_1_47' title='bbox 820 794 835 818; x_wconf 89' lang='lat'><strong>,</strong></span> <span class='ocrx_word' id='word_1_48' title='bbox 872 771 969 809; x_wconf 83' lang='lat' dir='ltr'><strong>nec</strong></span> <span class='ocrx_word' id='word_1_49' title='bbox 999 753 1378 822; x_wconf 79' lang='lat' dir='ltr'><strong>cumpreheudi</strong></span> <span class='ocrx_word' id='word_1_50' title='bbox 1432 762 1605 822; x_wconf 86' lang='lat' dir='ltr'><strong>potest</strong></span> <span class='ocrx_word' id='word_1_51' title='bbox 1635 790 1650 814; x_wconf 90' lang='lat'><strong>,</strong></span> <span class='ocrx_word' id='word_1_52' title='bbox 1699 753 1765 805; x_wconf 86' lang='lat' dir='ltr'><strong>ab</strong></span> <span class='ocrx_word' id='word_1_53' title='bbox 1794 748 1943 804; x_wconf 86' lang='lat' dir='ltr'><strong>omni</strong></span> 
     </span>
    </p>
   </div>
   <div class='ocr_carea' id='block_1_8' title="bbox 374 845 1944 916">
    <p class='ocr_par' dir='ltr' id='par_1_8' title="bbox 374 845 1944 916">
     <span class='ocr_line' id='line_1_8' title="bbox 374 845 1944 916; baseline -0.001 -21"><span class='ocrx_word' id='word_1_54' title='bbox 374 845 796 912; x_wconf 83' lang='lat' dir='ltr'><strong>reprehensione</strong></span> <span class='ocrx_word' id='word_1_55' title='bbox 837 847 1032 910; x_wconf 79' lang='lat' dir='ltr'><strong>aliena,</strong></span> <span class='ocrx_word' id='word_1_56' title='bbox 1073 856 1125 900; x_wconf 89' lang='lat' dir='ltr'><strong>et</strong></span> <span class='ocrx_word' id='word_1_57' title='bbox 1161 846 1525 916; x_wconf 89' lang='lat' dir='ltr'><strong>pulcherrima</strong></span> <span class='ocrx_word' id='word_1_58' title='bbox 1547 859 1742 911; x_wconf 85' lang='lat' dir='ltr'><strong>sponsa</strong></span> <span class='ocrx_word' id='word_1_59' title='bbox 1781 858 1795 896; x_wconf 87' lang='lat'>:</span> <span class='ocrx_word' id='word_1_60' title='bbox 1827 856 1944 909; x_wconf 67' lang='lat' dir='ltr'><strong>quae</strong></span> 
     </span>
    </p>
   </div>
   <div class='ocr_carea' id='block_1_9' title="bbox 368 934 1945 1004">
    <p class='ocr_par' dir='ltr' id='par_1_9' title="bbox 368 934 1945 1004">
     <span class='ocr_line' id='line_1_9' title="bbox 368 934 1945 1004; baseline -0.003 -14"><span class='ocrx_word' id='word_1_61' title='bbox 368 936 531 990; x_wconf 87' lang='lat' dir='ltr'><strong>estin</strong></span> <span class='ocrx_word' id='word_1_62' title='bbox 554 937 802 991; x_wconf 63' lang='lat' dir='ltr'><strong>munibus</strong></span> <span class='ocrx_word' id='word_1_63' title='bbox 829 937 1058 1004; x_wconf 80' lang='lat' dir='ltr'><strong>gloriosa</strong></span> <span class='ocrx_word' id='word_1_64' title='bbox 1091 947 1143 991; x_wconf 91' lang='lat' dir='ltr'><strong>et</strong></span> <span class='ocrx_word' id='word_1_65' title='bbox 1170 938 1474 1002; x_wconf 80' lang='lat' dir='ltr'><strong>benedicta,</strong></span> <span class='ocrx_word' id='word_1_66' title='bbox 1515 944 1569 989; x_wconf 88' lang='lat' dir='ltr'><strong>et</strong></span> <span class='ocrx_word' id='word_1_67' title='bbox 1619 937 1669 988; x_wconf 92' lang='lat' dir='ltr'><strong>in</strong></span> <span class='ocrx_word' id='word_1_68' title='bbox 1705 934 1945 988; x_wconf 82' lang='lat' dir='ltr'><strong>bonitate</strong></span> 
     </span>
    </p>
   </div>
   <div class='ocr_carea' id='block_1_10' title="bbox 370 1023 1944 1095">
    <p class='ocr_par' dir='ltr' id='par_1_10' title="bbox 370 1023 1944 1095">
     <span class='ocr_line' id='line_1_10' title="bbox 370 1023 1944 1095; baseline -0.001 -18"><span class='ocrx_word' id='word_1_69' title='bbox 370 1033 426 1080; x_wconf 83' lang='lat' dir='ltr'><strong>et</strong></span> <span class='ocrx_word' id='word_1_70' title='bbox 465 1025 786 1095; x_wconf 85' lang='lat' dir='ltr'><strong>benignitate</strong></span> <span class='ocrx_word' id='word_1_71' title='bbox 807 1035 891 1081; x_wconf 79' lang='lat' dir='ltr'><strong>est</strong></span> <span class='ocrx_word' id='word_1_72' title='bbox 925 1028 1383 1094; x_wconf 76' lang='lat' dir='ltr'><strong>ineootparahilis,</strong></span> <span class='ocrx_word' id='word_1_73' title='bbox 1435 1028 1817 1081; x_wconf 75' lang='lat' dir='ltr'><strong>convenienter</strong></span> <span class='ocrx_word' id='word_1_74' title='bbox 1845 1023 1893 1077; x_wconf 92' lang='lat' dir='ltr'><strong>ei</strong></span> <span class='ocrx_word' id='word_1_75' title='bbox 1928 1064 1944 1084; x_wconf 90' lang='lat'><strong>,</strong></span> 
     </span>
    </p>
   </div>
   <div class='ocr_carea' id='block_1_11' title="bbox 371 1112 1949 1183">
    <p class='ocr_par' dir='ltr' id='par_1_11' title="bbox 371 1112 1949 1183">
     <span class='ocr_line' id='line_1_11' title="bbox 371 1112 1949 1183; baseline 0.002 -20"><span class='ocrx_word' id='word_1_76' title='bbox 371 1115 460 1183; x_wconf 89' lang='lat' dir='ltr'><strong>qui</strong></span> <span class='ocrx_word' id='word_1_77' title='bbox 488 1130 554 1169; x_wconf 81' lang='lat' dir='ltr'><strong>ex</strong></span> <span class='ocrx_word' id='word_1_78' title='bbox 579 1129 639 1168; x_wconf 86' lang='lat' dir='ltr'><strong>ea</strong></span> <span class='ocrx_word' id='word_1_79' title='bbox 666 1126 823 1169; x_wconf 85' lang='lat' dir='ltr'><strong>natus</strong></span> <span class='ocrx_word' id='word_1_80' title='bbox 862 1126 943 1170; x_wconf 90' lang='lat' dir='ltr'><strong>cst</strong></span> <span class='ocrx_word' id='word_1_81' title='bbox 975 1116 1116 1171; x_wconf 85' lang='lat' dir='ltr'><strong>Deus</strong></span> <span class='ocrx_word' id='word_1_82' title='bbox 1147 1126 1199 1171; x_wconf 88' lang='lat' dir='ltr'><strong>ct</strong></span> <span class='ocrx_word' id='word_1_83' title='bbox 1235 1117 1396 1170; x_wconf 88' lang='lat' dir='ltr'><strong>homo</strong></span> <span class='ocrx_word' id='word_1_84' title='bbox 1422 1155 1437 1181; x_wconf 91' lang='lat'><strong>,</strong></span> <span class='ocrx_word' id='word_1_85' title='bbox 1474 1128 1527 1171; x_wconf 91' lang='lat' dir='ltr'><strong>et</strong></span> <span class='ocrx_word' id='word_1_86' title='bbox 1557 1114 1713 1171; x_wconf 90' lang='lat' dir='ltr'><strong>nobis</strong></span> <span class='ocrx_word' id='word_1_87' title='bbox 1752 1112 1818 1168; x_wconf 89' lang='lat' dir='ltr'><strong>ad</strong></span> <span class='ocrx_word' id='word_1_88' title='bbox 1868 1114 1949 1166; x_wconf 87' lang='lat' dir='ltr'><strong>in-</strong></span> 
     </span>
    </p>
   </div>
   <div class='ocr_carea' id='block_1_12' title="bbox 371 1205 1567 1275">
    <p class='ocr_par' dir='ltr' id='par_1_12' title="bbox 371 1205 1567 1275">
     <span class='ocr_line' id='line_1_12' title="bbox 371 1205 1567 1275; baseline 0.002 -16"><span class='ocrx_word' id='word_1_89' title='bbox 371 1205 702 1259; x_wconf 75' lang='lat' dir='ltr'><strong>detit-ientem</strong></span> <span class='ocrx_word' id='word_1_90' title='bbox 735 1208 1010 1275; x_wconf 87' lang='lat' dir='ltr'><strong>proposita</strong></span> <span class='ocrx_word' id='word_1_91' title='bbox 1041 1222 1195 1275; x_wconf 91' lang='lat' dir='ltr'><strong>opem</strong></span> <span class='ocrx_word' id='word_1_92' title='bbox 1224 1219 1276 1262; x_wconf 89' lang='lat' dir='ltr'><strong>et</strong></span> <span class='ocrx_word' id='word_1_93' title='bbox 1311 1207 1567 1261; x_wconf 81' lang='lat' dir='ltr'><strong>salutem.</strong></span> 
     </span>
    </p>
   </div>
   <div class='ocr_carea' id='block_1_13' title="bbox 443 1295 1921 1369">
    <p class='ocr_par' dir='ltr' id='par_1_13' title="bbox 443 1295 1921 1369">
     <span class='ocr_line' id='line_1_13' title="bbox 443 1295 1921 1369; baseline 0.003 -20"><span class='ocrx_word' id='word_1_94' title='bbox 443 1295 533 1351; x_wconf 80' lang='lat' dir='ltr'><strong>IX.</strong></span> <span class='ocrx_word' id='word_1_95' title='bbox 561 1296 626 1351; x_wconf 87' lang='lat' dir='ltr'><strong>Et</strong></span> <span class='ocrx_word' id='word_1_96' title='bbox 649 1299 773 1367; x_wconf 87' lang='lat' dir='ltr'><strong>quis</strong></span> <span class='ocrx_word' id='word_1_97' title='bbox 802 1314 911 1353; x_wconf 89' lang='lat' dir='ltr'><strong>non</strong></span> <span class='ocrx_word' id='word_1_98' title='bbox 948 1298 1106 1354; x_wconf 87' lang='lat' dir='ltr'><strong>hodie</strong></span> <span class='ocrx_word' id='word_1_99' title='bbox 1135 1299 1235 1368; x_wconf 87' lang='lat' dir='ltr'><strong>(ut</strong></span> <span class='ocrx_word' id='word_1_100' title='bbox 1262 1298 1513 1367; x_wconf 72' lang='lat' dir='ltr'><strong>superius</strong></span> <span class='ocrx_word' id='word_1_101' title='bbox 1547 1297 1817 1369; x_wconf 82' lang='lat' dir='ltr'><strong>diximus)</strong></span> <span class='ocrx_word' id='word_1_102' title='bbox 1858 1313 1921 1353; x_wconf 87' lang='lat' dir='ltr'><strong>ac</strong></span> 
     </span>
    </p>
   </div>
   <div class='ocr_carea' id='block_1_14' title="bbox 370 1387 1948 1460">
    <p class='ocr_par' dir='ltr' id='par_1_14' title="bbox 370 1387 1948 1460">
     <span class='ocr_line' id='line_1_14' title="bbox 370 1387 1948 1460; baseline 0 -19"><span class='ocrx_word' id='word_1_103' title='bbox 370 1387 539 1441; x_wconf 90' lang='lat' dir='ltr'><strong>currit</strong></span> <span class='ocrx_word' id='word_1_104' title='bbox 569 1388 637 1441; x_wconf 92' lang='lat' dir='ltr'><strong>ad</strong></span> <span class='ocrx_word' id='word_1_105' title='bbox 665 1389 1027 1443; x_wconf 78' lang='lat' dir='ltr'><strong>venerabilem</strong></span> <span class='ocrx_word' id='word_1_106' title='bbox 1060 1406 1371 1459; x_wconf 73' lang='lat' dir='ltr'><strong>zonar,qute</strong></span> <span class='ocrx_word' id='word_1_107' title='bbox 1398 1406 1612 1460; x_wconf 87' lang='lat' dir='ltr'><strong>semper</strong></span> <span class='ocrx_word' id='word_1_108' title='bbox 1670 1392 1847 1453; x_wconf 88' lang='lat' dir='ltr'><strong>lucet,</strong></span> <span class='ocrx_word' id='word_1_109' title='bbox 1895 1400 1948 1443; x_wconf 89' lang='lat' dir='ltr'><strong>et</strong></span> 
     </span>
    </p>
   </div>
   <div class='ocr_carea' id='block_1_15' title="bbox 370 1479 1948 1551">
    <p class='ocr_par' dir='ltr' id='par_1_15' title="bbox 370 1479 1948 1551">
     <span class='ocr_line' id='line_1_15' title="bbox 370 1479 1948 1551; baseline 0.001 -19"><span class='ocrx_word' id='word_1_110' title='bbox 370 1479 516 1532; x_wconf 88' lang='lat' dir='ltr'><strong>onmi</strong></span> <span class='ocrx_word' id='word_1_111' title='bbox 542 1495 605 1533; x_wconf 82' lang='lat' dir='ltr'><strong>ex</strong></span> <span class='ocrx_word' id='word_1_112' title='bbox 631 1488 786 1549; x_wconf 88' lang='lat' dir='ltr'><strong>parte</strong></span> <span class='ocrx_word' id='word_1_113' title='bbox 815 1482 1141 1551; x_wconf 79' lang='lat' dir='ltr'><strong>resplendet,</strong></span> <span class='ocrx_word' id='word_1_114' title='bbox 1176 1485 1603 1548; x_wconf 82' lang='lat' dir='ltr'><strong>venerationem,</strong></span> <span class='ocrx_word' id='word_1_115' title='bbox 1635 1495 1688 1538; x_wconf 89' lang='lat' dir='ltr'><strong>et</strong></span> <span class='ocrx_word' id='word_1_116' title='bbox 1714 1484 1778 1537; x_wconf 89' lang='lat' dir='ltr'><strong>ad</strong></span> <span class='ocrx_word' id='word_1_117' title='bbox 1808 1484 1948 1537; x_wconf 88' lang='lat' dir='ltr'><strong>hanc</strong></span> 
     </span>
    </p>
   </div>
   <div class='ocr_carea' id='block_1_16' title="bbox 371 1570 1944 1642">
    <p class='ocr_par' dir='ltr' id='par_1_16' title="bbox 371 1570 1944 1642">
     <span class='ocr_line' id='line_1_16' title="bbox 371 1570 1944 1642; baseline 0.001 -17"><span class='ocrx_word' id='word_1_118' title='bbox 371 1570 532 1638; x_wconf 87' lang='lat' dir='ltr'><strong>longe</strong></span> <span class='ocrx_word' id='word_1_119' title='bbox 560 1572 918 1627; x_wconf 82' lang='lat' dir='ltr'><strong>clarissimam</strong></span> <span class='ocrx_word' id='word_1_120' title='bbox 944 1586 998 1628; x_wconf 91' lang='lat' dir='ltr'><strong>et</strong></span> <span class='ocrx_word' id='word_1_121' title='bbox 1028 1574 1445 1629; x_wconf 89' lang='lat' dir='ltr'><strong>illustrissimam</strong></span> <span class='ocrx_word' id='word_1_122' title='bbox 1472 1573 1587 1642; x_wconf 83' lang='lat' dir='ltr'><strong>ejus</strong></span> <span class='ocrx_word' id='word_1_123' title='bbox 1616 1574 1944 1630; x_wconf 88' lang='lat' dir='ltr'><strong>ornatissimi</strong></span> 
     </span>
    </p>
   </div>
   <div class='ocr_carea' id='block_1_17' title="bbox 369 1664 1943 1734">
    <p class='ocr_par' dir='ltr' id='par_1_17' title="bbox 369 1664 1943 1734">
     <span class='ocr_line' id='line_1_17' title="bbox 369 1664 1943 1734; baseline 0 -14"><span class='ocrx_word' id='word_1_124' title='bbox 369 1674 426 1721; x_wconf 91' lang='lat' dir='ltr'><strong>et</strong></span> <span class='ocrx_word' id='word_1_125' title='bbox 453 1678 483 1718; x_wconf 67' lang='grc' dir='ltr'>α</span> <span class='ocrx_word' id='word_1_126' title='bbox 515 1665 623 1718; x_wconf 87' lang='lat' dir='ltr'><strong>Deo</strong></span> <span class='ocrx_word' id='word_1_127' title='bbox 657 1665 857 1718; x_wconf 90' lang='lat' dir='ltr'><strong>conditi</strong></span> <span class='ocrx_word' id='word_1_128' title='bbox 892 1664 1073 1734; x_wconf 89' lang='lat' dir='ltr'><strong>templi</strong></span> <span class='ocrx_word' id='word_1_129' title='bbox 1111 1666 1540 1722; x_wconf 88' lang='lat' dir='ltr'><strong>dedicationem?</strong></span> <span class='ocrx_word' id='word_1_130' title='bbox 1588 1667 1755 1721; x_wconf 86' lang='lat' dir='ltr'><strong>llodie</strong></span> <span class='ocrx_word' id='word_1_131' title='bbox 1800 1668 1943 1721; x_wconf 87' lang='lat' dir='ltr'><strong>enim</strong></span> 
     </span>
    </p>
   </div>
   <div class='ocr_carea' id='block_1_18' title="bbox 370 1757 1944 1828">
    <p class='ocr_par' dir='ltr' id='par_1_18' title="bbox 370 1757 1944 1828">
     <span class='ocr_line' id='line_1_18' title="bbox 370 1757 1944 1828; baseline 0.002 -20"><span class='ocrx_word' id='word_1_132' title='bbox 370 1757 764 1811; x_wconf 87' lang='lat' dir='ltr'><strong>admirabiliter</strong></span> <span class='ocrx_word' id='word_1_133' title='bbox 780 1758 936 1812; x_wconf 88' lang='lat' dir='ltr'><strong>ambo</strong></span> <span class='ocrx_word' id='word_1_134' title='bbox 968 1757 1127 1812; x_wconf 83' lang='lat' dir='ltr'><strong>simul</strong></span> <span class='ocrx_word' id='word_1_135' title='bbox 1151 1761 1568 1828; x_wconf 88' lang='lat' dir='ltr'><strong>suntproposita</strong></span> <span class='ocrx_word' id='word_1_136' title='bbox 1603 1763 1667 1812; x_wconf 91' lang='lat' dir='ltr'><strong>ad</strong></span> <span class='ocrx_word' id='word_1_137' title='bbox 1706 1759 1944 1815; x_wconf 80' lang='lat' dir='ltr'><strong>betitiaui</strong></span> 
     </span>
    </p>
   </div>
   <div class='ocr_carea' id='block_1_19' title="bbox 2054 568 3630 640">
    <p class='ocr_par' dir='ltr' id='par_1_19' title="bbox 2054 568 3630 640">
     <span class='ocr_line' id='line_1_19' title="bbox 2054 568 3630 640; baseline -0.003 -16"><span class='ocrx_word' id='word_1_138' title='bbox 2054 571 2259 627; x_wconf 70' lang='lat' dir='ltr'><strong>Mariae.</strong></span> <span class='ocrx_word' id='word_1_139' title='bbox 2318 574 2557 627; x_wconf 68' lang='lat' dir='ltr'><strong>Lmtatur</strong></span> <span class='ocrx_word' id='word_1_140' title='bbox 2591 576 2759 640; x_wconf 89' lang='lat' dir='ltr'><strong>enim,</strong></span> <span class='ocrx_word' id='word_1_141' title='bbox 2797 590 2918 628; x_wconf 92' lang='lat' dir='ltr'><strong>cum</strong></span> <span class='ocrx_word' id='word_1_142' title='bbox 2958 589 3056 629; x_wconf 87' lang='lat' dir='ltr'><strong>nos</strong></span> <span class='ocrx_word' id='word_1_143' title='bbox 3112 573 3166 627; x_wconf 89' lang='lat' dir='ltr'><strong>in</strong></span> <span class='ocrx_word' id='word_1_144' title='bbox 3211 572 3295 625; x_wconf 88' lang='lat' dir='ltr'><strong>his</strong></span> <span class='ocrx_word' id='word_1_145' title='bbox 3320 568 3513 640; x_wconf 83' lang='lat' dir='ltr'><strong>aspicit</strong></span> <span class='ocrx_word' id='word_1_146' title='bbox 3543 582 3630 622; x_wconf 88' lang='lat' dir='ltr'><strong>ca-</strong></span> 
     </span>
    </p>
   </div>
   <div class='ocr_carea' id='block_1_20' title="bbox 2054 660 3630 722">
    <p class='ocr_par' dir='ltr' id='par_1_20' title="bbox 2054 660 3630 722">
     <span class='ocr_line' id='line_1_20' title="bbox 2054 660 3630 722; baseline -0.003 -8"><span class='ocrx_word' id='word_1_147' title='bbox 2054 663 2291 715; x_wconf 83' lang='lat' dir='ltr'><strong>stissima</strong></span> <span class='ocrx_word' id='word_1_148' title='bbox 2326 664 2575 717; x_wconf 88' lang='lat' dir='ltr'><strong>Domina.</strong></span> <span class='ocrx_word' id='word_1_149' title='bbox 2630 663 2701 716; x_wconf 91' lang='lat' dir='ltr'><strong>Se</strong></span> <span class='ocrx_word' id='word_1_150' title='bbox 2754 664 2901 718; x_wconf 86' lang='lat' dir='ltr'><strong>enim</strong></span> <span class='ocrx_word' id='word_1_151' title='bbox 2952 678 3015 718; x_wconf 89' lang='lat' dir='ltr'><strong>ea</strong></span> <span class='ocrx_word' id='word_1_152' title='bbox 3077 676 3266 717; x_wconf 88' lang='lat' dir='ltr'><strong>revera</strong></span> <span class='ocrx_word' id='word_1_153' title='bbox 3326 660 3515 722; x_wconf 83' lang='lat' dir='ltr'><strong>cinxit,</strong></span> <span class='ocrx_word' id='word_1_154' title='bbox 3568 666 3630 711; x_wconf 92' lang='lat' dir='ltr'><strong>ut</strong></span> 
     </span>
    </p>
   </div>
   <div class='ocr_carea' id='block_1_21' title="bbox 2054 752 3625 817">
    <p class='ocr_par' dir='ltr' id='par_1_21' title="bbox 2054 752 3625 817">
     <span class='ocr_line' id='line_1_21' title="bbox 2054 752 3625 817; baseline -0.003 -8"><span class='ocrx_word' id='word_1_155' title='bbox 2054 756 2375 811; x_wconf 85' lang='lat' dir='ltr'><strong>credimus:</strong></span> <span class='ocrx_word' id='word_1_156' title='bbox 2422 766 2478 811; x_wconf 88' lang='lat' dir='ltr'><strong>et</strong></span> <span class='ocrx_word' id='word_1_157' title='bbox 2511 772 2633 811; x_wconf 90' lang='lat' dir='ltr'><strong>aras</strong></span> <span class='ocrx_word' id='word_1_158' title='bbox 2661 757 2918 812; x_wconf 80' lang='lat' dir='ltr'><strong>contrivit</strong></span> <span class='ocrx_word' id='word_1_159' title='bbox 2971 757 3258 817; x_wconf 88' lang='lat' dir='ltr'><strong>idolorum,</strong></span> <span class='ocrx_word' id='word_1_160' title='bbox 3302 764 3354 808; x_wconf 92' lang='lat' dir='ltr'><strong>et</strong></span> <span class='ocrx_word' id='word_1_161' title='bbox 3400 752 3625 806; x_wconf 82' lang='lat' dir='ltr'><strong>delubra</strong></span> 
     </span>
    </p>
   </div>
   <div class='ocr_carea' id='block_1_22' title="bbox 2055 842 3625 918">
    <p class='ocr_par' dir='ltr' id='par_1_22' title="bbox 2055 842 3625 918">
     <span class='ocr_line' id='line_1_22' title="bbox 2055 842 3625 918; baseline -0.003 -18"><span class='ocrx_word' id='word_1_162' title='bbox 2055 847 2302 918; x_wconf 83' lang='lat' dir='ltr'><strong>gentium</strong></span> <span class='ocrx_word' id='word_1_163' title='bbox 2369 848 2604 915; x_wconf 85' lang='lat' dir='ltr'><strong>perdidit</strong></span> <span class='ocrx_word' id='word_1_164' title='bbox 2654 858 2708 902; x_wconf 89' lang='lat' dir='ltr'><strong>ct</strong></span> <span class='ocrx_word' id='word_1_165' title='bbox 2753 846 3099 913; x_wconf 86' lang='lat' dir='ltr'><strong>comminuit,</strong></span> <span class='ocrx_word' id='word_1_166' title='bbox 3136 858 3189 900; x_wconf 90' lang='lat' dir='ltr'><strong>et</strong></span> <span class='ocrx_word' id='word_1_167' title='bbox 3224 858 3443 899; x_wconf 76' lang='lat' dir='ltr'><strong>ceSSare</strong></span> <span class='ocrx_word' id='word_1_168' title='bbox 3500 842 3625 896; x_wconf 82' lang='lat' dir='ltr'><strong>fecit</strong></span> 
     </span>
    </p>
   </div>
   <div class='ocr_carea' id='block_1_23' title="bbox 2054 936 3624 1008">
    <p class='ocr_par' dir='ltr' id='par_1_23' title="bbox 2054 936 3624 1008">
     <span class='ocr_line' id='line_1_23' title="bbox 2054 936 3624 1008; baseline -0.005 -16"><span class='ocrx_word' id='word_1_169' title='bbox 2054 939 2399 993; x_wconf 88' lang='lat' dir='ltr'><strong>immoderati</strong></span> <span class='ocrx_word' id='word_1_170' title='bbox 2436 939 2722 1008; x_wconf 79' lang='lat' dir='ltr'><strong>sanguinis</strong></span> <span class='ocrx_word' id='word_1_171' title='bbox 2759 936 3105 993; x_wconf 79' lang='lat' dir='ltr'><strong>cﬂusionem.</strong></span> <span class='ocrx_word' id='word_1_172' title='bbox 3134 936 3302 990; x_wconf 78' lang='lat' dir='ltr'><strong>llodie</strong></span> <span class='ocrx_word' id='word_1_173' title='bbox 3338 950 3472 988; x_wconf 85' lang='lat' dir='ltr'><strong>zona</strong></span> <span class='ocrx_word' id='word_1_174' title='bbox 3508 949 3624 987; x_wconf 86' lang='lat' dir='ltr'><strong>ma-</strong></span> 
     </span>
    </p>
   </div>
   <div class='ocr_carea' id='block_1_24' title="bbox 2053 1025 3625 1100">
    <p class='ocr_par' dir='ltr' id='par_1_24' title="bbox 2053 1025 3625 1100">
     <span class='ocr_line' id='line_1_24' title="bbox 2053 1025 3625 1100; baseline -0.003 -18"><span class='ocrx_word' id='word_1_175' title='bbox 2053 1030 2363 1100; x_wconf 83' lang='lat' dir='ltr'><strong>guifieetur,</strong></span> <span class='ocrx_word' id='word_1_176' title='bbox 2414 1046 2514 1099; x_wconf 90' lang='lat' dir='ltr'><strong>per</strong></span> <span class='ocrx_word' id='word_1_177' title='bbox 2538 1045 2700 1100; x_wconf 90' lang='lat' dir='ltr'><strong>quam</strong></span> <span class='ocrx_word' id='word_1_178' title='bbox 2743 1044 2838 1084; x_wconf 89' lang='lat' dir='ltr'><strong>aer</strong></span> <span class='ocrx_word' id='word_1_179' title='bbox 2895 1029 2994 1082; x_wconf 92' lang='lat' dir='ltr'><strong>fuit</strong></span> <span class='ocrx_word' id='word_1_180' title='bbox 3043 1029 3421 1084; x_wconf 83' lang='lat' dir='ltr'><strong>sanctilicatus</strong></span> <span class='ocrx_word' id='word_1_181' title='bbox 3454 1042 3469 1079; x_wconf 90' lang='lat'><strong>:</strong></span> <span class='ocrx_word' id='word_1_182' title='bbox 3504 1025 3625 1080; x_wconf 71' lang='lat' dir='ltr'><strong>creti</strong></span> 
     </span>
    </p>
   </div>
   <div class='ocr_carea' id='block_1_25' title="bbox 2054 1121 3623 1189">
    <p class='ocr_par' dir='ltr' id='par_1_25' title="bbox 2054 1121 3623 1189">
     <span class='ocr_line' id='line_1_25' title="bbox 2054 1121 3623 1189; baseline -0.007 -11"><span class='ocrx_word' id='word_1_183' title='bbox 2054 1138 2265 1178; x_wconf 88' lang='lat' dir='ltr'><strong>summe</strong></span> <span class='ocrx_word' id='word_1_184' title='bbox 2298 1122 2568 1189; x_wconf 76' lang='lat' dir='ltr'><strong>refulgent</strong></span> <span class='ocrx_word' id='word_1_185' title='bbox 2603 1138 2618 1176; x_wconf 91' lang='lat'><strong>:</strong></span> <span class='ocrx_word' id='word_1_186' title='bbox 2647 1121 2727 1176; x_wconf 92' lang='lat' dir='ltr'><strong>sol</strong></span> <span class='ocrx_word' id='word_1_187' title='bbox 2763 1131 2817 1177; x_wconf 90' lang='lat' dir='ltr'><strong>et</strong></span> <span class='ocrx_word' id='word_1_188' title='bbox 2844 1121 2971 1175; x_wconf 88' lang='lat' dir='ltr'><strong>luua</strong></span> <span class='ocrx_word' id='word_1_189' title='bbox 3006 1134 3168 1189; x_wconf 87' lang='lat' dir='ltr'><strong>supra</strong></span> <span class='ocrx_word' id='word_1_190' title='bbox 3199 1131 3447 1172; x_wconf 89' lang='lat' dir='ltr'><strong>naturam</strong></span> <span class='ocrx_word' id='word_1_191' title='bbox 3472 1131 3623 1171; x_wconf 86' lang='lat' dir='ltr'><strong>suam</strong></span> 
     </span>
    </p>
   </div>
   <div class='ocr_carea' id='block_1_26' title="bbox 2053 1210 3628 1283">
    <p class='ocr_par' dir='ltr' id='par_1_26' title="bbox 2053 1210 3628 1283">
     <span class='ocr_line' id='line_1_26' title="bbox 2053 1210 3628 1283; baseline -0.006 -15"><span class='ocrx_word' id='word_1_192' title='bbox 2053 1230 2199 1269; x_wconf 92' lang='lat' dir='ltr'><strong>nunc</strong></span> <span class='ocrx_word' id='word_1_193' title='bbox 2246 1213 2524 1283; x_wconf 78' lang='lat' dir='ltr'><strong>splendide</strong></span> <span class='ocrx_word' id='word_1_194' title='bbox 2577 1214 2758 1269; x_wconf 86' lang='lat' dir='ltr'><strong>radios</strong></span> <span class='ocrx_word' id='word_1_195' title='bbox 2823 1222 2878 1266; x_wconf 90' lang='lat' dir='ltr'><strong>et</strong></span> <span class='ocrx_word' id='word_1_196' title='bbox 2936 1211 3165 1283; x_wconf 77' lang='lat' dir='ltr'><strong>mystice</strong></span> <span class='ocrx_word' id='word_1_197' title='bbox 3218 1210 3482 1262; x_wconf 81' lang='lat' dir='ltr'><strong>ernittunt</strong></span> <span class='ocrx_word' id='word_1_198' title='bbox 3521 1223 3537 1259; x_wconf 90' lang='lat'><strong>:</strong></span> <span class='ocrx_word' id='word_1_199' title='bbox 3572 1215 3628 1260; x_wconf 89' lang='lat' dir='ltr'><strong>et</strong></span> 
     </span>
    </p>
   </div>
   <div class='ocr_carea' id='block_1_27' title="bbox 2055 1299 3626 1375">
    <p class='ocr_par' dir='ltr' id='par_1_27' title="bbox 2055 1299 3626 1375">
     <span class='ocr_line' id='line_1_27' title="bbox 2055 1299 3626 1375; baseline -0.004 -17"><span class='ocrx_word' id='word_1_200' title='bbox 2055 1308 2345 1359; x_wconf 85' lang='lat' dir='ltr'><strong>universus</strong></span> <span class='ocrx_word' id='word_1_201' title='bbox 2392 1306 2650 1370; x_wconf 89' lang='lat' dir='ltr'><strong>mundus,</strong></span> <span class='ocrx_word' id='word_1_202' title='bbox 2684 1304 2774 1374; x_wconf 86' lang='lat' dir='ltr'><strong>qui</strong></span> <span class='ocrx_word' id='word_1_203' title='bbox 2807 1315 3040 1375; x_wconf 84' lang='lat' dir='ltr'><strong>quatuor</strong></span> <span class='ocrx_word' id='word_1_204' title='bbox 3070 1304 3385 1358; x_wconf 90' lang='lat' dir='ltr'><strong>continetur</strong></span> <span class='ocrx_word' id='word_1_205' title='bbox 3410 1299 3626 1361; x_wconf 81' lang='lat' dir='ltr'><strong>finilms,</strong></span> 
     </span>
    </p>
   </div>
   <div class='ocr_carea' id='block_1_28' title="bbox 2058 1393 3630 1466">
    <p class='ocr_par' dir='ltr' id='par_1_28' title="bbox 2058 1393 3630 1466">
     <span class='ocr_line' id='line_1_28' title="bbox 2058 1393 3630 1466; baseline -0.005 -11"><span class='ocrx_word' id='word_1_206' title='bbox 2058 1412 2353 1455; x_wconf 84' lang='lat' dir='ltr'><strong>renovatur</strong></span> <span class='ocrx_word' id='word_1_207' title='bbox 2374 1408 2427 1454; x_wconf 86' lang='lat' dir='ltr'><strong>et</strong></span> <span class='ocrx_word' id='word_1_208' title='bbox 2464 1399 2789 1454; x_wconf 86' lang='lat' dir='ltr'><strong>illustratur.</strong></span> <span class='ocrx_word' id='word_1_209' title='bbox 2846 1397 2908 1452; x_wconf 83' lang='lat' dir='ltr'><strong>Et</strong></span> <span class='ocrx_word' id='word_1_210' title='bbox 2965 1394 3135 1466; x_wconf 80' lang='lat' dir='ltr'><strong>gloria</strong></span> <span class='ocrx_word' id='word_1_211' title='bbox 3180 1396 3256 1448; x_wconf 85' lang='lat' dir='ltr'><strong>sit</strong></span> <span class='ocrx_word' id='word_1_212' title='bbox 3291 1395 3363 1456; x_wconf 92' lang='lat' dir='ltr'><strong>ei,</strong></span> <span class='ocrx_word' id='word_1_213' title='bbox 3405 1393 3495 1463; x_wconf 89' lang='lat' dir='ltr'><strong>qui</strong></span> <span class='ocrx_word' id='word_1_214' title='bbox 3531 1407 3630 1447; x_wconf 91' lang='lat' dir='ltr'><strong>nos</strong></span> 
     </span>
    </p>
   </div>
   <div class='ocr_carea' id='block_1_29' title="bbox 2055 1486 3600 1561">
    <p class='ocr_par' dir='ltr' id='par_1_29' title="bbox 2055 1486 3600 1561">
     <span class='ocr_line' id='line_1_29' title="bbox 2055 1486 3600 1561; baseline -0.004 -15"><span class='ocrx_word' id='word_1_215' title='bbox 2055 1492 2245 1561; x_wconf 88' lang='lat' dir='ltr'><strong>implet</strong></span> <span class='ocrx_word' id='word_1_216' title='bbox 2298 1492 2350 1545; x_wconf 92' lang='lat' dir='ltr'><strong>in</strong></span> <span class='ocrx_word' id='word_1_217' title='bbox 2416 1491 2577 1548; x_wconf 86' lang='lat' dir='ltr'><strong>bonis</strong></span> <span class='ocrx_word' id='word_1_218' title='bbox 2601 1490 2880 1557; x_wconf 89' lang='lat' dir='ltr'><strong>omnibus,</strong></span> <span class='ocrx_word' id='word_1_219' title='bbox 2911 1488 2977 1544; x_wconf 89' lang='lat' dir='ltr'><strong>ad</strong></span> <span class='ocrx_word' id='word_1_220' title='bbox 3031 1487 3259 1558; x_wconf 79' lang='lat' dir='ltr'><strong>gloriam</strong></span> <span class='ocrx_word' id='word_1_221' title='bbox 3305 1501 3418 1541; x_wconf 76' lang='lat' dir='ltr'><strong>sua:</strong></span> <span class='ocrx_word' id='word_1_222' title='bbox 3473 1486 3600 1541; x_wconf 90' lang='lat' dir='ltr'><strong>boui</strong></span> 
     </span>
    </p>
   </div>
   <div class='ocr_carea' id='block_1_30' title="bbox 2057 1584 2202 1636">
    <p class='ocr_par' dir='ltr' id='par_1_30' title="bbox 2057 1584 2202 1636">
     <span class='ocr_line' id='line_1_30' title="bbox 2057 1584 2202 1636; baseline 0.014 -1"><span class='ocrx_word' id='word_1_223' title='bbox 2057 1584 2202 1636; x_wconf 85' lang='lat' dir='ltr'><strong>tatis.</strong></span> 
     </span>
    </p>
   </div>
   <div class='ocr_carea' id='block_1_31' title="bbox 2127 1673 3625 1745">
    <p class='ocr_par' dir='ltr' id='par_1_31' title="bbox 2127 1673 3625 1745">
     <span class='ocr_line' id='line_1_31' title="bbox 2127 1673 3625 1745; baseline -0.001 -18"><span class='ocrx_word' id='word_1_224' title='bbox 2127 1673 2270 1729; x_wconf 69' lang='lat' dir='ltr'><strong>Xlll.</strong></span> <span class='ocrx_word' id='word_1_225' title='bbox 2308 1674 2476 1732; x_wconf 84' lang='lat' dir='ltr'><strong>Hodie</strong></span> <span class='ocrx_word' id='word_1_226' title='bbox 2498 1674 2834 1745; x_wconf 67' lang='lat' dir='ltr'><strong>gloriaretur</strong></span> <span class='ocrx_word' id='word_1_227' title='bbox 2890 1690 3046 1733; x_wconf 83' lang='lat' dir='ltr'><strong>zona.</strong></span> <span class='ocrx_word' id='word_1_228' title='bbox 3086 1692 3181 1743; x_wconf 88' lang='lat' dir='ltr'><strong>per</strong></span> <span class='ocrx_word' id='word_1_229' title='bbox 3213 1690 3374 1745; x_wconf 86' lang='lat' dir='ltr'><strong>quam</strong></span> <span class='ocrx_word' id='word_1_230' title='bbox 3413 1681 3625 1726; x_wconf 83' lang='lat' dir='ltr'><strong>montes</strong></span> 
     </span>
    </p>
   </div>
   <div class='ocr_carea' id='block_1_32' title="bbox 2057 1763 3627 1835">
    <p class='ocr_par' dir='ltr' id='par_1_32' title="bbox 2057 1763 3627 1835">
     <span class='ocr_line' id='line_1_32' title="bbox 2057 1763 3627 1835; baseline -0.005 -14"><span class='ocrx_word' id='word_1_231' title='bbox 2057 1768 2337 1835; x_wconf 81' lang='lat' dir='ltr'><strong>exsiliunt,</strong></span> <span class='ocrx_word' id='word_1_232' title='bbox 2396 1778 2453 1823; x_wconf 87' lang='lat' dir='ltr'><strong>et.</strong></span> <span class='ocrx_word' id='word_1_233' title='bbox 2510 1767 2860 1835; x_wconf 88' lang='lat' dir='ltr'><strong>tranquillum</strong></span> <span class='ocrx_word' id='word_1_234' title='bbox 2899 1782 3048 1820; x_wconf 89' lang='lat' dir='ltr'><strong>mare</strong></span> <span class='ocrx_word' id='word_1_235' title='bbox 3084 1768 3329 1822; x_wconf 81' lang='lat' dir='ltr'><strong>subridet</strong></span> <span class='ocrx_word' id='word_1_236' title='bbox 3390 1763 3627 1833; x_wconf 89' lang='lat' dir='ltr'><strong>placide,</strong></span> 
     </span>
    </p>
   </div>
   <div class='ocr_carea' id='block_1_33' title="bbox 370 1826 3629 1927">
    <p class='ocr_par' dir='ltr' id='par_1_33' title="bbox 370 1826 3629 1927">
     <span class='ocr_line' id='line_1_33' title="bbox 370 1826 3629 1927; baseline -0.002 -16"><span class='ocrx_word' id='word_1_237' title='bbox 370 1847 638 1910; x_wconf 74' lang='lat' dir='ltr'><strong>ﬁdelibus.</strong></span> <span class='ocrx_word' id='word_1_238' title='bbox 665 1849 756 1917; x_wconf 83' lang='lat' dir='ltr'><strong>qui</strong></span> <span class='ocrx_word' id='word_1_239' title='bbox 783 1857 927 1903; x_wconf 69' lang='grc' dir='ltr'>ΐθυιθ</span> <span class='ocrx_word' id='word_1_240' title='bbox 957 1851 1220 1916; x_wconf 62' lang='lat' dir='ltr'><strong>saluium.</strong></span> <span class='ocrx_word' id='word_1_241' title='bbox 1251 1862 1305 1904; x_wconf 71' lang='grc' dir='ltr'><strong>εἰ</strong></span> <span class='ocrx_word' id='word_1_242' title='bbox 1338 1851 1426 1921; x_wconf 82' lang='lat' dir='ltr'><strong>qui</strong></span> <span class='ocrx_word' id='word_1_243' title='bbox 1474 1868 1601 1906; x_wconf 69' lang='grc' dir='ltr'><strong>νοω</strong></span> <span class='ocrx_word' id='word_1_244' title='bbox 1641 1866 1759 1905; x_wconf 66' lang='lat' dir='ltr'><strong>eam</strong></span> <span class='ocrx_word' id='word_1_245' title='bbox 1813 1868 1947 1905; x_wconf 70' lang='lat' dir='ltr'><strong>Ctm-</strong></span> <span class='ocrx_word' id='word_1_246' title='bbox 1982 1826 2021 1879; x_wconf 73' lang='grc' dir='ltr'><strong><em>Β</em></strong></span> <span class='ocrx_word' id='word_1_247' title='bbox 2052 1873 2353 1927; x_wconf 82' lang='lat' dir='ltr'><strong>omnesque</strong></span> <span class='ocrx_word' id='word_1_248' title='bbox 2389 1858 2880 1923; x_wconf 89' lang='lat' dir='ltr'><strong>summeditantur,</strong></span> <span class='ocrx_word' id='word_1_249' title='bbox 2917 1866 2970 1912; x_wconf 90' lang='lat' dir='ltr'><strong>et</strong></span> <span class='ocrx_word' id='word_1_250' title='bbox 2996 1856 3178 1910; x_wconf 73' lang='lat' dir='ltr'><strong>lmtitia</strong></span> <span class='ocrx_word' id='word_1_251' title='bbox 3202 1842 3530 1918; x_wconf 83' lang='lat' dir='ltr'><strong>aliieiuntur,</strong></span> <span class='ocrx_word' id='word_1_252' title='bbox 3564 1853 3629 1905; x_wconf 90' lang='lat' dir='ltr'><strong>ad</strong></span> 
     </span>
    </p>
   </div>
   <div class='ocr_carea' id='block_1_34' title="bbox 371 1939 1948 2011">
    <p class='ocr_par' dir='ltr' id='par_1_34' title="bbox 371 1939 1948 2011">
     <span class='ocr_line' id='line_1_34' title="bbox 371 1939 1948 2011; baseline 0.001 -18"><span class='ocrx_word' id='word_1_253' title='bbox 371 1939 616 2004; x_wconf 86' lang='lat' dir='ltr'><strong>ﬁtentur,</strong></span> <span class='ocrx_word' id='word_1_254' title='bbox 645 1948 700 1994; x_wconf 89' lang='lat' dir='ltr'><strong>et</strong></span> <span class='ocrx_word' id='word_1_255' title='bbox 724 1942 947 1993; x_wconf 84' lang='lat' dir='ltr'><strong>adorant</strong></span> <span class='ocrx_word' id='word_1_256' title='bbox 980 1955 1163 1994; x_wconf 83' lang='lat' dir='ltr'><strong>veram</strong></span> <span class='ocrx_word' id='word_1_257' title='bbox 1198 1942 1504 2011; x_wconf 86' lang='lat' dir='ltr'><strong>Deiparam,</strong></span> <span class='ocrx_word' id='word_1_258' title='bbox 1530 1953 1586 1995; x_wconf 88' lang='grc' dir='ltr'><strong>ιιι</strong></span> <span class='ocrx_word' id='word_1_259' title='bbox 1623 1957 1741 2011; x_wconf 82' lang='lat' dir='ltr'><strong>quae</strong></span> <span class='ocrx_word' id='word_1_260' title='bbox 1790 1958 1948 2011; x_wconf 73' lang='lat' dir='ltr'><strong>pepe-</strong></span> 
     </span>
    </p>
   </div>
   <div class='ocr_carea' id='block_1_35' title="bbox 370 2029 1950 2103">
    <p class='ocr_par' dir='ltr' id='par_1_35' title="bbox 370 2029 1950 2103">
     <span class='ocr_line' id='line_1_35' title="bbox 370 2029 1950 2103; baseline 0.001 -17"><span class='ocrx_word' id='word_1_261' title='bbox 370 2034 444 2086; x_wconf 87' lang='lat' dir='ltr'><strong>rit</strong></span> <span class='ocrx_word' id='word_1_262' title='bbox 469 2048 631 2100; x_wconf 88' lang='lat' dir='ltr'><strong>super</strong></span> <span class='ocrx_word' id='word_1_263' title='bbox 657 2032 941 2087; x_wconf 86' lang='lat' dir='ltr'><strong>essentiale</strong></span> <span class='ocrx_word' id='word_1_264' title='bbox 967 2029 1205 2086; x_wconf 81' lang='lat' dir='ltr'><strong>Verbum</strong></span> <span class='ocrx_word' id='word_1_265' title='bbox 1255 2033 1347 2088; x_wconf 88' lang='lat' dir='ltr'><strong>Dei</strong></span> <span class='ocrx_word' id='word_1_266' title='bbox 1386 2032 1564 2087; x_wconf 86' lang='lat' dir='ltr'><strong>Patris</strong></span> <span class='ocrx_word' id='word_1_267' title='bbox 1586 2072 1601 2096; x_wconf 89' lang='lat'><strong>,</strong></span> <span class='ocrx_word' id='word_1_268' title='bbox 1634 2033 1724 2101; x_wconf 87' lang='lat' dir='ltr'><strong>qui</strong></span> <span class='ocrx_word' id='word_1_269' title='bbox 1765 2036 1950 2103; x_wconf 84' lang='lat' dir='ltr'><strong>nequit</strong></span> 
     </span>
    </p>
   </div>
   <div class='ocr_carea' id='block_1_36' title="bbox 368 2121 1946 2191">
    <p class='ocr_par' dir='ltr' id='par_1_36' title="bbox 368 2121 1946 2191">
     <span class='ocr_line' id='line_1_36' title="bbox 368 2121 1946 2191; baseline 0.001 -15"><span class='ocrx_word' id='word_1_270' title='bbox 368 2121 780 2189; x_wconf 84' lang='lat' dir='ltr'><strong>comprehendi.</strong></span> <span class='ocrx_word' id='word_1_271' title='bbox 814 2121 876 2177; x_wconf 84' lang='lat' dir='ltr'><strong>Et</strong></span> <span class='ocrx_word' id='word_1_272' title='bbox 912 2123 1004 2191; x_wconf 92' lang='lat' dir='ltr'><strong>qui</strong></span> <span class='ocrx_word' id='word_1_273' title='bbox 1046 2139 1155 2178; x_wconf 88' lang='lat' dir='ltr'><strong>non</strong></span> <span class='ocrx_word' id='word_1_274' title='bbox 1186 2133 1269 2178; x_wconf 89' lang='lat' dir='ltr'><strong>est</strong></span> <span class='ocrx_word' id='word_1_275' title='bbox 1293 2124 1364 2177; x_wconf 89' lang='lat' dir='ltr'><strong>ita</strong></span> <span class='ocrx_word' id='word_1_276' title='bbox 1388 2122 1637 2188; x_wconf 76' lang='lat' dir='ltr'><strong>aﬂ‘cctus,</strong></span> <span class='ocrx_word' id='word_1_277' title='bbox 1661 2132 1715 2178; x_wconf 89' lang='lat' dir='ltr'><strong>ct</strong></span> <span class='ocrx_word' id='word_1_278' title='bbox 1738 2139 1844 2178; x_wconf 91' lang='lat' dir='ltr'><strong>non</strong></span> <span class='ocrx_word' id='word_1_279' title='bbox 1875 2127 1946 2178; x_wconf 90' lang='lat' dir='ltr'><strong>ita</strong></span> 
     </span>
    </p>
   </div>
   <div class='ocr_carea' id='block_1_37' title="bbox 368 2218 1950 2287">
    <p class='ocr_par' dir='ltr' id='par_1_37' title="bbox 368 2218 1950 2287">
     <span class='ocr_line' id='line_1_37' title="bbox 368 2218 1950 2287; baseline -0.003 -12"><span class='ocrx_word' id='word_1_280' title='bbox 368 2219 641 2286; x_wconf 85' lang='lat' dir='ltr'><strong>Opinatur,</strong></span> <span class='ocrx_word' id='word_1_281' title='bbox 665 2229 721 2272; x_wconf 90' lang='lat' dir='ltr'><strong>ut</strong></span> <span class='ocrx_word' id='word_1_282' title='bbox 747 2219 904 2287; x_wconf 91' lang='lat' dir='ltr'><strong>paulo</strong></span> <span class='ocrx_word' id='word_1_283' title='bbox 927 2228 1053 2272; x_wconf 90' lang='lat' dir='ltr'><strong>ante</strong></span> <span class='ocrx_word' id='word_1_284' title='bbox 1076 2218 1419 2285; x_wconf 90' lang='lat' dir='ltr'><strong>scripsimus,</strong></span> <span class='ocrx_word' id='word_1_285' title='bbox 1447 2232 1609 2272; x_wconf 86' lang='lat' dir='ltr'><strong>voces</strong></span> <span class='ocrx_word' id='word_1_286' title='bbox 1638 2226 1950 2272; x_wconf 85' lang='lat' dir='ltr'><strong>mutuantes</strong></span> 
     </span>
    </p>
   </div>
   <div class='ocr_carea' id='block_1_38' title="bbox 368 2310 1488 2382">
    <p class='ocr_par' dir='ltr' id='par_1_38' title="bbox 368 2310 1488 2382">
     <span class='ocr_line' id='line_1_38' title="bbox 368 2310 1488 2382; baseline -0.005 -14"><span class='ocrx_word' id='word_1_287' title='bbox 368 2326 433 2368; x_wconf 82' lang='lat' dir='ltr'><strong>cx</strong></span> <span class='ocrx_word' id='word_1_288' title='bbox 470 2310 706 2382; x_wconf 83' lang='lat' dir='ltr'><strong>paternis</strong></span> <span class='ocrx_word' id='word_1_289' title='bbox 737 2311 1044 2381; x_wconf 68' lang='lat' dir='ltr'><strong>praeceptis,</strong></span> <span class='ocrx_word' id='word_1_290' title='bbox 1070 2311 1144 2365; x_wconf 81' lang='lat' dir='ltr'><strong>sit</strong></span> <span class='ocrx_word' id='word_1_291' title='bbox 1174 2312 1488 2365; x_wconf 86' lang='lat' dir='ltr'><strong>anathema.</strong></span> 
     </span>
    </p>
   </div>
   <div class='ocr_carea' id='block_1_39' title="bbox 439 2401 1948 2472">
    <p class='ocr_par' dir='ltr' id='par_1_39' title="bbox 439 2401 1948 2472">
     <span class='ocr_line' id='line_1_39' title="bbox 439 2401 1948 2472; baseline -0.003 -15"><span class='ocrx_word' id='word_1_292' title='bbox 439 2402 512 2457; x_wconf 79' lang='grc' dir='ltr'><strong>Χ,</strong></span> <span class='ocrx_word' id='word_1_293' title='bbox 553 2401 721 2458; x_wconf 87' lang='lat' dir='ltr'><strong>llodie</strong></span> <span class='ocrx_word' id='word_1_294' title='bbox 780 2402 1028 2456; x_wconf 77' lang='lat' dir='ltr'><strong>laetantur</strong></span> <span class='ocrx_word' id='word_1_295' title='bbox 1090 2403 1306 2472; x_wconf 80' lang='lat' dir='ltr'><strong>angeli,</strong></span> <span class='ocrx_word' id='word_1_296' title='bbox 1369 2403 1605 2472; x_wconf 81' lang='lat' dir='ltr'><strong>gaudent</strong></span> <span class='ocrx_word' id='word_1_297' title='bbox 1652 2402 1948 2467; x_wconf 83' lang='lat' dir='ltr'><strong>Cherubin,</strong></span> 
     </span>
    </p>
   </div>
   <div class='ocr_carea' id='block_1_40' title="bbox 371 2491 1951 2563">
    <p class='ocr_par' dir='ltr' id='par_1_40' title="bbox 371 2491 1951 2563">
     <span class='ocr_line' id='line_1_40' title="bbox 371 2491 1951 2563; baseline 0.001 -19"><span class='ocrx_word' id='word_1_298' title='bbox 371 2491 564 2563; x_wconf 82' lang='lat' dir='ltr'><strong>gaudio</strong></span> <span class='ocrx_word' id='word_1_299' title='bbox 592 2491 896 2547; x_wconf 74' lang='lat' dir='ltr'><strong>adiciuntur</strong></span> <span class='ocrx_word' id='word_1_300' title='bbox 926 2491 1214 2557; x_wconf 84' lang='lat' dir='ltr'><strong>Seraphin,</strong></span> <span class='ocrx_word' id='word_1_301' title='bbox 1235 2492 1438 2546; x_wconf 84' lang='lat' dir='ltr'><strong>Throni</strong></span> <span class='ocrx_word' id='word_1_302' title='bbox 1459 2503 1509 2546; x_wconf 89' lang='lat' dir='ltr'><strong>et</strong></span> <span class='ocrx_word' id='word_1_303' title='bbox 1541 2492 1951 2547; x_wconf 85' lang='lat' dir='ltr'><strong>Domiuationes</strong></span> 
     </span>
    </p>
   </div>
   <div class='ocr_carea' id='block_1_41' title="bbox 370 2580 1947 2651">
    <p class='ocr_par' dir='ltr' id='par_1_41' title="bbox 370 2580 1947 2651">
     <span class='ocr_line' id='line_1_41' title="bbox 370 2580 1947 2651; baseline -0.002 -13"><span class='ocrx_word' id='word_1_304' title='bbox 370 2594 550 2640; x_wconf 82' lang='lat' dir='ltr'><strong>tuente</strong></span> <span class='ocrx_word' id='word_1_305' title='bbox 592 2584 874 2638; x_wconf 88' lang='lat' dir='ltr'><strong>nobiscmn</strong></span> <span class='ocrx_word' id='word_1_306' title='bbox 923 2583 1218 2638; x_wconf 77' lang='lat' dir='ltr'><strong>exsultant.</strong></span> <span class='ocrx_word' id='word_1_307' title='bbox 1262 2580 1582 2647; x_wconf 81' lang='lat' dir='ltr'><strong>Transilias,</strong></span> <span class='ocrx_word' id='word_1_308' title='bbox 1636 2598 1669 2638; x_wconf 88' lang='grc' dir='ltr'><strong>ο</strong></span> <span class='ocrx_word' id='word_1_309' title='bbox 1705 2594 1781 2647; x_wconf 85' lang='grc' dir='ltr'><strong>ιιι,</strong></span> <span class='ocrx_word' id='word_1_310' title='bbox 1816 2598 1947 2651; x_wconf 89' lang='lat' dir='ltr'><strong>pura</strong></span> 
     </span>
    </p>
   </div>
   <div class='ocr_carea' id='block_1_42' title="bbox 369 2674 1951 2743">
    <p class='ocr_par' dir='ltr' id='par_1_42' title="bbox 369 2674 1951 2743">
     <span class='ocr_line' id='line_1_42' title="bbox 369 2674 1951 2743; baseline -0.001 -13"><span class='ocrx_word' id='word_1_311' title='bbox 369 2684 550 2730; x_wconf 86' lang='lat' dir='ltr'><strong>mente</strong></span> <span class='ocrx_word' id='word_1_312' title='bbox 575 2675 775 2730; x_wconf 81' lang='lat' dir='ltr'><strong>aethera</strong></span> <span class='ocrx_word' id='word_1_313' title='bbox 804 2684 857 2729; x_wconf 92' lang='lat' dir='ltr'><strong>et</strong></span> <span class='ocrx_word' id='word_1_314' title='bbox 880 2675 1099 2740; x_wconf 78' lang='lat' dir='ltr'><strong>ctelum,</strong></span> <span class='ocrx_word' id='word_1_315' title='bbox 1118 2676 1257 2742; x_wconf 90' lang='lat' dir='ltr'><strong>quod</strong></span> <span class='ocrx_word' id='word_1_316' title='bbox 1290 2674 1434 2728; x_wconf 90' lang='lat' dir='ltr'><strong>illum</strong></span> <span class='ocrx_word' id='word_1_317' title='bbox 1468 2677 1879 2743; x_wconf 80' lang='lat' dir='ltr'><strong>superat,puris</strong></span> <span class='ocrx_word' id='word_1_318' title='bbox 1897 2684 1951 2728; x_wconf 86' lang='lat' dir='ltr'><strong>et</strong></span> 
     </span>
    </p>
   </div>
   <div class='ocr_carea' id='block_1_43' title="bbox 368 2767 1946 2836">
    <p class='ocr_par' dir='ltr' id='par_1_43' title="bbox 368 2767 1946 2836">
     <span class='ocr_line' id='line_1_43' title="bbox 368 2767 1946 2836; baseline -0.001 -14"><span class='ocrx_word' id='word_1_319' title='bbox 368 2771 534 2823; x_wconf 83' lang='lat' dir='ltr'><strong>castis</strong></span> <span class='ocrx_word' id='word_1_320' title='bbox 564 2769 753 2830; x_wconf 89' lang='lat' dir='ltr'><strong>oculis,</strong></span> <span class='ocrx_word' id='word_1_321' title='bbox 783 2775 836 2821; x_wconf 88' lang='lat' dir='ltr'><strong>et</strong></span> <span class='ocrx_word' id='word_1_322' title='bbox 867 2767 1072 2820; x_wconf 60' lang='lat' dir='ltr'><strong>vidi-bis</strong></span> <span class='ocrx_word' id='word_1_323' title='bbox 1124 2767 1229 2820; x_wconf 87' lang='lat' dir='ltr'><strong>vim</strong></span> <span class='ocrx_word' id='word_1_324' title='bbox 1264 2782 1451 2821; x_wconf 90' lang='lat' dir='ltr'><strong>eorum</strong></span> <span class='ocrx_word' id='word_1_325' title='bbox 1477 2808 1490 2833; x_wconf 91' lang='lat'><strong>,</strong></span> <span class='ocrx_word' id='word_1_326' title='bbox 1519 2783 1641 2836; x_wconf 74' lang='lat' dir='ltr'><strong>qua:</strong></span> <span class='ocrx_word' id='word_1_327' title='bbox 1674 2767 1946 2822; x_wconf 88' lang='lat' dir='ltr'><strong>dicuntur.</strong></span> 
     </span>
    </p>
   </div>
   <div class='ocr_carea' id='block_1_44' title="bbox 368 2854 1949 2924">
    <p class='ocr_par' dir='ltr' id='par_1_44' title="bbox 368 2854 1949 2924">
     <span class='ocr_line' id='line_1_44' title="bbox 368 2854 1949 2924; baseline -0.003 -11"><span class='ocrx_word' id='word_1_328' title='bbox 368 2859 479 2913; x_wconf 84' lang='lat' dir='ltr'><strong>Nec</strong></span> <span class='ocrx_word' id='word_1_329' title='bbox 509 2859 744 2912; x_wconf 89' lang='lat' dir='ltr'><strong>mireris.</strong></span> <span class='ocrx_word' id='word_1_330' title='bbox 784 2856 915 2909; x_wconf 86' lang='lat' dir='ltr'><strong>Nam</strong></span> <span class='ocrx_word' id='word_1_331' title='bbox 966 2858 1008 2910; x_wconf 91' lang='lat' dir='ltr'><strong>si</strong></span> <span class='ocrx_word' id='word_1_332' title='bbox 1045 2854 1226 2910; x_wconf 89' lang='lat' dir='ltr'><strong>studio</strong></span> <span class='ocrx_word' id='word_1_333' title='bbox 1273 2865 1325 2910; x_wconf 90' lang='lat' dir='ltr'><strong>et</strong></span> <span class='ocrx_word' id='word_1_334' title='bbox 1357 2855 1635 2924; x_wconf 80' lang='lat' dir='ltr'><strong>diligentia</strong></span> <span class='ocrx_word' id='word_1_335' title='bbox 1691 2856 1852 2912; x_wconf 89' lang='lat' dir='ltr'><strong>homo</strong></span> <span class='ocrx_word' id='word_1_336' title='bbox 1889 2856 1949 2910; x_wconf 85' lang='lat' dir='ltr'><strong>lit</strong></span> 
     </span>
    </p>
   </div>
   <div class='ocr_carea' id='block_1_45' title="bbox 370 2943 1945 3019">
    <p class='ocr_par' dir='ltr' id='par_1_45' title="bbox 370 2943 1945 3019">
     <span class='ocr_line' id='line_1_45' title="bbox 370 2943 1945 3019; baseline -0.003 -15"><span class='ocrx_word' id='word_1_337' title='bbox 370 2950 538 3015; x_wconf 88' lang='lat' dir='ltr'><strong>Deus,</strong></span> <span class='ocrx_word' id='word_1_338' title='bbox 576 2947 999 3019; x_wconf 84' lang='lat' dir='ltr'><strong>(inquitenim:</strong></span> <span class='ocrx_word' id='word_1_339' title='bbox 1036 2965 1055 2997; x_wconf 76' lang='grc' dir='ltr'><strong>ι</strong></span> <span class='ocrx_word' id='word_1_340' title='bbox 1116 2943 1224 3014; x_wconf 80' lang='lat' dir='ltr'><strong>Ego</strong></span> <span class='ocrx_word' id='word_1_341' title='bbox 1256 2945 1392 3008; x_wconf 78' lang='lat' dir='ltr'><strong>dixi,</strong></span> <span class='ocrx_word' id='word_1_342' title='bbox 1428 2945 1508 2999; x_wconf 89' lang='lat' dir='ltr'><strong>Dii</strong></span> <span class='ocrx_word' id='word_1_343' title='bbox 1561 2946 1713 3009; x_wconf 87' lang='lat' dir='ltr'><strong>estis,</strong></span> <span class='ocrx_word' id='word_1_344' title='bbox 1767 2956 1818 2999; x_wconf 89' lang='lat' dir='ltr'><strong>et</strong></span> <span class='ocrx_word' id='word_1_345' title='bbox 1854 2945 1945 3000; x_wconf 85' lang='lat' dir='ltr'><strong>lilii</strong></span> 
     </span>
    </p>
   </div>
   <div class='ocr_carea' id='block_1_46' title="bbox 370 3038 1943 3109">
    <p class='ocr_par' dir='ltr' id='par_1_46' title="bbox 370 3038 1943 3109">
     <span class='ocr_line' id='line_1_46' title="bbox 370 3038 1943 3109; baseline -0.005 -11"><span class='ocrx_word' id='word_1_346' title='bbox 370 3042 568 3098; x_wconf 68' lang='lat' dir='ltr'><strong>excelsi</strong></span> <span class='ocrx_word' id='word_1_347' title='bbox 592 3039 817 3096; x_wconf 87' lang='lat' dir='ltr'><strong>omncs&#39;</strong></span> <span class='ocrx_word' id='word_1_348' title='bbox 845 3041 891 3107; x_wconf 73' lang='grc' dir='ltr'>ι)</span> <span class='ocrx_word' id='word_1_349' title='bbox 925 3038 1051 3109; x_wconf 88' lang='lat' dir='ltr'><strong>quid</strong></span> <span class='ocrx_word' id='word_1_350' title='bbox 1085 3048 1165 3093; x_wconf 88' lang='lat' dir='ltr'><strong>est</strong></span> <span class='ocrx_word' id='word_1_351' title='bbox 1195 3038 1532 3100; x_wconf 85' lang='lat' dir='ltr'><strong>ineredibile,</strong></span> <span class='ocrx_word' id='word_1_352' title='bbox 1561 3049 1647 3092; x_wconf 89' lang='lat' dir='ltr'><strong>aut</strong></span> <span class='ocrx_word' id='word_1_353' title='bbox 1670 3055 1943 3107; x_wconf 84' lang='lat' dir='ltr'><strong>magnum,</strong></span> 
     </span>
    </p>
   </div>
   <div class='ocr_carea' id='block_1_47' title="bbox 2055 1946 3628 2020">
    <p class='ocr_par' dir='ltr' id='par_1_47' title="bbox 2055 1946 3628 2020">
     <span class='ocr_line' id='line_1_47' title="bbox 2055 1946 3628 2020; baseline -0.004 -17"><span class='ocrx_word' id='word_1_354' title='bbox 2055 1953 2279 2020; x_wconf 75' lang='lat' dir='ltr'><strong>gloriam</strong></span> <span class='ocrx_word' id='word_1_355' title='bbox 2306 1951 2447 2016; x_wconf 85' lang='lat' dir='ltr'><strong>ejus,</strong></span> <span class='ocrx_word' id='word_1_356' title='bbox 2480 1966 2602 2019; x_wconf 75' lang='lat' dir='ltr'><strong>qua:</strong></span> <span class='ocrx_word' id='word_1_357' title='bbox 2636 1960 2720 2003; x_wconf 92' lang='lat' dir='ltr'><strong>est</strong></span> <span class='ocrx_word' id='word_1_358' title='bbox 2750 1963 2971 2019; x_wconf 87' lang='lat' dir='ltr'><strong>semper</strong></span> <span class='ocrx_word' id='word_1_359' title='bbox 3009 1948 3187 2016; x_wconf 84' lang='lat' dir='ltr'><strong>virgo,</strong></span> <span class='ocrx_word' id='word_1_360' title='bbox 3222 1957 3276 2000; x_wconf 92' lang='lat' dir='ltr'><strong>et</strong></span> <span class='ocrx_word' id='word_1_361' title='bbox 3305 1946 3397 2001; x_wconf 88' lang='lat' dir='ltr'><strong>Dei</strong></span> <span class='ocrx_word' id='word_1_362' title='bbox 3433 1952 3628 1998; x_wconf 75' lang='lat' dir='ltr'><strong>uiator.</strong></span> 
     </span>
    </p>
   </div>
   <div class='ocr_carea' id='block_1_48' title="bbox 2055 2038 3633 2111">
    <p class='ocr_par' dir='ltr' id='par_1_48' title="bbox 2055 2038 3633 2111">
     <span class='ocr_line' id='line_1_48' title="bbox 2055 2038 3633 2111; baseline -0.006 -14"><span class='ocrx_word' id='word_1_363' title='bbox 2055 2042 2227 2097; x_wconf 88' lang='lat' dir='ltr'><strong>Ilodie</strong></span> <span class='ocrx_word' id='word_1_364' title='bbox 2256 2057 2391 2096; x_wconf 88' lang='lat' dir='ltr'><strong>zona</strong></span> <span class='ocrx_word' id='word_1_365' title='bbox 2437 2041 2793 2111; x_wconf 78' lang='lat' dir='ltr'><strong>gloriﬁcetur,</strong></span> <span class='ocrx_word' id='word_1_366' title='bbox 2828 2056 2923 2110; x_wconf 89' lang='lat' dir='ltr'><strong>per</strong></span> <span class='ocrx_word' id='word_1_367' title='bbox 2950 2056 3111 2109; x_wconf 88' lang='lat' dir='ltr'><strong>quam</strong></span> <span class='ocrx_word' id='word_1_368' title='bbox 3145 2041 3356 2109; x_wconf 75' lang='lat' dir='ltr'><strong>pulchri</strong></span> <span class='ocrx_word' id='word_1_369' title='bbox 3395 2038 3633 2091; x_wconf 85' lang='lat' dir='ltr'><strong>evadunt</strong></span> 
     </span>
    </p>
   </div>
   <div class='ocr_carea' id='block_1_49' title="bbox 2053 2128 3629 2199">
    <p class='ocr_par' dir='ltr' id='par_1_49' title="bbox 2053 2128 3629 2199">
     <span class='ocr_line' id='line_1_49' title="bbox 2053 2128 3629 2199; baseline -0.005 -12"><span class='ocrx_word' id='word_1_370' title='bbox 2053 2133 2225 2193; x_wconf 85' lang='lat' dir='ltr'><strong>ﬂuvii.</strong></span> <span class='ocrx_word' id='word_1_371' title='bbox 2262 2142 2317 2186; x_wconf 89' lang='lat' dir='ltr'><strong>et</strong></span> <span class='ocrx_word' id='word_1_372' title='bbox 2349 2131 2449 2187; x_wconf 89' lang='lat' dir='ltr'><strong>soli</strong></span> <span class='ocrx_word' id='word_1_373' title='bbox 2501 2130 2800 2198; x_wconf 86' lang='lat' dir='ltr'><strong>subjeclam</strong></span> <span class='ocrx_word' id='word_1_374' title='bbox 2835 2140 3037 2186; x_wconf 90' lang='lat' dir='ltr'><strong>terram</strong></span> <span class='ocrx_word' id='word_1_375' title='bbox 3085 2135 3285 2199; x_wconf 79' lang='lat' dir='ltr'><strong>rigant,</strong></span> <span class='ocrx_word' id='word_1_376' title='bbox 3311 2141 3365 2183; x_wconf 92' lang='lat' dir='ltr'><strong>et</strong></span> <span class='ocrx_word' id='word_1_377' title='bbox 3396 2128 3629 2182; x_wconf 80' lang='lat' dir='ltr'><strong>fertilem</strong></span> 
     </span>
    </p>
   </div>
   <div class='ocr_carea' id='block_1_50' title="bbox 2053 2218 3627 2293">
    <p class='ocr_par' dir='ltr' id='par_1_50' title="bbox 2053 2218 3627 2293">
     <span class='ocr_line' id='line_1_50' title="bbox 2053 2218 3627 2293; baseline -0.006 -14"><span class='ocrx_word' id='word_1_378' title='bbox 2053 2226 2293 2279; x_wconf 84' lang='lat' dir='ltr'><strong>eiliciunt</strong></span> <span class='ocrx_word' id='word_1_379' title='bbox 2326 2241 2342 2278; x_wconf 71' lang='grc' dir='ltr'>ε</span> <span class='ocrx_word' id='word_1_380' title='bbox 2386 2236 2441 2279; x_wconf 92' lang='lat' dir='ltr'><strong>et</strong></span> <span class='ocrx_word' id='word_1_381' title='bbox 2503 2223 2674 2293; x_wconf 84' lang='lat' dir='ltr'><strong>gloria</strong></span> <span class='ocrx_word' id='word_1_382' title='bbox 2711 2224 2782 2277; x_wconf 90' lang='lat' dir='ltr'><strong>sit</strong></span> <span class='ocrx_word' id='word_1_383' title='bbox 2808 2224 2882 2288; x_wconf 91' lang='lat' dir='ltr'><strong>ei,</strong></span> <span class='ocrx_word' id='word_1_384' title='bbox 2916 2224 3007 2290; x_wconf 86' lang='lat' dir='ltr'><strong>qui</strong></span> <span class='ocrx_word' id='word_1_385' title='bbox 3042 2238 3135 2277; x_wconf 87' lang='lat' dir='ltr'><strong>eos</strong></span> <span class='ocrx_word' id='word_1_386' title='bbox 3163 2222 3303 2292; x_wconf 84' lang='lat' dir='ltr'><strong>regit</strong></span> <span class='ocrx_word' id='word_1_387' title='bbox 3335 2230 3390 2274; x_wconf 92' lang='lat' dir='ltr'><strong>et</strong></span> <span class='ocrx_word' id='word_1_388' title='bbox 3442 2234 3538 2272; x_wconf 89' lang='lat' dir='ltr'><strong>nos</strong></span> <span class='ocrx_word' id='word_1_389' title='bbox 3575 2218 3627 2270; x_wconf 89' lang='lat' dir='ltr'><strong>in</strong></span> 
     </span>
    </p>
   </div>
   <div class='ocr_carea' id='block_1_51' title="bbox 2053 2305 3628 2381">
    <p class='ocr_par' dir='ltr' id='par_1_51' title="bbox 2053 2305 3628 2381">
     <span class='ocr_line' id='line_1_51' title="bbox 2053 2305 3628 2381; baseline -0.007 -11"><span class='ocrx_word' id='word_1_390' title='bbox 2053 2308 2303 2370; x_wconf 85' lang='lat' dir='ltr'><strong>omnibus</strong></span> <span class='ocrx_word' id='word_1_391' title='bbox 2329 2315 2588 2379; x_wconf 69' lang='lat' dir='ltr'><strong>ltetiftcat,</strong></span> <span class='ocrx_word' id='word_1_392' title='bbox 2614 2316 2912 2381; x_wconf 88' lang='lat' dir='ltr'><strong>etcopiose</strong></span> <span class='ocrx_word' id='word_1_393' title='bbox 2939 2313 3055 2367; x_wconf 88' lang='lat' dir='ltr'><strong>alit.</strong></span> <span class='ocrx_word' id='word_1_394' title='bbox 3078 2305 3247 2367; x_wconf 86' lang='lat' dir='ltr'><strong>llodie</strong></span> <span class='ocrx_word' id='word_1_395' title='bbox 3273 2320 3628 2379; x_wconf 85' lang='lat' dir='ltr'><strong>proponatur,</strong></span> 
     </span>
    </p>
   </div>
   <div class='ocr_carea' id='block_1_52' title="bbox 2055 2402 3630 2472">
    <p class='ocr_par' dir='ltr' id='par_1_52' title="bbox 2055 2402 3630 2472">
     <span class='ocr_line' id='line_1_52' title="bbox 2055 2402 3630 2472; baseline -0.005 -11"><span class='ocrx_word' id='word_1_396' title='bbox 2055 2409 2351 2461; x_wconf 89' lang='lat' dir='ltr'><strong>hunorctur</strong></span> <span class='ocrx_word' id='word_1_397' title='bbox 2403 2414 2459 2459; x_wconf 92' lang='lat' dir='ltr'><strong>et</strong></span> <span class='ocrx_word' id='word_1_398' title='bbox 2511 2405 2770 2460; x_wconf 86' lang='lat' dir='ltr'><strong>adoretur</strong></span> <span class='ocrx_word' id='word_1_399' title='bbox 2813 2420 2975 2469; x_wconf 85' lang='lat' dir='ltr'><strong>zona,</strong></span> <span class='ocrx_word' id='word_1_400' title='bbox 3021 2420 3138 2472; x_wconf 61' lang='lat' dir='ltr'><strong>(tua:</strong></span> <span class='ocrx_word' id='word_1_401' title='bbox 3193 2405 3370 2456; x_wconf 80' lang='lat' dir='ltr'><strong>divina</strong></span> <span class='ocrx_word' id='word_1_402' title='bbox 3430 2402 3630 2455; x_wconf 82' lang='lat' dir='ltr'><strong>virtute</strong></span> 
     </span>
    </p>
   </div>
   <div class='ocr_carea' id='block_1_53' title="bbox 2052 2490 3629 2566">
    <p class='ocr_par' dir='ltr' id='par_1_53' title="bbox 2052 2490 3629 2566">
     <span class='ocr_line' id='line_1_53' title="bbox 2052 2490 3629 2566; baseline -0.007 -14"><span class='ocrx_word' id='word_1_403' title='bbox 2052 2500 2222 2553; x_wconf 75' lang='lat' dir='ltr'><strong>caelos</strong></span> <span class='ocrx_word' id='word_1_404' title='bbox 2251 2504 2493 2566; x_wconf 87' lang='lat' dir='ltr'><strong>superat,</strong></span> <span class='ocrx_word' id='word_1_405' title='bbox 2528 2503 2576 2550; x_wconf 89' lang='lat' dir='ltr'><strong>et</strong></span> <span class='ocrx_word' id='word_1_406' title='bbox 2618 2494 2933 2564; x_wconf 88' lang='lat' dir='ltr'><strong>resplendet</strong></span> <span class='ocrx_word' id='word_1_407' title='bbox 2970 2495 3256 2563; x_wconf 73' lang='lat' dir='ltr'><strong>plusquam</strong></span> <span class='ocrx_word' id='word_1_408' title='bbox 3314 2492 3445 2546; x_wconf 81' lang='lat' dir='ltr'><strong>radii</strong></span> <span class='ocrx_word' id='word_1_409' title='bbox 3484 2490 3629 2546; x_wconf 76' lang='lat' dir='ltr'><strong>sola-</strong></span> 
     </span>
    </p>
   </div>
   <div class='ocr_carea' id='block_1_54' title="bbox 2054 2585 3624 2656">
    <p class='ocr_par' dir='ltr' id='par_1_54' title="bbox 2054 2585 3624 2656">
     <span class='ocr_line' id='line_1_54' title="bbox 2054 2585 3624 2656; baseline -0.009 -11"><span class='ocrx_word' id='word_1_410' title='bbox 2054 2606 2163 2654; x_wconf 85' lang='lat' dir='ltr'><strong>rcs,</strong></span> <span class='ocrx_word' id='word_1_411' title='bbox 2196 2599 2492 2656; x_wconf 86' lang='lat' dir='ltr'><strong>manetque</strong></span> <span class='ocrx_word' id='word_1_412' title='bbox 2526 2587 2739 2656; x_wconf 83' lang='lat' dir='ltr'><strong>integra</strong></span> <span class='ocrx_word' id='word_1_413' title='bbox 2762 2595 2815 2640; x_wconf 92' lang='lat' dir='ltr'><strong>et</strong></span> <span class='ocrx_word' id='word_1_414' title='bbox 2840 2587 3042 2639; x_wconf 89' lang='lat' dir='ltr'><strong>intacta</strong></span> <span class='ocrx_word' id='word_1_415' title='bbox 3078 2585 3435 2655; x_wconf 88' lang='lat' dir='ltr'><strong>plurimorum</strong></span> <span class='ocrx_word' id='word_1_416' title='bbox 3465 2597 3624 2634; x_wconf 82' lang='lat' dir='ltr'><strong>autm-</strong></span> 
     </span>
    </p>
   </div>
   <div class='ocr_carea' id='block_1_55' title="bbox 2055 2674 3628 2746">
    <p class='ocr_par' dir='ltr' id='par_1_55' title="bbox 2055 2674 3628 2746">
     <span class='ocr_line' id='line_1_55' title="bbox 2055 2674 3628 2746; baseline -0.008 -12"><span class='ocrx_word' id='word_1_417' title='bbox 2055 2696 2170 2734; x_wconf 88' lang='lat' dir='ltr'><strong>rum</strong></span> <span class='ocrx_word' id='word_1_418' title='bbox 2196 2674 2509 2743; x_wconf 83' lang='lat' dir='ltr'><strong>curriculis,</strong></span> <span class='ocrx_word' id='word_1_419' title='bbox 2561 2677 3039 2746; x_wconf 77' lang='lat' dir='ltr'><strong>noningentorum,</strong></span> <span class='ocrx_word' id='word_1_420' title='bbox 3082 2680 3323 2745; x_wconf 88' lang='lat' dir='ltr'><strong>inquam,</strong></span> <span class='ocrx_word' id='word_1_421' title='bbox 3366 2684 3461 2728; x_wconf 89' lang='lat' dir='ltr'><strong>aut</strong></span> <span class='ocrx_word' id='word_1_422' title='bbox 3509 2687 3628 2724; x_wconf 91' lang='lat' dir='ltr'><strong>am-</strong></span> 
     </span>
    </p>
   </div>
   <div class='ocr_carea' id='block_1_56' title="bbox 2054 2769 2211 2838">
    <p class='ocr_par' dir='ltr' id='par_1_56' title="bbox 2054 2769 2211 2838">
     <span class='ocr_line' id='line_1_56' title="bbox 2054 2769 2211 2838; baseline 0.013 -19"><span class='ocrx_word' id='word_1_423' title='bbox 2054 2769 2211 2838; x_wconf 81' lang='lat' dir='ltr'><strong>plius.</strong></span> 
     </span>
    </p>
   </div>
   <div class='ocr_carea' id='block_1_57' title="bbox 2125 2853 3629 2923">
    <p class='ocr_par' dir='ltr' id='par_1_57' title="bbox 2125 2853 3629 2923">
     <span class='ocr_line' id='line_1_57' title="bbox 2125 2853 3629 2923; baseline -0.007 -12"><span class='ocrx_word' id='word_1_424' title='bbox 2125 2854 2265 2912; x_wconf 79' lang='lat' dir='ltr'><strong>XIV.</strong></span> <span class='ocrx_word' id='word_1_425' title='bbox 2303 2856 2347 2910; x_wconf 90' lang='grc' dir='ltr'><strong>Ο</strong></span> <span class='ocrx_word' id='word_1_426' title='bbox 2409 2854 2503 2907; x_wconf 91' lang='lat' dir='ltr'><strong>Dei</strong></span> <span class='ocrx_word' id='word_1_427' title='bbox 2583 2854 2862 2923; x_wconf 88' lang='lat' dir='ltr'><strong>mysteria,</strong></span> <span class='ocrx_word' id='word_1_428' title='bbox 2929 2869 3046 2921; x_wconf 53' lang='lat' dir='ltr'><strong>rure</strong></span> <span class='ocrx_word' id='word_1_429' title='bbox 3104 2853 3487 2923; x_wconf 87' lang='lat' dir='ltr'><strong>comprehendi</strong></span> <span class='ocrx_word' id='word_1_430' title='bbox 3538 2868 3629 2906; x_wconf 64' lang='lat' dir='ltr'><strong>ne.</strong></span> 
     </span>
    </p>
   </div>
   <div class='ocr_carea' id='block_1_58' title="bbox 2053 2945 3613 3020">
    <p class='ocr_par' dir='ltr' id='par_1_58' title="bbox 2053 2945 3613 3020">
     <span class='ocr_line' id='line_1_58' title="bbox 2053 2945 3613 3020; baseline -0.006 -14"><span class='ocrx_word' id='word_1_431' title='bbox 2053 2964 2259 3020; x_wconf 86' lang='lat' dir='ltr'><strong>queunt</strong></span> <span class='ocrx_word' id='word_1_432' title='bbox 2288 2971 2300 3006; x_wconf 82' lang='lat'><strong>:</strong></span> <span class='ocrx_word' id='word_1_433' title='bbox 2329 2967 2360 3003; x_wconf 89' lang='grc' dir='ltr'>ο</span> <span class='ocrx_word' id='word_1_434' title='bbox 2389 2950 2527 3004; x_wconf 83' lang='lat' dir='ltr'><strong>dona</strong></span> <span class='ocrx_word' id='word_1_435' title='bbox 2561 2947 2699 3017; x_wconf 84' lang='lat' dir='ltr'><strong>ejus,</strong></span> <span class='ocrx_word' id='word_1_436' title='bbox 2730 2962 2848 3016; x_wconf 69' lang='lat' dir='ltr'><strong>quae</strong></span> <span class='ocrx_word' id='word_1_437' title='bbox 2881 2962 2985 3000; x_wconf 90' lang='lat' dir='ltr'><strong>non</strong></span> <span class='ocrx_word' id='word_1_438' title='bbox 3016 2955 3239 3017; x_wconf 82' lang='lat' dir='ltr'><strong>possunt</strong></span> <span class='ocrx_word' id='word_1_439' title='bbox 3263 2946 3573 3016; x_wconf 84' lang='lat' dir='ltr'><strong>investigari</strong></span> <span class='ocrx_word' id='word_1_440' title='bbox 3601 2945 3613 2996; x_wconf 89' lang='lat' dir='ltr'><strong>l</strong></span> 
     </span>
    </p>
   </div>
   <div class='ocr_carea' id='block_1_59' title="bbox 2053 3038 3626 3112">
    <p class='ocr_par' dir='ltr' id='par_1_59' title="bbox 2053 3038 3626 3112">
     <span class='ocr_line' id='line_1_59' title="bbox 2053 3038 3626 3112; baseline -0.004 -16"><span class='ocrx_word' id='word_1_441' title='bbox 2053 3042 2216 3112; x_wconf 72' lang='lat' dir='ltr'><strong>Papa:</strong></span> <span class='ocrx_word' id='word_1_442' title='bbox 2250 3053 2420 3107; x_wconf 90' lang='lat' dir='ltr'><strong>tuatn,</strong></span> <span class='ocrx_word' id='word_1_443' title='bbox 2459 3056 2489 3093; x_wconf 92' lang='lat'><strong>0</strong></span> <span class='ocrx_word' id='word_1_444' title='bbox 2532 3039 2875 3104; x_wconf 61' lang='lat' dir='ltr'><strong>intemerata,</strong></span> <span class='ocrx_word' id='word_1_445' title='bbox 2923 3039 3259 3105; x_wconf 86' lang='lat' dir='ltr'><strong>potentiam!</strong></span> <span class='ocrx_word' id='word_1_446' title='bbox 3298 3038 3450 3105; x_wconf 79' lang='lat' dir='ltr'><strong>Papae</strong></span> <span class='ocrx_word' id='word_1_447' title='bbox 3482 3047 3626 3090; x_wconf 83' lang='lat' dir='ltr'><strong>tuam</strong></span> 
     </span>
    </p>
   </div>
   <div class='ocr_carea' id='block_1_60' title="bbox 368 3126 3624 3213">
    <p class='ocr_par' dir='ltr' id='par_1_60' title="bbox 368 3126 3624 3213">
     <span class='ocr_line' id='line_1_60' title="bbox 368 3126 3624 3213; baseline -0.002 -28"><span class='ocrx_word' id='word_1_448' title='bbox 368 3134 512 3202; x_wconf 87' lang='lat' dir='ltr'><strong>quod</strong></span> <span class='ocrx_word' id='word_1_449' title='bbox 538 3133 658 3200; x_wconf 82' lang='lat' dir='ltr'><strong>quis</strong></span> <span class='ocrx_word' id='word_1_450' title='bbox 686 3140 933 3187; x_wconf 84' lang='lat' dir='ltr'><strong>versatus</strong></span> <span class='ocrx_word' id='word_1_451' title='bbox 955 3146 1075 3185; x_wconf 88' lang='lat' dir='ltr'><strong>cum</strong></span> <span class='ocrx_word' id='word_1_452' title='bbox 1102 3130 1328 3200; x_wconf 85' lang='lat' dir='ltr'><strong>angelis,</strong></span> <span class='ocrx_word' id='word_1_453' title='bbox 1350 3147 1467 3198; x_wconf 70' lang='lat' dir='ltr'><strong>q&#39;tte</strong></span> <span class='ocrx_word' id='word_1_454' title='bbox 1500 3131 1608 3184; x_wconf 88' lang='lat' dir='ltr'><strong>illic</strong></span> <span class='ocrx_word' id='word_1_455' title='bbox 1635 3139 1761 3184; x_wconf 82' lang='lat' dir='ltr'><strong>sunt</strong></span> <span class='ocrx_word' id='word_1_456' title='bbox 1784 3131 1946 3197; x_wconf 78' lang='lat' dir='ltr'><strong>bona,</strong></span> <span class='ocrx_word' id='word_1_457' title='bbox 1980 3155 2022 3213; x_wconf 71' lang='grc' dir='ltr'><strong>ρ</strong></span> <span class='ocrx_word' id='word_1_458' title='bbox 2057 3134 2121 3187; x_wconf 86' lang='lat' dir='ltr'><strong>ad</strong></span> <span class='ocrx_word' id='word_1_459' title='bbox 2150 3131 2343 3185; x_wconf 81' lang='lat' dir='ltr'><strong>Filium</strong></span> <span class='ocrx_word' id='word_1_460' title='bbox 2378 3134 2533 3185; x_wconf 86' lang='lat' dir='ltr'><strong>tonui</strong></span> <span class='ocrx_word' id='word_1_461' title='bbox 2568 3131 2772 3195; x_wconf 68' lang='lat' dir='ltr'><strong>absque</strong></span> <span class='ocrx_word' id='word_1_462' title='bbox 2804 3127 2912 3182; x_wconf 87' lang='lat' dir='ltr'><strong>ullo</strong></span> <span class='ocrx_word' id='word_1_463' title='bbox 2944 3129 3308 3183; x_wconf 73' lang='lat' dir='ltr'><strong>intercessore</strong></span> <span class='ocrx_word' id='word_1_464' title='bbox 3342 3126 3624 3181; x_wconf 78' lang='lat' dir='ltr'><strong>ﬁduciam!</strong></span> 
     </span>
    </p>
   </div>
   <div class='ocr_carea' id='block_1_61' title="bbox 368 3225 1951 3294">
    <p class='ocr_par' dir='ltr' id='par_1_61' title="bbox 368 3225 1951 3294">
     <span class='ocr_line' id='line_1_61' title="bbox 368 3225 1951 3294; baseline -0.002 -15"><span class='ocrx_word' id='word_1_465' title='bbox 368 3226 547 3279; x_wconf 81' lang='lat' dir='ltr'><strong>videat</strong></span> <span class='ocrx_word' id='word_1_466' title='bbox 577 3225 952 3294; x_wconf 76' lang='lat' dir='ltr'><strong>intelligentia,</strong></span> <span class='ocrx_word' id='word_1_467' title='bbox 983 3233 1037 3279; x_wconf 89' lang='lat' dir='ltr'><strong>et</strong></span> <span class='ocrx_word' id='word_1_468' title='bbox 1066 3225 1118 3278; x_wconf 88' lang='lat' dir='ltr'><strong>in</strong></span> <span class='ocrx_word' id='word_1_469' title='bbox 1167 3225 1231 3279; x_wconf 85' lang='lat' dir='ltr'><strong>iis</strong></span> <span class='ocrx_word' id='word_1_470' title='bbox 1262 3240 1322 3280; x_wconf 86' lang='lat' dir='ltr'><strong>se</strong></span> <span class='ocrx_word' id='word_1_471' title='bbox 1355 3225 1578 3279; x_wconf 78' lang='lat' dir='ltr'><strong>munitio</strong></span> <span class='ocrx_word' id='word_1_472' title='bbox 1612 3227 1864 3277; x_wconf 78' lang='lat' dir='ltr'><strong>extendat</strong></span> <span class='ocrx_word' id='word_1_473' title='bbox 1895 3233 1951 3276; x_wconf 89' lang='lat' dir='ltr'><strong>et</strong></span> 
     </span>
    </p>
   </div>
   <div class='ocr_carea' id='block_1_62' title="bbox 370 3318 1949 3388">
    <p class='ocr_par' dir='ltr' id='par_1_62' title="bbox 370 3318 1949 3388">
     <span class='ocr_line' id='line_1_62' title="bbox 370 3318 1949 3388; baseline -0.004 -13"><span class='ocrx_word' id='word_1_474' title='bbox 370 3318 645 3375; x_wconf 72' lang='lat' dir='ltr'><strong>oblectet?</strong></span> <span class='ocrx_word' id='word_1_475' title='bbox 675 3318 901 3373; x_wconf 87' lang='lat' dir='ltr'><strong>Abunde</strong></span> <span class='ocrx_word' id='word_1_476' title='bbox 935 3320 1077 3370; x_wconf 76' lang='lat' dir='ltr'><strong>enim</strong></span> <span class='ocrx_word' id='word_1_477' title='bbox 1110 3319 1286 3372; x_wconf 68' lang='lat' dir='ltr'><strong>divina</strong></span> <span class='ocrx_word' id='word_1_478' title='bbox 1339 3319 1511 3388; x_wconf 78' lang='lat' dir='ltr'><strong>gratia</strong></span> <span class='ocrx_word' id='word_1_479' title='bbox 1565 3319 1949 3387; x_wconf 69' lang='lat' dir='ltr'><strong>benignitatem</strong></span> 
     </span>
    </p>
   </div>
   <div class='ocr_carea' id='block_1_63' title="bbox 372 3409 1949 3479">
    <p class='ocr_par' dir='ltr' id='par_1_63' title="bbox 372 3409 1949 3479">
     <span class='ocr_line' id='line_1_63' title="bbox 372 3409 1949 3479; baseline -0.004 -10"><span class='ocrx_word' id='word_1_480' title='bbox 372 3428 525 3469; x_wconf 84' lang='lat' dir='ltr'><strong>suam</strong></span> <span class='ocrx_word' id='word_1_481' title='bbox 558 3412 758 3479; x_wconf 77' lang='lat' dir='ltr'><strong>iugiter</strong></span> <span class='ocrx_word' id='word_1_482' title='bbox 784 3409 1003 3465; x_wconf 78' lang='lat' dir='ltr'><strong>cfl‘undit</strong></span> <span class='ocrx_word' id='word_1_483' title='bbox 1038 3412 1125 3472; x_wconf 88' lang='lat' dir='ltr'><strong>iis,</strong></span> <span class='ocrx_word' id='word_1_484' title='bbox 1173 3412 1262 3479; x_wconf 91' lang='lat' dir='ltr'><strong>qui</strong></span> <span class='ocrx_word' id='word_1_485' title='bbox 1299 3425 1431 3479; x_wconf 88' lang='lat' dir='ltr'><strong>pure</strong></span> <span class='ocrx_word' id='word_1_486' title='bbox 1480 3411 1666 3463; x_wconf 82' lang='lat' dir='ltr'><strong>vivunt</strong></span> <span class='ocrx_word' id='word_1_487' title='bbox 1696 3422 1751 3464; x_wconf 91' lang='lat' dir='ltr'><strong>et</strong></span> <span class='ocrx_word' id='word_1_488' title='bbox 1781 3426 1949 3464; x_wconf 88' lang='lat' dir='ltr'><strong>evan-</strong></span> 
     </span>
    </p>
   </div>
   <div class='ocr_carea' id='block_1_64' title="bbox 371 3502 1952 3575">
    <p class='ocr_par' dir='ltr' id='par_1_64' title="bbox 371 3502 1952 3575">
     <span class='ocr_line' id='line_1_64' title="bbox 371 3502 1952 3575; baseline -0.001 -16"><span class='ocrx_word' id='word_1_489' title='bbox 371 3506 564 3574; x_wconf 73' lang='lat' dir='ltr'><strong>gelice.</strong></span> <span class='ocrx_word' id='word_1_490' title='bbox 600 3503 712 3575; x_wconf 85' lang='lat' dir='ltr'><strong>Ego</strong></span> <span class='ocrx_word' id='word_1_491' title='bbox 741 3506 885 3558; x_wconf 90' lang='lat' dir='ltr'><strong>enim</strong></span> <span class='ocrx_word' id='word_1_492' title='bbox 920 3504 1129 3574; x_wconf 73' lang='lat' dir='ltr'><strong>(inquit</strong></span> <span class='ocrx_word' id='word_1_493' title='bbox 1174 3519 1325 3559; x_wconf 90' lang='lat' dir='ltr'><strong>meus</strong></span> <span class='ocrx_word' id='word_1_494' title='bbox 1355 3502 1548 3566; x_wconf 86' lang='lat' dir='ltr'><strong>Jesus)</strong></span> <span class='ocrx_word' id='word_1_495' title='bbox 1585 3514 1640 3555; x_wconf 89' lang='lat' dir='ltr'><strong>et</strong></span> <span class='ocrx_word' id='word_1_496' title='bbox 1668 3504 1833 3557; x_wconf 87' lang='lat' dir='ltr'><strong>Pater</strong></span> <span class='ocrx_word' id='word_1_497' title='bbox 1859 3518 1952 3557; x_wconf 88' lang='lat' dir='ltr'><strong>ve-</strong></span> 
     </span>
    </p>
   </div>
   <div class='ocr_carea' id='block_1_65' title="bbox 372 3594 1952 3667">
    <p class='ocr_par' dir='ltr' id='par_1_65' title="bbox 372 3594 1952 3667">
     <span class='ocr_line' id='line_1_65' title="bbox 372 3594 1952 3667; baseline -0.001 -15"><span class='ocrx_word' id='word_1_498' title='bbox 372 3600 600 3662; x_wconf 85' lang='lat' dir='ltr'><strong>niemus,</strong></span> <span class='ocrx_word' id='word_1_499' title='bbox 647 3607 702 3652; x_wconf 85' lang='lat' dir='ltr'><strong>et</strong></span> <span class='ocrx_word' id='word_1_500' title='bbox 755 3598 1089 3652; x_wconf 84' lang='lat' dir='ltr'><strong>mansionem</strong></span> <span class='ocrx_word' id='word_1_501' title='bbox 1137 3598 1277 3667; x_wconf 90' lang='lat' dir='ltr'><strong>apud</strong></span> <span class='ocrx_word' id='word_1_502' title='bbox 1304 3612 1427 3650; x_wconf 87' lang='lat' dir='ltr'><strong>eum</strong></span> <span class='ocrx_word' id='word_1_503' title='bbox 1485 3594 1768 3649; x_wconf 83' lang='lat' dir='ltr'><strong>faciemus.</strong></span> <span class='ocrx_word' id='word_1_504' title='bbox 1820 3594 1952 3650; x_wconf 75' lang='lat' dir='ltr'><strong>Vide</strong></span> 
     </span>
    </p>
   </div>
   <div class='ocr_carea' id='block_1_66' title="bbox 372 3686 1950 3760">
    <p class='ocr_par' dir='ltr' id='par_1_66' title="bbox 372 3686 1950 3760">
     <span class='ocr_line' id='line_1_66' title="bbox 372 3686 1950 3760; baseline -0.003 -15"><span class='ocrx_word' id='word_1_505' title='bbox 372 3704 525 3760; x_wconf 86' lang='lat' dir='ltr'><strong>ergo,</strong></span> <span class='ocrx_word' id='word_1_506' title='bbox 556 3690 678 3744; x_wconf 91' lang='lat' dir='ltr'><strong>vide</strong></span> <span class='ocrx_word' id='word_1_507' title='bbox 731 3689 1185 3756; x_wconf 88' lang='lat' dir='ltr'><strong>quemadmodum</strong></span> <span class='ocrx_word' id='word_1_508' title='bbox 1220 3688 1545 3743; x_wconf 89' lang='lat' dir='ltr'><strong>inhabitatio</strong></span> <span class='ocrx_word' id='word_1_509' title='bbox 1580 3686 1862 3741; x_wconf 84' lang='lat' dir='ltr'><strong>Trinitatis</strong></span> <span class='ocrx_word' id='word_1_510' title='bbox 1896 3686 1950 3740; x_wconf 93' lang='lat' dir='ltr'><strong>in</strong></span> 
     </span>
    </p>
   </div>
   <div class='ocr_carea' id='block_1_67' title="bbox 375 3775 1952 3850">
    <p class='ocr_par' dir='ltr' id='par_1_67' title="bbox 375 3775 1952 3850">
     <span class='ocr_line' id='line_1_67' title="bbox 375 3775 1952 3850; baseline -0.004 -15"><span class='ocrx_word' id='word_1_511' title='bbox 375 3780 684 3836; x_wconf 84' lang='lat' dir='ltr'><strong>hominibus</strong></span> <span class='ocrx_word' id='word_1_512' title='bbox 742 3780 914 3850; x_wconf 77' lang='lat' dir='ltr'><strong>major</strong></span> <span class='ocrx_word' id='word_1_513' title='bbox 970 3779 1082 3844; x_wconf 82' lang='lat' dir='ltr'><strong>ﬂat,</strong></span> <span class='ocrx_word' id='word_1_514' title='bbox 1146 3794 1308 3849; x_wconf 88' lang='lat' dir='ltr'><strong>quam</strong></span> <span class='ocrx_word' id='word_1_515' title='bbox 1369 3777 1719 3846; x_wconf 85' lang='lat' dir='ltr'><strong>contemplari</strong></span> <span class='ocrx_word' id='word_1_516' title='bbox 1773 3775 1952 3845; x_wconf 86' lang='lat' dir='ltr'><strong>possi-</strong></span> 
     </span>
    </p>
   </div>
   <div class='ocr_carea' id='block_1_68' title="bbox 371 3887 507 3927">
    <p class='ocr_par' dir='ltr' id='par_1_68' title="bbox 371 3887 507 3927">
     <span class='ocr_line' id='line_1_68' title="bbox 371 3887 507 3927; baseline -0.007 -2"><span class='ocrx_word' id='word_1_517' title='bbox 371 3887 507 3927; x_wconf 77' lang='grc' dir='ltr'>Ιιιιις.</span> 
     </span>
    </p>
   </div>
   <div class='ocr_carea' id='block_1_69' title="bbox 441 3960 1950 4030">
    <p class='ocr_par' dir='ltr' id='par_1_69' title="bbox 441 3960 1950 4030">
     <span class='ocr_line' id='line_1_69' title="bbox 441 3960 1950 4030; baseline -0.005 -13"><span class='ocrx_word' id='word_1_518' title='bbox 441 3963 532 4017; x_wconf 85' lang='grc' dir='ltr'><strong>ΧΙ.</strong></span> <span class='ocrx_word' id='word_1_519' title='bbox 567 3961 737 4016; x_wconf 79' lang='lat' dir='ltr'><strong>Hodie</strong></span> <span class='ocrx_word' id='word_1_520' title='bbox 763 3975 892 4030; x_wconf 84' lang='lat' dir='ltr'><strong>ergo</strong></span> <span class='ocrx_word' id='word_1_521' title='bbox 921 3976 950 4013; x_wconf 89' lang='lat' dir='ltr'><strong>a</strong></span> <span class='ocrx_word' id='word_1_522' title='bbox 978 3960 1133 4014; x_wconf 83' lang='lat' dir='ltr'><strong>nobis</strong></span> <span class='ocrx_word' id='word_1_523' title='bbox 1187 3974 1400 4028; x_wconf 87' lang='lat' dir='ltr'><strong>quoque</strong></span> <span class='ocrx_word' id='word_1_524' title='bbox 1448 3960 1744 4013; x_wconf 89' lang='lat' dir='ltr'><strong>bonoretur</strong></span> <span class='ocrx_word' id='word_1_525' title='bbox 1792 3972 1950 4022; x_wconf 84' lang='lat' dir='ltr'><strong>zona,</strong></span> 
     </span>
    </p>
   </div>
   <div class='ocr_carea' id='block_1_70' title="bbox 372 4048 1953 4127">
    <p class='ocr_par' dir='ltr' id='par_1_70' title="bbox 372 4048 1953 4127">
     <span class='ocr_line' id='line_1_70' title="bbox 372 4048 1953 4127; baseline -0.003 -19"><span class='ocrx_word' id='word_1_526' title='bbox 372 4072 492 4127; x_wconf 69' lang='lat' dir='ltr'><strong>quae</strong></span> <span class='ocrx_word' id='word_1_527' title='bbox 520 4065 600 4109; x_wconf 85' lang='lat' dir='ltr'><strong>est</strong></span> <span class='ocrx_word' id='word_1_528' title='bbox 626 4054 848 4107; x_wconf 90' lang='lat' dir='ltr'><strong>omnino</strong></span> <span class='ocrx_word' id='word_1_529' title='bbox 876 4066 904 4104; x_wconf 91' lang='lat' dir='ltr'><strong>a</strong></span> <span class='ocrx_word' id='word_1_530' title='bbox 937 4050 1046 4104; x_wconf 91' lang='lat' dir='ltr'><strong>Deo</strong></span> <span class='ocrx_word' id='word_1_531' title='bbox 1090 4051 1324 4103; x_wconf 80' lang='lat' dir='ltr'><strong>maxime</strong></span> <span class='ocrx_word' id='word_1_532' title='bbox 1356 4048 1715 4116; x_wconf 85' lang='lat' dir='ltr'><strong>illustrata,et</strong></span> <span class='ocrx_word' id='word_1_533' title='bbox 1742 4065 1953 4104; x_wconf 87' lang='lat' dir='ltr'><strong>summe</strong></span> 
     </span>
    </p>
   </div>
   <div class='ocr_carea' id='block_1_71' title="bbox 372 4139 1954 4210">
    <p class='ocr_par' dir='ltr' id='par_1_71' title="bbox 372 4139 1954 4210">
     <span class='ocr_line' id='line_1_71' title="bbox 372 4139 1954 4210; baseline -0.004 -9"><span class='ocrx_word' id='word_1_534' title='bbox 372 4143 803 4210; x_wconf 84' lang='lat' dir='ltr'><strong>admirabilis,et</strong></span> <span class='ocrx_word' id='word_1_535' title='bbox 854 4141 1011 4196; x_wconf 83' lang='lat' dir='ltr'><strong>valde</strong></span> <span class='ocrx_word' id='word_1_536' title='bbox 1053 4142 1378 4196; x_wconf 86' lang='lat' dir='ltr'><strong>veneranda.</strong></span> <span class='ocrx_word' id='word_1_537' title='bbox 1434 4139 1601 4196; x_wconf 91' lang='lat' dir='ltr'><strong>llodie</strong></span> <span class='ocrx_word' id='word_1_538' title='bbox 1657 4142 1954 4196; x_wconf 87' lang='lat' dir='ltr'><strong>bonoretur</strong></span> 
     </span>
    </p>
   </div>
   <div class='ocr_carea' id='block_1_72' title="bbox 373 4230 1952 4305">
    <p class='ocr_par' dir='ltr' id='par_1_72' title="bbox 373 4230 1952 4305">
     <span class='ocr_line' id='line_1_72' title="bbox 373 4230 1952 4305; baseline -0.002 -14"><span class='ocrx_word' id='word_1_539' title='bbox 373 4252 532 4301; x_wconf 84' lang='lat' dir='ltr'><strong>zona,</strong></span> <span class='ocrx_word' id='word_1_540' title='bbox 567 4250 672 4305; x_wconf 90' lang='lat' dir='ltr'><strong>qua</strong></span> <span class='ocrx_word' id='word_1_541' title='bbox 733 4233 1005 4288; x_wconf 76' lang='lat' dir='ltr'><strong>succincta</strong></span> <span class='ocrx_word' id='word_1_542' title='bbox 1043 4230 1144 4287; x_wconf 89' lang='lat' dir='ltr'><strong>fuit</strong></span> <span class='ocrx_word' id='word_1_543' title='bbox 1192 4232 1566 4304; x_wconf 57' lang='lat' dir='ltr'><strong>laudatissmia</strong></span> <span class='ocrx_word' id='word_1_544' title='bbox 1617 4232 1866 4302; x_wconf 86' lang='lat' dir='ltr'><strong>Deipara,</strong></span> <span class='ocrx_word' id='word_1_545' title='bbox 1899 4243 1952 4289; x_wconf 88' lang='lat' dir='ltr'><strong>et</strong></span> 
     </span>
    </p>
   </div>
   <div class='ocr_carea' id='block_1_73' title="bbox 372 4324 1953 4393">
    <p class='ocr_par' dir='ltr' id='par_1_73' title="bbox 372 4324 1953 4393">
     <span class='ocr_line' id='line_1_73' title="bbox 372 4324 1953 4393; baseline -0.001 -10"><span class='ocrx_word' id='word_1_546' title='bbox 372 4326 926 4384; x_wconf 78' lang='lat' dir='ltr'><strong>fraudulentissiumm</strong></span> <span class='ocrx_word' id='word_1_547' title='bbox 981 4326 1268 4379; x_wconf 89' lang='lat' dir='ltr'><strong>draconem</strong></span> <span class='ocrx_word' id='word_1_548' title='bbox 1320 4339 1540 4392; x_wconf 89' lang='lat' dir='ltr'><strong>peream</strong></span> <span class='ocrx_word' id='word_1_549' title='bbox 1570 4324 1953 4393; x_wconf 70' lang='lat' dir='ltr'><strong>srrﬂocavit,et</strong></span> 
     </span>
    </p>
   </div>
   <div class='ocr_carea' id='block_1_74' title="bbox 373 4416 1951 4488">
    <p class='ocr_par' dir='ltr' id='par_1_74' title="bbox 373 4416 1951 4488">
     <span class='ocr_line' id='line_1_74' title="bbox 373 4416 1951 4488; baseline -0.001 -13"><span class='ocrx_word' id='word_1_550' title='bbox 373 4419 541 4475; x_wconf 77' lang='lat' dir='ltr'><strong>nostri</strong></span> <span class='ocrx_word' id='word_1_551' title='bbox 569 4418 780 4488; x_wconf 81' lang='lat' dir='ltr'><strong>generis</strong></span> <span class='ocrx_word' id='word_1_552' title='bbox 804 4426 1053 4470; x_wconf 86' lang='lat' dir='ltr'><strong>auctores</strong></span> <span class='ocrx_word' id='word_1_553' title='bbox 1078 4433 1104 4467; x_wconf 91' lang='lat' dir='ltr'><strong>a</strong></span> <span class='ocrx_word' id='word_1_554' title='bbox 1133 4416 1278 4485; x_wconf 83' lang='lat' dir='ltr'><strong>gravi</strong></span> <span class='ocrx_word' id='word_1_555' title='bbox 1304 4417 1575 4470; x_wconf 81' lang='lat' dir='ltr'><strong>revocavit</strong></span> <span class='ocrx_word' id='word_1_556' title='bbox 1605 4419 1815 4473; x_wconf 80' lang='lat' dir='ltr'><strong>exsilio.</strong></span> <span class='ocrx_word' id='word_1_557' title='bbox 1845 4418 1951 4474; x_wconf 85' lang='lat' dir='ltr'><strong>Ho-</strong></span> 
     </span>
    </p>
   </div>
   <div class='ocr_carea' id='block_1_75' title="bbox 2060 3217 3628 3292">
    <p class='ocr_par' dir='ltr' id='par_1_75' title="bbox 2060 3217 3628 3292">
     <span class='ocr_line' id='line_1_75' title="bbox 2060 3217 3628 3292; baseline -0.004 -16"><span class='ocrx_word' id='word_1_558' title='bbox 2060 3222 2128 3277; x_wconf 89' lang='lat' dir='ltr'><strong>Et</strong></span> <span class='ocrx_word' id='word_1_559' title='bbox 2160 3222 2306 3292; x_wconf 88' lang='lat' dir='ltr'><strong>quis,</strong></span> <span class='ocrx_word' id='word_1_560' title='bbox 2365 3239 2395 3275; x_wconf 94' lang='lat' dir='ltr'><strong>o</strong></span> <span class='ocrx_word' id='word_1_561' title='bbox 2447 3220 2699 3287; x_wconf 87' lang='lat' dir='ltr'><strong>Domina,</strong></span> <span class='ocrx_word' id='word_1_562' title='bbox 2745 3219 2982 3290; x_wconf 87' lang='lat' dir='ltr'><strong>potuerit</strong></span> <span class='ocrx_word' id='word_1_563' title='bbox 3036 3221 3168 3273; x_wconf 88' lang='lat' dir='ltr'><strong>satis</strong></span> <span class='ocrx_word' id='word_1_564' title='bbox 3217 3218 3302 3273; x_wconf 86' lang='lat' dir='ltr'><strong>vel</strong></span> <span class='ocrx_word' id='word_1_565' title='bbox 3355 3217 3533 3287; x_wconf 86' lang='lat' dir='ltr'><strong>aliqua</strong></span> <span class='ocrx_word' id='word_1_566' title='bbox 3562 3232 3628 3270; x_wconf 77' lang='lat' dir='ltr'><strong>ex</strong></span> 
     </span>
    </p>
   </div>
   <div class='ocr_carea' id='block_1_76' title="bbox 2056 3313 3631 3391">
    <p class='ocr_par' dir='ltr' id='par_1_76' title="bbox 2056 3313 3631 3391">
     <span class='ocr_line' id='line_1_76' title="bbox 2056 3313 3631 3391; baseline -0.007 -17"><span class='ocrx_word' id='word_1_567' title='bbox 2056 3328 2211 3391; x_wconf 84' lang='lat' dir='ltr'><strong>parte</strong></span> <span class='ocrx_word' id='word_1_568' title='bbox 2251 3315 2473 3371; x_wconf 81' lang='lat' dir='ltr'><strong>laudare</strong></span> <span class='ocrx_word' id='word_1_569' title='bbox 2528 3316 2670 3371; x_wconf 87' lang='lat' dir='ltr'><strong>banc</strong></span> <span class='ocrx_word' id='word_1_570' title='bbox 2716 3313 3070 3384; x_wconf 69' lang='lat' dir='ltr'><strong>pt&#39;arclaram,</strong></span> <span class='ocrx_word' id='word_1_571' title='bbox 3118 3322 3171 3366; x_wconf 87' lang='lat' dir='ltr'><strong>et</strong></span> <span class='ocrx_word' id='word_1_572' title='bbox 3233 3329 3361 3367; x_wconf 83' lang='lat' dir='ltr'><strong>vere</strong></span> <span class='ocrx_word' id='word_1_573' title='bbox 3414 3325 3631 3379; x_wconf 86' lang='lat' dir='ltr'><strong>setnper</strong></span> 
     </span>
    </p>
   </div>
   <div class='ocr_carea' id='block_1_77' title="bbox 2058 3402 3626 3475">
    <p class='ocr_par' dir='ltr' id='par_1_77' title="bbox 2058 3402 3626 3475">
     <span class='ocr_line' id='line_1_77' title="bbox 2058 3402 3626 3475; baseline -0.005 -10"><span class='ocrx_word' id='word_1_574' title='bbox 2058 3411 2338 3465; x_wconf 86' lang='lat' dir='ltr'><strong>colendam</strong></span> <span class='ocrx_word' id='word_1_575' title='bbox 2366 3408 2738 3463; x_wconf 84' lang='lat' dir='ltr'><strong>celebritatem</strong></span> <span class='ocrx_word' id='word_1_576' title='bbox 2769 3406 2791 3459; x_wconf 87' lang='lat'><strong>?</strong></span> <span class='ocrx_word' id='word_1_577' title='bbox 2824 3406 2887 3461; x_wconf 86' lang='lat' dir='ltr'><strong>Et</strong></span> <span class='ocrx_word' id='word_1_578' title='bbox 2913 3402 3149 3475; x_wconf 69' lang='lat' dir='ltr'><strong>praebete</strong></span> <span class='ocrx_word' id='word_1_579' title='bbox 3174 3406 3391 3474; x_wconf 88' lang='lat' dir='ltr'><strong>quidem</strong></span> <span class='ocrx_word' id='word_1_580' title='bbox 3423 3419 3581 3458; x_wconf 87' lang='lat' dir='ltr'><strong>aures</strong></span> <span class='ocrx_word' id='word_1_581' title='bbox 3614 3421 3626 3457; x_wconf 90' lang='lat'><strong>:</strong></span> 
     </span>
    </p>
   </div>
   <div class='ocr_carea' id='block_1_78' title="bbox 2056 3495 3626 3565">
    <p class='ocr_par' dir='ltr' id='par_1_78' title="bbox 2056 3495 3626 3565">
     <span class='ocr_line' id='line_1_78' title="bbox 2056 3495 3626 3565; baseline -0.008 -6"><span class='ocrx_word' id='word_1_582' title='bbox 2056 3521 2174 3559; x_wconf 87' lang='lat' dir='ltr'><strong>sum</strong></span> <span class='ocrx_word' id='word_1_583' title='bbox 2200 3502 2342 3556; x_wconf 89' lang='lat' dir='ltr'><strong>enim</strong></span> <span class='ocrx_word' id='word_1_584' title='bbox 2386 3498 2726 3555; x_wconf 83' lang='lat' dir='ltr'><strong>admirabilia</strong></span> <span class='ocrx_word' id='word_1_585' title='bbox 2756 3498 3030 3553; x_wconf 88' lang='lat' dir='ltr'><strong>dicturus.</strong></span> <span class='ocrx_word' id='word_1_586' title='bbox 3082 3495 3240 3557; x_wconf 85' lang='lat' dir='ltr'><strong>Nam.</strong></span> <span class='ocrx_word' id='word_1_587' title='bbox 3279 3507 3336 3549; x_wconf 91' lang='grc' dir='ltr'><strong>ιιι</strong></span> <span class='ocrx_word' id='word_1_588' title='bbox 3365 3496 3626 3565; x_wconf 88' lang='lat' dir='ltr'><strong>scriptum</strong></span> 
     </span>
    </p>
   </div>
   <div class='ocr_carea' id='block_1_79' title="bbox 2059 3587 3631 3659">
    <p class='ocr_par' dir='ltr' id='par_1_79' title="bbox 2059 3587 3631 3659">
     <span class='ocr_line' id='line_1_79' title="bbox 2059 3587 3631 3659; baseline -0.006 -10"><span class='ocrx_word' id='word_1_589' title='bbox 2059 3596 2388 3659; x_wconf 85' lang='lat' dir='ltr'><strong>invenimus,</strong></span> <span class='ocrx_word' id='word_1_590' title='bbox 2442 3592 2497 3646; x_wconf 86' lang='lat' dir='ltr'><strong>in</strong></span> <span class='ocrx_word' id='word_1_591' title='bbox 2544 3590 2867 3645; x_wconf 89' lang='lat' dir='ltr'><strong>admiranda</strong></span> <span class='ocrx_word' id='word_1_592' title='bbox 2901 3599 2955 3643; x_wconf 91' lang='lat' dir='ltr'><strong>et</strong></span> <span class='ocrx_word' id='word_1_593' title='bbox 2983 3604 3198 3658; x_wconf 86' lang='lat' dir='ltr'><strong>semper</strong></span> <span class='ocrx_word' id='word_1_594' title='bbox 3255 3587 3631 3655; x_wconf 78' lang='lat' dir='ltr'><strong>resplendente</strong></span> 
     </span>
    </p>
   </div>
   <div class='ocr_carea' id='block_1_80' title="bbox 2056 3679 3627 3754">
    <p class='ocr_par' dir='ltr' id='par_1_80' title="bbox 2056 3679 3627 3754">
     <span class='ocr_line' id='line_1_80' title="bbox 2056 3679 3627 3754; baseline -0.007 -14"><span class='ocrx_word' id='word_1_595' title='bbox 2056 3703 2206 3749; x_wconf 88' lang='lat' dir='ltr'><strong>arca,</strong></span> <span class='ocrx_word' id='word_1_596' title='bbox 2241 3686 2296 3739; x_wconf 92' lang='lat' dir='ltr'><strong>in</strong></span> <span class='ocrx_word' id='word_1_597' title='bbox 2333 3701 2436 3754; x_wconf 88' lang='lat' dir='ltr'><strong>qua</strong></span> <span class='ocrx_word' id='word_1_598' title='bbox 2470 3695 2553 3737; x_wconf 90' lang='lat' dir='ltr'><strong>est</strong></span> <span class='ocrx_word' id='word_1_599' title='bbox 2594 3684 2834 3753; x_wconf 89' lang='lat' dir='ltr'><strong>pretiosa</strong></span> <span class='ocrx_word' id='word_1_600' title='bbox 2890 3684 3003 3736; x_wconf 64' lang='lat' dir='ltr'><strong>hare</strong></span> <span class='ocrx_word' id='word_1_601' title='bbox 3059 3694 3193 3734; x_wconf 83' lang='lat' dir='ltr'><strong>zona</strong></span> <span class='ocrx_word' id='word_1_602' title='bbox 3255 3679 3555 3742; x_wconf 82' lang='lat' dir='ltr'><strong>recondita,</strong></span> <span class='ocrx_word' id='word_1_603' title='bbox 3599 3693 3627 3729; x_wconf 86' lang='lat' dir='ltr'><strong>a</strong></span> 
     </span>
    </p>
   </div>
   <div class='ocr_carea' id='block_1_81' title="bbox 2059 3768 3631 3847">
    <p class='ocr_par' dir='ltr' id='par_1_81' title="bbox 2059 3768 3631 3847">
     <span class='ocr_line' id='line_1_81' title="bbox 2059 3768 3631 3847; baseline -0.008 -13"><span class='ocrx_word' id='word_1_604' title='bbox 2059 3790 2303 3847; x_wconf 82' lang='lat' dir='ltr'><strong>tempore</strong></span> <span class='ocrx_word' id='word_1_605' title='bbox 2332 3775 2615 3841; x_wconf 83' lang='lat' dir='ltr'><strong>Arcbadii,</strong></span> <span class='ocrx_word' id='word_1_606' title='bbox 2657 3775 2747 3844; x_wconf 86' lang='lat' dir='ltr'><strong>qui</strong></span> <span class='ocrx_word' id='word_1_607' title='bbox 2781 3774 2908 3829; x_wconf 87' lang='lat' dir='ltr'><strong>olim</strong></span> <span class='ocrx_word' id='word_1_608' title='bbox 2947 3772 3233 3842; x_wconf 82' lang='lat' dir='ltr'><strong>imperavit</strong></span> <span class='ocrx_word' id='word_1_609' title='bbox 3268 3768 3321 3823; x_wconf 88' lang='lat' dir='ltr'><strong>in</strong></span> <span class='ocrx_word' id='word_1_610' title='bbox 3351 3769 3454 3823; x_wconf 81' lang='lat' dir='ltr'><strong>fide</strong></span> <span class='ocrx_word' id='word_1_611' title='bbox 3484 3778 3631 3822; x_wconf 87' lang='lat' dir='ltr'><strong>recte</strong></span> 
     </span>
    </p>
   </div>
   <div class='ocr_carea' id='block_1_82' title="bbox 2057 3859 3629 3936">
    <p class='ocr_par' dir='ltr' id='par_1_82' title="bbox 2057 3859 3629 3936">
     <span class='ocr_line' id='line_1_82' title="bbox 2057 3859 3629 3936; baseline -0.009 -11"><span class='ocrx_word' id='word_1_612' title='bbox 2057 3871 2321 3934; x_wconf 87' lang='lat' dir='ltr'><strong>sentiens,</strong></span> <span class='ocrx_word' id='word_1_613' title='bbox 2343 3868 2546 3936; x_wconf 82' lang='lat' dir='ltr'><strong>quique</strong></span> <span class='ocrx_word' id='word_1_614' title='bbox 2586 3866 2685 3920; x_wconf 86' lang='lat' dir='ltr'><strong>fuit</strong></span> <span class='ocrx_word' id='word_1_615' title='bbox 2722 3865 2862 3919; x_wconf 80' lang='lat' dir='ltr'><strong>filius</strong></span> <span class='ocrx_word' id='word_1_616' title='bbox 2899 3864 3078 3932; x_wconf 87' lang='lat' dir='ltr'><strong>magni</strong></span> <span class='ocrx_word' id='word_1_617' title='bbox 3106 3863 3270 3922; x_wconf 89' lang='lat' dir='ltr'><strong>illius.</strong></span> <span class='ocrx_word' id='word_1_618' title='bbox 3302 3871 3355 3916; x_wconf 89' lang='lat' dir='ltr'><strong>et</strong></span> <span class='ocrx_word' id='word_1_619' title='bbox 3387 3860 3478 3928; x_wconf 88' lang='lat' dir='ltr'><strong>qui</strong></span> <span class='ocrx_word' id='word_1_620' title='bbox 3519 3859 3629 3912; x_wconf 82' lang='lat' dir='ltr'><strong>vir-</strong></span> 
     </span>
    </p>
   </div>
   <div class='ocr_carea' id='block_1_83' title="bbox 2058 3951 3628 4024">
    <p class='ocr_par' dir='ltr' id='par_1_83' title="bbox 2058 3951 3628 4024">
     <span class='ocr_line' id='line_1_83' title="bbox 2058 3951 3628 4024; baseline -0.008 -9"><span class='ocrx_word' id='word_1_621' title='bbox 2058 3962 2264 4015; x_wconf 87' lang='lat' dir='ltr'><strong>tutibus</strong></span> <span class='ocrx_word' id='word_1_622' title='bbox 2322 3957 2560 4021; x_wconf 82' lang='lat' dir='ltr'><strong>refulsit,</strong></span> <span class='ocrx_word' id='word_1_623' title='bbox 2592 3956 2912 4022; x_wconf 81' lang='lat' dir='ltr'><strong>Theodosii,</strong></span> <span class='ocrx_word' id='word_1_624' title='bbox 2947 3957 3037 4010; x_wconf 89' lang='lat' dir='ltr'><strong>hic</strong></span> <span class='ocrx_word' id='word_1_625' title='bbox 3070 3953 3169 4008; x_wconf 90' lang='lat' dir='ltr'><strong>fuit</strong></span> <span class='ocrx_word' id='word_1_626' title='bbox 3200 3954 3435 4024; x_wconf 78' lang='lat' dir='ltr'><strong>repOsita</strong></span> <span class='ocrx_word' id='word_1_627' title='bbox 3468 3951 3628 4004; x_wconf 85' lang='lat' dir='ltr'><strong>trice-</strong></span> 
     </span>
    </p>
   </div>
   <div class='ocr_carea' id='block_1_84' title="bbox 2057 4044 3629 4120">
    <p class='ocr_par' dir='ltr' id='par_1_84' title="bbox 2057 4044 3629 4120">
     <span class='ocr_line' id='line_1_84' title="bbox 2057 4044 3629 4120; baseline -0.008 -13"><span class='ocrx_word' id='word_1_628' title='bbox 2057 4052 2196 4107; x_wconf 87' lang='lat' dir='ltr'><strong>simo</strong></span> <span class='ocrx_word' id='word_1_629' title='bbox 2225 4050 2401 4120; x_wconf 91' lang='lat' dir='ltr'><strong>primo</strong></span> <span class='ocrx_word' id='word_1_630' title='bbox 2448 4048 2624 4101; x_wconf 90' lang='lat' dir='ltr'><strong>ultimi</strong></span> <span class='ocrx_word' id='word_1_631' title='bbox 2655 4046 2817 4113; x_wconf 79' lang='lat' dir='ltr'><strong>huius</strong></span> <span class='ocrx_word' id='word_1_632' title='bbox 2876 4046 3101 4107; x_wconf 88' lang='lat' dir='ltr'><strong>mensis,</strong></span> <span class='ocrx_word' id='word_1_633' title='bbox 3151 4046 3411 4114; x_wconf 89' lang='lat' dir='ltr'><strong>salvaque</strong></span> <span class='ocrx_word' id='word_1_634' title='bbox 3464 4044 3629 4098; x_wconf 72' lang='lat' dir='ltr'><strong>illmsa</strong></span> 
     </span>
    </p>
   </div>
   <div class='ocr_carea' id='block_1_85' title="bbox 2058 4134 3633 4214">
    <p class='ocr_par' dir='ltr' id='par_1_85' title="bbox 2058 4134 3633 4214">
     <span class='ocr_line' id='line_1_85' title="bbox 2058 4134 3633 4214; baseline -0.008 -16"><span class='ocrx_word' id='word_1_635' title='bbox 2058 4142 2360 4214; x_wconf 90' lang='lat' dir='ltr'><strong>impolluta,</strong></span> <span class='ocrx_word' id='word_1_636' title='bbox 2396 4150 2457 4195; x_wconf 91' lang='lat' dir='ltr'><strong>ut</strong></span> <span class='ocrx_word' id='word_1_637' title='bbox 2500 4140 2726 4207; x_wconf 85' lang='lat' dir='ltr'><strong>videtis,</strong></span> <span class='ocrx_word' id='word_1_638' title='bbox 2760 4139 3058 4209; x_wconf 85' lang='lat' dir='ltr'><strong>permansit</strong></span> <span class='ocrx_word' id='word_1_639' title='bbox 3092 4146 3265 4207; x_wconf 87' lang='lat' dir='ltr'><strong>usque</strong></span> <span class='ocrx_word' id='word_1_640' title='bbox 3297 4136 3353 4189; x_wconf 92' lang='lat' dir='ltr'><strong>in</strong></span> <span class='ocrx_word' id='word_1_641' title='bbox 3412 4134 3633 4189; x_wconf 83' lang='lat' dir='ltr'><strong>hodier-</strong></span> 
     </span>
    </p>
   </div>
   <div class='ocr_carea' id='block_1_86' title="bbox 2059 4224 3631 4299">
    <p class='ocr_par' dir='ltr' id='par_1_86' title="bbox 2059 4224 3631 4299">
     <span class='ocr_line' id='line_1_86' title="bbox 2059 4224 3631 4299; baseline -0.009 -8"><span class='ocrx_word' id='word_1_642' title='bbox 2059 4252 2185 4291; x_wconf 86' lang='lat' dir='ltr'><strong>num</strong></span> <span class='ocrx_word' id='word_1_643' title='bbox 2214 4234 2379 4299; x_wconf 90' lang='lat' dir='ltr'><strong>diem,</strong></span> <span class='ocrx_word' id='word_1_644' title='bbox 2420 4231 2567 4286; x_wconf 88' lang='lat' dir='ltr'><strong>nullo</strong></span> <span class='ocrx_word' id='word_1_645' title='bbox 2607 4231 2769 4284; x_wconf 85' lang='lat' dir='ltr'><strong>modo</strong></span> <span class='ocrx_word' id='word_1_646' title='bbox 2828 4228 3052 4293; x_wconf 68' lang='lat' dir='ltr'><strong>famula,</strong></span> <span class='ocrx_word' id='word_1_647' title='bbox 3093 4238 3184 4283; x_wconf 86' lang='lat' dir='ltr'><strong>aut</strong></span> <span class='ocrx_word' id='word_1_648' title='bbox 3224 4224 3506 4287; x_wconf 78' lang='lat' dir='ltr'><strong>offuscata,</strong></span> <span class='ocrx_word' id='word_1_649' title='bbox 3537 4233 3631 4277; x_wconf 85' lang='lat' dir='ltr'><strong>aut</strong></span> 
     </span>
    </p>
   </div>
   <div class='ocr_carea' id='block_1_87' title="bbox 2055 4314 3631 4397">
    <p class='ocr_par' dir='ltr' id='par_1_87' title="bbox 2055 4314 3631 4397">
     <span class='ocr_line' id='line_1_87' title="bbox 2055 4314 3631 4397; baseline -0.01 -14"><span class='ocrx_word' id='word_1_650' title='bbox 2055 4327 2173 4397; x_wconf 82' lang='lat' dir='ltr'><strong>ejus</strong></span> <span class='ocrx_word' id='word_1_651' title='bbox 2221 4326 2402 4381; x_wconf 93' lang='lat' dir='ltr'><strong>colore</strong></span> <span class='ocrx_word' id='word_1_652' title='bbox 2456 4324 2566 4377; x_wconf 85' lang='lat' dir='ltr'><strong>ullo</strong></span> <span class='ocrx_word' id='word_1_653' title='bbox 2636 4322 2794 4377; x_wconf 89' lang='lat' dir='ltr'><strong>modo</strong></span> <span class='ocrx_word' id='word_1_654' title='bbox 2853 4329 3083 4386; x_wconf 89' lang='lat' dir='ltr'><strong>mutato,</strong></span> <span class='ocrx_word' id='word_1_655' title='bbox 3112 4318 3205 4373; x_wconf 90' lang='lat' dir='ltr'><strong>sed</strong></span> <span class='ocrx_word' id='word_1_656' title='bbox 3269 4314 3631 4387; x_wconf 66' lang='lat' dir='ltr'><strong>resplendcns</strong></span> 
     </span>
    </p>
   </div>
   <div class='ocr_carea' id='block_1_88' title="bbox 2058 4406 3629 4491">
    <p class='ocr_par' dir='ltr' id='par_1_88' title="bbox 2058 4406 3629 4491">
     <span class='ocr_line' id='line_1_88' title="bbox 2058 4406 3629 4491; baseline -0.011 -16"><span class='ocrx_word' id='word_1_657' title='bbox 2058 4436 2221 4491; x_wconf 86' lang='lat' dir='ltr'><strong>supra</strong></span> <span class='ocrx_word' id='word_1_658' title='bbox 2274 4419 2477 4483; x_wconf 84' lang='lat' dir='ltr'><strong>nivem,</strong></span> <span class='ocrx_word' id='word_1_659' title='bbox 2530 4426 2585 4470; x_wconf 88' lang='lat' dir='ltr'><strong>et</strong></span> <span class='ocrx_word' id='word_1_660' title='bbox 2614 4426 2871 4484; x_wconf 89' lang='lat' dir='ltr'><strong>tanquam</strong></span> <span class='ocrx_word' id='word_1_661' title='bbox 2905 4411 3062 4468; x_wconf 89' lang='lat' dir='ltr'><strong>modo</strong></span> <span class='ocrx_word' id='word_1_662' title='bbox 3096 4427 3162 4465; x_wconf 78' lang='lat' dir='ltr'><strong>ex</strong></span> <span class='ocrx_word' id='word_1_663' title='bbox 3218 4412 3441 4465; x_wconf 86' lang='lat' dir='ltr'><strong>coccino</strong></span> <span class='ocrx_word' id='word_1_664' title='bbox 3481 4406 3629 4460; x_wconf 81' lang='lat' dir='ltr'><strong>labo—</strong></span> 
     </span>
    </p>
   </div>
   <div class='ocr_carea' id='block_1_89' title="bbox 372 4497 3630 4577">
    <p class='ocr_par' dir='ltr' id='par_1_89' title="bbox 372 4497 3630 4577">
     <span class='ocr_line' id='line_1_89' title="bbox 372 4497 3630 4577; baseline -0.005 -11"><span class='ocrx_word' id='word_1_665' title='bbox 372 4511 463 4566; x_wconf 89' lang='lat' dir='ltr'><strong>die</strong></span> <span class='ocrx_word' id='word_1_666' title='bbox 498 4510 791 4564; x_wconf 87' lang='lat' dir='ltr'><strong>houoretnr</strong></span> <span class='ocrx_word' id='word_1_667' title='bbox 817 4523 952 4560; x_wconf 85' lang='lat' dir='ltr'><strong>zona</strong></span> <span class='ocrx_word' id='word_1_668' title='bbox 983 4520 1144 4573; x_wconf 84' lang='lat' dir='ltr'><strong>quam</strong></span> <span class='ocrx_word' id='word_1_669' title='bbox 1172 4507 1349 4576; x_wconf 87' lang='lat' dir='ltr'><strong>ipsum</strong></span> <span class='ocrx_word' id='word_1_670' title='bbox 1375 4522 1587 4577; x_wconf 90' lang='lat' dir='ltr'><strong>quoque</strong></span> <span class='ocrx_word' id='word_1_671' title='bbox 1612 4508 1943 4577; x_wconf 80' lang='lat' dir='ltr'><strong>unigenitum</strong></span> <span class='ocrx_word' id='word_1_672' title='bbox 1981 4509 2023 4564; x_wconf 89' lang='lat' dir='ltr'><strong>D</strong></span> <span class='ocrx_word' id='word_1_673' title='bbox 2059 4521 2198 4573; x_wconf 87' lang='lat' dir='ltr'><strong>rata,</strong></span> <span class='ocrx_word' id='word_1_674' title='bbox 2234 4510 2313 4563; x_wconf 88' lang='lat' dir='ltr'><strong>sic</strong></span> <span class='ocrx_word' id='word_1_675' title='bbox 2350 4518 2435 4561; x_wconf 88' lang='lat' dir='ltr'><strong>est</strong></span> <span class='ocrx_word' id='word_1_676' title='bbox 2470 4506 2768 4577; x_wconf 87' lang='lat' dir='ltr'><strong>proposita,</strong></span> <span class='ocrx_word' id='word_1_677' title='bbox 2804 4506 3005 4558; x_wconf 89' lang='lat' dir='ltr'><strong>virtute</strong></span> <span class='ocrx_word' id='word_1_678' title='bbox 3056 4504 3229 4557; x_wconf 89' lang='lat' dir='ltr'><strong>sancti</strong></span> <span class='ocrx_word' id='word_1_679' title='bbox 3257 4510 3312 4556; x_wconf 91' lang='lat' dir='ltr'><strong>et</strong></span> <span class='ocrx_word' id='word_1_680' title='bbox 3347 4497 3547 4553; x_wconf 80' lang='lat' dir='ltr'><strong>viviﬁci</strong></span> <span class='ocrx_word' id='word_1_681' title='bbox 3574 4504 3630 4551; x_wconf 84' lang='lat' dir='ltr'><strong>et</strong></span> 
     </span>
    </p>
   </div>
   <div class='ocr_carea' id='block_1_90' title="bbox 373 4594 1938 4663">
    <p class='ocr_par' dir='ltr' id='par_1_90' title="bbox 373 4594 1938 4663">
     <span class='ocr_line' id='line_1_90' title="bbox 373 4594 1938 4663; baseline -0.004 -10"><span class='ocrx_word' id='word_1_682' title='bbox 373 4599 466 4653; x_wconf 85' lang='lat' dir='ltr'><strong>Dei</strong></span> <span class='ocrx_word' id='word_1_683' title='bbox 520 4596 758 4652; x_wconf 74' lang='lat' dir='ltr'><strong>Verbum</strong></span> <span class='ocrx_word' id='word_1_684' title='bbox 814 4594 1160 4650; x_wconf 70' lang='lat' dir='ltr'><strong>ineffabiliter</strong></span> <span class='ocrx_word' id='word_1_685' title='bbox 1202 4610 1268 4649; x_wconf 82' lang='lat' dir='ltr'><strong>ex</strong></span> <span class='ocrx_word' id='word_1_686' title='bbox 1331 4595 1444 4663; x_wconf 85' lang='lat' dir='ltr'><strong>ipsa</strong></span> <span class='ocrx_word' id='word_1_687' title='bbox 1497 4610 1665 4649; x_wconf 87' lang='lat' dir='ltr'><strong>carne</strong></span> <span class='ocrx_word' id='word_1_688' title='bbox 1707 4605 1938 4660; x_wconf 89' lang='lat' dir='ltr'><strong>tectum,</strong></span> 
     </span>
    </p>
   </div>
   <div class='ocr_carea' id='block_1_91' title="bbox 372 4686 1941 4762">
    <p class='ocr_par' dir='ltr' id='par_1_91' title="bbox 372 4686 1941 4762">
     <span class='ocr_line' id='line_1_91' title="bbox 372 4686 1941 4762; baseline -0.001 -18"><span class='ocrx_word' id='word_1_689' title='bbox 372 4691 642 4762; x_wconf 88' lang='lat' dir='ltr'><strong>quomodo</strong></span> <span class='ocrx_word' id='word_1_690' title='bbox 675 4689 792 4759; x_wconf 89' lang='lat' dir='ltr'><strong>ipse</strong></span> <span class='ocrx_word' id='word_1_691' title='bbox 821 4687 967 4742; x_wconf 88' lang='lat' dir='ltr'><strong>solus</strong></span> <span class='ocrx_word' id='word_1_692' title='bbox 998 4686 1172 4752; x_wconf 81' lang='lat' dir='ltr'><strong>novit,</strong></span> <span class='ocrx_word' id='word_1_693' title='bbox 1203 4688 1396 4750; x_wconf 88' lang='lat' dir='ltr'><strong>tenuit,</strong></span> <span class='ocrx_word' id='word_1_694' title='bbox 1419 4696 1473 4740; x_wconf 91' lang='lat' dir='ltr'><strong>et</strong></span> <span class='ocrx_word' id='word_1_695' title='bbox 1500 4696 1582 4740; x_wconf 71' lang='lat' dir='ltr'><strong>est</strong></span> <span class='ocrx_word' id='word_1_696' title='bbox 1605 4687 1941 4754; x_wconf 81' lang='lat' dir='ltr'><strong>complexus,</strong></span> 
     </span>
    </p>
   </div>
   <div class='ocr_carea' id='block_1_92' title="bbox 375 4781 1945 4852">
    <p class='ocr_par' dir='ltr' id='par_1_92' title="bbox 375 4781 1945 4852">
     <span class='ocr_line' id='line_1_92' title="bbox 375 4781 1945 4852; baseline -0.001 -17"><span class='ocrx_word' id='word_1_697' title='bbox 375 4784 552 4835; x_wconf 85' lang='lat' dir='ltr'><strong>adhuc</strong></span> <span class='ocrx_word' id='word_1_698' title='bbox 606 4781 962 4852; x_wconf 87' lang='lat' dir='ltr'><strong>corporaliter</strong></span> <span class='ocrx_word' id='word_1_699' title='bbox 1010 4792 1234 4851; x_wconf 88' lang='lat' dir='ltr'><strong>propter</strong></span> <span class='ocrx_word' id='word_1_700' title='bbox 1267 4791 1482 4835; x_wconf 85' lang='lat' dir='ltr'><strong>aetatem</strong></span> <span class='ocrx_word' id='word_1_701' title='bbox 1507 4794 1567 4833; x_wconf 89' lang='lat' dir='ltr'><strong>se</strong></span> <span class='ocrx_word' id='word_1_702' title='bbox 1596 4795 1792 4849; x_wconf 86' lang='lat' dir='ltr'><strong>gerens</strong></span> <span class='ocrx_word' id='word_1_703' title='bbox 1816 4795 1945 4850; x_wconf 85' lang='lat' dir='ltr'><strong>pue-</strong></span> 
     </span>
    </p>
   </div>
   <div class='ocr_carea' id='block_1_93' title="bbox 377 4869 1942 4940">
    <p class='ocr_par' dir='ltr' id='par_1_93' title="bbox 377 4869 1942 4940">
     <span class='ocr_line' id='line_1_93' title="bbox 377 4869 1942 4940; baseline -0.002 -11"><span class='ocrx_word' id='word_1_704' title='bbox 377 4874 576 4938; x_wconf 86' lang='lat' dir='ltr'><strong>riliter,</strong></span> <span class='ocrx_word' id='word_1_705' title='bbox 622 4882 674 4927; x_wconf 92' lang='lat' dir='ltr'><strong>et</strong></span> <span class='ocrx_word' id='word_1_706' title='bbox 703 4882 760 4927; x_wconf 91' lang='lat' dir='ltr'><strong>ut</strong></span> <span class='ocrx_word' id='word_1_707' title='bbox 814 4886 946 4940; x_wconf 91' lang='lat' dir='ltr'><strong>puer</strong></span> <span class='ocrx_word' id='word_1_708' title='bbox 981 4872 1119 4925; x_wconf 87' lang='lat' dir='ltr'><strong>solet</strong></span> <span class='ocrx_word' id='word_1_709' title='bbox 1171 4871 1377 4934; x_wconf 82' lang='lat' dir='ltr'><strong>facere,</strong></span> <span class='ocrx_word' id='word_1_710' title='bbox 1435 4869 1763 4936; x_wconf 86' lang='lat' dir='ltr'><strong>balbutiens,</strong></span> <span class='ocrx_word' id='word_1_711' title='bbox 1800 4881 1854 4926; x_wconf 91' lang='lat' dir='ltr'><strong>ct</strong></span> <span class='ocrx_word' id='word_1_712' title='bbox 1889 4873 1942 4926; x_wconf 90' lang='lat' dir='ltr'><strong>in</strong></span> 
     </span>
    </p>
   </div>
   <div class='ocr_carea' id='block_1_94' title="bbox 373 4961 1639 5033">
    <p class='ocr_par' dir='ltr' id='par_1_94' title="bbox 373 4961 1639 5033">
     <span class='ocr_line' id='line_1_94' title="bbox 373 4961 1639 5033; baseline -0.003 -14"><span class='ocrx_word' id='word_1_713' title='bbox 373 4975 621 5019; x_wconf 67' lang='lat' dir='ltr'><strong>nzaterno</strong></span> <span class='ocrx_word' id='word_1_714' title='bbox 652 4964 858 5033; x_wconf 88' lang='lat' dir='ltr'><strong>gremio</strong></span> <span class='ocrx_word' id='word_1_715' title='bbox 884 4963 1242 5032; x_wconf 89' lang='lat' dir='ltr'><strong>requiescens</strong></span> <span class='ocrx_word' id='word_1_716' title='bbox 1272 4971 1326 5015; x_wconf 89' lang='lat' dir='ltr'><strong>et</strong></span> <span class='ocrx_word' id='word_1_717' title='bbox 1356 4961 1639 5017; x_wconf 86' lang='lat' dir='ltr'><strong>exsiliens.</strong></span> 
     </span>
    </p>
   </div>
   <div class='ocr_carea' id='block_1_95' title="bbox 447 5052 1944 5124">
    <p class='ocr_par' dir='ltr' id='par_1_95' title="bbox 447 5052 1944 5124">
     <span class='ocr_line' id='line_1_95' title="bbox 447 5052 1944 5124; baseline 0.003 -16"><span class='ocrx_word' id='word_1_718' title='bbox 447 5054 567 5109; x_wconf 70' lang='lat' dir='ltr'><strong>XII.</strong></span> <span class='ocrx_word' id='word_1_719' title='bbox 610 5052 786 5109; x_wconf 83' lang='lat' dir='ltr'><strong>Hodie</strong></span> <span class='ocrx_word' id='word_1_720' title='bbox 823 5053 923 5124; x_wconf 90' lang='lat' dir='ltr'><strong>ipsi</strong></span> <span class='ocrx_word' id='word_1_721' title='bbox 955 5067 1190 5122; x_wconf 88' lang='lat' dir='ltr'><strong>quoque,</strong></span> <span class='ocrx_word' id='word_1_722' title='bbox 1223 5052 1468 5121; x_wconf 89' lang='lat' dir='ltr'><strong>inquam,</strong></span> <span class='ocrx_word' id='word_1_723' title='bbox 1501 5054 1664 5123; x_wconf 80' lang='lat' dir='ltr'><strong>primi</strong></span> <span class='ocrx_word' id='word_1_724' title='bbox 1695 5054 1790 5111; x_wconf 90' lang='lat' dir='ltr'><strong>Dei</strong></span> <span class='ocrx_word' id='word_1_725' title='bbox 1838 5057 1944 5111; x_wconf 88' lang='lat' dir='ltr'><strong>mi-</strong></span> 
     </span>
    </p>
   </div>
   <div class='ocr_carea' id='block_1_96' title="bbox 374 5143 1940 5210">
    <p class='ocr_par' dir='ltr' id='par_1_96' title="bbox 374 5143 1940 5210">
     <span class='ocr_line' id='line_1_96' title="bbox 374 5143 1940 5210; baseline 0.002 -9"><span class='ocrx_word' id='word_1_726' title='bbox 374 5145 562 5206; x_wconf 85' lang='lat' dir='ltr'><strong>nistri,</strong></span> <span class='ocrx_word' id='word_1_727' title='bbox 595 5143 720 5200; x_wconf 88' lang='lat' dir='ltr'><strong>licet</strong></span> <span class='ocrx_word' id='word_1_728' title='bbox 743 5159 850 5200; x_wconf 92' lang='lat' dir='ltr'><strong>non</strong></span> <span class='ocrx_word' id='word_1_729' title='bbox 875 5143 1181 5209; x_wconf 88' lang='lat' dir='ltr'><strong>videantur,</strong></span> <span class='ocrx_word' id='word_1_730' title='bbox 1206 5156 1326 5196; x_wconf 88' lang='lat' dir='ltr'><strong>eam</strong></span> <span class='ocrx_word' id='word_1_731' title='bbox 1359 5143 1611 5210; x_wconf 86' lang='lat' dir='ltr'><strong>adorant,</strong></span> <span class='ocrx_word' id='word_1_732' title='bbox 1636 5157 1691 5201; x_wconf 91' lang='lat' dir='ltr'><strong>et</strong></span> <span class='ocrx_word' id='word_1_733' title='bbox 1711 5152 1940 5204; x_wconf 85' lang='lat' dir='ltr'><strong>maxima</strong></span> 
     </span>
    </p>
   </div>
   <div class='ocr_carea' id='block_1_97' title="bbox 378 5227 1947 5296">
    <p class='ocr_par' dir='ltr' id='par_1_97' title="bbox 378 5227 1947 5296">
     <span class='ocr_line' id='line_1_97' title="bbox 378 5227 1947 5296; baseline 0.003 -3"><span class='ocrx_word' id='word_1_734' title='bbox 378 5238 571 5293; x_wconf 81' lang='lat' dir='ltr'><strong>eolunt</strong></span> <span class='ocrx_word' id='word_1_735' title='bbox 607 5238 963 5292; x_wconf 88' lang='lat' dir='ltr'><strong>veneratione</strong></span> <span class='ocrx_word' id='word_1_736' title='bbox 999 5244 1052 5288; x_wconf 89' lang='lat' dir='ltr'><strong>et</strong></span> <span class='ocrx_word' id='word_1_737' title='bbox 1081 5250 1278 5288; x_wconf 87' lang='lat' dir='ltr'><strong>arcane</strong></span> <span class='ocrx_word' id='word_1_738' title='bbox 1302 5227 1412 5288; x_wconf 78' lang='lat' dir='ltr'><strong>una</strong></span> <span class='ocrx_word' id='word_1_739' title='bbox 1443 5236 1723 5294; x_wconf 88' lang='lat' dir='ltr'><strong>nobiscum</strong></span> <span class='ocrx_word' id='word_1_740' title='bbox 1757 5240 1947 5296; x_wconf 60' lang='lat' dir='ltr'><strong>laetan-</strong></span> 
     </span>
    </p>
   </div>
   <div class='ocr_carea' id='block_1_98' title="bbox 376 5318 1946 5395">
    <p class='ocr_par' dir='ltr' id='par_1_98' title="bbox 376 5318 1946 5395">
     <span class='ocr_line' id='line_1_98' title="bbox 376 5318 1946 5395; baseline -0.004 -12"><span class='ocrx_word' id='word_1_741' title='bbox 376 5335 488 5383; x_wconf 73' lang='lat' dir='ltr'><strong>tur.</strong></span> <span class='ocrx_word' id='word_1_742' title='bbox 519 5318 692 5382; x_wconf 83' lang='lat' dir='ltr'><strong>ilodie</strong></span> <span class='ocrx_word' id='word_1_743' title='bbox 719 5343 748 5381; x_wconf 91' lang='lat' dir='ltr'><strong>a</strong></span> <span class='ocrx_word' id='word_1_744' title='bbox 782 5325 939 5381; x_wconf 81' lang='lat' dir='ltr'><strong>nobis</strong></span> <span class='ocrx_word' id='word_1_745' title='bbox 977 5324 1143 5378; x_wconf 90' lang='lat' dir='ltr'><strong>etiam</strong></span> <span class='ocrx_word' id='word_1_746' title='bbox 1174 5323 1406 5379; x_wconf 86' lang='lat' dir='ltr'><strong>terrenis</strong></span> <span class='ocrx_word' id='word_1_747' title='bbox 1428 5324 1707 5395; x_wconf 86' lang='lat' dir='ltr'><strong>adoretur,</strong></span> <span class='ocrx_word' id='word_1_748' title='bbox 1742 5342 1797 5385; x_wconf 84' lang='lat' dir='ltr'><strong>et</strong></span> <span class='ocrx_word' id='word_1_749' title='bbox 1827 5349 1946 5387; x_wconf 72' lang='lat' dir='ltr'><strong>ma-</strong></span> 
     </span>
    </p>
   </div>
   <div class='ocr_carea' id='block_1_99' title="bbox 377 5412 1942 5495">
    <p class='ocr_par' dir='ltr' id='par_1_99' title="bbox 377 5412 1942 5495">
     <span class='ocr_line' id='line_1_99' title="bbox 377 5412 1942 5495; baseline 0.004 -23"><span class='ocrx_word' id='word_1_750' title='bbox 377 5421 665 5490; x_wconf 80' lang='lat' dir='ltr'><strong>guiiicetur</strong></span> <span class='ocrx_word' id='word_1_751' title='bbox 706 5419 822 5473; x_wconf 67' lang='lat' dir='ltr'><strong>lucc</strong></span> <span class='ocrx_word' id='word_1_752' title='bbox 879 5431 1015 5470; x_wconf 89' lang='lat' dir='ltr'><strong>zona</strong></span> <span class='ocrx_word' id='word_1_753' title='bbox 1082 5412 1149 5470; x_wconf 87' lang='lat' dir='ltr'><strong>ad</strong></span> <span class='ocrx_word' id='word_1_754' title='bbox 1179 5414 1404 5486; x_wconf 83' lang='lat' dir='ltr'><strong>gloriam</strong></span> <span class='ocrx_word' id='word_1_755' title='bbox 1458 5418 1597 5489; x_wconf 86' lang='lat' dir='ltr'><strong>ejus,</strong></span> <span class='ocrx_word' id='word_1_756' title='bbox 1650 5422 1740 5489; x_wconf 92' lang='lat' dir='ltr'><strong>qui</strong></span> <span class='ocrx_word' id='word_1_757' title='bbox 1781 5439 1942 5495; x_wconf 88' lang='lat' dir='ltr'><strong>supra</strong></span> 
     </span>
    </p>
   </div>
   <div class='ocr_carea' id='block_1_100' title="bbox 376 5506 1945 5586">
    <p class='ocr_par' dir='ltr' id='par_1_100' title="bbox 376 5506 1945 5586">
     <span class='ocr_line' id='line_1_100' title="bbox 376 5506 1945 5586; baseline 0.005 -23"><span class='ocrx_word' id='word_1_758' title='bbox 376 5509 644 5563; x_wconf 88' lang='lat' dir='ltr'><strong>rationem</strong></span> <span class='ocrx_word' id='word_1_759' title='bbox 680 5507 782 5562; x_wconf 90' lang='lat' dir='ltr'><strong>fuit</strong></span> <span class='ocrx_word' id='word_1_760' title='bbox 822 5521 989 5561; x_wconf 88' lang='lat' dir='ltr'><strong>carne</strong></span> <span class='ocrx_word' id='word_1_761' title='bbox 1041 5506 1304 5562; x_wconf 88' lang='lat' dir='ltr'><strong>indutus:</strong></span> <span class='ocrx_word' id='word_1_762' title='bbox 1337 5509 1469 5578; x_wconf 90' lang='lat' dir='ltr'><strong>ct(o</strong></span> <span class='ocrx_word' id='word_1_763' title='bbox 1502 5514 1783 5581; x_wconf 80' lang='lat' dir='ltr'><strong>mysteria,</strong></span> <span class='ocrx_word' id='word_1_764' title='bbox 1825 5532 1945 5586; x_wconf 64' lang='lat' dir='ltr'><strong>qua!</strong></span> 
     </span>
    </p>
   </div>
   <div class='ocr_carea' id='block_1_101' title="bbox 375 5599 1941 5672">
    <p class='ocr_par' dir='ltr' id='par_1_101' title="bbox 375 5599 1941 5672">
     <span class='ocr_line' id='line_1_101' title="bbox 375 5599 1941 5672; baseline 0.007 -18"><span class='ocrx_word' id='word_1_765' title='bbox 375 5600 757 5669; x_wconf 83' lang='lat' dir='ltr'><strong>comprehendi</strong></span> <span class='ocrx_word' id='word_1_766' title='bbox 819 5601 1116 5670; x_wconf 88' lang='lat' dir='ltr'><strong>nequeunt)</strong></span> <span class='ocrx_word' id='word_1_767' title='bbox 1162 5599 1325 5655; x_wconf 84' lang='lat' dir='ltr'><strong>hodie</strong></span> <span class='ocrx_word' id='word_1_768' title='bbox 1356 5602 1740 5672; x_wconf 83' lang='lat' dir='ltr'><strong>tnagniiicetur</strong></span> <span class='ocrx_word' id='word_1_769' title='bbox 1807 5625 1941 5666; x_wconf 90' lang='lat' dir='ltr'><strong>zona</strong></span> 
     </span>
    </p>
   </div>
   <div class='ocr_carea' id='block_1_102' title="bbox 485 5774 1586 5857">
    <p class='ocr_par' dir='ltr' id='par_1_102' title="bbox 485 5774 1586 5857">
     <span class='ocr_line' id='line_1_102' title="bbox 485 5774 1586 5857; baseline 0.007 -20"><span class='ocrx_word' id='word_1_770' title='bbox 485 5784 506 5817; x_wconf 80' lang='grc'><strong><em>⁵</em></strong></span> <span class='ocrx_word' id='word_1_771' title='bbox 534 5774 887 5853; x_wconf 63' lang='grc' dir='ltr'>ΡειιΙίΑΧιι,</span> <span class='ocrx_word' id='word_1_772' title='bbox 919 5786 971 5842; x_wconf 89' lang='grc' dir='ltr'><strong>ϐ.</strong></span> <span class='ocrx_word' id='word_1_773' title='bbox 1086 5787 1107 5818; x_wconf 82' lang='grc'><strong><em>⁶</em></strong></span> <span class='ocrx_word' id='word_1_774' title='bbox 1143 5787 1287 5844; x_wconf 74' lang='lat' dir='ltr'><strong>l’sal.</strong></span> <span class='ocrx_word' id='word_1_775' title='bbox 1322 5803 1465 5857; x_wconf 67' lang='grc' dir='ltr'><strong>κων,</strong></span> <span class='ocrx_word' id='word_1_776' title='bbox 1500 5790 1586 5845; x_wconf 82' lang='grc'><strong>11.</strong></span> 
     </span>
    </p>
   </div>
   <div class='ocr_carea' id='block_1_103' title="bbox 2050 4598 2602 4669">
    <p class='ocr_par' dir='ltr' id='par_1_103' title="bbox 2050 4598 2602 4669">
     <span class='ocr_line' id='line_1_103' title="bbox 2050 4598 2602 4669; baseline -0.009 -12"><span class='ocrx_word' id='word_1_777' title='bbox 2050 4602 2312 4657; x_wconf 84' lang='lat' dir='ltr'><strong>adorandi</strong></span> <span class='ocrx_word' id='word_1_778' title='bbox 2345 4598 2602 4669; x_wconf 81' lang='lat' dir='ltr'><strong>Spiritus.</strong></span> 
     </span>
    </p>
   </div>
   <div class='ocr_carea' id='block_1_104' title="bbox 2118 4679 3626 4759">
    <p class='ocr_par' dir='ltr' id='par_1_104' title="bbox 2118 4679 3626 4759">
     <span class='ocr_line' id='line_1_104' title="bbox 2118 4679 3626 4759; baseline -0.009 -14"><span class='ocrx_word' id='word_1_779' title='bbox 2118 4688 2236 4745; x_wconf 74' lang='lat' dir='ltr'><strong>XV.</strong></span> <span class='ocrx_word' id='word_1_780' title='bbox 2268 4689 2329 4744; x_wconf 85' lang='lat' dir='ltr'><strong>Ei</strong></span> <span class='ocrx_word' id='word_1_781' title='bbox 2359 4699 2538 4743; x_wconf 89' lang='lat' dir='ltr'><strong>autem</strong></span> <span class='ocrx_word' id='word_1_782' title='bbox 2567 4698 2816 4759; x_wconf 89' lang='lat' dir='ltr'><strong>prompto</strong></span> <span class='ocrx_word' id='word_1_783' title='bbox 2852 4701 2906 4745; x_wconf 88' lang='lat' dir='ltr'><strong>et</strong></span> <span class='ocrx_word' id='word_1_784' title='bbox 2938 4689 3104 4743; x_wconf 89' lang='lat' dir='ltr'><strong>alacri</strong></span> <span class='ocrx_word' id='word_1_785' title='bbox 3136 4685 3321 4741; x_wconf 86' lang='lat' dir='ltr'><strong>animo</strong></span> <span class='ocrx_word' id='word_1_786' title='bbox 3343 4679 3626 4736; x_wconf 78' lang='lat' dir='ltr'><strong>flectamus</strong></span> 
     </span>
    </p>
   </div>
   <div class='ocr_carea' id='block_1_105' title="bbox 2048 4778 3610 4853">
    <p class='ocr_par' dir='ltr' id='par_1_105' title="bbox 2048 4778 3610 4853">
     <span class='ocr_line' id='line_1_105' title="bbox 2048 4778 3610 4853; baseline -0.008 -18"><span class='ocrx_word' id='word_1_787' title='bbox 2048 4786 2243 4853; x_wconf 72' lang='lat' dir='ltr'><strong>genua,</strong></span> <span class='ocrx_word' id='word_1_788' title='bbox 2295 4780 2566 4850; x_wconf 78' lang='lat' dir='ltr'><strong>lacrymas</strong></span> <span class='ocrx_word' id='word_1_789' title='bbox 2621 4780 2909 4835; x_wconf 88' lang='lat' dir='ltr'><strong>fundamus</strong></span> <span class='ocrx_word' id='word_1_790' title='bbox 2932 4785 3040 4849; x_wconf 66' lang='lat' dir='ltr'><strong>prie</strong></span> <span class='ocrx_word' id='word_1_791' title='bbox 3085 4778 3294 4842; x_wconf 70' lang='lat' dir='ltr'><strong>laetitia,</strong></span> <span class='ocrx_word' id='word_1_792' title='bbox 3327 4783 3456 4827; x_wconf 89' lang='lat' dir='ltr'><strong>ante</strong></span> <span class='ocrx_word' id='word_1_793' title='bbox 3489 4786 3610 4825; x_wconf 89' lang='lat' dir='ltr'><strong>eam</strong></span> 
     </span>
    </p>
   </div>
   <div class='ocr_carea' id='block_1_106' title="bbox 2051 4864 3624 4939">
    <p class='ocr_par' dir='ltr' id='par_1_106' title="bbox 2051 4864 3624 4939">
     <span class='ocr_line' id='line_1_106' title="bbox 2051 4864 3624 4939; baseline -0.008 -10"><span class='ocrx_word' id='word_1_794' title='bbox 2051 4887 2279 4939; x_wconf 89' lang='lat' dir='ltr'><strong>stemus,</strong></span> <span class='ocrx_word' id='word_1_795' title='bbox 2311 4883 2366 4927; x_wconf 93' lang='lat' dir='ltr'><strong>et</strong></span> <span class='ocrx_word' id='word_1_796' title='bbox 2421 4872 2654 4926; x_wconf 87' lang='lat' dir='ltr'><strong>tideliter</strong></span> <span class='ocrx_word' id='word_1_797' title='bbox 2714 4888 2908 4927; x_wconf 78' lang='lat' dir='ltr'><strong>omnes</strong></span> <span class='ocrx_word' id='word_1_798' title='bbox 2969 4869 3381 4925; x_wconf 86' lang='lat' dir='ltr'><strong>sanetiﬁcemur</strong></span> <span class='ocrx_word' id='word_1_799' title='bbox 3427 4864 3624 4928; x_wconf 78' lang='lat' dir='ltr'><strong>oculis,</strong></span> 
     </span>
    </p>
   </div>
   <div class='ocr_carea' id='block_1_107' title="bbox 2052 4966 3630 5032">
    <p class='ocr_par' dir='ltr' id='par_1_107' title="bbox 2052 4966 3630 5032">
     <span class='ocr_line' id='line_1_107' title="bbox 2052 4966 3630 5032; baseline -0.007 -11"><span class='ocrx_word' id='word_1_800' title='bbox 2052 4968 2242 5032; x_wconf 86' lang='lat' dir='ltr'><strong>labris,</strong></span> <span class='ocrx_word' id='word_1_801' title='bbox 2305 4966 2603 5031; x_wconf 88' lang='lat' dir='ltr'><strong>frontibus,</strong></span> <span class='ocrx_word' id='word_1_802' title='bbox 2655 4967 2928 5031; x_wconf 83' lang='lat' dir='ltr'><strong>manibus,</strong></span> <span class='ocrx_word' id='word_1_803' title='bbox 2964 4981 3083 5019; x_wconf 89' lang='lat' dir='ltr'><strong>eam</strong></span> <span class='ocrx_word' id='word_1_804' title='bbox 3138 4980 3263 5018; x_wconf 87' lang='lat' dir='ltr'><strong>cum</strong></span> <span class='ocrx_word' id='word_1_805' title='bbox 3319 4972 3466 5016; x_wconf 89' lang='lat' dir='ltr'><strong>metu</strong></span> <span class='ocrx_word' id='word_1_806' title='bbox 3510 4969 3630 5013; x_wconf 86' lang='lat' dir='ltr'><strong>tan-</strong></span> 
     </span>
    </p>
   </div>
   <div class='ocr_carea' id='block_1_108' title="bbox 2051 5053 3622 5129">
    <p class='ocr_par' dir='ltr' id='par_1_108' title="bbox 2051 5053 3622 5129">
     <span class='ocr_line' id='line_1_108' title="bbox 2051 5053 3622 5129; baseline -0.005 -17"><span class='ocrx_word' id='word_1_807' title='bbox 2051 5070 2260 5129; x_wconf 87' lang='lat' dir='ltr'><strong>gentes,</strong></span> <span class='ocrx_word' id='word_1_808' title='bbox 2316 5068 2371 5112; x_wconf 86' lang='lat' dir='ltr'><strong>et</strong></span> <span class='ocrx_word' id='word_1_809' title='bbox 2412 5058 2463 5111; x_wconf 91' lang='lat' dir='ltr'><strong>in</strong></span> <span class='ocrx_word' id='word_1_810' title='bbox 2506 5057 2674 5111; x_wconf 90' lang='lat' dir='ltr'><strong>altum</strong></span> <span class='ocrx_word' id='word_1_811' title='bbox 2731 5056 3076 5121; x_wconf 81' lang='lat' dir='ltr'><strong>extollentes,</strong></span> <span class='ocrx_word' id='word_1_812' title='bbox 3131 5063 3188 5109; x_wconf 88' lang='lat' dir='ltr'><strong>et</strong></span> <span class='ocrx_word' id='word_1_813' title='bbox 3216 5055 3294 5109; x_wconf 87' lang='lat' dir='ltr'><strong>sic</strong></span> <span class='ocrx_word' id='word_1_814' title='bbox 3329 5053 3571 5107; x_wconf 89' lang='lat' dir='ltr'><strong>dicentes</strong></span> <span class='ocrx_word' id='word_1_815' title='bbox 3607 5067 3622 5103; x_wconf 86' lang='lat'><strong>:</strong></span> 
     </span>
    </p>
   </div>
   <div class='ocr_carea' id='block_1_109' title="bbox 2065 5143 3612 5219">
    <p class='ocr_par' dir='ltr' id='par_1_109' title="bbox 2065 5143 3612 5219">
     <span class='ocr_line' id='line_1_109' title="bbox 2065 5143 3612 5219; baseline -0.006 -16"><span class='ocrx_word' id='word_1_816' title='bbox 2065 5170 2083 5203; x_wconf 84' lang='grc' dir='ltr'><strong>ι</strong></span> <span class='ocrx_word' id='word_1_817' title='bbox 2121 5151 2282 5219; x_wconf 86' lang='lat' dir='ltr'><strong>Audi,</strong></span> <span class='ocrx_word' id='word_1_818' title='bbox 2336 5148 2464 5214; x_wconf 83' lang='lat' dir='ltr'><strong>ﬁlia,</strong></span> <span class='ocrx_word' id='word_1_819' title='bbox 2491 5158 2546 5202; x_wconf 89' lang='lat' dir='ltr'><strong>et</strong></span> <span class='ocrx_word' id='word_1_820' title='bbox 2575 5146 2717 5212; x_wconf 87' lang='lat' dir='ltr'><strong>vide,</strong></span> <span class='ocrx_word' id='word_1_821' title='bbox 2759 5155 2815 5202; x_wconf 89' lang='lat' dir='ltr'><strong>et</strong></span> <span class='ocrx_word' id='word_1_822' title='bbox 2872 5146 3072 5201; x_wconf 86' lang='lat' dir='ltr'><strong>inclina</strong></span> <span class='ocrx_word' id='word_1_823' title='bbox 3124 5158 3308 5200; x_wconf 90' lang='lat' dir='ltr'><strong>aurem</strong></span> <span class='ocrx_word' id='word_1_824' title='bbox 3345 5154 3491 5198; x_wconf 88' lang='lat' dir='ltr'><strong>tuam</strong></span> <span class='ocrx_word' id='word_1_825' title='bbox 3513 5143 3557 5197; x_wconf 82' lang='lat'><strong>&#39;.</strong></span> <span class='ocrx_word' id='word_1_826' title='bbox 3593 5161 3612 5193; x_wconf 76' lang='grc' dir='ltr'><strong>ι</strong></span> 
     </span>
    </p>
   </div>
   <div class='ocr_carea' id='block_1_110' title="bbox 2055 5236 3623 5307">
    <p class='ocr_par' dir='ltr' id='par_1_110' title="bbox 2055 5236 3623 5307">
     <span class='ocr_line' id='line_1_110' title="bbox 2055 5236 3623 5307; baseline -0.006 -12"><span class='ocrx_word' id='word_1_827' title='bbox 2055 5239 2220 5295; x_wconf 74' lang='lat' dir='ltr'><strong>Vides</strong></span> <span class='ocrx_word' id='word_1_828' title='bbox 2275 5239 2444 5299; x_wconf 89' lang='lat' dir='ltr'><strong>enim,</strong></span> <span class='ocrx_word' id='word_1_829' title='bbox 2504 5238 2654 5292; x_wconf 86' lang='lat' dir='ltr'><strong>vides</strong></span> <span class='ocrx_word' id='word_1_830' title='bbox 2709 5249 2836 5292; x_wconf 87' lang='lat' dir='ltr'><strong>ante</strong></span> <span class='ocrx_word' id='word_1_831' title='bbox 2888 5237 3056 5307; x_wconf 87' lang='lat' dir='ltr'><strong>pedes</strong></span> <span class='ocrx_word' id='word_1_832' title='bbox 3103 5236 3487 5305; x_wconf 55' lang='lat' dir='ltr'><strong>pulcherrima</strong></span> <span class='ocrx_word' id='word_1_833' title='bbox 3521 5243 3623 5287; x_wconf 71' lang='lat' dir='ltr'><strong>ture</strong></span> 
     </span>
    </p>
   </div>
   <div class='ocr_carea' id='block_1_111' title="bbox 2050 5329 3626 5401">
    <p class='ocr_par' dir='ltr' id='par_1_111' title="bbox 2050 5329 3626 5401">
     <span class='ocr_line' id='line_1_111' title="bbox 2050 5329 3626 5401; baseline -0.006 -13"><span class='ocrx_word' id='word_1_834' title='bbox 2050 5347 2226 5401; x_wconf 78' lang='lat' dir='ltr'><strong>capsae</strong></span> <span class='ocrx_word' id='word_1_835' title='bbox 2256 5346 2354 5385; x_wconf 89' lang='lat' dir='ltr'><strong>nos</strong></span> <span class='ocrx_word' id='word_1_836' title='bbox 2379 5336 2570 5385; x_wconf 84' lang='lat' dir='ltr'><strong>omnes</strong></span> <span class='ocrx_word' id='word_1_837' title='bbox 2602 5329 2858 5384; x_wconf 87' lang='lat' dir='ltr'><strong>ardenter</strong></span> <span class='ocrx_word' id='word_1_838' title='bbox 2883 5330 3135 5395; x_wconf 88' lang='lat' dir='ltr'><strong>volutari,</strong></span> <span class='ocrx_word' id='word_1_839' title='bbox 3169 5337 3225 5383; x_wconf 89' lang='lat' dir='ltr'><strong>et</strong></span> <span class='ocrx_word' id='word_1_840' title='bbox 3251 5338 3402 5382; x_wconf 89' lang='lat' dir='ltr'><strong>tuum</strong></span> <span class='ocrx_word' id='word_1_841' title='bbox 3439 5335 3626 5395; x_wconf 81' lang='lat' dir='ltr'><strong>postu-</strong></span> 
     </span>
    </p>
   </div>
   <div class='ocr_carea' id='block_1_112' title="bbox 2051 5414 3619 5488">
    <p class='ocr_par' dir='ltr' id='par_1_112' title="bbox 2051 5414 3619 5488">
     <span class='ocr_line' id='line_1_112' title="bbox 2051 5414 3619 5488; baseline -0.006 -10"><span class='ocrx_word' id='word_1_842' title='bbox 2051 5414 2167 5478; x_wconf 84' lang='lat' dir='ltr'><strong>lare</strong></span> <span class='ocrx_word' id='word_1_843' title='bbox 2216 5422 2499 5485; x_wconf 82' lang='lat' dir='ltr'><strong>auxilium,</strong></span> <span class='ocrx_word' id='word_1_844' title='bbox 2572 5430 2958 5488; x_wconf 83' lang='lat' dir='ltr'><strong>exspectantes</strong></span> <span class='ocrx_word' id='word_1_845' title='bbox 3014 5432 3160 5475; x_wconf 88' lang='lat' dir='ltr'><strong>tuam</strong></span> <span class='ocrx_word' id='word_1_846' title='bbox 3220 5416 3619 5480; x_wconf 84' lang='lat' dir='ltr'><strong>defensionem,</strong></span> 
     </span>
    </p>
   </div>
   <div class='ocr_carea' id='block_1_113' title="bbox 2053 5510 3623 5587">
    <p class='ocr_par' dir='ltr' id='par_1_113' title="bbox 2053 5510 3623 5587">
     <span class='ocr_line' id='line_1_113' title="bbox 2053 5510 3623 5587; baseline -0.004 -14"><span class='ocrx_word' id='word_1_847' title='bbox 2053 5531 2202 5573; x_wconf 88' lang='lat' dir='ltr'><strong>tuum</strong></span> <span class='ocrx_word' id='word_1_848' title='bbox 2240 5518 2292 5572; x_wconf 91' lang='lat' dir='ltr'><strong>iu</strong></span> <span class='ocrx_word' id='word_1_849' title='bbox 2336 5515 2588 5573; x_wconf 89' lang='lat' dir='ltr'><strong>onmibus</strong></span> <span class='ocrx_word' id='word_1_850' title='bbox 2630 5518 2951 5573; x_wconf 82' lang='lat' dir='ltr'><strong>invocantes</strong></span> <span class='ocrx_word' id='word_1_851' title='bbox 2998 5515 3382 5587; x_wconf 85' lang='lat' dir='ltr'><strong>patrocinium.</strong></span> <span class='ocrx_word' id='word_1_852' title='bbox 3434 5510 3623 5581; x_wconf 80' lang='lat' dir='ltr'><strong>Itaque</strong></span> 
     </span>
    </p>
   </div>
   <div class='ocr_carea' id='block_1_114' title="bbox 2053 5609 3626 5683">
    <p class='ocr_par' dir='ltr' id='par_1_114' title="bbox 2053 5609 3626 5683">
     <span class='ocr_line' id='line_1_114' title="bbox 2053 5609 3626 5683; baseline -0.006 -17"><span class='ocrx_word' id='word_1_853' title='bbox 2053 5620 2130 5676; x_wconf 88' lang='lat' dir='ltr'><strong>ut,</strong></span> <span class='ocrx_word' id='word_1_854' title='bbox 2169 5609 2294 5666; x_wconf 91' lang='lat' dir='ltr'><strong>dum</strong></span> <span class='ocrx_word' id='word_1_855' title='bbox 2340 5610 2429 5667; x_wconf 91' lang='lat' dir='ltr'><strong>hic</strong></span> <span class='ocrx_word' id='word_1_856' title='bbox 2457 5611 2676 5683; x_wconf 89' lang='lat' dir='ltr'><strong>quidem</strong></span> <span class='ocrx_word' id='word_1_857' title='bbox 2705 5626 3011 5678; x_wconf 87' lang='lat' dir='ltr'><strong>manemus,</strong></span> <span class='ocrx_word' id='word_1_858' title='bbox 3049 5624 3146 5667; x_wconf 87' lang='lat' dir='ltr'><strong>nos</strong></span> <span class='ocrx_word' id='word_1_859' title='bbox 3180 5616 3457 5678; x_wconf 84' lang='lat' dir='ltr'><strong>protegas,</strong></span> <span class='ocrx_word' id='word_1_860' title='bbox 3496 5616 3626 5675; x_wconf 84' lang='lat' dir='ltr'><strong>sup-</strong></span> 
     </span>
    </p>
   </div>
  </div>
