4108 6412
439 449 569 512 I'Z-L’l

1427 445 1686 505 SERMO
1727 445 1822 504 DE
1846 443 2036 503 ZONA
2083 441 2189 503 SS.
2236 441 2614 503 ΠΕΙΡΑΒίΕ.

3543 425 3680 494 1250

431 563 694 631 plicamtts
731 577 742 612 :
787 573 976 613 rursus
1017 567 1224 622 autent,
1263 571 1341 620 nt,
1373 575 1495 610 cum
1557 559 1909 620 excedemus,
1951 556 2004 608 iu
2040 562 2076 614 Α
2111 578 2236 627 garo,
2292 562 2393 614 erit
2454 571 2710 629 tanquam
2766 571 2827 612 os
2879 570 3055 611 meum
3076 553 3117 608 ⁷.
3181 551 3350 607 Hodie
3396 547 3680 603 dedicatur

429 653 635 706 rudibus
659 665 878 720 semper
911 650 1222 705 viventibus
1249 663 1303 704 et
1339 652 1628 705 Iuntinosis
1672 651 2003 712 habitetnus,

430 746 804 799 obsecramus.
836 741 1040 798 Contra
1061 754 1241 797 autem
1277 745 1435 798 nobis
1466 755 1647 810 pareat
1681 755 1811 796 tuus
1839 741 2006 794 Filius

431 844 488 890 et
517 836 678 901 Deus,
713 835 1044 904 perennibus
1091 836 1197 890 tuis
1245 836 1616 891 orationibus.
1675 834 1819 890 Nihil
1863 833 2006 885 ettittt

434 938 540 990 est,
577 927 717 996 quod
749 926 842 980 libi
867 927 1366 995 sitimpedimento,
1392 943 1424 980 ο
1449 926 1730 996 ἰιιιροιιυιιι
1763 924 2010 980 Domina.

437 1017 576 1071 Ecce
609 1017 756 1071 enim
809 1027 931 1086 post
965 1026 1114 1071 tuum
1162 1020 1357 1070 festum
1384 1021 1638 1085 pretiosa:
1671 1028 1772 1070 luat
1795 1027 1846 1069 cl
1882 1016 2012 1066 ado-

441 1109 621 1160 ramhe
653 1124 820 1171 zonaz,
857 1107 1016 1176 lmjus
1045 1124 1258 1177 quoque
1289 1110 1361 1162 tui
1399 1109 1582 1178 templi
1613 1106 2012 1162 dedicationem

441 1201 787 1256 concorditer
815 1202 1149 1272 pet-agimus,
1198 1212 1253 1255 ut
1275 1202 1364 1270 qui
1391 1201 1565 1258 simus
1599 1201 1738 1254 servi
1769 1209 1826 1253 et
1858 1198 2011 1252 debi-

445 1301 616 1357 tores,
651 1308 684 1346 o
723 1294 948 1358 optima.
985 1291 1214 1361 Respice
1266 1307 1456 1347 servos
1493 1302 1638 1355 tuos,
1689 1291 1923 1359 respice.
1955 1288 2012 1343 In

445 1398 496 1440 te
540 1386 685 1439 cnim
716 1400 905 1439 omnes
942 1402 1090 1454 spem
1147 1400 1388 1440 nosrram
1431 1387 1842 1448 rollocavimus,
1879 1392 1932 1437 et
1963 1382 2014 1436 iu

447 1469 496 1528 ie
530 1474 776 1537 vivimus,
810 1485 864 1528 et
900 1474 1220 1543 gloriamur,
1263 1485 1316 1529 et
1347 1490 1560 1529 Sumus.
1593 1473 1812 1528 Scimus
1847 1473 2017 1533 enim,

443 1567 648 1620 scimus
703 1564 840 1630 fore,
866 1574 922 1618 ut
962 1582 1064 1618 non
1109 1566 1209 1621 hac
1247 1578 1434 1620 nostra
1475 1565 1799 1618 Irustremur
1829 1578 2022 1632 exspe-

445 1661 705 1723 ctatione,
770 1669 862 1710 aut
905 1656 1180 1719 fallamur,
1208 1667 1261 1710 et
1313 1657 1650 1711 excidamus.
1710 1656 1823 1710 'I'ua
1877 1657 2021 1710 enim

445 1765 634 1804 smnus
669 1749 984 1814 lncreditas,
1016 1765 1048 1802 o
1091 1749 1398 1820 impolluta,
1445 1761 1502 1803 et
1537 1751 1601 1803 ad
1628 1759 1678 1804 te
1719 1765 1878 1803 mane
1905 1764 2024 1801 sur-

446 1857 573 1913 gere
599 1851 651 1895 et
683 1840 1001 1910 confugere,
1035 1857 1308 1909 nunquam
1354 1857 1451 1895 nos
1486 1843 1738 1912 piguerit.

520 1931 658 1986 XVI.
686 1932 930 2001 Agedum
958 1947 1109 1993 vero,
1145 1933 1337 2000 populo
1382 1933 1572 1993 electe,
1613 1941 1667 1984 et
1708 1931 1818 1986 Deo
1849 1940 2022 2001 grate,

450 2035 738 2093 postquam
820 2023 887 2076 de
941 2021 1250 2076 veneranda
1324 2031 1377 2074 ct
1432 2021 1830 2090 pretiosissima
1891 2037 2026 2074 zona

453 2131 624 2186 pauca
658 2114 914 2178 diximus,
972 2129 1069 2182 pro
1100 2125 1287 2167 nostra
1327 2129 1548 2182 quoque
1580 2112 1792 2166 dicendi
1853 2112 2026 2165 facul-

457 2215 586 2267 tate,
618 2202 877 2258 nonnulla
907 2203 1151 2256 dicamus
1182 2202 1250 2256 de
1292 2202 1658 2266 dedicatione,
1705 2201 1842 2255 sicut
1877 2202 2029 2254 vobis

455 2307 579 2351 ante
612 2312 801 2350 sumus
831 2293 1080 2364 polliciti.
1104 2294 1396 2348 Dedicatur
1428 2309 1557 2360 ergo
1587 2292 1743 2346 bodie
1771 2292 2026 2360 templum

459 2389 548 2443 Dei
572 2386 781 2451 Matris,
819 2387 963 2456 quod
998 2398 1079 2440 e51
1106 2384 1534 2454 pulcherrimum
1566 2393 1621 2438 et
1661 2381 2030 2435 ItttnittOsissi-

457 2497 625 2542 nnnn,
649 2488 705 2534 et
733 2478 873 2534 ctelo
907 2485 1088 2548 potest
1131 2476 1482 2544 aequiparari.
1541 2473 1714 2528 lIodie
1744 2473 2032 2527 dedicatur

459 2574 714 2642 templum
752 2573 990 2626 maxime
1018 2571 1320 2624 benedictae
1360 2569 1457 2622 Dci
1519 2568 1664 2630 tiliae,
1699 2565 1751 2619 in
1792 2580 1901 2634 quo
1931 2579 2031 2617 an-

461 2668 701 2735 gelorum
753 2667 1028 2722 exercitus
1081 2667 1300 2720 assidue
1361 2664 1705 2727 ministrant,
1763 2669 1818 2714 et
1887 2660 2032 2712 circa

466 2774 680 2826 semper
707 2758 1078 2828 splendentem
1134 2771 1352 2824 capsam
1375 2771 1499 2809 cum
1529 2755 1720 2808 timore
1750 2751 2034 2814 assistunt,

461 2852 602 2922 quod
633 2861 685 2904 et
719 2851 898 2904 fascia:
921 2849 1124 2904 Christi
1160 2850 1210 2902 in
1246 2864 1306 2902 ea
1341 2855 1465 2899 sunt
1500 2845 1814 2905 recondita‘,
1843 2854 1897 2896 et.
1923 2844 2037 2896 haec

463 2960 490 2994 a
524 2941 632 2995 Deo
665 2947 913 2994 contexta
934 2955 1070 2993 Zona
1107 2940 1244 3008 ejus,
1278 2953 1399 3008 qua:
1422 2938 1632 3006 peperit
1659 2935 2030 2989 ineffabiliter.

461 3031 644 3085 Gloria
675 3031 746 3084 sit
772 3030 844 3094 ei,
879 3031 968 3099 qui
1008 3047 1104 3084 nos
1139 3031 1190 3084 in
1222 3030 1308 3084 bis
1353 3028 1559 3082 all‘atim
1593 3027 1750 3091 ditat,
1795 3035 1849 3079 et
1881 3023 2042 3078 refri-

464 3135 638 3195 gerat,
671 3133 724 3179 et
781 3140 808 3177 a
853 3122 1036 3176 multis
1075 3122 1231 3175 malis
1263 3121 1479 3183 liberat,
1515 3134 1708 3185 nempe
1753 3127 1808 3172 et
1856 3131 1920 3170 ex
1957 3115 2041 3167 iu-

2113 654 2371 722 templum
2407 669 2598 722 purum
2635 659 2690 704 et
2741 649 3008 719 integrum
3036 646 3284 718 gloriosae
3322 643 3410 696 Dei
3443 641 3587 702 lilia),
3621 639 3674 692 in

2111 746 2254 815 quod
2286 749 2450 800 etiam
2491 746 2552 809 ii,
2601 743 2692 811 qui
2739 751 2864 796 sunt
2892 742 2944 793 in
2979 739 3250 794 montibus
3287 749 3339 788 et.
3387 731 3684 802 speluncis,

2113 855 2275 892 cursu
2308 839 2610 897 venientes,
2645 853 2709 891 ex
2739 836 2876 890 bona
2922 835 3060 887 fama
3094 847 3218 886 055a
3273 830 3354 898 (ut
3385 823 3682 879 dicitScri-

2116 928 2291 998 plura)
2336 928 2766 998 pinguel‘aciente
2788 927 2830 992 ⁸,
2866 940 3049 978 atnore
3108 937 3345 976 amorem
3379 920 3687 972 assumunt,

2117 1031 2171 1073 et
2204 1020 2306 1072 Iseti
2369 1020 2590 1073 domum
2641 1019 2866 1080 vadunt,
2926 1029 3140 1082 semper
3213 1009 3447 1074 Virginis
3509 1003 3692 1058 Maria:

2120 1126 2392 1166 summum
2453 1111 2708 1177 templum
2773 1109 3129 1162 honorantes.
3206 1101 3375 1155 Hodie
3433 1097 3690 1162 templum

2120 1206 2397 1258 dedicatur
2439 1204 2580 1257 illius
2614 1203 2956 1265 castissimm,
2994 1197 3204 1265 templis
3255 1191 3509 1247 omnibus
3536 1201 3699 1256 supc-

2120 1297 2254 1358 rius,
2289 1298 2340 1348 in
2375 1312 2479 1364 quo
2509 1295 2724 1361 plurimi
2753 1309 2814 1346 ex
2853 1294 2937 1354 iis,
2967 1291 3058 1359 qui
3092 1299 3216 1342 sunt
3246 1284 3430 1356 polluti
3461 1277 3699 1349 peccatis

2122 1388 2482 1457 gravissimis,
2517 1389 2742 1440 redi-unt
2779 1389 2841 1437 ad
2870 1386 3124 1453 pietatem
3161 1389 3214 1433 rt
3249 1391 3513 1432 summam
3547 1371 3700 1442 puri-

2123 1490 2314 1543 tatem,
2359 1490 2412 1532 et
2475 1480 2608 1532 (inut
2645 1477 2878 1546 atquales
2927 1474 3152 1543 angelis.
3202 1471 3373 1524 Hodie
3418 1467 3702 1522 dedicatur

2126 1574 2383 1642 templum
2444 1569 2732 1639 patrocinii
2770 1579 2824 1622 et
2859 1566 3193 1620 defensiOnis
3225 1561 3694 1617 Christianorum,

2127 1667 2180 1720 in
2214 1681 2320 1733 quo
2356 1665 2388 1718 ii
2420 1667 2606 1726 etiam,
2646 1663 2735 1731 qui
2766 1661 2968 1729 optime
3009 1659 3216 1720 vivunt,
3255 1654 3558 1709 redduntur
3585 1651 3699 1704 fore

2129 1757 2410 1818 mosiores,
2449 1763 2503 1808 et
2549 1754 2666 1806 luce
2720 1753 2892 1804 lucem
2952 1751 3250 1818 accipiunt,
3307 1742 3555 1800 exornati
3599 1741 3704 1794 hu-

2133 1850 2376 1908 militate,
2409 1845 2499 1915 qui
2533 1844 2812 1899 Cill'iSIllttt
2861 1842 3166 1894 imitantur.
3233 1836 3405 1890 Hodie
3445 1833 3704 1901 templum

2061 1911 2099 1961 Β
2139 1942 2421 1993 dedicatur
2475 1935 2880 1997 laudatissimzr,
2937 1941 2989 1986 et
3038 1933 3106 1985 ab
3162 1930 3310 1984 omni
3368 1927 3490 1981 labe
3520 1925 3710 1978 aliena:

2133 2031 2342 2099 puella',
2379 2029 2431 2081 in
2480 2031 2622 2096 quod
2652 2026 2963 2094 quicunque
3013 2022 3313 2089 ingreditur
3347 2028 3400 2070 et
3439 2013 3712 2070 desiderio

2134 2137 2188 2179 et
2213 2123 2336 2185 ﬁde,
2369 2132 2421 2174 et
2451 2135 2513 2174 ea
2549 2118 2816 2178 enuntiat,
2849 2131 2966 2184 qua:
3014 2112 3080 2165 ab
3112 2127 3175 2166 eo
3208 2110 3344 2163 facta
3377 2117 3501 2160 sunt
3531 2104 3714 2175 gravi-

2140 2228 2241 2277 ter,
2301 2224 2353 2266 et
2420 2213 2711 2265 confitetur
2773 2224 2832 2261 se
2875 2215 3280 2274 altl|'tlllallll‘llttl
3339 2217 3401 2254 ca
3433 2216 3555 2269 qua:
3589 2204 3715 2249 sunt

2144 2308 2389 2367 molesta,
2423 2301 2601 2355 statim
2633 2299 2684 2368 (ο
2709 2299 3032 2352 miraculum
3056 2299 3096 2362 !)
3128 2293 3328 2348 invenit
3363 2289 3712 2350 solutionem,

2140 2410 2192 2453 ct
2223 2397 2402 2452 cordis
2428 2393 2871 2448 exsultationem.
2903 2389 3046 2441 Dixit
3073 2385 3241 2446 enim,
3275 2381 3472 2450 inquit,
3503 2379 3718 2432 «Emm-

2139 2490 2284 2544 tiabo
2314 2499 2503 2540 contra
2560 2500 2643 2537 me
2699 2481 3040 2548 iniquitatem
3091 2492 3264 2529 meam
3307 2471 3533 2526 Domino
3579 2479 3632 2524 et
3659 2479 3714 2524 tu

2142 2579 2397 2635 remisisti
2427 2577 2759 2644 impietatem
2797 2573 2980 2626 cordis
3015 2570 3119 2622 mei
3146 2572 3188 2622 ’.
3225 2586 3243 2618 ι

2214 2677 2380 2730 Hodie
2431 2673 2690 2742 templum
2712 2671 2874 2723 omni
2905 2684 2969 2721 ex
3006 2673 3158 2735 parte
3219 2663 3515 2716 benedicta:
3544 2666 3597 2710 et
3629 2672 3722 2711 ve-

2144 2769 2395 2822 neranda:
2429 2765 2874 2828 adolescentulaa,
2906 2771 2960 2814 et
2989 2760 3378 2828 pmpln-tarum
3418 2751 3718 2810 coroninlis.

2143 2872 2227 2917 εει
2288 2859 2643 2914 dedicatum:
2700 2856 2894 2922 inquo
2940 2853 3224 2921 eriguntur
3278 2845 3582 2916 paralytici,
3627 2842 3719 2912 qui

2145 2971 2250 3007 non
2278 2951 2482 3014 vident,
2513 2950 2688 3003 visum
2721 2947 3007 3014 recipiunt,
3032 2954 3084 2998 et
3112 2943 3199 3013 qui
3231 2944 3458 2996 horrore
3489 2953 3550 2990 ac
3580 2935 3718 2990 febri

2147 3047 2418 3107 laborant,
2467 3051 2746 3096 curantur.
2816 3041 2909 3094 Est
2960 3039 3106 3093 enim
3194 3049 3408 3101 semper
3465 3027 3720 3101 perennis

2148 3140 2426 3205 scaturigo
2489 3135 2605 3204 cjus
2673 3132 3081 3186 miraculorum.
3148 3128 3314 3183 llodie
3351 3141 3450 3178 nos
3480 3135 3722 3192 quoque,

466 3217 720 3273 cursim":
775 3213 1139 3268 Bi'rbaromm
1169 3223 1221 3268 el
1253 3212 1510 3284 gra"ib“5
1565 3209 1684 3262 “ms
1717 3207 2038 3278 Ἶ¹¹Ῐι³υδ⁴¹³¹¹¹
2069 3237 2113 3294 C
2151 3230 2241 3298 qui
2315 3230 2418 3282 ltuc
2465 3225 2824 3288 accurriu'tus,
2859 3223 2924 3276 ab
2979 3218 3490 3278 innumerabililnts,
3529 3223 3583 3266 et
3622 3211 3725 3266 sibi

466 3310 702 3366 casibus.

542 3403 705 3458 XVII.
738 3401 904 3456 Ilodie
955 3399 1302 3454 celebrantur
1353 3397 1594 3450 encamia
1667 3402 1866 3446 nostra:
1901 3391 2045 3443 inte-

474 3507 713 3551 meratae.
761 3496 826 3547 Et
857 3494 976 3560 quis
1030 3506 1097 3544 ex
1163 3490 1294 3542 viris
1345 3486 1656 3555 terrigenis,
1705 3494 1760 3539 et
1809 3499 1893 3546 ea,
1931 3495 2048 3549 qua:

471 3599 597 3643 sunt
631 3589 745 3652 Dei,
778 3586 1098 3646 scientibus,
1127 3597 1230 3635 non
1252 3579 1540 3641 exsilierit,
1573 3586 1626 3632 et
1657 3593 1758 3630 non
1789 3574 2048 3644 praeclare

472 3695 633 3749 supra
673 3679 846 3732 nivem
885 3675 1168 3730 dealbatus
1203 3672 1392 3736 fuerit,
1424 3679 1479 3725 et
1510 3670 1694 3724 animo
1721 3677 1776 3722 et
1808 3666 2049 3721 moribus

475 3772 756 3829 mutatus?
787 3770 864 3824 Ita
898 3771 1041 3821 enim
1077 3769 1127 3821 in
1167 3768 1272 3831 ibis
1304 3767 1509 3819 erimus
1544 3764 1663 3819 sine
1705 3760 1965 3832 periculo,
2004 3758 2048 3811 si

483 3867 718 3919 maxime
760 3879 880 3917 cum
919 3871 1063 3916 metu
1100 3867 1154 3912 et
1187 3867 1420 3912 tremore
1449 3864 1503 3910 et
1551 3852 1778 3921 spiritali
1815 3849 2049 3903 exsulta-

484 3957 624 4010 tione
691 3956 740 4008 in
793 3952 844 4006 id
875 3950 1270 4020 ingrediantur.
1307 3942 1752 4008 llodietemplum
1775 3936 2056 3991 dedicatur

482 4049 642 4117 hujus
674 4043 1064 4118 gloriosaeDei
1121 4040 1312 4094 Matris
1344 4038 1396 4091 in
1433 4035 1574 4106 quod
1617 4033 1684 4087 ab
1736 4031 1960 4087 Oriente
2004 4038 2057 4079 et

481 4139 789 4201 Occidente,
827 4155 853 4188 a
895 4132 1277 4200 Septentrione
1305 4139 1358 4183 et
1381 4128 1540 4190 mari,
1577 4140 1765 4178 omnes
1802 4121 2057 4176 ardenter

482 4247 535 4286 e'.
561 4233 789 4287 fideliter
815 4227 1093 4282 confluunt
1119 4233 1174 4278 et
1209 4219 1482 4290 spiritales
1504 4217 1684 4272 cultus
1712 4225 1831 4269 cum
1865 4213 2059 4265 timore

487 4333 771 4398 peragunt,
796 4333 847 4375 et
884 4323 1050 4373 Demn
1080 4333 1144 4371 ex
1174 4317 1338 4371 corde
1373 4329 1480 4366 non
1514 4319 1731 4364 cessant
1755 4306 2059 4377 glorificare

485 4438 514 4473 a
554 4417 726 4472 media
781 4423 956 4473 nocte,
998 4419 1162 4478 atque
1213 4407 1352 4460 adeo
1405 4410 1664 4472 perpetuo
1716 4407 1968 4468 prompto
2008 4406 2062 4447 et

484 4509 655 4564 alacri
710 4507 932 4566 animo,
983 4498 1275 4554 assimilari
1330 4493 1536 4564 angelis
1591 4498 1644 4544 et
1699 4485 2056 4553 archangelis.

2153 3321 2383 3372 invicem
2414 3315 2834 3372 succedentibus
2858 3311 3241 3366 afﬂictionibus
3270 3351 3284 3374 ,
3321 3319 3372 3361 et
3399 3303 3732 3375 turpissimis

2153 3411 2523 3480 improborum
2561 3408 2841 3462 hominum
2879 3403 3183 3458 maledictis
3245 3399 3478 3458 liberati,
3515 3414 3562 3450 ct
3602 3396 3730 3450 tecti

2153 3505 2256 3560 sub
2287 3503 2386 3556 alis
2408 3503 2522 3571 ejus
2552 3497 2978 3558 intercessionis,
3004 3495 3399 3564 suppeditatum
3437 3491 3728 3550 rationem,

2153 3606 2207 3652 et
2245 3595 2522 3664 sapientiae
2557 3594 2918 3660 cognitionem
2955 3591 3184 3657 desuper
3207 3603 3235 3640 a
3263 3587 3371 3639 filio
3396 3601 3457 3638 ex
3497 3593 3731 3644 cauato,

2157 3705 2251 3758 per
2287 3690 2456 3756 ipsam
2486 3687 2856 3745 admittentes,
2895 3697 3016 3735 cum
3069 3681 3210 3749 loqui
3266 3679 3405 3746 jussi
3448 3677 3732 3738 fueriums,

2155 3781 2273 3834 siue
2302 3780 2684 3846 impedimento
2717 3777 3015 3829 clamamus
3046 3790 3110 3826 ex
3144 3773 3328 3836 eorde,
3387 3771 3684 3823 rlamemus
3716 3784 3732 3820 :

2159 3874 2233 3927 Ne
2263 3871 2516 3926 assiduas
2557 3881 2772 3922 nostras
2822 3882 3012 3935 preaes
3046 3865 3320 3932 repudies,
3356 3878 3422 3917 ne
3456 3861 3734 3930 repudies,

2159 3967 2562 4020 oiutemerata.
2625 3959 2859 4012 Defende
2910 3974 3008 4011 nos
3037 3955 3338 4011 secundum
3379 3969 3626 4022 magnam
3681 3961 3738 4004 et

2161 4058 2434 4125 copiosam
2492 4052 2924 4107 misericordiam
2957 4061 3127 4112 tuam,
3161 4065 3193 4102 ο
3247 4047 3494 4101 Domina.
3530 4043 3738 4109 Frange

2162 4149 2476 4206 scbedulam
2530 4147 2920 4201 immensarum
2960 4153 3272 4197 nostrorum
3305 4139 3571 4194 malorum
3609 4137 3735 4198 luis,

2161 4258 2280 4310 qua:
2313 4256 2586 4308 nunquam
2622 4238 2921 4298 dormiunt,
2979 4231 3484 4294 intercessionibus,
3517 4245 3548 4282 0
3605 4229 3740 4294 opti-

2166 4349 2272 4386 tna.
2303 4329 2413 4384 Nos
2441 4339 2568 4382 ante
2599 4328 2760 4381 linem
2806 4325 3036 4381 concilia
3069 4335 3158 4377 tuo
3187 4319 3522 4375 misericordi
3566 4328 3616 4370 et
3644 4317 3730 4381 ju-

2166 4434 2250 4478 sto
2269 4420 2462 4489 judici,
2510 4417 2650 4472 Filio
2680 4426 2734 4472 el.
2765 4417 2894 4471 Deo.
2952 4417 3152 4469 Sumus
3201 4413 3344 4465 enim
3403 4410 3562 4477 plane
3592 4407 3738 4460 omni

2167 4506 2413 4563 destituti
2443 4505 2637 4558 fiducia
2669 4517 2718 4559 et
2745 4504 2994 4569 audacia,
3026 4512 3248 4574 propter
3282 4499 3658 4568 negligentiam
3686 4505 3744 4550 et

487 4601 660 4657 Hodie
710 4597 994 4653 dedicatur
1026 4591 1284 4660 ιθιιινιυιη
1333 4588 1494 4656 Βεείε
1526 4581 1730 4638 Christi
1763 4577 1966 4640 M‘miSt
2006 4576 2056 4626 i”
2093 4573 2136 4626 θ
2171 4599 2566 4655 multitudinem
2619 4609 2988 4667 peccatorum.
3030 4573 3150 4649 Sed
3189 4609 3439 4661 magnam
3497 4591 3604 4644 vim
3640 4590 3741 4642 ba-

486 4710 596 4763 quo
623 4691 798 4748 omnis
827 4687 1110 4757 Scriptura
1134 4699 1162 4736 a
1193 4682 1300 4735 Deo
1331 4680 1595 4749 inspirata
1621 4684 1675 4730 et
1697 4673 1844 4727 utilis
1866 4671 2062 4737 legitur

491 4787 558 4842 ad
594 4785 883 4839 utilitatem
936 4781 1238 4835 animarum
1285 4770 1785 4828 innumerabilium.
1844 4763 2059 4818 Etenim

490 4896 553 4935 ex
588 4876 779 4947 quavis
804 4869 1274 4929 Cbristianissimo
1304 4864 1498 4921 ordine
1555 4865 1606 4916 in
1645 4862 1695 4913 id
1731 4874 1922 4928 magno
1949 4868 2064 4910 stu-

493 4972 581 5024 dio
621 4967 906 5023 confluunt
961 4964 1243 5033 pontilices
1274 4973 1328 5013 et
1359 4970 1533 5026 reges,
1567 4953 1840 5022 principes
1865 4961 1917 5004 et
1955 4967 2064 5000 ma-

489 5064 772 5132 gistratus,
814 5056 1009 5108 divites
1057 5067 1112 5107 et
1163 5064 1451 5122 pauperes,
1479 5048 1770 5100 iannatura
1814 5055 1969 5109 aetas,
2006 5051 2061 5094 et

494 5156 706 5225 piarmn
742 5149 1064 5202 feminarum
1091 5156 1330 5198 caterva.

563 5242 750 5298 XVIII.
781 5241 888 5294 Sed
927 5240 1050 5305 quis
1077 5246 1180 5290 tua:
1213 5235 1397 5305 gloria:
1431 5233 1678 5300 loquetur
1714 5227 2004 5293 magnalia,
2037 5238 2068 5276 ο

499 5332 862 5393 intemerata?
893 5330 1064 5386 Hodie
1119 5329 1401 5382 dedicatur
1430 5323 1686 5392 templum
1741 5334 1950 5388 sponsa:
1978 5333 2071 5368 ex-

497 5429 666 5497 pertis
723 5424 1033 5494 nuptiarum
1088 5418 1292 5481 Patris,
1325 5417 1414 5485 qui
1470 5431 1574 5468 non
1615 5420 1792 5481 potest
1823 5424 2072 5476 compre-

499 5521 685 5583 Izeudi,
723 5519 774 5570 in
829 5530 935 5583 quo
967 5511 1118 5565 ebori
1159 5509 1369 5576 piorum
1427 5518 1481 5559 et
1517 5507 1796 5558 doctorum
1829 5501 2068 5553 virorum

498 5616 550 5665 in
578 5612 766 5664 m-dine
815 5606 1140 5661 assisteutes
1168 5607 1222 5652 ct
1275 5597 1511 5651 indoctis
1545 5611 1650 5649 non
1685 5609 1904 5661 parvam
1933 5607 2069 5659 pra:-

499 5706 687 5760 bentes
721 5699 1007 5751 utilitatem
1045 5707 1312 5745 summam
1369 5688 1645 5755 accipiunt
1682 5682 2072 5738 remuneratio-

499 5809 639 5851 nem.
673 5791 772 5856 Qui
805 5789 946 5843 enim
983 5784 1240 5842 abducit,
1311 5778 1504 5847 inquit,
1551 5775 1770 5842 dignum
1800 5773 1865 5823 ab
1922 5769 2063 5822 indi-

607 5904 624 5934 τ
663 5900 862 5958 Jcrem.
892 5915 978 5965 xv,
1011 5901 1090 5952 ιυ.
1173 5896 1193 5927 ⁸
1223 5894 1378 5949 Prov.
1417 5909 1502 5957 XV,
1530 5891 1615 5945 50.
1711 5889 1730 5918 °
1763 5885 1912 5941 Psal.
1942 5891 2088 5947 sm,

2173 4694 2284 4757 bet,
2311 4708 2342 4744 ο
2373 4691 2772 4753 laudatissima,
2807 4688 3051 4758 precatio
3096 4686 3280 4741 Matris
3312 4686 3376 4738 ad
3410 4682 3529 4736 Filii
3562 4679 3747 4736 conci-

2170 4784 2406 4838 Iiandam
2471 4781 2930 4843 benevolentiam,
2991 4789 3049 4832 ut
3105 4775 3402 4832 credimus.
3439 4773 3576 4827 Cum
3614 4787 3746 4840 ergo

2175 4877 2376 4931 habeas
2413 4885 2713 4928 maternam
2746 4883 2795 4924 et
2832 4873 3103 4925 infinitam
3165 4872 3230 4921 ad
3286 4885 3411 4922 eum
3463 4865 3744 4927 fiduciam,

2172 4967 2263 5038 qui
2295 4984 2360 5021 ex
2399 4978 2448 5020 te
2505 4966 2623 5020 sine
2651 4966 2887 5018 Iluxione
2939 4961 3283 5016 itiembiliter
3317 4972 3468 5012 ortus
3501 4967 3610 5019 est,
3650 4973 3750 5010 nos

2172 5074 2386 5131 quoque
2429 5058 2514 5111 fac
2567 5058 2834 5111 bonorum
2871 5066 3200 5108 wternorum
3259 5051 3567 5120 participes,
3596 5050 3749 5101 etab

2174 5152 2316 5207 omni
2377 5149 2524 5218 gravi
2592 5148 2680 5202 hic
2747 5157 2800 5200 et
2861 5147 2972 5199 illic
3029 5145 3201 5199 libera
3234 5143 3550 5195 afﬂictione.
3585 5138 3745 5192 Potes

2171 5246 2316 5300 enim
2343 5243 2525 5298 Omnia
2561 5251 2639 5306 tu,
2673 5255 2792 5308 «pne
2826 5254 2882 5291 es
2908 5237 3193 5305 plusquam
3230 5235 3509 5287 benedicta
3547 5241 3601 5284 et
3627 5229 3745 5298 glo-

2179 5340 2348 5400 riosa,
2385 5345 2494 5388 uta
2541 5344 2592 5385 te
2627 5331 2905 5396 custoditi,
2934 5341 2988 5384 et
3035 5332 3100 5382 de
3131 5340 3181 5383 te
3221 5329 3537 5396 gloriantes,
3582 5323 3748 5377 emit-

2179 5439 2355 5481 tamus
2391 5427 2616 5495 gloriam
2643 5434 2697 5478 et
2725 5423 3024 5492 gratiarum
3059 5421 3325 5474 actionem
3371 5420 3422 5471 in
3464 5417 3563 5470 boc
3594 5429 3753 5469 vene-

2180 5522 2348 5574 rando
2382 5516 2602 5583 templo,
2641 5526 2692 5568 et
2721 5515 3028 5582 ubicunque
3073 5516 3265 5574 simus,
3297 5510 3462 5574 i‘atri,
3505 5517 3556 5560 et
3587 5504 3750 5572 Filio,

2180 5623 2232 5663 cl
2264 5617 2454 5663 sancto
2511 5607 2762 5678 Spiritui,
2818 5621 2961 5659 nunc
3009 5615 3060 5658 et
3093 5619 3307 5671 semper
3334 5610 3386 5654 et
3441 5602 3492 5652 itt
3526 5593 3746 5652 sarcula.

2180 5704 2370 5755 Auzeu.
