  <div class='ocr_page' id='page_1' title='image "/cluster/home/n/w/nwhite01/storage/ocr_20150623/131/hvd.32044054759923/013.png"; bbox 0 0 4040 6208; ppageno 0'>
   <div class='ocr_carea' id='block_1_1' title="bbox 176 280 249 340">
    <p class='ocr_par' dir='ltr' id='par_1_1' title="bbox 176 280 249 340">
     <span class='ocr_line' id='line_1_1' title="bbox 176 280 249 340; baseline 0 0"><span class='ocrx_word' id='word_1_1' title='bbox 176 280 249 340; x_wconf 78' lang='grc' dir='ltr'>Η</span> 
     </span>
    </p>
   </div>
   <div class='ocr_carea' id='block_1_2' title="bbox 874 280 2868 369">
    <p class='ocr_par' dir='ltr' id='par_1_2' title="bbox 874 280 2868 369">
     <span class='ocr_line' id='line_1_2' title="bbox 874 280 2868 369; baseline 0.002 -27"><span class='ocrx_word' id='word_1_2' title='bbox 874 280 1258 345; x_wconf 83' lang='lat' dir='ltr'><strong><em>FULGONIS</em></strong></span> <span class='ocrx_word' id='word_1_3' title='bbox 1298 280 1896 347; x_wconf 79' lang='lat' dir='ltr'><strong><em>ABGHIEPISGOPI</em></strong></span> <span class='ocrx_word' id='word_1_4' title='bbox 1941 282 2397 348; x_wconf 83' lang='lat' dir='ltr'><strong><em>RHEMENSIS</em></strong></span> <span class='ocrx_word' id='word_1_5' title='bbox 2442 283 2868 369; x_wconf 70' lang='lat' dir='ltr'><strong><em>EPISTQLAE.</em></strong></span> 
     </span>
    </p>
   </div>
   <div class='ocr_carea' id='block_1_3' title="bbox 3504 288 3579 350">
    <p class='ocr_par' dir='ltr' id='par_1_3' title="bbox 3504 288 3579 350">
     <span class='ocr_line' id='line_1_3' title="bbox 3504 288 3579 350; baseline 0.013 -1"><span class='ocrx_word' id='word_1_6' title='bbox 3504 288 3579 350; x_wconf 79' lang='grc'><strong><em>12</em></strong></span> 
     </span>
    </p>
   </div>
   <div class='ocr_carea' id='block_1_4' title="bbox 176 414 3579 500">
    <p class='ocr_par' dir='ltr' id='par_1_4' title="bbox 176 414 3579 500">
     <span class='ocr_line' id='line_1_4' title="bbox 176 414 3579 500; baseline 0.002 -31"><span class='ocrx_word' id='word_1_7' title='bbox 176 414 640 500; x_wconf 53' lang='grc' dir='ltr'><strong><em>σοηιξιαιιιςξλξεοίςς</em></strong></span> <span class='ocrx_word' id='word_1_8' title='bbox 662 417 868 487; x_wconf 83' lang='lat' dir='ltr'><strong><em>peteret</em></strong></span> <span class='ocrx_word' id='word_1_9' title='bbox 894 416 1228 500; x_wconf 66' lang='lat' dir='ltr'><strong><em>alloquium,</em></strong></span> <span class='ocrx_word' id='word_1_10' title='bbox 1265 434 1407 500; x_wconf 41' lang='lat' dir='ltr'><strong><em>cum.</em></strong></span> <span class='ocrx_word' id='word_1_11' title='bbox 1434 417 1497 500; x_wconf 78' lang='lat' dir='ltr'><strong><em>in</em></strong></span> <span class='ocrx_word' id='word_1_12' title='bbox 1552 420 1664 500; x_wconf 51' lang='lat' dir='ltr'><strong><em>via</em></strong></span> <span class='ocrx_word' id='word_1_13' title='bbox 1689 418 1824 475; x_wconf 86' lang='lat' dir='ltr'><strong><em>duce</em></strong></span> <span class='ocrx_word' id='word_1_14' title='bbox 1852 420 1908 486; x_wconf 84' lang='grc' dir='ltr'><strong>Α</strong></span> <span class='ocrx_word' id='word_1_15' title='bbox 1938 421 2208 500; x_wconf 64' lang='lat' dir='ltr'><strong><em>pag._§51_</em></strong></span> <span class='ocrx_word' id='word_1_16' title='bbox 2237 419 2405 500; x_wconf 77' lang='lat' dir='ltr'><strong><em>Multa</em></strong></span> <span class='ocrx_word' id='word_1_17' title='bbox 2426 436 2660 491; x_wconf 87' lang='lat' dir='ltr'><strong><em>quoque</em></strong></span> <span class='ocrx_word' id='word_1_18' title='bbox 2692 422 2832 500; x_wconf 81' lang='lat' dir='ltr'><strong><em>bona</em></strong></span> <span class='ocrx_word' id='word_1_19' title='bbox 2861 422 2923 475; x_wconf 89' lang='lat' dir='ltr'><strong><em>in</em></strong></span> <span class='ocrx_word' id='word_1_20' title='bbox 2954 419 3053 473; x_wconf 85' lang='lat' dir='ltr'><strong><em>hac</em></strong></span> <span class='ocrx_word' id='word_1_21' title='bbox 3073 418 3202 500; x_wconf 79' lang='lat' dir='ltr'><strong><em>sede</em></strong></span> <span class='ocrx_word' id='word_1_22' title='bbox 3254 419 3579 500; x_wconf 84' lang='lat' dir='ltr'><strong><em>_Rhemensi,</em></strong></span> 
     </span>
    </p>
   </div>
   <div class='ocr_carea' id='block_1_5' title="bbox 173 484 1824 614">
    <p class='ocr_par' dir='ltr' id='par_1_5' title="bbox 173 484 1824 614">
     <span class='ocr_line' id='line_1_5' title="bbox 173 484 1824 614; baseline 0.003 -73"><span class='ocrx_word' id='word_1_23' title='bbox 173 484 423 614; x_wconf 42' lang='lat' dir='ltr'><strong><em>mitam.</em></strong></span> <span class='ocrx_word' id='word_1_24' title='bbox 446 484 770 570; x_wconf 73' lang='lat' dir='ltr'><strong><em>Winemaro,</em></strong></span> <span class='ocrx_word' id='word_1_25' title='bbox 802 484 1177 574; x_wconf 75' lang='lat' dir='ltr'><strong><em>aggredientes</em></strong></span> <span class='ocrx_word' id='word_1_26' title='bbox 1205 484 1666 575; x_wconf 75' lang='lat' dir='ltr'><strong><em>intercipiunt.Et</em></strong></span> <span class='ocrx_word' id='word_1_27' title='bbox 1695 506 1824 561; x_wconf 80' lang='lat' dir='ltr'><strong><em>qui-</em></strong></span> 
     </span>
     <span class='ocr_line' id='line_1_6' title="bbox 327 559 1824 614; baseline 0 0"><span class='ocrx_word' id='word_1_28' title='bbox 327 572 574 614; x_wconf 73' lang='lat' dir='ltr'><strong><em>primum</em></strong></span> <span class='ocrx_word' id='word_1_29' title='bbox 603 576 761 614; x_wconf 84' lang='lat' dir='ltr'><strong><em>auasi</em></strong></span> <span class='ocrx_word' id='word_1_30' title='bbox 791 559 857 614; x_wconf 88' lang='lat' dir='ltr'><strong><em>de</em></strong></span> <span class='ocrx_word' id='word_1_31' title='bbox 885 566 1137 614; x_wconf 77' lang='lat' dir='ltr'><strong><em>amicitia</em></strong></span> <span class='ocrx_word' id='word_1_32' title='bbox 1164 566 1213 614; x_wconf 90' lang='lat' dir='ltr'><strong><em>et</em></strong></span> <span class='ocrx_word' id='word_1_33' title='bbox 1234 566 1660 614; x_wconf 81' lang='lat' dir='ltr'><strong><em>recuoeratzone</em></strong></span> <span class='ocrx_word' id='word_1_34' title='bbox 1688 564 1824 614; x_wconf 79' lang='lat' dir='ltr'><strong><em>Bat-</em></strong></span> 
     </span>
    </p>
   </div>
   <div class='ocr_carea' id='block_1_6' title="bbox 325 558 1824 631">
    <p class='ocr_par' dir='ltr' id='par_1_6' title="bbox 325 558 1824 631">
     <span class='ocr_line' id='line_1_7' title="bbox 325 558 1824 631; baseline 0.004 -19"><span class='ocrx_word' id='word_1_35' title='bbox 325 558 574 631; x_wconf 81' lang='lat' dir='ltr'><strong><em>primum</em></strong></span> <span class='ocrx_word' id='word_1_36' title='bbox 603 560 763 631; x_wconf 88' lang='lat' dir='ltr'><strong><em>quasi</em></strong></span> <span class='ocrx_word' id='word_1_37' title='bbox 791 558 857 616; x_wconf 84' lang='lat' dir='ltr'><strong><em>de</em></strong></span> <span class='ocrx_word' id='word_1_38' title='bbox 885 561 1137 616; x_wconf 76' lang='lat' dir='ltr'><strong><em>amicitia</em></strong></span> <span class='ocrx_word' id='word_1_39' title='bbox 1164 566 1213 616; x_wconf 93' lang='lat' dir='ltr'><strong><em>et</em></strong></span> <span class='ocrx_word' id='word_1_40' title='bbox 1234 558 1660 631; x_wconf 83' lang='lat' dir='ltr'><strong><em>recuperatione</em></strong></span> <span class='ocrx_word' id='word_1_41' title='bbox 1687 558 1824 618; x_wconf 52' lang='lat' dir='ltr'><strong><em>Bal-</em></strong></span> 
     </span>
    </p>
   </div>
   <div class='ocr_carea' id='block_1_7' title="bbox 175 628 1824 703">
    <p class='ocr_par' dir='ltr' id='par_1_7' title="bbox 175 628 1824 703">
     <span class='ocr_line' id='line_1_8' title="bbox 175 628 1824 703; baseline 0.002 -18"><span class='ocrx_word' id='word_1_42' title='bbox 175 629 341 685; x_wconf 86' lang='lat' dir='ltr'><strong><em>duini</em></strong></span> <span class='ocrx_word' id='word_1_43' title='bbox 364 628 628 701; x_wconf 64' lang='lat' dir='ltr'><strong><em>a/fantur;</em></strong></span> <span class='ocrx_word' id='word_1_44' title='bbox 656 630 873 687; x_wconf 89' lang='lat' dir='ltr'><strong><em>demum</em></strong></span> <span class='ocrx_word' id='word_1_45' title='bbox 888 648 1011 688; x_wconf 88' lang='lat' dir='ltr'><strong><em>vero</em></strong></span> <span class='ocrx_word' id='word_1_46' title='bbox 1040 628 1401 700; x_wconf 80' lang='lat' dir='ltr'><strong><em>improvisum</em></strong></span> <span class='ocrx_word' id='word_1_47' title='bbox 1417 633 1623 689; x_wconf 85' lang='lat' dir='ltr'><strong><em>lanceis</em></strong></span> <span class='ocrx_word' id='word_1_48' title='bbox 1652 637 1824 703; x_wconf 86' lang='lat' dir='ltr'><strong><em>impe-</em></strong></span> 
     </span>
    </p>
   </div>
   <div class='ocr_carea' id='block_1_8' title="bbox 178 704 1826 775">
    <p class='ocr_par' dir='ltr' id='par_1_8' title="bbox 178 704 1826 775">
     <span class='ocr_line' id='line_1_9' title="bbox 178 704 1826 775; baseline 0.001 -18"><span class='ocrx_word' id='word_1_49' title='bbox 178 708 321 775; x_wconf 79' lang='lat' dir='ltr'><strong><em>tunt,</em></strong></span> <span class='ocrx_word' id='word_1_50' title='bbox 349 708 703 772; x_wconf 87' lang='lat' dir='ltr'><strong><em>prosternunt</em></strong></span> <span class='ocrx_word' id='word_1_51' title='bbox 733 719 797 758; x_wconf 92' lang='lat' dir='ltr'><strong><em>ac</em></strong></span> <span class='ocrx_word' id='word_1_52' title='bbox 818 705 1099 775; x_wconf 89' lang='lat' dir='ltr'><strong><em>perimunt</em></strong></span> <span class='ocrx_word' id='word_1_53' title='bbox 1117 720 1189 758; x_wconf 86' lang='lat' dir='ltr'><strong>xv</strong></span> <span class='ocrx_word' id='word_1_54' title='bbox 1218 704 1488 760; x_wconf 73' lang='lat' dir='ltr'><strong><em>Kalendas</em></strong></span> <span class='ocrx_word' id='word_1_55' title='bbox 1516 706 1625 761; x_wconf 89' lang='lat' dir='ltr'><strong><em>Jul.</em></strong></span> <span class='ocrx_word' id='word_1_56' title='bbox 1685 708 1826 775; x_wconf 86' lang='lat' dir='ltr'><strong><em>Qui—</em></strong></span> 
     </span>
    </p>
   </div>
   <div class='ocr_carea' id='block_1_9' title="bbox 178 772 1828 847">
    <p class='ocr_par' dir='ltr' id='par_1_9' title="bbox 178 772 1828 847">
     <span class='ocr_line' id='line_1_10' title="bbox 178 772 1828 847; baseline 0.003 -20"><span class='ocrx_word' id='word_1_57' title='bbox 178 772 311 847; x_wconf 82' lang='lat' dir='ltr'><strong><em>dam</em></strong></span> <span class='ocrx_word' id='word_1_58' title='bbox 337 786 463 828; x_wconf 84' lang='lat' dir='ltr'><strong><em>vero</em></strong></span> <span class='ocrx_word' id='word_1_59' title='bbox 482 789 708 829; x_wconf 88' lang='lat' dir='ltr'><strong><em>suorum</em></strong></span> <span class='ocrx_word' id='word_1_60' title='bbox 737 772 852 831; x_wconf 76' lang='lat' dir='ltr'><strong><em>sese</em></strong></span> <span class='ocrx_word' id='word_1_61' title='bbox 868 777 933 831; x_wconf 91' lang='lat' dir='ltr'><strong><em>ob</em></strong></span> <span class='ocrx_word' id='word_1_62' title='bbox 958 775 1196 830; x_wconf 87' lang='lat' dir='ltr'><strong><em>nimium</em></strong></span> <span class='ocrx_word' id='word_1_63' title='bbox 1218 777 1337 845; x_wconf 88' lang='lat' dir='ltr'><strong><em>ejus</em></strong></span> <span class='ocrx_word' id='word_1_64' title='bbox 1358 792 1608 831; x_wconf 90' lang='lat' dir='ltr'><strong><em>amorem</em></strong></span> <span class='ocrx_word' id='word_1_65' title='bbox 1656 772 1828 847; x_wconf 80' lang='lat' dir='ltr'><strong><em>super</em></strong></span> 
     </span>
    </p>
   </div>
   <div class='ocr_carea' id='block_1_10' title="bbox 179 846 1829 918">
    <p class='ocr_par' dir='ltr' id='par_1_10' title="bbox 179 846 1829 918">
     <span class='ocr_line' id='line_1_11' title="bbox 179 846 1829 918; baseline 0.002 -18"><span class='ocrx_word' id='word_1_66' title='bbox 179 846 364 918; x_wconf 82' lang='lat' dir='ltr'><strong><em>ipsum</em></strong></span> <span class='ocrx_word' id='word_1_67' title='bbox 383 847 806 918; x_wconf 77' lang='lat' dir='ltr'><strong><em>prosternentes,</em></strong></span> <span class='ocrx_word' id='word_1_68' title='bbox 826 847 1044 918; x_wconf 85' lang='lat' dir='ltr'><strong><em>pariter</em></strong></span> <span class='ocrx_word' id='word_1_69' title='bbox 1065 864 1190 902; x_wconf 89' lang='lat' dir='ltr'><strong><em>cum</em></strong></span> <span class='ocrx_word' id='word_1_70' title='bbox 1210 863 1269 902; x_wconf 91' lang='lat' dir='ltr'><strong><em>eo</em></strong></span> <span class='ocrx_word' id='word_1_71' title='bbox 1290 846 1557 916; x_wconf 66' lang='lat' dir='ltr'><strong><em>transﬁxi</em></strong></span> <span class='ocrx_word' id='word_1_72' title='bbox 1576 852 1629 903; x_wconf 87' lang='lat' dir='ltr'><strong><em>et</em></strong></span> <span class='ocrx_word' id='word_1_73' title='bbox 1657 846 1829 903; x_wconf 85' lang='lat' dir='ltr'><strong><em>inter-</em></strong></span> 
     </span>
    </p>
   </div>
   <div class='ocr_carea' id='block_1_11' title="bbox 179 916 1825 999">
    <p class='ocr_par' dir='ltr' id='par_1_11' title="bbox 179 916 1825 999">
     <span class='ocr_line' id='line_1_12' title="bbox 179 916 1825 999; baseline 0.001 -28"><span class='ocrx_word' id='word_1_74' title='bbox 179 916 354 999; x_wconf 71' lang='lat' dir='ltr'><strong><em>empti</em></strong></span> <span class='ocrx_word' id='word_1_75' title='bbox 381 920 533 971; x_wconf 84' lang='lat' dir='ltr'><strong><em>sunt.</em></strong></span> <span class='ocrx_word' id='word_1_76' title='bbox 568 917 765 999; x_wconf 64' lang='lat' dir='ltr'><strong><em>Ceteri</em></strong></span> <span class='ocrx_word' id='word_1_77' title='bbox 786 916 885 999; x_wconf 78' lang='lat' dir='ltr'><strong><em>qui</em></strong></span> <span class='ocrx_word' id='word_1_78' title='bbox 930 921 1251 999; x_wconf 80' lang='lat' dir='ltr'><strong><em>superfuere</em></strong></span> <span class='ocrx_word' id='word_1_79' title='bbox 1278 920 1364 999; x_wconf 77' lang='lat' dir='ltr'><strong><em>his</em></strong></span> <span class='ocrx_word' id='word_1_80' title='bbox 1391 921 1489 999; x_wconf 76' lang='lat' dir='ltr'><strong><em>gui</em></strong></span> <span class='ocrx_word' id='word_1_81' title='bbox 1517 919 1591 999; x_wconf 83' lang='lat' dir='ltr'><strong><em>ad</em></strong></span> <span class='ocrx_word' id='word_1_82' title='bbox 1645 918 1825 999; x_wconf 82' lang='lat' dir='ltr'><strong><em>hospi-</em></strong></span> 
     </span>
    </p>
   </div>
   <div class='ocr_carea' id='block_1_12' title="bbox 181 989 1829 1056">
    <p class='ocr_par' dir='ltr' id='par_1_12' title="bbox 181 989 1829 1056">
     <span class='ocr_line' id='line_1_13' title="bbox 181 989 1829 1056; baseline 0 -12"><span class='ocrx_word' id='word_1_83' title='bbox 181 989 323 1044; x_wconf 90' lang='lat' dir='ltr'><strong><em>talia</em></strong></span> <span class='ocrx_word' id='word_1_84' title='bbox 350 992 757 1056; x_wconf 83' lang='lat' dir='ltr'><strong><em>remanserant,</em></strong></span> <span class='ocrx_word' id='word_1_85' title='bbox 791 989 910 1046; x_wconf 70' lang='lat' dir='ltr'><strong><em>haec</em></strong></span> <span class='ocrx_word' id='word_1_86' title='bbox 928 989 1179 1045; x_wconf 71' lang='lat' dir='ltr'><strong><em>maxima</em></strong></span> <span class='ocrx_word' id='word_1_87' title='bbox 1224 992 1317 1045; x_wconf 89' lang='lat' dir='ltr'><strong><em>sui</em></strong></span> <span class='ocrx_word' id='word_1_88' title='bbox 1370 989 1576 1045; x_wconf 86' lang='lat' dir='ltr'><strong><em>doloris</em></strong></span> <span class='ocrx_word' id='word_1_89' title='bbox 1630 989 1829 1045; x_wconf 79' lang='lat' dir='ltr'><strong><em>nuntia</em></strong></span> 
     </span>
    </p>
   </div>
   <div class='ocr_carea' id='block_1_13' title="bbox 174 1061 1826 1133">
    <p class='ocr_par' dir='ltr' id='par_1_13' title="bbox 174 1061 1826 1133">
     <span class='ocr_line' id='line_1_14' title="bbox 174 1061 1826 1133; baseline -0.001 -16"><span class='ocrx_word' id='word_1_90' title='bbox 174 1061 424 1133; x_wconf 83' lang='lat' dir='ltr'><strong><em>portant.</em></strong></span> <span class='ocrx_word' id='word_1_91' title='bbox 491 1061 600 1128; x_wconf 85' lang='lat' dir='ltr'><strong><em>Qui</em></strong></span> <span class='ocrx_word' id='word_1_92' title='bbox 643 1062 893 1117; x_wconf 81' lang='lat' dir='ltr'><strong><em>novitate</em></strong></span> <span class='ocrx_word' id='word_1_93' title='bbox 944 1062 1205 1132; x_wconf 85' lang='lat' dir='ltr'><strong><em>perculsi,</em></strong></span> <span class='ocrx_word' id='word_1_94' title='bbox 1257 1062 1537 1133; x_wconf 87' lang='lat' dir='ltr'><strong><em>armisque</em></strong></span> <span class='ocrx_word' id='word_1_95' title='bbox 1600 1063 1826 1130; x_wconf 83' lang='lat' dir='ltr'><strong><em>muniti,</em></strong></span> 
     </span>
    </p>
   </div>
   <div class='ocr_carea' id='block_1_14' title="bbox 174 1133 1829 1205">
    <p class='ocr_par' dir='ltr' id='par_1_14' title="bbox 174 1133 1829 1205">
     <span class='ocr_line' id='line_1_15' title="bbox 174 1133 1829 1205; baseline 0.002 -21"><span class='ocrx_word' id='word_1_96' title='bbox 174 1144 524 1205; x_wconf 81' lang='lat' dir='ltr'><strong><em>percussores</em></strong></span> <span class='ocrx_word' id='word_1_97' title='bbox 554 1133 791 1203; x_wconf 80' lang='lat' dir='ltr'><strong><em>episcopi</em></strong></span> <span class='ocrx_word' id='word_1_98' title='bbox 820 1140 1089 1191; x_wconf 77' lang='lat' dir='ltr'><strong><em>conantur</em></strong></span> <span class='ocrx_word' id='word_1_99' title='bbox 1115 1134 1324 1188; x_wconf 84' lang='lat' dir='ltr'><strong><em>ultione</em></strong></span> <span class='ocrx_word' id='word_1_100' title='bbox 1351 1134 1580 1189; x_wconf 86' lang='lat' dir='ltr'><strong><em>adoriri.</em></strong></span> <span class='ocrx_word' id='word_1_101' title='bbox 1612 1134 1829 1205; x_wconf 81' lang='lat' dir='ltr'><strong><em>Quibus</em></strong></span> 
     </span>
    </p>
   </div>
   <div class='ocr_carea' id='block_1_15' title="bbox 178 1203 1831 1275">
    <p class='ocr_par' dir='ltr' id='par_1_15' title="bbox 178 1203 1831 1275">
     <span class='ocr_line' id='line_1_16' title="bbox 178 1203 1831 1275; baseline 0.001 -18"><span class='ocrx_word' id='word_1_102' title='bbox 178 1203 419 1275; x_wconf 82' lang='lat' dir='ltr'><strong><em>minime</em></strong></span> <span class='ocrx_word' id='word_1_103' title='bbox 446 1205 699 1275; x_wconf 80' lang='lat' dir='ltr'><strong><em>repertis,</em></strong></span> <span class='ocrx_word' id='word_1_104' title='bbox 732 1220 927 1275; x_wconf 88' lang='lat' dir='ltr'><strong><em>corpus</em></strong></span> <span class='ocrx_word' id='word_1_105' title='bbox 954 1206 1214 1260; x_wconf 72' lang='lat' dir='ltr'><strong><em>exanime</em></strong></span> <span class='ocrx_word' id='word_1_106' title='bbox 1244 1207 1524 1260; x_wconf 82' lang='lat' dir='ltr'><strong><em>immensis</em></strong></span> <span class='ocrx_word' id='word_1_107' title='bbox 1562 1203 1831 1275; x_wconf 72' lang='lat' dir='ltr'><strong><em>ejulantes</em></strong></span> 
     </span>
    </p>
   </div>
   <div class='ocr_carea' id='block_1_16' title="bbox 224 1272 1830 1346">
    <p class='ocr_par' dir='ltr' id='par_1_16' title="bbox 224 1272 1830 1346">
     <span class='ocr_line' id='line_1_17' title="bbox 224 1272 1830 1346; baseline 0.001 -17"><span class='ocrx_word' id='word_1_108' title='bbox 224 1272 550 1346; x_wconf 80' lang='lat' dir='ltr'><strong><em>langoribus</em></strong></span> <span class='ocrx_word' id='word_1_109' title='bbox 570 1276 771 1343; x_wconf 83' lang='lat' dir='ltr'><strong><em>levant,</em></strong></span> <span class='ocrx_word' id='word_1_110' title='bbox 802 1272 853 1331; x_wconf 78' lang='lat' dir='ltr'><strong><em>et</em></strong></span> <span class='ocrx_word' id='word_1_111' title='bbox 881 1292 1009 1331; x_wconf 86' lang='lat' dir='ltr'><strong><em>cum</em></strong></span> <span class='ocrx_word' id='word_1_112' title='bbox 1039 1278 1254 1346; x_wconf 80' lang='lat' dir='ltr'><strong><em>ingenti</em></strong></span> <span class='ocrx_word' id='word_1_113' title='bbox 1301 1292 1528 1331; x_wconf 84' lang='lat' dir='ltr'><strong><em>suorum</em></strong></span> <span class='ocrx_word' id='word_1_114' title='bbox 1583 1272 1830 1331; x_wconf 86' lang='lat' dir='ltr'><strong><em>omnium</em></strong></span> 
     </span>
    </p>
   </div>
   <div class='ocr_carea' id='block_1_17' title="bbox 205 1345 1830 1417">
    <p class='ocr_par' dir='ltr' id='par_1_17' title="bbox 205 1345 1830 1417">
     <span class='ocr_line' id='line_1_18' title="bbox 205 1345 1830 1417; baseline -0.001 -15"><span class='ocrx_word' id='word_1_115' title='bbox 205 1348 338 1402; x_wconf 80' lang='lat' dir='ltr'><strong><em>uetu</em></strong></span> <span class='ocrx_word' id='word_1_116' title='bbox 363 1345 721 1403; x_wconf 85' lang='lat' dir='ltr'><strong><em>Rhemensem</em></strong></span> <span class='ocrx_word' id='word_1_117' title='bbox 748 1347 821 1402; x_wconf 88' lang='lat' dir='ltr'><strong><em>ad</em></strong></span> <span class='ocrx_word' id='word_1_118' title='bbox 848 1347 1039 1402; x_wconf 87' lang='lat' dir='ltr'><strong><em>urbem</em></strong></span> <span class='ocrx_word' id='word_1_119' title='bbox 1068 1345 1344 1417; x_wconf 83' lang='lat' dir='ltr'><strong><em>deferunt.</em></strong></span> <span class='ocrx_word' id='word_1_120' title='bbox 1378 1348 1459 1402; x_wconf 89' lang='lat' dir='ltr'><strong><em>Ibi</em></strong></span> <span class='ocrx_word' id='word_1_121' title='bbox 1497 1348 1715 1403; x_wconf 83' lang='lat' dir='ltr'><strong><em>tandem</em></strong></span> <span class='ocrx_word' id='word_1_122' title='bbox 1746 1349 1830 1402; x_wconf 88' lang='lat' dir='ltr'><strong><em>lo-</em></strong></span> 
     </span>
    </p>
   </div>
   <div class='ocr_carea' id='block_1_18' title="bbox 182 1417 1830 1492">
    <p class='ocr_par' dir='ltr' id='par_1_18' title="bbox 182 1417 1830 1492">
     <span class='ocr_line' id='line_1_19' title="bbox 182 1417 1830 1492; baseline 0 -19"><span class='ocrx_word' id='word_1_123' title='bbox 182 1425 301 1485; x_wconf 77' lang='lat' dir='ltr'><strong><em>tum</em></strong></span> <span class='ocrx_word' id='word_1_124' title='bbox 329 1424 384 1475; x_wconf 91' lang='lat' dir='ltr'><strong><em>et</em></strong></span> <span class='ocrx_word' id='word_1_125' title='bbox 411 1417 598 1492; x_wconf 83' lang='lat' dir='ltr'><strong><em>dignis</em></strong></span> <span class='ocrx_word' id='word_1_126' title='bbox 627 1420 873 1492; x_wconf 77' lang='lat' dir='ltr'><strong><em>exequiis</em></strong></span> <span class='ocrx_word' id='word_1_127' title='bbox 903 1418 1233 1492; x_wconf 82' lang='lat' dir='ltr'><strong><em>honoratum</em></strong></span> <span class='ocrx_word' id='word_1_128' title='bbox 1260 1418 1472 1492; x_wconf 83' lang='lat' dir='ltr'><strong><em>decenti</em></strong></span> <span class='ocrx_word' id='word_1_129' title='bbox 1518 1422 1595 1474; x_wconf 88' lang='lat' dir='ltr'><strong><em>est</em></strong></span> <span class='ocrx_word' id='word_1_130' title='bbox 1647 1420 1830 1491; x_wconf 86' lang='lat' dir='ltr'><strong><em>sepul-</em></strong></span> 
     </span>
    </p>
   </div>
   <div class='ocr_carea' id='block_1_19' title="bbox 185 1489 1831 1617">
    <p class='ocr_par' dir='ltr' id='par_1_19' title="bbox 185 1489 1831 1617">
     <span class='ocr_line' id='line_1_20' title="bbox 185 1489 1831 1617; baseline 0.001 -73"><span class='ocrx_word' id='word_1_131' title='bbox 185 1496 323 1617; x_wconf 48' lang='lat' dir='ltr'><strong><em>tizrae</em></strong></span> <span class='ocrx_word' id='word_1_132' title='bbox 347 1489 695 1546; x_wconf 86' lang='lat' dir='ltr'><strong><em>mandatum.</em></strong></span> <span class='ocrx_word' id='word_1_133' title='bbox 730 1489 896 1561; x_wconf 79' lang='lat' dir='ltr'><strong><em>Cujus</em></strong></span> <span class='ocrx_word' id='word_1_134' title='bbox 926 1490 1169 1546; x_wconf 88' lang='lat' dir='ltr'><strong><em>antistiis</em></strong></span> <span class='ocrx_word' id='word_1_135' title='bbox 1225 1492 1322 1545; x_wconf 86' lang='lat' dir='ltr'><strong><em>hoc</em></strong></span> <span class='ocrx_word' id='word_1_136' title='bbox 1372 1490 1603 1545; x_wconf 86' lang='lat' dir='ltr'><strong><em>habetur</em></strong></span> <span class='ocrx_word' id='word_1_137' title='bbox 1659 1489 1831 1563; x_wconf 80' lang='lat' dir='ltr'><strong><em>epita-</em></strong></span> 
     </span>
     <span class='ocr_line' id='line_1_21' title="bbox 185 1576 408 1617; baseline 0 0"><span class='ocrx_word' id='word_1_138' title='bbox 185 1576 217 1617; x_wconf 78' lang='grc' dir='ltr'><strong><em>υ</em></strong></span> <span class='ocrx_word' id='word_1_139' title='bbox 261 1577 408 1617; x_wconf 82' lang='lat' dir='ltr'><strong><em>ium:</em></strong></span> 
     </span>
    </p>
   </div>
   <div class='ocr_carea' id='block_1_20' title="bbox 181 1576 408 1631">
    <p class='ocr_par' dir='ltr' id='par_1_20' title="bbox 181 1576 408 1631">
     <span class='ocr_line' id='line_1_22' title="bbox 181 1576 408 1631; baseline 0 -13"><span class='ocrx_word' id='word_1_140' title='bbox 181 1576 408 1631; x_wconf 73' lang='lat' dir='ltr'><strong><em>patum:</em></strong></span> 
     </span>
    </p>
   </div>
   <div class='ocr_carea' id='block_1_21' title="bbox 340 1667 1721 1737">
    <p class='ocr_par' dir='ltr' id='par_1_21' title="bbox 340 1667 1721 1737">
     <span class='ocr_line' id='line_1_23' title="bbox 340 1667 1721 1737; baseline -0.001 -18"><span class='ocrx_word' id='word_1_141' title='bbox 340 1669 470 1737; x_wconf 83' lang='lat' dir='ltr'><strong><em>Hoc_</em></strong></span> <span class='ocrx_word' id='word_1_142' title='bbox 478 1668 687 1737; x_wconf 77' lang='lat' dir='ltr'><strong><em>tumulo</em></strong></span> <span class='ocrx_word' id='word_1_143' title='bbox 716 1668 899 1737; x_wconf 79' lang='lat' dir='ltr'><strong><em>magni</em></strong></span> <span class='ocrx_word' id='word_1_144' title='bbox 923 1667 1174 1737; x_wconf 68' lang='lat' dir='ltr'><strong><em>Fulconis</em></strong></span> <span class='ocrx_word' id='word_1_145' title='bbox 1200 1668 1436 1737; x_wconf 78' lang='lat' dir='ltr'><strong><em>membra</em></strong></span> <span class='ocrx_word' id='word_1_146' title='bbox 1464 1669 1721 1737; x_wconf 85' lang='lat' dir='ltr'><strong><em>teguntur</em></strong></span> 
     </span>
    </p>
   </div>
   <div class='ocr_carea' id='block_1_22' title="bbox 436 1730 1455 1804">
    <p class='ocr_par' dir='ltr' id='par_1_22' title="bbox 436 1730 1455 1804">
     <span class='ocr_line' id='line_1_24' title="bbox 436 1730 1455 1804; baseline 0.003 -26"><span class='ocrx_word' id='word_1_147' title='bbox 436 1730 767 1804; x_wconf 60' lang='lat' dir='ltr'><strong><em>Bbemorum</em></strong></span> <span class='ocrx_word' id='word_1_148' title='bbox 778 1730 932 1803; x_wconf 54' lang='lat' dir='ltr'><strong><em>sedis</em></strong></span> <span class='ocrx_word' id='word_1_149' title='bbox 962 1731 1206 1804; x_wconf 61' lang='lat' dir='ltr'><strong><em>presglis</em></strong></span> <span class='ocrx_word' id='word_1_150' title='bbox 1222 1732 1418 1804; x_wconf 76' lang='lat' dir='ltr'><strong><em>egregii</em></strong></span> <span class='ocrx_word' id='word_1_151' title='bbox 1442 1748 1455 1793; x_wconf 86' lang='lat'><strong>;</strong></span> 
     </span>
    </p>
   </div>
   <div class='ocr_carea' id='block_1_23' title="bbox 1938 491 3586 562">
    <p class='ocr_par' dir='ltr' id='par_1_23' title="bbox 1938 491 3586 562">
     <span class='ocr_line' id='line_1_25' title="bbox 1938 491 3586 562; baseline 0.002 -18"><span class='ocrx_word' id='word_1_152' title='bbox 1938 491 2018 545; x_wconf 86' lang='lat' dir='ltr'><strong><em>ait</em></strong></span> <span class='ocrx_word' id='word_1_153' title='bbox 2074 491 2453 556; x_wconf 83' lang='lat' dir='ltr'><strong><em>Flodoardus,</em></strong></span> <span class='ocrx_word' id='word_1_154' title='bbox 2508 494 2714 562; x_wconf 63' lang='lat' dir='ltr'><strong><em>praesul</em></strong></span> <span class='ocrx_word' id='word_1_155' title='bbox 2756 492 2844 546; x_wconf 83' lang='lat' dir='ltr'><strong><em>hic</em></strong></span> <span class='ocrx_word' id='word_1_156' title='bbox 2900 495 3152 562; x_wconf 88' lang='lat' dir='ltr'><strong><em>operatus</em></strong></span> <span class='ocrx_word' id='word_1_157' title='bbox 3189 495 3305 544; x_wconf 88' lang='lat' dir='ltr'><strong><em>est:</em></strong></span> <span class='ocrx_word' id='word_1_158' title='bbox 3360 507 3494 562; x_wconf 85' lang='lat' dir='ltr'><strong><em>nam</em></strong></span> <span class='ocrx_word' id='word_1_159' title='bbox 3534 499 3586 547; x_wconf 88' lang='lat' dir='ltr'><strong><em>et</em></strong></span> 
     </span>
    </p>
   </div>
   <div class='ocr_carea' id='block_1_24' title="bbox 1934 560 3583 634">
    <p class='ocr_par' dir='ltr' id='par_1_24' title="bbox 1934 560 3583 634">
     <span class='ocr_line' id='line_1_26' title="bbox 1934 560 3583 634; baseline 0.001 -18"><span class='ocrx_word' id='word_1_160' title='bbox 1934 564 2270 634; x_wconf 82' lang='lat' dir='ltr'><strong><em>episcopium</em></strong></span> <span class='ocrx_word' id='word_1_161' title='bbox 2298 563 2457 617; x_wconf 88' lang='lat' dir='ltr'><strong><em>rebus</em></strong></span> <span class='ocrx_word' id='word_1_162' title='bbox 2488 560 2794 634; x_wconf 81' lang='lat' dir='ltr'><strong><em>impetratis</em></strong></span> <span class='ocrx_word' id='word_1_163' title='bbox 2817 560 3090 634; x_wconf 75' lang='lat' dir='ltr'><strong><em>pluribus,</em></strong></span> <span class='ocrx_word' id='word_1_164' title='bbox 3142 564 3254 616; x_wconf 84' lang='lat' dir='ltr'><strong><em>tam</em></strong></span> <span class='ocrx_word' id='word_1_165' title='bbox 3306 560 3583 634; x_wconf 76' lang='lat' dir='ltr'><strong><em>monaste-</em></strong></span> 
     </span>
    </p>
   </div>
   <div class='ocr_carea' id='block_1_25' title="bbox 1938 633 3579 706">
    <p class='ocr_par' dir='ltr' id='par_1_25' title="bbox 1938 633 3579 706">
     <span class='ocr_line' id='line_1_27' title="bbox 1938 633 3579 706; baseline 0 -18"><span class='ocrx_word' id='word_1_166' title='bbox 1938 635 2020 688; x_wconf 85' lang='lat' dir='ltr'><strong><em>rio</em></strong></span> <span class='ocrx_word' id='word_1_167' title='bbox 2049 635 2329 689; x_wconf 83' lang='lat' dir='ltr'><strong><em>Avennaco</em></strong></span> <span class='ocrx_word' id='word_1_168' title='bbox 2351 651 2518 706; x_wconf 87' lang='lat' dir='ltr'><strong><em>quam</em></strong></span> <span class='ocrx_word' id='word_1_169' title='bbox 2546 633 2837 690; x_wconf 79' lang='lat' dir='ltr'><strong><em>nonnullis</em></strong></span> <span class='ocrx_word' id='word_1_170' title='bbox 2868 634 3003 688; x_wconf 87' lang='lat' dir='ltr'><strong><em>aliis</em></strong></span> <span class='ocrx_word' id='word_1_171' title='bbox 3031 650 3064 706; x_wconf 69' lang='grc' dir='ltr'><em>ᾳ</em></span> <span class='ocrx_word' id='word_1_172' title='bbox 3116 635 3342 706; x_wconf 80' lang='lat' dir='ltr'><strong><em>regibus</em></strong></span> <span class='ocrx_word' id='word_1_173' title='bbox 3385 651 3446 706; x_wconf 78' lang='lat' dir='ltr'><strong><em>ac</em></strong></span> <span class='ocrx_word' id='word_1_174' title='bbox 3494 633 3579 688; x_wconf 82' lang='lat' dir='ltr'><strong><em>di-</em></strong></span> 
     </span>
    </p>
   </div>
   <div class='ocr_carea' id='block_1_26' title="bbox 1936 703 3579 778">
    <p class='ocr_par' dir='ltr' id='par_1_26' title="bbox 1936 703 3579 778">
     <span class='ocr_line' id='line_1_28' title="bbox 1936 703 3579 778; baseline -0.001 -19"><span class='ocrx_word' id='word_1_175' title='bbox 1936 707 2106 760; x_wconf 87' lang='lat' dir='ltr'><strong><em>versis</em></strong></span> <span class='ocrx_word' id='word_1_176' title='bbox 2133 703 2382 778; x_wconf 77' lang='lat' dir='ltr'><strong><em>personis</em></strong></span> <span class='ocrx_word' id='word_1_177' title='bbox 2430 708 2658 761; x_wconf 86' lang='lat' dir='ltr'><strong><em>obtentis</em></strong></span> <span class='ocrx_word' id='word_1_178' title='bbox 2712 705 3139 778; x_wconf 87' lang='lat' dir='ltr'><strong><em>possessionibus</em></strong></span> <span class='ocrx_word' id='word_1_179' title='bbox 3195 703 3579 778; x_wconf 81' lang='lat' dir='ltr'><strong><em>amplificavit,</em></strong></span> 
     </span>
    </p>
   </div>
   <div class='ocr_carea' id='block_1_27' title="bbox 1936 776 3581 846">
    <p class='ocr_par' dir='ltr' id='par_1_27' title="bbox 1936 776 3581 846">
     <span class='ocr_line' id='line_1_29' title="bbox 1936 776 3581 846; baseline 0 -15"><span class='ocrx_word' id='word_1_180' title='bbox 1936 785 2100 846; x_wconf 88' lang='lat' dir='ltr'><strong><em>atque</em></strong></span> <span class='ocrx_word' id='word_1_181' title='bbox 2128 777 2354 831; x_wconf 79' lang='lat' dir='ltr'><strong><em>diversis</em></strong></span> <span class='ocrx_word' id='word_1_182' title='bbox 2378 776 2725 832; x_wconf 46' lang='lat' dir='ltr'><strong><em>muneribus&quot;</em></strong></span> <span class='ocrx_word' id='word_1_183' title='bbox 2751 787 2804 832; x_wconf 88' lang='lat' dir='ltr'><strong><em>et</em></strong></span> <span class='ocrx_word' id='word_1_184' title='bbox 2848 778 3187 832; x_wconf 86' lang='lat' dir='ltr'><strong><em>ornamentis</em></strong></span> <span class='ocrx_word' id='word_1_185' title='bbox 3246 776 3392 830; x_wconf 87' lang='lat' dir='ltr'><strong><em>hanc</em></strong></span> <span class='ocrx_word' id='word_1_186' title='bbox 3446 777 3581 831; x_wconf 86' lang='lat' dir='ltr'><strong><em>Rhe-</em></strong></span> 
     </span>
    </p>
   </div>
   <div class='ocr_carea' id='block_1_28' title="bbox 1934 848 3581 918">
    <p class='ocr_par' dir='ltr' id='par_1_28' title="bbox 1934 848 3581 918">
     <span class='ocr_line' id='line_1_30' title="bbox 1934 848 3581 918; baseline -0.001 -16"><span class='ocrx_word' id='word_1_187' title='bbox 1934 863 2177 903; x_wconf 86' lang='lat' dir='ltr'><strong><em>mensem</em></strong></span> <span class='ocrx_word' id='word_1_188' title='bbox 2206 849 2482 903; x_wconf 85' lang='lat' dir='ltr'><strong><em>ecclesiam</em></strong></span> <span class='ocrx_word' id='word_1_189' title='bbox 2522 849 2813 904; x_wconf 82' lang='lat' dir='ltr'><strong><em>decoravit.</em></strong></span> <span class='ocrx_word' id='word_1_190' title='bbox 2874 848 3011 918; x_wconf 86' lang='lat' dir='ltr'><strong><em>Ejus</em></strong></span> <span class='ocrx_word' id='word_1_191' title='bbox 3063 852 3344 918; x_wconf 89' lang='lat' dir='ltr'><strong><em>tempore,</em></strong></span> <span class='ocrx_word' id='word_1_192' title='bbox 3407 864 3581 915; x_wconf 89' lang='lat' dir='ltr'><strong><em>anno,</em></strong></span> 
     </span>
    </p>
   </div>
   <div class='ocr_carea' id='block_1_29' title="bbox 1938 918 3589 991">
    <p class='ocr_par' dir='ltr' id='par_1_29' title="bbox 1938 918 3589 991">
     <span class='ocr_line' id='line_1_31' title="bbox 1938 918 3589 991; baseline 0 -18"><span class='ocrx_word' id='word_1_193' title='bbox 1938 923 2003 973; x_wconf 87' lang='lat' dir='ltr'><strong><em>ut</em></strong></span> <span class='ocrx_word' id='word_1_194' title='bbox 2033 921 2316 989; x_wconf 87' lang='lat' dir='ltr'><strong><em>conjectat</em></strong></span> <span class='ocrx_word' id='word_1_195' title='bbox 2345 919 2599 987; x_wconf 87' lang='lat' dir='ltr'><strong><em>Mabilio,</em></strong></span> <span class='ocrx_word' id='word_1_196' title='bbox 2632 921 2755 984; x_wconf 66' lang='lat'><strong><em>89:3,</em></strong></span> <span class='ocrx_word' id='word_1_197' title='bbox 2812 919 3068 991; x_wconf 61' lang='lat' dir='ltr'><strong><em>reliquias</em></strong></span> <span class='ocrx_word' id='word_1_198' title='bbox 3126 919 3187 991; x_wconf 78' lang='lat' dir='ltr'><strong><em>S.</em></strong></span> <span class='ocrx_word' id='word_1_199' title='bbox 3242 918 3505 991; x_wconf 10' lang='lat' dir='ltr'><strong><em>rGibriani</em></strong></span> <span class='ocrx_word' id='word_1_200' title='bbox 3556 934 3589 973; x_wconf 91' lang='lat' dir='ltr'><strong><em>e</em></strong></span> 
     </span>
    </p>
   </div>
   <div class='ocr_carea' id='block_1_30' title="bbox 1938 988 3585 1063">
    <p class='ocr_par' dir='ltr' id='par_1_30' title="bbox 1938 988 3585 1063">
     <span class='ocr_line' id='line_1_32' title="bbox 1938 988 3585 1063; baseline -0.001 -18"><span class='ocrx_word' id='word_1_201' title='bbox 1938 1007 2086 1063; x_wconf 85' lang='lat' dir='ltr'><strong><em>pago</em></strong></span> <span class='ocrx_word' id='word_1_202' title='bbox 2108 988 2519 1047; x_wconf 80' lang='lat' dir='ltr'><strong><em>Catalaunensi</em></strong></span> <span class='ocrx_word' id='word_1_203' title='bbox 2548 992 2605 1045; x_wconf 90' lang='lat' dir='ltr'><strong><em>in</em></strong></span> <span class='ocrx_word' id='word_1_204' title='bbox 2639 988 3585 1063; x_wconf 36' lang='lat' dir='ltr'><strong><em>basilicam—Sﬂemigiitranslatae</em></strong></span> 
     </span>
    </p>
   </div>
   <div class='ocr_carea' id='block_1_31' title="bbox 1939 1061 3586 1135">
    <p class='ocr_par' dir='ltr' id='par_1_31' title="bbox 1939 1061 3586 1135">
     <span class='ocr_line' id='line_1_33' title="bbox 1939 1061 3586 1135; baseline -0.001 -19"><span class='ocrx_word' id='word_1_205' title='bbox 1939 1061 2097 1117; x_wconf 77' lang='lat' dir='ltr'><strong><em>sunt.</em></strong></span> <span class='ocrx_word' id='word_1_206' title='bbox 2131 1064 2409 1135; x_wconf 69' lang='lat' dir='ltr'><strong><em>Prae/atus</em></strong></span> <span class='ocrx_word' id='word_1_207' title='bbox 2438 1064 2670 1135; x_wconf 76' lang='lat' dir='ltr'><strong><em>denique</em></strong></span> <span class='ocrx_word' id='word_1_208' title='bbox 2709 1063 2922 1133; x_wconf 69' lang='lat' dir='ltr'><strong><em>praesul</em></strong></span> <span class='ocrx_word' id='word_1_209' title='bbox 2976 1062 3245 1117; x_wconf 86' lang='lat' dir='ltr'><strong><em>sollicitus</em></strong></span> <span class='ocrx_word' id='word_1_210' title='bbox 3300 1063 3447 1115; x_wconf 90' lang='lat' dir='ltr'><strong><em>circa</em></strong></span> <span class='ocrx_word' id='word_1_211' title='bbox 3487 1061 3586 1116; x_wconf 92' lang='lat' dir='ltr'><strong><em>Dei</em></strong></span> 
     </span>
    </p>
   </div>
   <div class='ocr_carea' id='block_1_32' title="bbox 1937 1134 3584 1203">
    <p class='ocr_par' dir='ltr' id='par_1_32' title="bbox 1937 1134 3584 1203">
     <span class='ocr_line' id='line_1_34' title="bbox 1937 1134 3584 1203; baseline 0 -16"><span class='ocrx_word' id='word_1_212' title='bbox 1937 1135 2147 1188; x_wconf 82' lang='lat' dir='ltr'><strong><em>cultum</em></strong></span> <span class='ocrx_word' id='word_1_213' title='bbox 2176 1143 2231 1189; x_wconf 88' lang='lat' dir='ltr'><strong><em>et</em></strong></span> <span class='ocrx_word' id='word_1_214' title='bbox 2269 1134 2521 1189; x_wconf 86' lang='lat' dir='ltr'><strong><em>ordinem</em></strong></span> <span class='ocrx_word' id='word_1_215' title='bbox 2545 1134 2997 1203; x_wconf 85' lang='lat' dir='ltr'><strong><em>eeclesiasticum,</em></strong></span> <span class='ocrx_word' id='word_1_216' title='bbox 3030 1149 3215 1187; x_wconf 89' lang='lat' dir='ltr'><strong><em>amore</em></strong></span> <span class='ocrx_word' id='word_1_217' title='bbox 3242 1148 3452 1203; x_wconf 89' lang='lat' dir='ltr'><strong><em>quoque</em></strong></span> <span class='ocrx_word' id='word_1_218' title='bbox 3496 1149 3584 1187; x_wconf 89' lang='lat' dir='ltr'><strong><em>sa-</em></strong></span> 
     </span>
    </p>
   </div>
   <div class='ocr_carea' id='block_1_33' title="bbox 1935 1205 3587 1275">
    <p class='ocr_par' dir='ltr' id='par_1_33' title="bbox 1935 1205 3587 1275">
     <span class='ocr_line' id='line_1_35' title="bbox 1935 1205 3587 1275; baseline -0.001 -17"><span class='ocrx_word' id='word_1_219' title='bbox 1935 1207 2163 1275; x_wconf 68' lang='lat' dir='ltr'><strong><em>pientiae</em></strong></span> <span class='ocrx_word' id='word_1_220' title='bbox 2189 1208 2423 1275; x_wconf 73' lang='lat' dir='ltr'><strong><em>feriens,</em></strong></span> <span class='ocrx_word' id='word_1_221' title='bbox 2484 1222 2612 1260; x_wconf 83' lang='lat' dir='ltr'><strong><em>suas</em></strong></span> <span class='ocrx_word' id='word_1_222' title='bbox 2667 1205 2876 1259; x_wconf 83' lang='lat' dir='ltr'><strong><em>scholas</em></strong></span> <span class='ocrx_word' id='word_1_223' title='bbox 2935 1206 3145 1259; x_wconf 82' lang='lat' dir='ltr'><strong><em>Rhemis</em></strong></span> <span class='ocrx_word' id='word_1_224' title='bbox 3198 1206 3587 1259; x_wconf 86' lang='lat' dir='ltr'><strong><em>canonicorum</em></strong></span> 
     </span>
    </p>
   </div>
   <div class='ocr_carea' id='block_1_34' title="bbox 1937 1275 3587 1347">
    <p class='ocr_par' dir='ltr' id='par_1_34' title="bbox 1937 1275 3587 1347">
     <span class='ocr_line' id='line_1_36' title="bbox 1937 1275 3587 1347; baseline 0 -16"><span class='ocrx_word' id='word_1_225' title='bbox 1937 1278 2141 1331; x_wconf 84' lang='lat' dir='ltr'><strong><em>scilicet</em></strong></span> <span class='ocrx_word' id='word_1_226' title='bbox 2178 1275 2303 1339; x_wconf 80' lang='lat' dir='ltr'><strong><em>loci,</em></strong></span> <span class='ocrx_word' id='word_1_227' title='bbox 2346 1280 2505 1347; x_wconf 81' lang='lat' dir='ltr'><strong><em>atque</em></strong></span> <span class='ocrx_word' id='word_1_228' title='bbox 2553 1277 2827 1331; x_wconf 85' lang='lat' dir='ltr'><strong><em>ruralium</em></strong></span> <span class='ocrx_word' id='word_1_229' title='bbox 2885 1276 3233 1338; x_wconf 82' lang='lat' dir='ltr'><strong><em>clericorum,</em></strong></span> <span class='ocrx_word' id='word_1_230' title='bbox 3276 1275 3399 1347; x_wconf 73' lang='lat' dir='ltr'><strong><em>jam.</em></strong></span> <span class='ocrx_word' id='word_1_231' title='bbox 3450 1291 3587 1346; x_wconf 82' lang='lat' dir='ltr'><strong><em>pene</em></strong></span> 
     </span>
    </p>
   </div>
   <div class='ocr_carea' id='block_1_35' title="bbox 1939 1346 3589 1419">
    <p class='ocr_par' dir='ltr' id='par_1_35' title="bbox 1939 1346 3589 1419">
     <span class='ocr_line' id='line_1_37' title="bbox 1939 1346 3589 1419; baseline 0 -17"><span class='ocrx_word' id='word_1_232' title='bbox 1939 1348 2189 1419; x_wconf 86' lang='lat' dir='ltr'><strong><em>delapsas</em></strong></span> <span class='ocrx_word' id='word_1_233' title='bbox 2210 1346 2484 1405; x_wconf 82' lang='lat' dir='ltr'><strong><em>restituit:</em></strong></span> <span class='ocrx_word' id='word_1_234' title='bbox 2515 1356 2565 1403; x_wconf 85' lang='lat' dir='ltr'><strong><em>et</em></strong></span> <span class='ocrx_word' id='word_1_235' title='bbox 2586 1356 2795 1403; x_wconf 77' lang='lat' dir='ltr'><strong><em>evocato</em></strong></span> <span class='ocrx_word' id='word_1_236' title='bbox 2825 1348 3073 1416; x_wconf 85' lang='lat' dir='ltr'><strong><em>Remigio</em></strong></span> <span class='ocrx_word' id='word_1_237' title='bbox 3126 1346 3589 1419; x_wconf 67' lang='lat' dir='ltr'><strong><em>Autissiodorense</em></strong></span> 
     </span>
    </p>
   </div>
   <div class='ocr_carea' id='block_1_36' title="bbox 1940 1417 3590 1491">
    <p class='ocr_par' dir='ltr' id='par_1_36' title="bbox 1940 1417 3590 1491">
     <span class='ocr_line' id='line_1_38' title="bbox 1940 1417 3590 1491; baseline -0.001 -16"><span class='ocrx_word' id='word_1_238' title='bbox 1940 1417 2223 1491; x_wconf 80' lang='lat' dir='ltr'><strong><em>magistro,</em></strong></span> <span class='ocrx_word' id='word_1_239' title='bbox 2256 1420 2578 1474; x_wconf 86' lang='lat' dir='ltr'><strong><em>liberalium</em></strong></span> <span class='ocrx_word' id='word_1_240' title='bbox 2608 1421 2813 1475; x_wconf 88' lang='lat' dir='ltr'><strong><em>artium</em></strong></span> <span class='ocrx_word' id='word_1_241' title='bbox 2840 1420 3046 1475; x_wconf 83' lang='lat' dir='ltr'><strong><em>studiis</em></strong></span> <span class='ocrx_word' id='word_1_242' title='bbox 3074 1417 3433 1491; x_wconf 86' lang='lat' dir='ltr'><strong><em>adolescentes</em></strong></span> <span class='ocrx_word' id='word_1_243' title='bbox 3482 1419 3590 1473; x_wconf 87' lang='lat' dir='ltr'><strong><em>cle-</em></strong></span> 
     </span>
    </p>
   </div>
   <div class='ocr_carea' id='block_1_37' title="bbox 1940 1489 3586 1563">
    <p class='ocr_par' dir='ltr' id='par_1_37' title="bbox 1940 1489 3586 1563">
     <span class='ocr_line' id='line_1_39' title="bbox 1940 1489 3586 1563; baseline -0.001 -19"><span class='ocrx_word' id='word_1_244' title='bbox 1940 1489 2084 1546; x_wconf 87' lang='lat' dir='ltr'><strong><em>ricos</em></strong></span> <span class='ocrx_word' id='word_1_245' title='bbox 2114 1493 2362 1545; x_wconf 73' lang='lat' dir='ltr'><strong><em>exerceri</em></strong></span> <span class='ocrx_word' id='word_1_246' title='bbox 2384 1492 2535 1561; x_wconf 82' lang='lat' dir='ltr'><strong><em>fecit,</em></strong></span> <span class='ocrx_word' id='word_1_247' title='bbox 2567 1491 2787 1563; x_wconf 86' lang='lat' dir='ltr'><strong><em>ipseque</em></strong></span> <span class='ocrx_word' id='word_1_248' title='bbox 2808 1507 2934 1563; x_wconf 82' lang='lat' dir='ltr'><strong><em>cum</em></strong></span> <span class='ocrx_word' id='word_1_249' title='bbox 2953 1492 3032 1563; x_wconf 78' lang='lat' dir='ltr'><strong><em>eis</em></strong></span> <span class='ocrx_word' id='word_1_250' title='bbox 3079 1489 3297 1563; x_wconf 80' lang='lat' dir='ltr'><strong><em>lectioni</em></strong></span> <span class='ocrx_word' id='word_1_251' title='bbox 3352 1505 3418 1563; x_wconf 83' lang='lat' dir='ltr'><strong><em>ac</em></strong></span> <span class='ocrx_word' id='word_1_252' title='bbox 3441 1507 3586 1563; x_wconf 27' lang='lat' dir='ltr'><strong><em>Ame-</em></strong></span> 
     </span>
    </p>
   </div>
   <div class='ocr_carea' id='block_1_38' title="bbox 1941 1560 3588 1634">
    <p class='ocr_par' dir='ltr' id='par_1_38' title="bbox 1941 1560 3588 1634">
     <span class='ocr_line' id='line_1_40' title="bbox 1941 1560 3588 1634; baseline -0.002 -16"><span class='ocrx_word' id='word_1_253' title='bbox 1941 1563 2198 1634; x_wconf 87' lang='lat' dir='ltr'><strong><em>ditationi</em></strong></span> <span class='ocrx_word' id='word_1_254' title='bbox 2224 1560 2517 1634; x_wconf 72' lang='lat' dir='ltr'><strong><em>sapientiae</em></strong></span> <span class='ocrx_word' id='word_1_255' title='bbox 2544 1560 2765 1634; x_wconf 85' lang='lat' dir='ltr'><strong><em>operam</em></strong></span> <span class='ocrx_word' id='word_1_256' title='bbox 2788 1562 2959 1618; x_wconf 87' lang='lat' dir='ltr'><strong><em>dedit.</em></strong></span> <span class='ocrx_word' id='word_1_257' title='bbox 3000 1560 3105 1615; x_wconf 89' lang='lat' dir='ltr'><strong><em>Sed</em></strong></span> <span class='ocrx_word' id='word_1_258' title='bbox 3131 1564 3202 1634; x_wconf 78' lang='lat' dir='ltr'><strong><em>et</em></strong></span> <span class='ocrx_word' id='word_1_259' title='bbox 3236 1560 3588 1634; x_wconf 83' lang='lat' dir='ltr'><strong><em>Hucbaldum</em></strong></span> 
     </span>
    </p>
   </div>
   <div class='ocr_carea' id='block_1_39' title="bbox 1943 1632 3593 1705">
    <p class='ocr_par' dir='ltr' id='par_1_39' title="bbox 1943 1632 3593 1705">
     <span class='ocr_line' id='line_1_41' title="bbox 1943 1632 3593 1705; baseline 0.001 -17"><span class='ocrx_word' id='word_1_260' title='bbox 1943 1633 1998 1705; x_wconf 74' lang='lat' dir='ltr'><strong><em>S.</em></strong></span> <span class='ocrx_word' id='word_1_261' title='bbox 2032 1632 2269 1689; x_wconf 85' lang='lat' dir='ltr'><strong><em>Amandi</em></strong></span> <span class='ocrx_word' id='word_1_262' title='bbox 2282 1632 2630 1699; x_wconf 84' lang='lat' dir='ltr'><strong><em>monachum,</em></strong></span> <span class='ocrx_word' id='word_1_263' title='bbox 2661 1635 2845 1689; x_wconf 88' lang='lat' dir='ltr'><strong><em>virum</em></strong></span> <span class='ocrx_word' id='word_1_264' title='bbox 2879 1648 3113 1705; x_wconf 6' lang='lat' dir='ltr'><strong><em>queque,</em></strong></span> <span class='ocrx_word' id='word_1_265' title='bbox 3145 1632 3457 1705; x_wconf 79' lang='lat' dir='ltr'><strong><em>disciplinis</em></strong></span> <span class='ocrx_word' id='word_1_266' title='bbox 3496 1648 3593 1705; x_wconf 85' lang='lat' dir='ltr'><strong><em>so-</em></strong></span> 
     </span>
    </p>
   </div>
   <div class='ocr_carea' id='block_1_40' title="bbox 1937 1703 3593 1776">
    <p class='ocr_par' dir='ltr' id='par_1_40' title="bbox 1937 1703 3593 1776">
     <span class='ocr_line' id='line_1_42' title="bbox 1937 1703 3593 1776; baseline -0.001 -17"><span class='ocrx_word' id='word_1_267' title='bbox 1937 1704 2118 1776; x_wconf 87' lang='lat' dir='ltr'><strong><em>phicis</em></strong></span> <span class='ocrx_word' id='word_1_268' title='bbox 2166 1705 2426 1760; x_wconf 90' lang='lat' dir='ltr'><strong><em>nobiliter</em></strong></span> <span class='ocrx_word' id='word_1_269' title='bbox 2479 1705 2758 1762; x_wconf 86' lang='lat' dir='ltr'><strong><em>eruditum</em></strong></span> <span class='ocrx_word' id='word_1_270' title='bbox 2848 1703 3157 1774; x_wconf 81' lang='lat' dir='ltr'><strong><em>accersivit,</em></strong></span> <span class='ocrx_word' id='word_1_271' title='bbox 3194 1707 3267 1776; x_wconf 10' lang='lat' dir='ltr'><strong><em>iet</em></strong></span> <span class='ocrx_word' id='word_1_272' title='bbox 3311 1703 3593 1759; x_wconf 87' lang='lat' dir='ltr'><strong><em>ecclesiam</em></strong></span> 
     </span>
    </p>
   </div>
   <div class='ocr_carea' id='block_1_41' title="bbox 345 1775 3591 1866">
    <p class='ocr_par' dir='ltr' id='par_1_41' title="bbox 345 1775 3591 1866">
     <span class='ocr_line' id='line_1_43' title="bbox 345 1775 3591 1866; baseline -0.002 -23"><span class='ocrx_word' id='word_1_273' title='bbox 345 1775 1575 1866; x_wconf 44' lang='lat' dir='ltr'><strong><em>seligas;35min;gaéa&#39;iasat&#39;ﬁauut</em></strong></span> <span class='ocrx_word' id='word_1_274' title='bbox 1600 1800 1776 1847; x_wconf 81' lang='lat' dir='ltr'><strong><em>ortum</em></strong></span> <span class='ocrx_word' id='word_1_275' title='bbox 1865 1787 1914 1851; x_wconf 91' lang='lat' dir='ltr'><strong>B</strong></span> <span class='ocrx_word' id='word_1_276' title='bbox 1939 1775 2296 1866; x_wconf 61' lang='lat' dir='ltr'><strong><em>Rhfmensqm</em></strong></span> <span class='ocrx_word' id='word_1_277' title='bbox 2309 1777 2611 1866; x_wconf 64' lang='lat' dir='ltr'><strong><em>praeclaris</em></strong></span> <span class='ocrx_word' id='word_1_278' title='bbox 2662 1777 2965 1866; x_wconf 61' lang='lat' dir='ltr'><strong><em>illustravit</em></strong></span> <span class='ocrx_word' id='word_1_279' title='bbox 3032 1775 3310 1866; x_wconf 43' lang='lat' dir='ltr'><strong><em>dogtrilnis&#39;.</em></strong></span> <span class='ocrx_word' id='word_1_280' title='bbox 3346 1778 3591 1866; x_wconf 47' lang='lat' dir='ltr'><strong><em>Ligurum}</em></strong></span> 
     </span>
    </p>
   </div>
   <div class='ocr_carea' id='block_1_42' title="bbox 436 1855 1577 1919">
    <p class='ocr_par' dir='ltr' id='par_1_42' title="bbox 436 1855 1577 1919">
     <span class='ocr_line' id='line_1_44' title="bbox 436 1855 1577 1919; baseline 0.003 -13"><span class='ocrx_word' id='word_1_281' title='bbox 436 1855 676 1919; x_wconf 79' lang='lat' dir='ltr'><strong><em>Aulaque</em></strong></span> <span class='ocrx_word' id='word_1_282' title='bbox 705 1855 978 1905; x_wconf 87' lang='lat' dir='ltr'><strong><em>descholis</em></strong></span> <span class='ocrx_word' id='word_1_283' title='bbox 1006 1856 1233 1919; x_wconf 79' lang='lat' dir='ltr'><strong><em>sumpsit</em></strong></span> <span class='ocrx_word' id='word_1_284' title='bbox 1251 1859 1303 1919; x_wconf 87' lang='lat' dir='ltr'><strong><em>et</em></strong></span> <span class='ocrx_word' id='word_1_285' title='bbox 1332 1855 1577 1911; x_wconf 76' lang='lat' dir='ltr'><strong><em>excoluit.</em></strong></span> 
     </span>
    </p>
   </div>
   <div class='ocr_carea' id='block_1_43' title="bbox 343 1918 1765 1987">
    <p class='ocr_par' dir='ltr' id='par_1_43' title="bbox 343 1918 1765 1987">
     <span class='ocr_line' id='line_1_45' title="bbox 343 1918 1765 1987; baseline 0.001 -19"><span class='ocrx_word' id='word_1_286' title='bbox 343 1918 479 1987; x_wconf 82' lang='lat' dir='ltr'><strong><em>Hin_c</em></strong></span> <span class='ocrx_word' id='word_1_287' title='bbox 501 1918 643 1987; x_wconf 85' lang='lat' dir='ltr'><strong><em>D_eu_s</em></strong></span> <span class='ocrx_word' id='word_1_288' title='bbox 674 1921 1005 1987; x_wconf 78' lang='lat' dir='ltr'><strong><em>assumptum</em></strong></span> <span class='ocrx_word' id='word_1_289' title='bbox 1035 1918 1219 1987; x_wconf 59' lang='lat' dir='ltr'><strong><em>statui}</em></strong></span> <span class='ocrx_word' id='word_1_290' title='bbox 1245 1918 1439 1972; x_wconf 86' lang='lat' dir='ltr'><strong><em>virtute</em></strong></span> <span class='ocrx_word' id='word_1_291' title='bbox 1480 1923 1765 1987; x_wconf 86' lang='lat' dir='ltr'><strong><em>probatum</em></strong></span> 
     </span>
    </p>
   </div>
   <div class='ocr_carea' id='block_1_44' title="bbox 433 1979 1639 2049">
    <p class='ocr_par' dir='ltr' id='par_1_44' title="bbox 433 1979 1639 2049">
     <span class='ocr_line' id='line_1_46' title="bbox 433 1979 1639 2049; baseline 0.007 -21"><span class='ocrx_word' id='word_1_292' title='bbox 433 1979 682 2049; x_wconf 60' lang='lat' dir='ltr'><strong><em>Ecclesiae</em></strong></span> <span class='ocrx_word' id='word_1_293' title='bbox 711 1979 1004 2049; x_wconf 77' lang='lat' dir='ltr'><strong><em>speculum,</em></strong></span> <span class='ocrx_word' id='word_1_294' title='bbox 1027 1979 1442 2049; x_wconf 65' lang='lat' dir='ltr'><strong><em>pontificemque</em></strong></span> <span class='ocrx_word' id='word_1_295' title='bbox 1463 1979 1639 2049; x_wconf 74' lang='lat' dir='ltr'><strong><em>pium:</em></strong></span> 
     </span>
    </p>
   </div>
   <div class='ocr_carea' id='block_1_45' title="bbox 343 2042 1642 2106">
    <p class='ocr_par' dir='ltr' id='par_1_45' title="bbox 343 2042 1642 2106">
     <span class='ocr_line' id='line_1_47' title="bbox 343 2042 1642 2106; baseline 0.004 -13"><span class='ocrx_word' id='word_1_296' title='bbox 343 2043 603 2106; x_wconf 71' lang='lat' dir='ltr'><strong><em>Septenos</em></strong></span> <span class='ocrx_word' id='word_1_297' title='bbox 632 2042 905 2106; x_wconf 79' lang='lat' dir='ltr'><strong><em>denosque</em></strong></span> <span class='ocrx_word' id='word_1_298' title='bbox 938 2042 1097 2092; x_wconf 77' lang='lat' dir='ltr'><strong><em>simul</em></strong></span> <span class='ocrx_word' id='word_1_299' title='bbox 1124 2044 1209 2092; x_wconf 90' lang='lat' dir='ltr'><strong><em>cui</em></strong></span> <span class='ocrx_word' id='word_1_300' title='bbox 1225 2042 1437 2106; x_wconf 66' lang='lat' dir='ltr'><strong><em>praefuit</em></strong></span> <span class='ocrx_word' id='word_1_301' title='bbox 1455 2042 1642 2106; x_wconf 77' lang='lat' dir='ltr'><strong><em>annos,</em></strong></span> 
     </span>
    </p>
   </div>
   <div class='ocr_carea' id='block_1_46' title="bbox 433 2105 1612 2217">
    <p class='ocr_par' dir='ltr' id='par_1_46' title="bbox 433 2105 1612 2217">
     <span class='ocr_line' id='line_1_48' title="bbox 433 2105 1612 2217; baseline 0.005 -63"><span class='ocrx_word' id='word_1_302' title='bbox 433 2105 564 2155; x_wconf 87' lang='lat' dir='ltr'><strong><em>Tres</em></strong></span> <span class='ocrx_word' id='word_1_303' title='bbox 592 2105 830 2164; x_wconf 85' lang='lat' dir='ltr'><strong><em>menses,</em></strong></span> <span class='ocrx_word' id='word_1_304' title='bbox 854 2106 1025 2155; x_wconf 89' lang='lat' dir='ltr'><strong><em>denos</em></strong></span> <span class='ocrx_word' id='word_1_305' title='bbox 1051 2106 1272 2217; x_wconf 55' lang='lat' dir='ltr'><strong><em>insucper</em></strong></span> <span class='ocrx_word' id='word_1_306' title='bbox 1300 2112 1459 2173; x_wconf 88' lang='lat' dir='ltr'><strong><em>atque</em></strong></span> <span class='ocrx_word' id='word_1_307' title='bbox 1480 2111 1612 2159; x_wconf 88' lang='lat' dir='ltr'><strong><em>dies.</em></strong></span> 
     </span>
     <span class='ocr_line' id='line_1_49' title="bbox 433 2167 1608 2217; baseline 0.001 -1"><span class='ocrx_word' id='word_1_308' title='bbox 433 2168 506 2217; x_wconf 80' lang='lat' dir='ltr'><strong><em>xit</em></strong></span> <span class='ocrx_word' id='word_1_309' title='bbox 533 2167 863 2217; x_wconf 84' lang='lat' dir='ltr'><strong><em>eniscooium</em></strong></span> <span class='ocrx_word' id='word_1_310' title='bbox 893 2167 1158 2217; x_wconf 88' lang='lat' dir='ltr'><strong><em>sunnerad</em></strong></span> <span class='ocrx_word' id='word_1_311' title='bbox 1201 2182 1297 2217; x_wconf 89' lang='lat' dir='ltr'><strong><em>ens</em></strong></span> <span class='ocrx_word' id='word_1_312' title='bbox 1322 2172 1554 2217; x_wconf 75' lang='lat' dir='ltr'><strong><em>Dlurima</em></strong></span> <span class='ocrx_word' id='word_1_313' title='bbox 1581 2187 1608 2217; x_wconf 87' lang='lat' dir='ltr'><strong><em>r</em></strong></span> 
     </span>
    </p>
   </div>
   <div class='ocr_carea' id='block_1_47' title="bbox 344 2167 1761 2235">
    <p class='ocr_par' dir='ltr' id='par_1_47' title="bbox 344 2167 1761 2235">
     <span class='ocr_line' id='line_1_50' title="bbox 344 2167 1761 2235; baseline 0.001 -16"><span class='ocrx_word' id='word_1_314' title='bbox 344 2167 863 2235; x_wconf 55' lang='lat' dir='ltr'><strong><em>Augitepiscqpium</em></strong></span> <span class='ocrx_word' id='word_1_315' title='bbox 893 2167 1554 2235; x_wconf 74' lang='lat' dir='ltr'><strong><em>supperaddenspl&#39;urima</em></strong></span> <span class='ocrx_word' id='word_1_316' title='bbox 1581 2185 1761 2223; x_wconf 88' lang='lat' dir='ltr'><strong><em>rerum</em></strong></span> 
     </span>
    </p>
   </div>
   <div class='ocr_carea' id='block_1_48' title="bbox 438 2230 1363 2283">
    <p class='ocr_par' dir='ltr' id='par_1_48' title="bbox 438 2230 1363 2283">
     <span class='ocr_line' id='line_1_51' title="bbox 438 2230 1363 2283; baseline 0.002 -3"><span class='ocrx_word' id='word_1_317' title='bbox 438 2230 591 2280; x_wconf 89' lang='lat' dir='ltr'><strong><em>Urbis</em></strong></span> <span class='ocrx_word' id='word_1_318' title='bbox 620 2234 673 2279; x_wconf 91' lang='lat' dir='ltr'><strong><em>et</em></strong></span> <span class='ocrx_word' id='word_1_319' title='bbox 699 2230 852 2280; x_wconf 81' lang='lat' dir='ltr'><strong><em>istius</em></strong></span> <span class='ocrx_word' id='word_1_320' title='bbox 879 2230 1079 2279; x_wconf 68' lang='lat' dir='ltr'><strong><em>moenia</em></strong></span> <span class='ocrx_word' id='word_1_321' title='bbox 1116 2230 1363 2283; x_wconf 75' lang='lat' dir='ltr'><strong><em>restituit.</em></strong></span> 
     </span>
    </p>
   </div>
   <div class='ocr_carea' id='block_1_49' title="bbox 341 2291 1602 2357">
    <p class='ocr_par' dir='ltr' id='par_1_49' title="bbox 341 2291 1602 2357">
     <span class='ocr_line' id='line_1_52' title="bbox 341 2291 1602 2357; baseline 0.002 -14"><span class='ocrx_word' id='word_1_322' title='bbox 341 2292 494 2357; x_wconf 67' lang='lat' dir='ltr'><strong><em>Orbis</em></strong></span> <span class='ocrx_word' id='word_1_323' title='bbox 511 2291 705 2357; x_wconf 81' lang='lat' dir='ltr'><strong><em>honor,</em></strong></span> <span class='ocrx_word' id='word_1_324' title='bbox 736 2293 921 2357; x_wconf 51' lang='lat' dir='ltr'><strong><em>patria</em></strong></span> <span class='ocrx_word' id='word_1_325' title='bbox 951 2296 1111 2357; x_wconf 81' lang='lat' dir='ltr'><strong><em>tutor,</em></strong></span> <span class='ocrx_word' id='word_1_326' title='bbox 1139 2294 1351 2357; x_wconf 79' lang='lat' dir='ltr'><strong><em>pietatis</em></strong></span> <span class='ocrx_word' id='word_1_327' title='bbox 1381 2301 1602 2357; x_wconf 80' lang='lat' dir='ltr'><strong><em>amator,</em></strong></span> 
     </span>
    </p>
   </div>
   <div class='ocr_carea' id='block_1_50' title="bbox 436 2354 1505 2422">
    <p class='ocr_par' dir='ltr' id='par_1_50' title="bbox 436 2354 1505 2422">
     <span class='ocr_line' id='line_1_53' title="bbox 436 2354 1505 2422; baseline 0.006 -19"><span class='ocrx_word' id='word_1_328' title='bbox 436 2355 537 2422; x_wconf 83' lang='lat' dir='ltr'><strong><em>Pro</em></strong></span> <span class='ocrx_word' id='word_1_329' title='bbox 567 2354 751 2422; x_wconf 70' lang='lat' dir='ltr'><strong><em>studio</em></strong></span> <span class='ocrx_word' id='word_1_330' title='bbox 774 2355 939 2418; x_wconf 66' lang='lat' dir='ltr'><strong><em>pecis,</em></strong></span> <span class='ocrx_word' id='word_1_331' title='bbox 973 2354 1279 2422; x_wconf 77' lang='lat' dir='ltr'><strong><em>confoditur</em></strong></span> <span class='ocrx_word' id='word_1_332' title='bbox 1292 2358 1505 2422; x_wconf 85' lang='lat' dir='ltr'><strong><em>jaculis.</em></strong></span> 
     </span>
    </p>
   </div>
   <div class='ocr_carea' id='block_1_51' title="bbox 344 2417 1711 2484">
    <p class='ocr_par' dir='ltr' id='par_1_51' title="bbox 344 2417 1711 2484">
     <span class='ocr_line' id='line_1_54' title="bbox 344 2417 1711 2484; baseline 0.001 -16"><span class='ocrx_word' id='word_1_333' title='bbox 344 2417 636 2484; x_wconf 64' lang='lat' dir='ltr'><strong><em>Septenum</em></strong></span> <span class='ocrx_word' id='word_1_334' title='bbox 667 2417 973 2484; x_wconf 74' lang='lat' dir='ltr'><strong><em>denumque</em></strong></span> <span class='ocrx_word' id='word_1_335' title='bbox 993 2417 1133 2484; x_wconf 86' lang='lat' dir='ltr'><strong><em>diem</em></strong></span> <span class='ocrx_word' id='word_1_336' title='bbox 1159 2417 1272 2480; x_wconf 88' lang='lat' dir='ltr'><strong><em>jam</em></strong></span> <span class='ocrx_word' id='word_1_337' title='bbox 1294 2417 1496 2471; x_wconf 75' lang='lat' dir='ltr'><strong><em>mensis</em></strong></span> <span class='ocrx_word' id='word_1_338' title='bbox 1518 2422 1711 2484; x_wconf 79' lang='lat' dir='ltr'><strong><em>agebat</em></strong></span> 
     </span>
    </p>
   </div>
   <div class='ocr_carea' id='block_1_52' title="bbox 436 2479 1521 2543">
    <p class='ocr_par' dir='ltr' id='par_1_52' title="bbox 436 2479 1521 2543">
     <span class='ocr_line' id='line_1_55' title="bbox 436 2479 1521 2543; baseline 0.002 -14"><span class='ocrx_word' id='word_1_339' title='bbox 436 2479 647 2543; x_wconf 82' lang='lat' dir='ltr'><strong><em>Junius,</em></strong></span> <span class='ocrx_word' id='word_1_340' title='bbox 663 2483 717 2543; x_wconf 80' lang='lat' dir='ltr'><strong><em>e_t</em></strong></span> <span class='ocrx_word' id='word_1_341' title='bbox 745 2479 862 2543; x_wconf 79' lang='lat' dir='ltr'><strong><em>dira</em></strong></span> <span class='ocrx_word' id='word_1_342' title='bbox 877 2479 1051 2543; x_wconf 78' lang='lat' dir='ltr'><strong><em>morte</em></strong></span> <span class='ocrx_word' id='word_1_343' title='bbox 1068 2479 1380 2543; x_wconf 75' lang='lat' dir='ltr'><strong><em>peremptus</em></strong></span> <span class='ocrx_word' id='word_1_344' title='bbox 1396 2484 1521 2533; x_wconf 88' lang='lat' dir='ltr'><strong><em>abit.</em></strong></span> 
     </span>
    </p>
   </div>
   <div class='ocr_carea' id='block_1_53' title="bbox 345 2540 1838 2615">
    <p class='ocr_par' dir='ltr' id='par_1_53' title="bbox 345 2540 1838 2615">
     <span class='ocr_line' id='line_1_56' title="bbox 345 2540 1838 2615; baseline 0 -25"><span class='ocrx_word' id='word_1_345' title='bbox 345 2541 661 2615; x_wconf 46' lang='lat' dir='ltr'><strong><em>Cuinuatris.</em></strong></span> <span class='ocrx_word' id='word_1_346' title='bbox 681 2540 908 2615; x_wconf 79' lang='lat' dir='ltr'><strong><em>Domini,</em></strong></span> <span class='ocrx_word' id='word_1_347' title='bbox 928 2540 1132 2615; x_wconf 61' lang='lat' dir='ltr'><strong><em>pariter</em></strong></span> <span class='ocrx_word' id='word_1_348' title='bbox 1160 2540 1374 2615; x_wconf 75' lang='lat' dir='ltr'><strong><em>quoque</em></strong></span> <span class='ocrx_word' id='word_1_349' title='bbox 1420 2543 1666 2607; x_wconf 57' lang='lat' dir='ltr'><strong><em>praesulis</em></strong></span> <span class='ocrx_word' id='word_1_350' title='bbox 1714 2543 1838 2593; x_wconf 88' lang='lat' dir='ltr'><strong><em>almi</em></strong></span> 
     </span>
    </p>
   </div>
   <div class='ocr_carea' id='block_1_54' title="bbox 438 2554 1410 2667">
    <p class='ocr_par' dir='ltr' id='par_1_54' title="bbox 438 2554 1410 2667">
     <span class='ocr_line' id='line_1_57' title="bbox 438 2554 1374 2651; baseline 0.004 -63"><span class='ocrx_word' id='word_1_351' title='bbox 438 2580 441 2588; x_wconf 94' lang='lat'><strong><em>.</em></strong></span> <span class='ocrx_word' id='word_1_352' title='bbox 470 2554 661 2613; x_wconf 44' lang='lat' dir='ltr'><strong><em>matris.</em></strong></span> <span class='ocrx_word' id='word_1_353' title='bbox 681 2554 908 2612; x_wconf 76' lang='lat' dir='ltr'><strong><em>nomini,</em></strong></span> <span class='ocrx_word' id='word_1_354' title='bbox 928 2554 1132 2651; x_wconf 63' lang='lat' dir='ltr'><strong><em>pariter</em></strong></span> <span class='ocrx_word' id='word_1_355' title='bbox 1160 2554 1374 2615; x_wconf 86' lang='lat' dir='ltr'><strong><em>quoque</em></strong></span> 
     </span>
     <span class='ocr_line' id='line_1_58' title="bbox 438 2603 1410 2667; baseline 0.003 -17"><span class='ocrx_word' id='word_1_356' title='bbox 438 2603 665 2665; x_wconf 77' lang='lat' dir='ltr'><strong><em>Remigii</em></strong></span> <span class='ocrx_word' id='word_1_357' title='bbox 692 2605 864 2664; x_wconf 72' lang='lat' dir='ltr'><strong><em>pietas</em></strong></span> <span class='ocrx_word' id='word_1_358' title='bbox 892 2615 924 2651; x_wconf 92' lang='grc' dir='ltr'>ο</span> <span class='ocrx_word' id='word_1_359' title='bbox 965 2605 1133 2652; x_wconf 79' lang='lat' dir='ltr'><strong><em>tineat</em></strong></span> <span class='ocrx_word' id='word_1_360' title='bbox 1151 2616 1410 2667; x_wconf 80' lang='lat' dir='ltr'><strong><em>requiem.</em></strong></span> 
     </span>
    </p>
   </div>
   <div class='ocr_carea' id='block_1_55' title="bbox 262 2698 1838 2773">
    <p class='ocr_par' dir='ltr' id='par_1_55' title="bbox 262 2698 1838 2773">
     <span class='ocr_line' id='line_1_59' title="bbox 262 2698 1838 2773; baseline 0.002 -17"><span class='ocrx_word' id='word_1_361' title='bbox 262 2699 437 2773; x_wconf 82' lang='lat' dir='ltr'><strong><em>Fulco</em></strong></span> <span class='ocrx_word' id='word_1_362' title='bbox 467 2698 809 2773; x_wconf 80' lang='lat' dir='ltr'><strong><em>indignatus</em></strong></span> <span class='ocrx_word' id='word_1_363' title='bbox 837 2702 961 2773; x_wconf 80' lang='lat' dir='ltr'><strong><em>erat</em></strong></span> <span class='ocrx_word' id='word_1_364' title='bbox 980 2698 1189 2773; x_wconf 59' lang='lat' dir='ltr'><strong><em>~Carolo</em></strong></span> <span class='ocrx_word' id='word_1_365' title='bbox 1218 2699 1479 2772; x_wconf 89' lang='lat' dir='ltr'><strong><em>Simplici</em></strong></span> <span class='ocrx_word' id='word_1_366' title='bbox 1527 2702 1682 2773; x_wconf 91' lang='lat' dir='ltr'><strong><em>quod</em></strong></span> <span class='ocrx_word' id='word_1_367' title='bbox 1739 2701 1838 2759; x_wconf 89' lang='lat' dir='ltr'><strong><em>ille</em></strong></span> 
     </span>
    </p>
   </div>
   <div class='ocr_carea' id='block_1_56' title="bbox 189 2770 1836 2845">
    <p class='ocr_par' dir='ltr' id='par_1_56' title="bbox 189 2770 1836 2845">
     <span class='ocr_line' id='line_1_60' title="bbox 189 2770 1836 2845; baseline 0.001 -18"><span class='ocrx_word' id='word_1_368' title='bbox 189 2771 380 2845; x_wconf 66' lang='lat' dir='ltr'><strong><em>foedus</em></strong></span> <span class='ocrx_word' id='word_1_369' title='bbox 428 2786 562 2845; x_wconf 82' lang='lat' dir='ltr'><strong><em>cum</em></strong></span> <span class='ocrx_word' id='word_1_370' title='bbox 593 2770 947 2845; x_wconf 77' lang='lat' dir='ltr'><strong><em>Normannis</em></strong></span> <span class='ocrx_word' id='word_1_371' title='bbox 968 2770 1305 2845; x_wconf 66' lang='lat' dir='ltr'><strong><em>pepigisset,</em></strong></span> <span class='ocrx_word' id='word_1_372' title='bbox 1328 2770 1579 2845; x_wconf 74' lang='lat' dir='ltr'><strong><em>eumque</em></strong></span> <span class='ocrx_word' id='word_1_373' title='bbox 1613 2774 1836 2845; x_wconf 90' lang='lat' dir='ltr'><strong><em>episco-</em></strong></span> 
     </span>
    </p>
   </div>
   <div class='ocr_carea' id='block_1_57' title="bbox 188 2841 1841 2916">
    <p class='ocr_par' dir='ltr' id='par_1_57' title="bbox 188 2841 1841 2916">
     <span class='ocr_line' id='line_1_61' title="bbox 188 2841 1841 2916; baseline 0 -16"><span class='ocrx_word' id='word_1_374' title='bbox 188 2842 306 2916; x_wconf 85' lang='lat' dir='ltr'><strong><em>pali</em></strong></span> <span class='ocrx_word' id='word_1_375' title='bbox 336 2842 572 2916; x_wconf 84' lang='lat' dir='ltr'><strong><em>licentia</em></strong></span> <span class='ocrx_word' id='word_1_376' title='bbox 592 2858 713 2916; x_wconf 70' lang='lat' dir='ltr'><strong><em>per</em></strong></span> <span class='ocrx_word' id='word_1_377' title='bbox 748 2841 988 2916; x_wconf 73' lang='lat' dir='ltr'><strong><em>litteras</em></strong></span> <span class='ocrx_word' id='word_1_378' title='bbox 1029 2841 1178 2913; x_wconf 82' lang='lat' dir='ltr'><strong><em>quas</em></strong></span> <span class='ocrx_word' id='word_1_379' title='bbox 1225 2841 1585 2900; x_wconf 83' lang='lat' dir='ltr'><strong><em>FlOdoardus</em></strong></span> <span class='ocrx_word' id='word_1_380' title='bbox 1640 2841 1841 2901; x_wconf 72' lang='lat' dir='ltr'><strong><em>retulit</em></strong></span> 
     </span>
    </p>
   </div>
   <div class='ocr_carea' id='block_1_58' title="bbox 187 2913 1838 2999">
    <p class='ocr_par' dir='ltr' id='par_1_58' title="bbox 187 2913 1838 2999">
     <span class='ocr_line' id='line_1_62' title="bbox 187 2913 1838 2999; baseline 0.001 -28"><span class='ocrx_word' id='word_1_381' title='bbox 187 2913 812 2999; x_wconf 44' lang='lat' dir='ltr'><strong><em>ngrbis‘asperioribus</em></strong></span> <span class='ocrx_word' id='word_1_382' title='bbox 843 2913 1192 2999; x_wconf 53' lang='lat' dir='ltr'><strong><em>increparet,</em></strong></span> <span class='ocrx_word' id='word_1_383' title='bbox 1225 2917 1524 2999; x_wconf 44' lang='lat' dir='ltr'><strong><em>quo‘regi‘s</em></strong></span> <span class='ocrx_word' id='word_1_384' title='bbox 1575 2916 1838 2999; x_wconf 58' lang='lat' dir='ltr'><strong><em>animum</em></strong></span> 
     </span>
    </p>
   </div>
   <div class='ocr_carea' id='block_1_59' title="bbox 187 2984 1839 3057">
    <p class='ocr_par' dir='ltr' id='par_1_59' title="bbox 187 2984 1839 3057">
     <span class='ocr_line' id='line_1_63' title="bbox 187 2984 1839 3057; baseline 0.002 -16"><span class='ocrx_word' id='word_1_385' title='bbox 187 2985 369 3042; x_wconf 87' lang='lat' dir='ltr'><strong><em>altius</em></strong></span> <span class='ocrx_word' id='word_1_386' title='bbox 398 2984 523 3041; x_wconf 58' lang='lat' dir='ltr'><strong><em>huic</em></strong></span> <span class='ocrx_word' id='word_1_387' title='bbox 550 2989 942 3057; x_wconf 73' lang='lat' dir='ltr'><strong><em>penetrarent.</em></strong></span> <span class='ocrx_word' id='word_1_388' title='bbox 977 2984 1061 3057; x_wconf 87' lang='lat' dir='ltr'><strong><em>De</em></strong></span> <span class='ocrx_word' id='word_1_389' title='bbox 1080 2984 1293 3042; x_wconf 87' lang='lat' dir='ltr'><strong><em>litteris</em></strong></span> <span class='ocrx_word' id='word_1_390' title='bbox 1332 2984 1461 3044; x_wconf 73' lang='lat' dir='ltr'><strong><em>illis</em></strong></span> <span class='ocrx_word' id='word_1_391' title='bbox 1490 2987 1617 3057; x_wconf 86' lang='lat' dir='ltr'><strong><em>lege</em></strong></span> <span class='ocrx_word' id='word_1_392' title='bbox 1673 2988 1839 3045; x_wconf 85' lang='lat' dir='ltr'><strong><em>Rive-</em></strong></span> 
     </span>
    </p>
   </div>
   <div class='ocr_carea' id='block_1_60' title="bbox 188 3056 1839 3132">
    <p class='ocr_par' dir='ltr' id='par_1_60' title="bbox 188 3056 1839 3132">
     <span class='ocr_line' id='line_1_64' title="bbox 188 3056 1839 3132; baseline 0.001 -19"><span class='ocrx_word' id='word_1_393' title='bbox 188 3061 310 3132; x_wconf 77' lang='lat' dir='ltr'><strong><em>tem</em></strong></span> <span class='ocrx_word' id='word_1_394' title='bbox 341 3056 610 3132; x_wconf 77' lang='lat' dir='ltr'><strong><em>nostrum</em></strong></span> <span class='ocrx_word' id='word_1_395' title='bbox 650 3056 796 3112; x_wconf 85' lang='lat' dir='ltr'><strong><em>Hist.</em></strong></span> <span class='ocrx_word' id='word_1_396' title='bbox 832 3056 991 3132; x_wconf 71' lang='lat' dir='ltr'><strong><em>litter</em></strong></span> <span class='ocrx_word' id='word_1_397' title='bbox 1046 3056 1292 3132; x_wconf 62' lang='lat' dir='ltr'><strong><em>lf‘ra_nc.,_</em></strong></span> <span class='ocrx_word' id='word_1_398' title='bbox 1351 3062 1494 3115; x_wconf 89' lang='lat' dir='ltr'><strong><em>tom.</em></strong></span> <span class='ocrx_word' id='word_1_399' title='bbox 1518 3056 1653 3132; x_wconf 85' lang='lat' dir='ltr'><strong><em>Vp.</em></strong></span> <span class='ocrx_word' id='word_1_400' title='bbox 1711 3060 1839 3115; x_wconf 85' lang='lat'><strong><em>692.</em></strong></span> 
     </span>
    </p>
   </div>
   <div class='ocr_carea' id='block_1_61' title="bbox 189 3120 3682 3221">
    <p class='ocr_par' dir='ltr' id='par_1_61' title="bbox 189 3120 3682 3221">
     <span class='ocr_line' id='line_1_65' title="bbox 189 3120 3682 3221; baseline 0 -37"><span class='ocrx_word' id='word_1_401' title='bbox 189 3127 508 3221; x_wconf 57' lang='lat' dir='ltr'><strong><em>geripsisse</em></strong></span> <span class='ocrx_word' id='word_1_402' title='bbox 537 3120 1402 3221; x_wconf 27' lang='lat' dir='ltr'><strong><em>etiAachred‘iturad‘ﬁlfredpm</em></strong></span> <span class='ocrx_word' id='word_1_403' title='bbox 1424 3120 1836 3221; x_wconf 39' lang='lat' dir='ltr'><strong><em>regemlWest-</em></strong></span> <span class='ocrx_word' id='word_1_404' title='bbox 1868 3155 1911 3221; x_wconf 66' lang='grc' dir='ltr'><strong>ρ</strong></span> <span class='ocrx_word' id='word_1_405' title='bbox 1948 3133 2105 3215; x_wconf 63' lang='lat' dir='ltr'><strong><em>dictze</em></strong></span> <span class='ocrx_word' id='word_1_406' title='bbox 2163 3130 2616 3221; x_wconf 47' lang='lat' dir='ltr'><strong><em>Villagucanp&#39;nici</em></strong></span> <span class='ocrx_word' id='word_1_407' title='bbox 2671 3130 3046 3221; x_wconf 64' lang='lat' dir='ltr'><strong><em>Novipmenses</em></strong></span> <span class='ocrx_word' id='word_1_408' title='bbox 3106 3128 3308 3186; x_wconf 82' lang='lat' dir='ltr'><strong><em>habent</em></strong></span> <span class='ocrx_word' id='word_1_409' title='bbox 3361 3120 3596 3200; x_wconf 68' lang='lat' dir='ltr'><strong><em>singulis</em></strong></span> <span class='ocrx_word' id='word_1_410' title='bbox 3676 3120 3682 3127; x_wconf 72' lang='grc'><em>’</em></span> 
     </span>
    </p>
   </div>
   <div class='ocr_carea' id='block_1_62' title="bbox 191 3199 1834 3275">
    <p class='ocr_par' dir='ltr' id='par_1_62' title="bbox 191 3199 1834 3275">
     <span class='ocr_line' id='line_1_66' title="bbox 191 3199 1834 3275; baseline 0.001 -17"><span class='ocrx_word' id='word_1_411' title='bbox 191 3199 490 3258; x_wconf 78' lang='lat' dir='ltr'><strong><em>Saxonum</em></strong></span> <span class='ocrx_word' id='word_1_412' title='bbox 515 3217 529 3268; x_wconf 87' lang='lat'><strong>;</strong></span> <span class='ocrx_word' id='word_1_413' title='bbox 563 3216 682 3273; x_wconf 89' lang='lat' dir='ltr'><strong><em>qua</em></strong></span> <span class='ocrx_word' id='word_1_414' title='bbox 712 3200 783 3256; x_wconf 89' lang='lat' dir='ltr'><strong><em>de</em></strong></span> <span class='ocrx_word' id='word_1_415' title='bbox 811 3216 873 3257; x_wconf 88' lang='lat' dir='ltr'><strong><em>re</em></strong></span> <span class='ocrx_word' id='word_1_416' title='bbox 902 3199 1029 3275; x_wconf 86' lang='lat' dir='ltr'><strong><em>lege</em></strong></span> <span class='ocrx_word' id='word_1_417' title='bbox 1054 3200 1466 3259; x_wconf 87' lang='lat' dir='ltr'><strong><em>Bollandianos</em></strong></span> <span class='ocrx_word' id='word_1_418' title='bbox 1487 3199 1756 3259; x_wconf 86' lang='lat' dir='ltr'><strong><em>Jul.tom.</em></strong></span> <span class='ocrx_word' id='word_1_419' title='bbox 1791 3204 1834 3275; x_wconf 86' lang='grc' dir='ltr'><strong><em>Ι,</em></strong></span> 
     </span>
    </p>
   </div>
   <div class='ocr_carea' id='block_1_63' title="bbox 1943 1844 3588 1905">
    <p class='ocr_par' dir='ltr' id='par_1_63' title="bbox 1943 1844 3588 1905">
     <span class='ocr_line' id='line_1_67' title="bbox 1943 1844 3588 1905; baseline -0.002 -1"><span class='ocrx_word' id='word_1_420' title='bbox 1943 1852 2139 1905; x_wconf 87' lang='lat' dir='ltr'><strong><em>autem</em></strong></span> <span class='ocrx_word' id='word_1_421' title='bbox 2164 1844 2497 1903; x_wconf 76' lang='lat' dir='ltr'><strong><em>scholarum</em></strong></span> <span class='ocrx_word' id='word_1_422' title='bbox 2531 1848 3011 1903; x_wconf 82' lang='lat' dir='ltr'><strong><em>constitutionem</em></strong></span> <span class='ocrx_word' id='word_1_423' title='bbox 3040 1847 3215 1901; x_wconf 82' lang='lat' dir='ltr'><strong><em>refert</em></strong></span> <span class='ocrx_word' id='word_1_424' title='bbox 3250 1844 3486 1901; x_wconf 88' lang='lat' dir='ltr'><strong><em>Mabilio</em></strong></span> <span class='ocrx_word' id='word_1_425' title='bbox 3517 1846 3588 1900; x_wconf 91' lang='lat' dir='ltr'><strong><em>ad</em></strong></span> 
     </span>
    </p>
   </div>
   <div class='ocr_carea' id='block_1_64' title="bbox 1941 1917 3593 1990">
    <p class='ocr_par' dir='ltr' id='par_1_64' title="bbox 1941 1917 3593 1990">
     <span class='ocr_line' id='line_1_68' title="bbox 1941 1917 3593 1990; baseline -0.002 -15"><span class='ocrx_word' id='word_1_426' title='bbox 1941 1935 2162 1975; x_wconf 87' lang='lat' dir='ltr'><strong><em>annum</em></strong></span> <span class='ocrx_word' id='word_1_427' title='bbox 2193 1919 2422 1974; x_wconf 89' lang='lat' dir='ltr'><strong><em>circiler</em></strong></span> <span class='ocrx_word' id='word_1_428' title='bbox 2477 1919 2603 1974; x_wconf 85' lang='lat'><strong><em>893.</em></strong></span> <span class='ocrx_word' id='word_1_429' title='bbox 2665 1919 2883 1990; x_wconf 85' lang='lat' dir='ltr'><strong><em>Regino</em></strong></span> <span class='ocrx_word' id='word_1_430' title='bbox 2943 1917 3278 1990; x_wconf 84' lang='lat' dir='ltr'><strong><em>Fulconem_</em></strong></span> <span class='ocrx_word' id='word_1_431' title='bbox 3320 1921 3593 1990; x_wconf 83' lang='lat' dir='ltr'><strong><em>numerat</em></strong></span> 
     </span>
    </p>
   </div>
   <div class='ocr_carea' id='block_1_65' title="bbox 1943 1987 3592 2062">
    <p class='ocr_par' dir='ltr' id='par_1_65' title="bbox 1943 1987 3592 2062">
     <span class='ocr_line' id='line_1_69' title="bbox 1943 1987 3592 2062; baseline -0.002 -16"><span class='ocrx_word' id='word_1_432' title='bbox 1943 1992 2097 2046; x_wconf 81' lang='lat' dir='ltr'><strong><em>inter</em></strong></span> <span class='ocrx_word' id='word_1_433' title='bbox 2115 1994 2402 2062; x_wconf 79' lang='lat' dir='ltr'><strong><em>martyres</em></strong></span> <span class='ocrx_word' id='word_1_434' title='bbox 2424 1990 2525 2061; x_wconf 88' lang='lat' dir='ltr'><strong><em>qui</em></strong></span> <span class='ocrx_word' id='word_1_435' title='bbox 2549 2007 2651 2062; x_wconf 90' lang='lat' dir='ltr'><strong><em>pro</em></strong></span> <span class='ocrx_word' id='word_1_436' title='bbox 2672 1987 2941 2062; x_wconf 65' lang='lat' dir='ltr'><strong><em>libertate</em></strong></span> <span class='ocrx_word' id='word_1_437' title='bbox 2957 1987 3354 2046; x_wconf 89' lang='lat' dir='ltr'><strong><em>ecclesiastica</em></strong></span> <span class='ocrx_word' id='word_1_438' title='bbox 3366 1987 3592 2062; x_wconf 83' lang='lat' dir='ltr'><strong><em>fortiter</em></strong></span> 
     </span>
    </p>
   </div>
   <div class='ocr_carea' id='block_1_66' title="bbox 1941 2060 3588 2129">
    <p class='ocr_par' dir='ltr' id='par_1_66' title="bbox 1941 2060 3588 2129">
     <span class='ocr_line' id='line_1_70' title="bbox 1941 2060 3588 2129; baseline -0.002 -12"><span class='ocrx_word' id='word_1_439' title='bbox 1941 2060 2337 2117; x_wconf 82' lang='lat' dir='ltr'><strong><em>occubuerunt</em></strong></span> <span class='ocrx_word' id='word_1_440' title='bbox 2365 2080 2378 2129; x_wconf 92' lang='lat'><strong>;</strong></span> <span class='ocrx_word' id='word_1_441' title='bbox 2402 2060 2458 2116; x_wconf 81' lang='lat' dir='ltr'><strong><em>et</em></strong></span> <span class='ocrx_word' id='word_1_442' title='bbox 2482 2060 2586 2117; x_wconf 78' lang='lat' dir='ltr'><strong><em>nos</em></strong></span> <span class='ocrx_word' id='word_1_443' title='bbox 2628 2062 2817 2117; x_wconf 89' lang='lat' dir='ltr'><strong><em>eidem</em></strong></span> <span class='ocrx_word' id='word_1_444' title='bbox 2849 2060 2989 2116; x_wconf 91' lang='lat' dir='ltr'><strong><em>olim</em></strong></span> <span class='ocrx_word' id='word_1_445' title='bbox 3026 2077 3238 2116; x_wconf 89' lang='lat' dir='ltr'><strong><em>nomen</em></strong></span> <span class='ocrx_word' id='word_1_446' title='bbox 3257 2060 3445 2115; x_wconf 85' lang='lat' dir='ltr'><strong><em>sancti</em></strong></span> <span class='ocrx_word' id='word_1_447' title='bbox 3474 2076 3588 2115; x_wconf 89' lang='lat' dir='ltr'><strong><em>non</em></strong></span> 
     </span>
    </p>
   </div>
   <div class='ocr_carea' id='block_1_67' title="bbox 1941 2132 3589 2214">
    <p class='ocr_par' dir='ltr' id='par_1_67' title="bbox 1941 2132 3589 2214">
     <span class='ocr_line' id='line_1_71' title="bbox 1941 2132 3589 2214; baseline -0.002 -26"><span class='ocrx_word' id='word_1_448' title='bbox 1941 2133 2385 2214; x_wconf 79' lang='lat' dir='ltr'><strong><em>denegavimus,</em></strong></span> <span class='ocrx_word' id='word_1_449' title='bbox 2407 2133 2694 2214; x_wconf 65' lang='lat' dir='ltr'><strong><em>quamvis</em></strong></span> <span class='ocrx_word' id='word_1_450' title='bbox 2727 2132 2961 2214; x_wconf 58' lang='lat' dir='ltr'><strong><em>publica</em></strong></span> <span class='ocrx_word' id='word_1_451' title='bbox 2984 2132 3478 2214; x_wconf 41' lang='lat' dir='ltr'><strong><em>.decretonecdum</em></strong></span> <span class='ocrx_word' id='word_1_452' title='bbox 3502 2147 3589 2186; x_wconf 84' lang='lat' dir='ltr'><strong><em>re-</em></strong></span> 
     </span>
    </p>
   </div>
   <div class='ocr_carea' id='block_1_68' title="bbox 1942 2202 3589 2275">
    <p class='ocr_par' dir='ltr' id='par_1_68' title="bbox 1942 2202 3589 2275">
     <span class='ocr_line' id='line_1_72' title="bbox 1942 2202 3589 2275; baseline -0.002 -15"><span class='ocrx_word' id='word_1_453' title='bbox 1942 2202 2247 2260; x_wconf 79' lang='lat' dir='ltr'><strong><em>nuntiatus</em></strong></span> <span class='ocrx_word' id='word_1_454' title='bbox 2277 2204 2373 2259; x_wconf 89' lang='lat' dir='ltr'><strong><em>sit.</em></strong></span> <span class='ocrx_word' id='word_1_455' title='bbox 2404 2202 2572 2259; x_wconf 85' lang='lat' dir='ltr'><strong><em>Hunc</em></strong></span> <span class='ocrx_word' id='word_1_456' title='bbox 2600 2202 2751 2275; x_wconf 88' lang='lat' dir='ltr'><strong><em>apud</em></strong></span> <span class='ocrx_word' id='word_1_457' title='bbox 2785 2205 2842 2259; x_wconf 92' lang='lat' dir='ltr'><strong><em>S.</em></strong></span> <span class='ocrx_word' id='word_1_458' title='bbox 2875 2204 3275 2259; x_wconf 88' lang='lat' dir='ltr'><strong><em>Audomarum</em></strong></span> <span class='ocrx_word' id='word_1_459' title='bbox 3291 2202 3589 2274; x_wconf 89' lang='lat' dir='ltr'><strong><em>quiescere</em></strong></span> 
     </span>
    </p>
   </div>
   <div class='ocr_carea' id='block_1_69' title="bbox 1941 2274 3589 2349">
    <p class='ocr_par' dir='ltr' id='par_1_69' title="bbox 1941 2274 3589 2349">
     <span class='ocr_line' id='line_1_73' title="bbox 1941 2274 3589 2349; baseline -0.002 -18"><span class='ocrx_word' id='word_1_460' title='bbox 1941 2281 2111 2349; x_wconf 83' lang='lat' dir='ltr'><strong><em>putat</em></strong></span> <span class='ocrx_word' id='word_1_461' title='bbox 2140 2275 2406 2349; x_wconf 78' lang='lat' dir='ltr'><strong><em>Molanus</em></strong></span> <span class='ocrx_word' id='word_1_462' title='bbox 2430 2276 2600 2346; x_wconf 82' lang='lat' dir='ltr'><strong><em>juxta</em></strong></span> <span class='ocrx_word' id='word_1_463' title='bbox 2621 2275 2683 2349; x_wconf 73' lang='grc' dir='ltr'><strong><em>Β.</em></strong></span> <span class='ocrx_word' id='word_1_464' title='bbox 2713 2274 3015 2349; x_wconf 58' lang='lat' dir='ltr'><strong><em>Bel-tinum</em></strong></span> <span class='ocrx_word' id='word_1_465' title='bbox 3042 2280 3122 2349; x_wconf 80' lang='lat' dir='ltr'><strong><em>;at</em></strong></span> <span class='ocrx_word' id='word_1_466' title='bbox 3141 2275 3373 2349; x_wconf 68' lang='lat' dir='ltr'><strong><em>certius</em></strong></span> <span class='ocrx_word' id='word_1_467' title='bbox 3394 2277 3482 2328; x_wconf 83' lang='lat' dir='ltr'><strong><em>est</em></strong></span> <span class='ocrx_word' id='word_1_468' title='bbox 3500 2288 3589 2349; x_wconf 81' lang='lat' dir='ltr'><strong><em>se-</em></strong></span> 
     </span>
    </p>
   </div>
   <div class='ocr_carea' id='block_1_70' title="bbox 1960 2344 3590 2420">
    <p class='ocr_par' dir='ltr' id='par_1_70' title="bbox 1960 2344 3590 2420">
     <span class='ocr_line' id='line_1_74' title="bbox 1960 2344 3590 2420; baseline -0.003 -17"><span class='ocrx_word' id='word_1_469' title='bbox 1960 2344 2192 2420; x_wconf 86' lang='lat' dir='ltr'><strong><em>pultum</em></strong></span> <span class='ocrx_word' id='word_1_470' title='bbox 2226 2346 2410 2420; x_wconf 80' lang='lat' dir='ltr'><strong><em>fuisse</em></strong></span> <span class='ocrx_word' id='word_1_471' title='bbox 2436 2344 2501 2401; x_wconf 83' lang='lat' dir='ltr'><strong><em>in</em></strong></span> <span class='ocrx_word' id='word_1_472' title='bbox 2532 2346 2782 2420; x_wconf 77' lang='lat' dir='ltr'><strong><em>ecclesia</em></strong></span> <span class='ocrx_word' id='word_1_473' title='bbox 2807 2346 2869 2400; x_wconf 91' lang='lat' dir='ltr'><strong><em>B.</em></strong></span> <span class='ocrx_word' id='word_1_474' title='bbox 2893 2416 2903 2420; x_wconf 22' lang='grc'><strong><em>-</em></strong></span> <span class='ocrx_word' id='word_1_475' title='bbox 2928 2344 3182 2418; x_wconf 81' lang='lat' dir='ltr'><strong><em>Remigii</em></strong></span> <span class='ocrx_word' id='word_1_476' title='bbox 3213 2344 3590 2420; x_wconf 70' lang='lat' dir='ltr'><strong><em>Rhemensis;</em></strong></span> 
     </span>
    </p>
   </div>
   <div class='ocr_carea' id='block_1_71' title="bbox 1942 2414 3596 2490">
    <p class='ocr_par' dir='ltr' id='par_1_71' title="bbox 1942 2414 3596 2490">
     <span class='ocr_line' id='line_1_75' title="bbox 1942 2414 3596 2490; baseline -0.002 -17"><span class='ocrx_word' id='word_1_477' title='bbox 1942 2414 2096 2490; x_wconf 71' lang='lat' dir='ltr'><strong><em>quod</em></strong></span> <span class='ocrx_word' id='word_1_478' title='bbox 2128 2418 2491 2490; x_wconf 75' lang='lat' dir='ltr'><strong><em>posteriores</em></strong></span> <span class='ocrx_word' id='word_1_479' title='bbox 2508 2417 2786 2490; x_wconf 74' lang='lat' dir='ltr'><strong><em>epitaphii</em></strong></span> <span class='ocrx_word' id='word_1_480' title='bbox 2816 2416 2909 2471; x_wconf 90' lang='lat' dir='ltr'><strong><em>sui</em></strong></span> <span class='ocrx_word' id='word_1_481' title='bbox 2936 2414 3233 2471; x_wconf 67' lang='lat' dir='ltr'><strong><em>versussat</em></strong></span> <span class='ocrx_word' id='word_1_482' title='bbox 3266 2416 3422 2490; x_wconf 86' lang='lat' dir='ltr'><strong><em>clare</em></strong></span> <span class='ocrx_word' id='word_1_483' title='bbox 3445 2414 3596 2469; x_wconf 89' lang='lat' dir='ltr'><strong><em>indi-</em></strong></span> 
     </span>
    </p>
   </div>
   <div class='ocr_carea' id='block_1_72' title="bbox 1944 2486 3591 2557">
    <p class='ocr_par' dir='ltr' id='par_1_72' title="bbox 1944 2486 3591 2557">
     <span class='ocr_line' id='line_1_76' title="bbox 1944 2486 3591 2557; baseline -0.002 -12"><span class='ocrx_word' id='word_1_484' title='bbox 1944 2486 2290 2545; x_wconf 71' lang='lat' dir='ltr'><strong><em>6ant.dodex</em></strong></span> <span class='ocrx_word' id='word_1_485' title='bbox 2306 2486 2990 2557; x_wconf 73' lang='lat' dir='ltr'><strong><em>IgnaciensisFulconem</em></strong></span> <span class='ocrx_word' id='word_1_486' title='bbox 3014 2489 3433 2542; x_wconf 84' lang='lat' dir='ltr'><strong><em>testamentum</em></strong></span> <span class='ocrx_word' id='word_1_487' title='bbox 3458 2502 3591 2542; x_wconf 88' lang='lat' dir='ltr'><strong><em>con-</em></strong></span> 
     </span>
    </p>
   </div>
   <div class='ocr_carea' id='block_1_73' title="bbox 1944 2558 3591 2629">
    <p class='ocr_par' dir='ltr' id='par_1_73' title="bbox 1944 2558 3591 2629">
     <span class='ocr_line' id='line_1_77' title="bbox 1944 2558 3591 2629; baseline -0.001 -14"><span class='ocrx_word' id='word_1_488' title='bbox 1944 2559 2165 2615; x_wconf 89' lang='lat' dir='ltr'><strong><em>didisse</em></strong></span> <span class='ocrx_word' id='word_1_489' title='bbox 2194 2564 2395 2614; x_wconf 86' lang='lat' dir='ltr'><strong><em>narrat</em></strong></span> <span class='ocrx_word' id='word_1_490' title='bbox 2433 2558 2525 2615; x_wconf 90' lang='lat' dir='ltr'><strong><em>his</em></strong></span> <span class='ocrx_word' id='word_1_491' title='bbox 2554 2559 2779 2615; x_wconf 81' lang='lat' dir='ltr'><strong><em>verbis:</em></strong></span> <span class='ocrx_word' id='word_1_492' title='bbox 2810 2561 2877 2613; x_wconf 84' lang='lat' dir='ltr'><strong><em>At</em></strong></span> <span class='ocrx_word' id='word_1_493' title='bbox 2931 2574 3055 2613; x_wconf 91' lang='lat' dir='ltr'><strong><em>vero</em></strong></span> <span class='ocrx_word' id='word_1_494' title='bbox 3093 2559 3361 2629; x_wconf 73' lang='lat' dir='ltr'><strong><em>praefatus</em></strong></span> <span class='ocrx_word' id='word_1_495' title='bbox 3406 2558 3591 2629; x_wconf 82' lang='lat' dir='ltr'><strong><em>Falco,</em></strong></span> 
     </span>
    </p>
   </div>
   <div class='ocr_carea' id='block_1_74' title="bbox 1944 2628 3593 2702">
    <p class='ocr_par' dir='ltr' id='par_1_74' title="bbox 1944 2628 3593 2702">
     <span class='ocr_line' id='line_1_78' title="bbox 1944 2628 3593 2702; baseline -0.001 -16"><span class='ocrx_word' id='word_1_496' title='bbox 1944 2634 2126 2702; x_wconf 85' lang='lat' dir='ltr'><strong><em>utpote</em></strong></span> <span class='ocrx_word' id='word_1_497' title='bbox 2148 2631 2232 2702; x_wconf 85' lang='lat' dir='ltr'><strong><em>vir</em></strong></span> <span class='ocrx_word' id='word_1_498' title='bbox 2250 2632 2473 2702; x_wconf 83' lang='lat' dir='ltr'><strong><em>sapiens</em></strong></span> <span class='ocrx_word' id='word_1_499' title='bbox 2501 2647 2565 2685; x_wconf 87' lang='lat' dir='ltr'><strong><em>ac</em></strong></span> <span class='ocrx_word' id='word_1_500' title='bbox 2592 2632 2794 2702; x_wconf 84' lang='lat' dir='ltr'><strong><em>timens</em></strong></span> <span class='ocrx_word' id='word_1_501' title='bbox 2822 2632 3013 2695; x_wconf 85' lang='lat' dir='ltr'><strong><em>Deum,</em></strong></span> <span class='ocrx_word' id='word_1_502' title='bbox 3045 2628 3433 2684; x_wconf 85' lang='lat' dir='ltr'><strong><em>testamentum</em></strong></span> <span class='ocrx_word' id='word_1_503' title='bbox 3491 2628 3593 2685; x_wconf 87' lang='lat' dir='ltr'><strong><em>du-</em></strong></span> 
     </span>
    </p>
   </div>
   <div class='ocr_carea' id='block_1_75' title="bbox 1947 2701 3595 2773">
    <p class='ocr_par' dir='ltr' id='par_1_75' title="bbox 1947 2701 3595 2773">
     <span class='ocr_line' id='line_1_79' title="bbox 1947 2701 3595 2773; baseline -0.002 -14"><span class='ocrx_word' id='word_1_504' title='bbox 1947 2701 2078 2759; x_wconf 84' lang='lat' dir='ltr'><strong><em>dum</em></strong></span> <span class='ocrx_word' id='word_1_505' title='bbox 2107 2701 2483 2772; x_wconf 80' lang='lat' dir='ltr'><strong><em>ordinaverat,</em></strong></span> <span class='ocrx_word' id='word_1_506' title='bbox 2539 2706 2603 2756; x_wconf 89' lang='lat' dir='ltr'><strong><em>ut</em></strong></span> <span class='ocrx_word' id='word_1_507' title='bbox 2656 2701 2723 2757; x_wconf 92' lang='lat' dir='ltr'><strong><em>de</em></strong></span> <span class='ocrx_word' id='word_1_508' title='bbox 2769 2703 2898 2773; x_wconf 88' lang='lat' dir='ltr'><strong><em>jure</em></strong></span> <span class='ocrx_word' id='word_1_509' title='bbox 2948 2702 3277 2772; x_wconf 89' lang='lat' dir='ltr'><strong><em>patrimonii</em></strong></span> <span class='ocrx_word' id='word_1_510' title='bbox 3328 2702 3418 2754; x_wconf 86' lang='lat' dir='ltr'><strong><em>sui</em></strong></span> <span class='ocrx_word' id='word_1_511' title='bbox 3454 2702 3595 2773; x_wconf 10' lang='lat' dir='ltr'><strong><em>iqui-</em></strong></span> 
     </span>
    </p>
   </div>
   <div class='ocr_carea' id='block_1_76' title="bbox 1948 2772 3596 2842">
    <p class='ocr_par' dir='ltr' id='par_1_76' title="bbox 1948 2772 3596 2842">
     <span class='ocr_line' id='line_1_80' title="bbox 1948 2772 3596 2842; baseline -0.001 -12"><span class='ocrx_word' id='word_1_512' title='bbox 1948 2773 2173 2830; x_wconf 89' lang='lat' dir='ltr'><strong><em>busdam</em></strong></span> <span class='ocrx_word' id='word_1_513' title='bbox 2209 2773 2454 2829; x_wconf 83' lang='lat' dir='ltr'><strong><em>ecclesiis</em></strong></span> <span class='ocrx_word' id='word_1_514' title='bbox 2508 2772 2858 2829; x_wconf 86' lang='lat' dir='ltr'><strong><em>distribueret</em></strong></span> <span class='ocrx_word' id='word_1_515' title='bbox 2877 2789 2897 2834; x_wconf 78' lang='lat'><strong><em>,&#39;</em></strong></span> <span class='ocrx_word' id='word_1_516' title='bbox 2956 2774 3102 2827; x_wconf 90' lang='lat' dir='ltr'><strong><em>inter</em></strong></span> <span class='ocrx_word' id='word_1_517' title='bbox 3159 2787 3297 2842; x_wconf 88' lang='lat' dir='ltr'><strong><em>quas</em></strong></span> <span class='ocrx_word' id='word_1_518' title='bbox 3350 2772 3596 2828; x_wconf 61' lang='lat' dir='ltr'><strong><em>ecclesiae</em></strong></span> 
     </span>
    </p>
   </div>
   <div class='ocr_carea' id='block_1_77' title="bbox 1949 2843 3595 2916">
    <p class='ocr_par' dir='ltr' id='par_1_77' title="bbox 1949 2843 3595 2916">
     <span class='ocr_line' id='line_1_81' title="bbox 1949 2843 3595 2916; baseline -0.004 -13"><span class='ocrx_word' id='word_1_519' title='bbox 1949 2847 2242 2903; x_wconf 84' lang='lat' dir='ltr'><strong><em>Rhemensi</em></strong></span> <span class='ocrx_word' id='word_1_520' title='bbox 2264 2861 2365 2916; x_wconf 90' lang='lat' dir='ltr'><strong><em>pro</em></strong></span> <span class='ocrx_word' id='word_1_521' title='bbox 2405 2845 2611 2901; x_wconf 71' lang='lat' dir='ltr'><strong><em>animae</em></strong></span> <span class='ocrx_word' id='word_1_522' title='bbox 2650 2861 2767 2899; x_wconf 79' lang='lat' dir='ltr'><strong><em>suae</em></strong></span> <span class='ocrx_word' id='word_1_523' title='bbox 2824 2844 3061 2899; x_wconf 85' lang='lat' dir='ltr'><strong><em>remedio</em></strong></span> <span class='ocrx_word' id='word_1_524' title='bbox 3123 2843 3327 2898; x_wconf 83' lang='lat' dir='ltr'><strong><em>Villam</em></strong></span> <span class='ocrx_word' id='word_1_525' title='bbox 3364 2843 3595 2916; x_wconf 82' lang='lat' dir='ltr'><strong><em>Nemin-</em></strong></span> 
     </span>
    </p>
   </div>
   <div class='ocr_carea' id='block_1_78' title="bbox 1946 2915 3591 2987">
    <p class='ocr_par' dir='ltr' id='par_1_78' title="bbox 1946 2915 3591 2987">
     <span class='ocr_line' id='line_1_82' title="bbox 1946 2915 3591 2987; baseline -0.002 -14"><span class='ocrx_word' id='word_1_526' title='bbox 1946 2934 2093 2982; x_wconf 84' lang='lat' dir='ltr'><strong><em>cum,</em></strong></span> <span class='ocrx_word' id='word_1_527' title='bbox 2126 2915 2380 2986; x_wconf 68' lang='lat' dir='ltr'><strong><em>quaesita</em></strong></span> <span class='ocrx_word' id='word_1_528' title='bbox 2401 2919 2477 2971; x_wconf 87' lang='lat' dir='ltr'><strong><em>est</em></strong></span> <span class='ocrx_word' id='word_1_529' title='bbox 2507 2918 2568 2970; x_wconf 89' lang='lat' dir='ltr'><strong><em>in</em></strong></span> <span class='ocrx_word' id='word_1_530' title='bbox 2597 2918 2907 2987; x_wconf 82' lang='lat' dir='ltr'><strong><em>episcopatu</em></strong></span> <span class='ocrx_word' id='word_1_531' title='bbox 2926 2916 3293 2982; x_wconf 83' lang='lat' dir='ltr'><strong><em>Noviomensi,</em></strong></span> <span class='ocrx_word' id='word_1_532' title='bbox 3331 2915 3591 2987; x_wconf 79' lang='lat' dir='ltr'><strong><em>contulit;</em></strong></span> 
     </span>
    </p>
   </div>
   <div class='ocr_carea' id='block_1_79' title="bbox 1947 2984 3597 3060">
    <p class='ocr_par' dir='ltr' id='par_1_79' title="bbox 1947 2984 3597 3060">
     <span class='ocr_line' id='line_1_83' title="bbox 1947 2984 3597 3060; baseline -0.002 -16"><span class='ocrx_word' id='word_1_533' title='bbox 1947 2988 2104 3060; x_wconf 87' lang='lat' dir='ltr'><strong><em>cujus</em></strong></span> <span class='ocrx_word' id='word_1_534' title='bbox 2134 2984 2338 3060; x_wconf 84' lang='lat' dir='ltr'><strong><em>reditus</em></strong></span> <span class='ocrx_word' id='word_1_535' title='bbox 2366 3004 2463 3058; x_wconf 88' lang='lat' dir='ltr'><strong><em>pro</em></strong></span> <span class='ocrx_word' id='word_1_536' title='bbox 2494 2984 2650 3060; x_wconf 78' lang='lat' dir='ltr'><strong><em>illius</em></strong></span> <span class='ocrx_word' id='word_1_537' title='bbox 2679 2984 2945 3060; x_wconf 81' lang='lat' dir='ltr'><strong><em>memoria</em></strong></span> <span class='ocrx_word' id='word_1_538' title='bbox 2970 2987 3271 3060; x_wconf 84' lang='lat' dir='ltr'><strong><em>annuatim</em></strong></span> <span class='ocrx_word' id='word_1_539' title='bbox 3314 2984 3597 3041; x_wconf 89' lang='lat' dir='ltr'><strong><em>recolenda</em></strong></span> 
     </span>
    </p>
   </div>
   <div class='ocr_carea' id='block_1_80' title="bbox 1948 3058 3597 3129">
    <p class='ocr_par' dir='ltr' id='par_1_80' title="bbox 1948 3058 3597 3129">
     <span class='ocr_line' id='line_1_84' title="bbox 1948 3058 3597 3129; baseline -0.003 -13"><span class='ocrx_word' id='word_1_540' title='bbox 1948 3058 2226 3116; x_wconf 86' lang='lat' dir='ltr'><strong><em>canonicis</em></strong></span> <span class='ocrx_word' id='word_1_541' title='bbox 2266 3058 2651 3114; x_wconf 83' lang='lat' dir='ltr'><strong><em>Rhemensibus</em></strong></span> <span class='ocrx_word' id='word_1_542' title='bbox 2705 3058 3063 3114; x_wconf 86' lang='lat' dir='ltr'><strong><em>dividuntur:</em></strong></span> <span class='ocrx_word' id='word_1_543' title='bbox 3116 3058 3190 3129; x_wconf 88' lang='lat' dir='ltr'><strong><em>de</em></strong></span> <span class='ocrx_word' id='word_1_544' title='bbox 3246 3073 3411 3113; x_wconf 84' lang='lat' dir='ltr'><strong><em>censu</em></strong></span> <span class='ocrx_word' id='word_1_545' title='bbox 3453 3071 3597 3129; x_wconf 68' lang='lat' dir='ltr'><strong><em>pra:-</em></strong></span> 
     </span>
    </p>
   </div>
   <div class='ocr_carea' id='block_1_81' title="bbox 1947 3201 2898 3259">
    <p class='ocr_par' dir='ltr' id='par_1_81' title="bbox 1947 3201 2898 3259">
     <span class='ocr_line' id='line_1_85' title="bbox 1947 3201 2898 3259; baseline -0.003 0"><span class='ocrx_word' id='word_1_546' title='bbox 1947 3205 2109 3259; x_wconf 87' lang='lat' dir='ltr'><strong><em>annis</em></strong></span> <span class='ocrx_word' id='word_1_547' title='bbox 2139 3220 2207 3257; x_wconf 76' lang='lat' dir='ltr'><strong><em>1.x</em></strong></span> <span class='ocrx_word' id='word_1_548' title='bbox 2234 3201 2431 3258; x_wconf 90' lang='lat' dir='ltr'><strong><em>solidos</em></strong></span> <span class='ocrx_word' id='word_1_549' title='bbox 2460 3201 2616 3256; x_wconf 87' lang='lat' dir='ltr'><strong><em>illius</em></strong></span> <span class='ocrx_word' id='word_1_550' title='bbox 2645 3206 2898 3258; x_wconf 67' lang='lat' dir='ltr'><strong><em>monetae.</em></strong></span> 
     </span>
    </p>
   </div>
   <div class='ocr_carea' id='block_1_82' title="bbox 1428 3505 2359 3668">
    <p class='ocr_par' dir='ltr' id='par_1_82' title="bbox 1428 3505 2359 3668">
     <span class='ocr_line' id='line_1_86' title="bbox 1428 3505 2359 3668; baseline 0.001 -3"><span class='ocrx_word' id='word_1_551' title='bbox 1428 3505 2359 3668; x_wconf 85' lang='lat' dir='ltr'><strong><em>FULCONIS</em></strong></span> 
     </span>
    </p>
   </div>
   <div class='ocr_carea' id='block_1_83' title="bbox 906 3744 2801 3817">
    <p class='ocr_par' dir='ltr' id='par_1_83' title="bbox 906 3744 2801 3817">
     <span class='ocr_line' id='line_1_87' title="bbox 906 3744 2801 3817; baseline -0.001 -6"><span class='ocrx_word' id='word_1_552' title='bbox 906 3744 1982 3817; x_wconf 36' lang='lat' dir='ltr'><strong><em>‘ARCHIEPISGOPI</em></strong></span> <span class='ocrx_word' id='word_1_553' title='bbox 2070 3744 2801 3817; x_wconf 86' lang='lat' dir='ltr'><strong>RHEMENSIS</strong></span> 
     </span>
    </p>
   </div>
   <div class='ocr_carea' id='block_1_84' title="bbox 1209 4016 2557 4146">
    <p class='ocr_par' dir='ltr' id='par_1_84' title="bbox 1209 4016 2557 4146">
     <span class='ocr_line' id='line_1_88' title="bbox 1209 4016 2557 4146; baseline 0.001 -4"><span class='ocrx_word' id='word_1_554' title='bbox 1209 4016 2557 4146; x_wconf 64' lang='lat' dir='ltr'><strong><em>EPISTOLZE.</em></strong></span> 
     </span>
    </p>
   </div>
   <div class='ocr_carea' id='block_1_85' title="bbox 1294 4233 2480 4308">
    <p class='ocr_par' dir='ltr' id='par_1_85' title="bbox 1294 4233 2480 4308">
     <span class='ocr_line' id='line_1_89' title="bbox 1294 4233 2480 4308; baseline 0.002 -22"><span class='ocrx_word' id='word_1_555' title='bbox 1294 4233 1587 4301; x_wconf 87' lang='lat' dir='ltr'><strong><em>(Province</em></strong></span> <span class='ocrx_word' id='word_1_556' title='bbox 1606 4233 1672 4291; x_wconf 91' lang='lat' dir='ltr'><strong><em>de</em></strong></span> <span class='ocrx_word' id='word_1_557' title='bbox 1700 4235 1901 4305; x_wconf 75' lang='lat' dir='ltr'><strong><em>Remis,</em></strong></span> <span class='ocrx_word' id='word_1_558' title='bbox 1933 4238 2078 4291; x_wconf 89' lang='lat' dir='ltr'><strong><em>tom.</em></strong></span> <span class='ocrx_word' id='word_1_559' title='bbox 2113 4237 2154 4303; x_wconf 91' lang='grc' dir='ltr'><strong><em>Ι,</em></strong></span> <span class='ocrx_word' id='word_1_560' title='bbox 2188 4249 2321 4308; x_wconf 85' lang='lat' dir='ltr'><strong><em>pag.</em></strong></span> <span class='ocrx_word' id='word_1_561' title='bbox 2353 4233 2480 4305; x_wconf 85' lang='lat'><strong><em>520)</em></strong></span> 
     </span>
    </p>
   </div>
   <div class='ocr_carea' id='block_1_86' title="bbox 679 4465 1541 4535">
    <p class='ocr_par' dir='ltr' id='par_1_86' title="bbox 679 4465 1541 4535">
     <span class='ocr_line' id='line_1_90' title="bbox 679 4465 1541 4535; baseline -0.006 -10"><span class='ocrx_word' id='word_1_562' title='bbox 679 4465 1028 4525; x_wconf 78' lang='lat' dir='ltr'><strong><em>EPISTULA</em></strong></span> <span class='ocrx_word' id='word_1_563' title='bbox 1081 4465 1329 4523; x_wconf 85' lang='lat' dir='ltr'><strong><em>PRIMA.</em></strong></span> <span class='ocrx_word' id='word_1_564' title='bbox 1536 4530 1541 4535; x_wconf 38' lang='grc'>,</span> 
     </span>
    </p>
   </div>
   <div class='ocr_carea' id='block_1_87' title="bbox 388 4570 1626 4617">
    <p class='ocr_par' dir='ltr' id='par_1_87' title="bbox 388 4570 1626 4617">
     <span class='ocr_line' id='line_1_91' title="bbox 388 4570 1626 4617; baseline -0.002 -2"><span class='ocrx_word' id='word_1_565' title='bbox 388 4575 463 4616; x_wconf 79' lang='lat' dir='ltr'><strong>AD</strong></span> <span class='ocrx_word' id='word_1_566' title='bbox 503 4573 848 4617; x_wconf 78' lang='lat' dir='ltr'><strong>STEPHANUM</strong></span> <span class='ocrx_word' id='word_1_567' title='bbox 885 4573 923 4613; x_wconf 83' lang='lat' dir='ltr'><strong>V</strong></span> <span class='ocrx_word' id='word_1_568' title='bbox 960 4572 1299 4613; x_wconf 82' lang='lat' dir='ltr'><strong><em>PONTIFICEM</em></strong></span> <span class='ocrx_word' id='word_1_569' title='bbox 1327 4570 1626 4613; x_wconf 77' lang='lat' dir='ltr'><strong>MAXIMUM.</strong></span> 
     </span>
    </p>
   </div>
   <div class='ocr_carea' id='block_1_88' title="bbox 825 4644 1192 4720">
    <p class='ocr_par' dir='ltr' id='par_1_88' title="bbox 825 4644 1192 4720">
     <span class='ocr_line' id='line_1_92' title="bbox 825 4644 1192 4720; baseline -0.011 -17"><span class='ocrx_word' id='word_1_570' title='bbox 825 4647 1013 4720; x_wconf 88' lang='lat' dir='ltr'><strong><em>(Anno</em></strong></span> <span class='ocrx_word' id='word_1_571' title='bbox 1041 4644 1192 4718; x_wconf 89' lang='lat'>885.)</span> 
     </span>
    </p>
   </div>
   <div class='ocr_carea' id='block_1_89' title="bbox 256 4734 1830 4812">
    <p class='ocr_par' dir='ltr' id='par_1_89' title="bbox 256 4734 1830 4812">
     <span class='ocr_line' id='line_1_93' title="bbox 256 4734 1830 4812; baseline -0.003 -17"><span class='ocrx_word' id='word_1_572' title='bbox 256 4738 468 4812; x_wconf 85' lang='lat' dir='ltr'><strong><em>Accepi</em></strong></span> <span class='ocrx_word' id='word_1_573' title='bbox 502 4735 891 4795; x_wconf 87' lang='lat' dir='ltr'><strong><em>antecessoris</em></strong></span> <span class='ocrx_word' id='word_1_574' title='bbox 919 4736 1007 4791; x_wconf 85' lang='lat' dir='ltr'><strong><em>tui</em></strong></span> <span class='ocrx_word' id='word_1_575' title='bbox 1034 4734 1282 4801; x_wconf 84' lang='lat' dir='ltr'><strong><em>litteras,</em></strong></span> <span class='ocrx_word' id='word_1_576' title='bbox 1313 4750 1406 4790; x_wconf 89' lang='lat' dir='ltr'><strong><em>me</em></strong></span> <span class='ocrx_word' id='word_1_577' title='bbox 1437 4736 1644 4805; x_wconf 89' lang='lat' dir='ltr'><strong><em>totum,</em></strong></span> <span class='ocrx_word' id='word_1_578' title='bbox 1695 4751 1830 4791; x_wconf 90' lang='lat' dir='ltr'><strong><em>cum</em></strong></span> 
     </span>
    </p>
   </div>
   <div class='ocr_carea' id='block_1_90' title="bbox 184 4822 1833 4901">
    <p class='ocr_par' dir='ltr' id='par_1_90' title="bbox 184 4822 1833 4901">
     <span class='ocr_line' id='line_1_94' title="bbox 184 4822 1833 4901; baseline -0.004 -15"><span class='ocrx_word' id='word_1_579' title='bbox 184 4828 347 4886; x_wconf 87' lang='lat' dir='ltr'><strong><em>omni</em></strong></span> <span class='ocrx_word' id='word_1_580' title='bbox 372 4844 503 4886; x_wconf 90' lang='lat' dir='ltr'><strong><em>mea</em></strong></span> <span class='ocrx_word' id='word_1_581' title='bbox 532 4826 851 4901; x_wconf 87' lang='lat' dir='ltr'><strong><em>provincia,</em></strong></span> <span class='ocrx_word' id='word_1_582' title='bbox 875 4824 946 4881; x_wconf 90' lang='lat' dir='ltr'><strong><em>ad</em></strong></span> <span class='ocrx_word' id='word_1_583' title='bbox 979 4827 1173 4898; x_wconf 80' lang='lat' dir='ltr'><strong><em>grates</em></strong></span> <span class='ocrx_word' id='word_1_584' title='bbox 1202 4840 1271 4879; x_wconf 76' lang='lat' dir='ltr'><strong><em>ex</em></strong></span> <span class='ocrx_word' id='word_1_585' title='bbox 1298 4822 1495 4879; x_wconf 83' lang='lat' dir='ltr'><strong><em>animo</em></strong></span> <span class='ocrx_word' id='word_1_586' title='bbox 1518 4825 1833 4895; x_wconf 91' lang='lat' dir='ltr'><strong><em>rependen-</em></strong></span> 
     </span>
    </p>
   </div>
   <div class='ocr_carea' id='block_1_91' title="bbox 183 4912 1828 4990">
    <p class='ocr_par' dir='ltr' id='par_1_91' title="bbox 183 4912 1828 4990">
     <span class='ocr_line' id='line_1_95' title="bbox 183 4912 1828 4990; baseline -0.004 -14"><span class='ocrx_word' id='word_1_587' title='bbox 183 4918 290 4976; x_wconf 90' lang='lat' dir='ltr'><strong><em>das</em></strong></span> <span class='ocrx_word' id='word_1_588' title='bbox 303 4916 550 4975; x_wconf 83' lang='lat' dir='ltr'><strong><em>inﬁnitis</em></strong></span> <span class='ocrx_word' id='word_1_589' title='bbox 569 4932 750 4990; x_wconf 89' lang='lat' dir='ltr'><strong><em>prope</em></strong></span> <span class='ocrx_word' id='word_1_590' title='bbox 765 4913 1103 4972; x_wconf 88' lang='lat' dir='ltr'><strong><em>nominibus</em></strong></span> <span class='ocrx_word' id='word_1_591' title='bbox 1120 4912 1828 4986; x_wconf 85' lang='lat' dir='ltr'><strong><em>obstringentes.Dignatu</em></strong></span> 
     </span>
    </p>
   </div>
   <div class='ocr_carea' id='block_1_92' title="bbox 182 5001 1830 5080">
    <p class='ocr_par' dir='ltr' id='par_1_92' title="bbox 182 5001 1830 5080">
     <span class='ocr_line' id='line_1_96' title="bbox 182 5001 1830 5080; baseline -0.005 -14"><span class='ocrx_word' id='word_1_592' title='bbox 182 5012 273 5067; x_wconf 86' lang='lat' dir='ltr'><strong><em>est</em></strong></span> <span class='ocrx_word' id='word_1_593' title='bbox 300 5008 457 5065; x_wconf 89' lang='lat' dir='ltr'><strong><em>enim</em></strong></span> <span class='ocrx_word' id='word_1_594' title='bbox 490 5006 721 5080; x_wconf 89' lang='lat' dir='ltr'><strong><em>eloquio</em></strong></span> <span class='ocrx_word' id='word_1_595' title='bbox 751 5021 992 5079; x_wconf 88' lang='lat' dir='ltr'><strong><em>prorsus</em></strong></span> <span class='ocrx_word' id='word_1_596' title='bbox 1016 5001 1359 5077; x_wconf 90' lang='lat' dir='ltr'><strong><em>apostolico,</em></strong></span> <span class='ocrx_word' id='word_1_597' title='bbox 1381 5005 1438 5057; x_wconf 88' lang='lat' dir='ltr'><strong><em>et</em></strong></span> <span class='ocrx_word' id='word_1_598' title='bbox 1453 5002 1613 5057; x_wconf 90' lang='lat' dir='ltr'><strong><em>omni</em></strong></span> <span class='ocrx_word' id='word_1_599' title='bbox 1636 5002 1830 5075; x_wconf 86' lang='lat' dir='ltr'><strong><em>gladio</em></strong></span> 
     </span>
    </p>
   </div>
   <div class='ocr_carea' id='block_1_93' title="bbox 186 5088 1866 5180">
    <p class='ocr_par' dir='ltr' id='par_1_93' title="bbox 186 5088 1866 5180">
     <span class='ocr_line' id='line_1_97' title="bbox 186 5088 1866 5180; baseline -0.004 -27"><span class='ocrx_word' id='word_1_600' title='bbox 186 5096 429 5170; x_wconf 88' lang='lat' dir='ltr'><strong><em>ancipiti</em></strong></span> <span class='ocrx_word' id='word_1_601' title='bbox 461 5094 913 5168; x_wconf 87' lang='lat' dir='ltr'><strong><em>penetrabiliore</em></strong></span> <span class='ocrx_word' id='word_1_602' title='bbox 943 5109 1052 5149; x_wconf 88' lang='lat' dir='ltr'><strong><em>nos</em></strong></span> <span class='ocrx_word' id='word_1_603' title='bbox 1074 5092 1225 5147; x_wconf 88' lang='lat' dir='ltr'><strong><em>inter</em></strong></span> <span class='ocrx_word' id='word_1_604' title='bbox 1254 5088 1475 5146; x_wconf 88' lang='lat' dir='ltr'><strong><em>medias</em></strong></span> <span class='ocrx_word' id='word_1_605' title='bbox 1521 5091 1866 5180; x_wconf 31' lang='lat' dir='ltr'><strong><em>Nortman:</em></strong></span> 
     </span>
    </p>
   </div>
   <div class='ocr_carea' id='block_1_94' title="bbox 182 5178 1830 5257">
    <p class='ocr_par' dir='ltr' id='par_1_94' title="bbox 182 5178 1830 5257">
     <span class='ocr_line' id='line_1_98' title="bbox 182 5178 1830 5257; baseline -0.004 -15"><span class='ocrx_word' id='word_1_606' title='bbox 182 5201 394 5243; x_wconf 89' lang='lat' dir='ltr'><strong><em>norum</em></strong></span> <span class='ocrx_word' id='word_1_607' title='bbox 428 5184 872 5240; x_wconf 79' lang='lat' dir='ltr'><strong><em>aiﬂictationum</em></strong></span> <span class='ocrx_word' id='word_1_608' title='bbox 904 5179 1187 5257; x_wconf 87' lang='lat' dir='ltr'><strong><em>procellas</em></strong></span> <span class='ocrx_word' id='word_1_609' title='bbox 1217 5178 1415 5251; x_wconf 86' lang='lat' dir='ltr'><strong><em>solari,</em></strong></span> <span class='ocrx_word' id='word_1_610' title='bbox 1440 5184 1496 5234; x_wconf 88' lang='lat' dir='ltr'><strong><em>et</em></strong></span> <span class='ocrx_word' id='word_1_611' title='bbox 1516 5195 1610 5235; x_wconf 87' lang='lat' dir='ltr'><strong><em>me</em></strong></span> <span class='ocrx_word' id='word_1_612' title='bbox 1631 5180 1830 5236; x_wconf 81' lang='lat' dir='ltr'><strong><em>fratris</em></strong></span> 
     </span>
    </p>
   </div>
   <div class='ocr_carea' id='block_1_95' title="bbox 183 5268 1832 5341">
    <p class='ocr_par' dir='ltr' id='par_1_95' title="bbox 183 5268 1832 5341">
     <span class='ocr_line' id='line_1_99' title="bbox 183 5268 1832 5341; baseline -0.004 -8"><span class='ocrx_word' id='word_1_613' title='bbox 183 5279 242 5334; x_wconf 89' lang='lat' dir='ltr'><strong><em>et</em></strong></span> <span class='ocrx_word' id='word_1_614' title='bbox 273 5274 444 5331; x_wconf 87' lang='lat' dir='ltr'><strong><em>amici</em></strong></span> <span class='ocrx_word' id='word_1_615' title='bbox 476 5273 765 5330; x_wconf 85' lang='lat' dir='ltr'><strong><em>vocabulo</em></strong></span> <span class='ocrx_word' id='word_1_616' title='bbox 825 5273 1077 5339; x_wconf 80' lang='lat' dir='ltr'><strong><em>afﬁcere,</em></strong></span> <span class='ocrx_word' id='word_1_617' title='bbox 1136 5286 1272 5326; x_wconf 88' lang='lat' dir='ltr'><strong><em>cum</em></strong></span> <span class='ocrx_word' id='word_1_618' title='bbox 1320 5268 1618 5341; x_wconf 76' lang='lat' dir='ltr'><strong><em>pontificis</em></strong></span> <span class='ocrx_word' id='word_1_619' title='bbox 1672 5268 1832 5327; x_wconf 90' lang='lat' dir='ltr'><strong><em>solea</em></strong></span> 
     </span>
    </p>
   </div>
   <div class='ocr_carea' id='block_1_96' title="bbox 185 5358 1826 5433">
    <p class='ocr_par' dir='ltr' id='par_1_96' title="bbox 185 5358 1826 5433">
     <span class='ocr_line' id='line_1_100' title="bbox 185 5358 1826 5433; baseline -0.004 -12"><span class='ocrx_word' id='word_1_620' title='bbox 185 5364 396 5421; x_wconf 88' lang='lat' dir='ltr'><strong><em>calcari</em></strong></span> <span class='ocrx_word' id='word_1_621' title='bbox 426 5363 585 5421; x_wconf 88' lang='lat' dir='ltr'><strong><em>haud</em></strong></span> <span class='ocrx_word' id='word_1_622' title='bbox 616 5377 995 5420; x_wconf 87' lang='lat' dir='ltr'><strong><em>commerear.</em></strong></span> <span class='ocrx_word' id='word_1_623' title='bbox 1021 5361 1107 5416; x_wconf 84' lang='lat' dir='ltr'><strong><em>Ad</em></strong></span> <span class='ocrx_word' id='word_1_624' title='bbox 1142 5360 1362 5433; x_wconf 88' lang='lat' dir='ltr'><strong><em>ipsum,</em></strong></span> <span class='ocrx_word' id='word_1_625' title='bbox 1391 5362 1449 5414; x_wconf 90' lang='lat' dir='ltr'><strong><em>et</em></strong></span> <span class='ocrx_word' id='word_1_626' title='bbox 1470 5358 1596 5429; x_wconf 85' lang='lat' dir='ltr'><strong><em>jam</em></strong></span> <span class='ocrx_word' id='word_1_627' title='bbox 1627 5359 1699 5414; x_wconf 90' lang='lat' dir='ltr'><strong><em>ad</em></strong></span> <span class='ocrx_word' id='word_1_628' title='bbox 1748 5364 1826 5429; x_wconf 91' lang='lat' dir='ltr'><strong><em>te,</em></strong></span> 
     </span>
    </p>
   </div>
   <div class='ocr_carea' id='block_1_97' title="bbox 186 5449 1831 5525">
    <p class='ocr_par' dir='ltr' id='par_1_97' title="bbox 186 5449 1831 5525">
     <span class='ocr_line' id='line_1_101' title="bbox 186 5449 1831 5525; baseline -0.003 -15"><span class='ocrx_word' id='word_1_629' title='bbox 186 5453 562 5510; x_wconf 87' lang='lat' dir='ltr'><strong><em>sanctissime</em></strong></span> <span class='ocrx_word' id='word_1_630' title='bbox 590 5467 825 5525; x_wconf 88' lang='lat' dir='ltr'><strong><em>parens,</em></strong></span> <span class='ocrx_word' id='word_1_631' title='bbox 857 5450 1008 5507; x_wconf 85' lang='lat' dir='ltr'><strong><em>votis</em></strong></span> <span class='ocrx_word' id='word_1_632' title='bbox 1038 5449 1314 5506; x_wconf 87' lang='lat' dir='ltr'><strong><em>omnibus</em></strong></span> <span class='ocrx_word' id='word_1_633' title='bbox 1344 5463 1481 5504; x_wconf 84' lang='lat' dir='ltr'><strong><em>aveo</em></strong></span> <span class='ocrx_word' id='word_1_634' title='bbox 1521 5464 1831 5521; x_wconf 85' lang='lat' dir='ltr'><strong><em>properare</em></strong></span> 
     </span>
    </p>
   </div>
   <div class='ocr_carea' id='block_1_98' title="bbox 182 5536 1834 5614">
    <p class='ocr_par' dir='ltr' id='par_1_98' title="bbox 182 5536 1834 5614">
     <span class='ocr_line' id='line_1_102' title="bbox 182 5536 1834 5614; baseline -0.004 -15"><span class='ocrx_word' id='word_1_635' title='bbox 182 5539 287 5599; x_wconf 80' lang='lat' dir='ltr'><strong><em>sed</em></strong></span> <span class='ocrx_word' id='word_1_636' title='bbox 314 5540 584 5614; x_wconf 88' lang='lat' dir='ltr'><strong><em>prohibet</em></strong></span> <span class='ocrx_word' id='word_1_637' title='bbox 605 5539 1145 5612; x_wconf 80' lang='lat' dir='ltr'><strong><em>Dannrum,quibus</em></strong></span> <span class='ocrx_word' id='word_1_638' title='bbox 1165 5536 1452 5595; x_wconf 88' lang='lat' dir='ltr'><strong><em>vallamur</em></strong></span> <span class='ocrx_word' id='word_1_639' title='bbox 1465 5539 1523 5592; x_wconf 89' lang='lat' dir='ltr'><strong><em>et</em></strong></span> <span class='ocrx_word' id='word_1_640' title='bbox 1539 5536 1834 5594; x_wconf 88' lang='lat' dir='ltr'><strong><em>vellimur-</em></strong></span> 
     </span>
    </p>
   </div>
   <div class='ocr_carea' id='block_1_99' title="bbox 178 5626 1829 5709">
    <p class='ocr_par' dir='ltr' id='par_1_99' title="bbox 178 5626 1829 5709">
     <span class='ocr_line' id='line_1_103' title="bbox 178 5626 1829 5709; baseline -0.004 -12"><span class='ocrx_word' id='word_1_641' title='bbox 178 5630 541 5703; x_wconf 80' lang='lat' dir='ltr'><strong><em>incursatio;</em></strong></span> <span class='ocrx_word' id='word_1_642' title='bbox 576 5629 679 5709; x_wconf 88' lang='lat' dir='ltr'><strong><em>qui</em></strong></span> <span class='ocrx_word' id='word_1_643' title='bbox 698 5629 771 5692; x_wconf 85' lang='lat' dir='ltr'><strong><em>ab</em></strong></span> <span class='ocrx_word' id='word_1_644' title='bbox 803 5628 1116 5706; x_wconf 81' lang='lat' dir='ltr'><strong><em>annisjam</em></strong></span> <span class='ocrx_word' id='word_1_645' title='bbox 1129 5630 1256 5689; x_wconf 82' lang='lat' dir='ltr'><strong><em>octo</em></strong></span> <span class='ocrx_word' id='word_1_646' title='bbox 1276 5627 1359 5688; x_wconf 76' lang='lat' dir='ltr'><strong><em>ita</em></strong></span> <span class='ocrx_word' id='word_1_647' title='bbox 1379 5626 1558 5688; x_wconf 83' lang='lat' dir='ltr'><strong><em>hocce</em></strong></span> <span class='ocrx_word' id='word_1_648' title='bbox 1580 5642 1829 5705; x_wconf 79' lang='lat' dir='ltr'><strong><em>regnum</em></strong></span> 
     </span>
    </p>
   </div>
   <div class='ocr_carea' id='block_1_100' title="bbox 484 5758 512 5785">
    <p class='ocr_par' dir='ltr' id='par_1_100' title="bbox 484 5758 512 5785">
     <span class='ocr_line' id='line_1_104' title="bbox 484 5758 512 5785; baseline 0 -4"><span class='ocrx_word' id='word_1_649' title='bbox 484 5758 512 5785; x_wconf 57' lang='grc' dir='ltr'><strong><em>δι</em></strong></span> 
     </span>
    </p>
   </div>
   <div class='ocr_carea' id='block_1_101' title="bbox 1861 4458 3594 4536">
    <p class='ocr_par' dir='ltr' id='par_1_101' title="bbox 1861 4458 3594 4536">
     <span class='ocr_line' id='line_1_105' title="bbox 1861 4458 3594 4536; baseline -0.008 -10"><span class='ocrx_word' id='word_1_650' title='bbox 1861 4472 1907 4536; x_wconf 92' lang='lat' dir='ltr'><strong>D</strong></span> <span class='ocrx_word' id='word_1_651' title='bbox 1937 4468 2312 4535; x_wconf 88' lang='lat' dir='ltr'><strong><em>infectarunt,</em></strong></span> <span class='ocrx_word' id='word_1_652' title='bbox 2343 4469 2410 4523; x_wconf 87' lang='lat' dir='ltr'><strong><em>ut</em></strong></span> <span class='ocrx_word' id='word_1_653' title='bbox 2442 4464 2551 4523; x_wconf 85' lang='lat' dir='ltr'><strong><em>soli</em></strong></span> <span class='ocrx_word' id='word_1_654' title='bbox 2578 4465 2732 4523; x_wconf 87' lang='lat' dir='ltr'><strong><em>beati</em></strong></span> <span class='ocrx_word' id='word_1_655' title='bbox 2746 4466 2965 4534; x_wconf 89' lang='lat' dir='ltr'><strong><em>essent,</em></strong></span> <span class='ocrx_word' id='word_1_656' title='bbox 2988 4461 3168 4535; x_wconf 88' lang='lat' dir='ltr'><strong><em>quise</em></strong></span> <span class='ocrx_word' id='word_1_657' title='bbox 3190 4458 3446 4517; x_wconf 85' lang='lat' dir='ltr'><strong><em>castellis</em></strong></span> <span class='ocrx_word' id='word_1_658' title='bbox 3464 4473 3594 4531; x_wconf 89' lang='lat' dir='ltr'><strong><em>pos-</em></strong></span> 
     </span>
    </p>
   </div>
   <div class='ocr_carea' id='block_1_102' title="bbox 1943 4545 3592 4626">
    <p class='ocr_par' dir='ltr' id='par_1_102' title="bbox 1943 4545 3592 4626">
     <span class='ocr_line' id='line_1_106' title="bbox 1943 4545 3592 4626; baseline -0.008 -11"><span class='ocrx_word' id='word_1_659' title='bbox 1943 4562 2076 4616; x_wconf 88' lang='lat' dir='ltr'><strong><em>sent</em></strong></span> <span class='ocrx_word' id='word_1_660' title='bbox 2103 4556 2275 4625; x_wconf 83' lang='lat' dir='ltr'><strong><em>tueri,</em></strong></span> <span class='ocrx_word' id='word_1_661' title='bbox 2306 4560 2363 4613; x_wconf 87' lang='lat' dir='ltr'><strong><em>et</em></strong></span> <span class='ocrx_word' id='word_1_662' title='bbox 2388 4554 2512 4611; x_wconf 73' lang='lat' dir='ltr'><strong><em>haec</em></strong></span> <span class='ocrx_word' id='word_1_663' title='bbox 2540 4552 2714 4610; x_wconf 86' lang='lat' dir='ltr'><strong><em>etiam</em></strong></span> <span class='ocrx_word' id='word_1_664' title='bbox 2731 4552 3096 4626; x_wconf 87' lang='lat' dir='ltr'><strong><em>prohibuere,</em></strong></span> <span class='ocrx_word' id='word_1_665' title='bbox 3116 4545 3592 4623; x_wconf 87' lang='lat' dir='ltr'><strong><em>quominusinsi-</em></strong></span> 
     </span>
    </p>
   </div>
   <div class='ocr_carea' id='block_1_103' title="bbox 1941 4635 3592 4720">
    <p class='ocr_par' dir='ltr' id='par_1_103' title="bbox 1941 4635 3592 4720">
     <span class='ocr_line' id='line_1_107' title="bbox 1941 4635 3592 4720; baseline -0.007 -18"><span class='ocrx_word' id='word_1_666' title='bbox 1941 4647 2243 4720; x_wconf 86' lang='lat' dir='ltr'><strong><em>dias,quas</em></strong></span> <span class='ocrx_word' id='word_1_667' title='bbox 2274 4643 2535 4718; x_wconf 85' lang='lat' dir='ltr'><strong><em>pestiferi</em></strong></span> <span class='ocrx_word' id='word_1_668' title='bbox 2551 4642 2821 4699; x_wconf 90' lang='lat' dir='ltr'><strong><em>homines</em></strong></span> <span class='ocrx_word' id='word_1_669' title='bbox 2834 4643 2998 4698; x_wconf 66' lang='lat' dir='ltr'><strong><em>bonae</em></strong></span> <span class='ocrx_word' id='word_1_670' title='bbox 3013 4639 3305 4697; x_wconf 68' lang='lat' dir='ltr'><strong><em>memorias</em></strong></span> <span class='ocrx_word' id='word_1_671' title='bbox 3326 4635 3592 4711; x_wconf 78' lang='lat' dir='ltr'><strong><em>pontiﬁci</em></strong></span> 
     </span>
    </p>
   </div>
   <div class='ocr_carea' id='block_1_104' title="bbox 1940 4730 2982 4806">
    <p class='ocr_par' dir='ltr' id='par_1_104' title="bbox 1940 4730 2982 4806">
     <span class='ocr_line' id='line_1_108' title="bbox 1940 4730 2982 4806; baseline -0.006 -15"><span class='ocrx_word' id='word_1_672' title='bbox 1940 4735 2352 4801; x_wconf 87' lang='lat' dir='ltr'><strong><em>moliebantur,</em></strong></span> <span class='ocrx_word' id='word_1_673' title='bbox 2385 4748 2618 4806; x_wconf 90' lang='lat' dir='ltr'><strong><em>possem</em></strong></span> <span class='ocrx_word' id='word_1_674' title='bbox 2648 4730 2982 4787; x_wconf 86' lang='lat' dir='ltr'><strong><em>dissolvere.</em></strong></span> 
     </span>
    </p>
   </div>
   <div class='ocr_carea' id='block_1_105' title="bbox 2012 4816 3586 4897">
    <p class='ocr_par' dir='ltr' id='par_1_105' title="bbox 2012 4816 3586 4897">
     <span class='ocr_line' id='line_1_109' title="bbox 2012 4816 3586 4897; baseline -0.006 -16"><span class='ocrx_word' id='word_1_675' title='bbox 2012 4825 2072 4881; x_wconf 88' lang='lat' dir='ltr'><strong><em>Si</em></strong></span> <span class='ocrx_word' id='word_1_676' title='bbox 2104 4824 2244 4897; x_wconf 91' lang='lat' dir='ltr'><strong><em>quid</em></strong></span> <span class='ocrx_word' id='word_1_677' title='bbox 2257 4829 2453 4879; x_wconf 85' lang='lat' dir='ltr'><strong><em>tamen</em></strong></span> <span class='ocrx_word' id='word_1_678' title='bbox 2473 4826 2711 4895; x_wconf 87' lang='lat' dir='ltr'><strong><em>potuere</em></strong></span> <span class='ocrx_word' id='word_1_679' title='bbox 2727 4819 2925 4876; x_wconf 88' lang='lat' dir='ltr'><strong><em>miseri</em></strong></span> <span class='ocrx_word' id='word_1_680' title='bbox 2940 4816 3351 4874; x_wconf 87' lang='lat' dir='ltr'><strong><em>homuncionis</em></strong></span> <span class='ocrx_word' id='word_1_681' title='bbox 3365 4831 3586 4889; x_wconf 89' lang='lat' dir='ltr'><strong><em>preces,</em></strong></span> 
     </span>
    </p>
   </div>
   <div class='ocr_carea' id='block_1_106' title="bbox 1940 4902 3587 4981">
    <p class='ocr_par' dir='ltr' id='par_1_106' title="bbox 1940 4902 3587 4981">
     <span class='ocr_line' id='line_1_110' title="bbox 1940 4902 3587 4981; baseline -0.007 -12"><span class='ocrx_word' id='word_1_682' title='bbox 1940 4915 2013 4971; x_wconf 90' lang='lat' dir='ltr'><strong><em>iis</em></strong></span> <span class='ocrx_word' id='word_1_683' title='bbox 2036 4930 2304 4971; x_wconf 88' lang='lat' dir='ltr'><strong><em>sanenon</em></strong></span> <span class='ocrx_word' id='word_1_684' title='bbox 2335 4910 2531 4978; x_wconf 87' lang='lat' dir='ltr'><strong><em>defui;</em></strong></span> <span class='ocrx_word' id='word_1_685' title='bbox 2565 4909 2663 4981; x_wconf 89' lang='lat' dir='ltr'><strong><em>qui</em></strong></span> <span class='ocrx_word' id='word_1_686' title='bbox 2693 4924 2866 4980; x_wconf 89' lang='lat' dir='ltr'><strong><em>porro</em></strong></span> <span class='ocrx_word' id='word_1_687' title='bbox 2898 4907 3099 4963; x_wconf 88' lang='lat' dir='ltr'><strong><em>deesse</em></strong></span> <span class='ocrx_word' id='word_1_688' title='bbox 3119 4922 3351 4978; x_wconf 85' lang='lat' dir='ltr'><strong><em>possem</em></strong></span> <span class='ocrx_word' id='word_1_689' title='bbox 3374 4902 3587 4976; x_wconf 89' lang='lat' dir='ltr'><strong><em>illi,qui</em></strong></span> 
     </span>
    </p>
   </div>
   <div class='ocr_carea' id='block_1_107' title="bbox 1941 4992 3586 5067">
    <p class='ocr_par' dir='ltr' id='par_1_107' title="bbox 1941 4992 3586 5067">
     <span class='ocr_line' id='line_1_111' title="bbox 1941 4992 3586 5067; baseline -0.009 -7"><span class='ocrx_word' id='word_1_690' title='bbox 1941 5005 2176 5061; x_wconf 86' lang='lat' dir='ltr'><strong><em>afﬁnem</em></strong></span> <span class='ocrx_word' id='word_1_691' title='bbox 2207 5017 2403 5057; x_wconf 89' lang='lat' dir='ltr'><strong><em>meum</em></strong></span> <span class='ocrx_word' id='word_1_692' title='bbox 2430 4998 2744 5054; x_wconf 86' lang='lat' dir='ltr'><strong><em>Widonem</em></strong></span> <span class='ocrx_word' id='word_1_693' title='bbox 2796 4997 2855 5051; x_wconf 90' lang='lat' dir='ltr'><strong><em>in</em></strong></span> <span class='ocrx_word' id='word_1_694' title='bbox 2902 4995 3091 5051; x_wconf 83' lang='lat' dir='ltr'><strong><em>lilium</em></strong></span> <span class='ocrx_word' id='word_1_695' title='bbox 3151 4992 3586 5067; x_wconf 87' lang='lat' dir='ltr'><strong><em>quodammodo</em></strong></span> 
     </span>
    </p>
   </div>
   <div class='ocr_carea' id='block_1_108' title="bbox 1942 5081 3584 5164">
    <p class='ocr_par' dir='ltr' id='par_1_108' title="bbox 1942 5081 3584 5164">
     <span class='ocr_line' id='line_1_112' title="bbox 1942 5081 3584 5164; baseline -0.009 -16"><span class='ocrx_word' id='word_1_696' title='bbox 1942 5088 2439 5164; x_wconf 80' lang='lat' dir='ltr'><strong><em>adoptaret?quod</em></strong></span> <span class='ocrx_word' id='word_1_697' title='bbox 2457 5104 2590 5142; x_wconf 88' lang='lat' dir='ltr'><strong><em>cum</em></strong></span> <span class='ocrx_word' id='word_1_698' title='bbox 2613 5084 3065 5157; x_wconf 85' lang='lat' dir='ltr'><strong><em>consanguineis</em></strong></span> <span class='ocrx_word' id='word_1_699' title='bbox 3077 5084 3225 5141; x_wconf 88' lang='lat' dir='ltr'><strong><em>meis</em></strong></span> <span class='ocrx_word' id='word_1_700' title='bbox 3244 5081 3584 5139; x_wconf 85' lang='lat' dir='ltr'><strong><em>denuntias-</em></strong></span> 
     </span>
    </p>
   </div>
   <div class='ocr_carea' id='block_1_109' title="bbox 1941 5167 3582 5247">
    <p class='ocr_par' dir='ltr' id='par_1_109' title="bbox 1941 5167 3582 5247">
     <span class='ocr_line' id='line_1_113' title="bbox 1941 5167 3582 5247; baseline -0.01 -11"><span class='ocrx_word' id='word_1_701' title='bbox 1941 5197 2088 5247; x_wconf 88' lang='lat' dir='ltr'><strong><em>sem,</em></strong></span> <span class='ocrx_word' id='word_1_702' title='bbox 2124 5178 2322 5235; x_wconf 86' lang='lat' dir='ltr'><strong><em>statim</em></strong></span> <span class='ocrx_word' id='word_1_703' title='bbox 2353 5192 2524 5232; x_wconf 89' lang='lat' dir='ltr'><strong><em>omne</em></strong></span> <span class='ocrx_word' id='word_1_704' title='bbox 2538 5174 2886 5246; x_wconf 86' lang='lat' dir='ltr'><strong><em>obsequium</em></strong></span> <span class='ocrx_word' id='word_1_705' title='bbox 2902 5190 3171 5243; x_wconf 88' lang='lat' dir='ltr'><strong><em>suum,ac</em></strong></span> <span class='ocrx_word' id='word_1_706' title='bbox 3202 5167 3582 5228; x_wconf 86' lang='lat' dir='ltr'><strong><em>reverentiam</em></strong></span> 
     </span>
    </p>
   </div>
   <div class='ocr_carea' id='block_1_110' title="bbox 1945 5254 3583 5341">
    <p class='ocr_par' dir='ltr' id='par_1_110' title="bbox 1945 5254 3583 5341">
     <span class='ocr_line' id='line_1_114' title="bbox 1945 5254 3583 5341; baseline -0.012 -14"><span class='ocrx_word' id='word_1_707' title='bbox 1945 5270 2067 5328; x_wconf 88' lang='lat' dir='ltr'><strong><em>sedi</em></strong></span> <span class='ocrx_word' id='word_1_708' title='bbox 2102 5264 2435 5341; x_wconf 68' lang='lat' dir='ltr'><strong><em>apostolica:</em></strong></span> <span class='ocrx_word' id='word_1_709' title='bbox 2460 5266 2836 5321; x_wconf 86' lang='lat' dir='ltr'><strong><em>devoverunt.</em></strong></span> <span class='ocrx_word' id='word_1_710' title='bbox 2853 5268 2921 5319; x_wconf 83' lang='lat' dir='ltr'><strong><em>Et</em></strong></span> <span class='ocrx_word' id='word_1_711' title='bbox 2948 5280 3053 5337; x_wconf 90' lang='lat' dir='ltr'><strong><em>ego</em></strong></span> <span class='ocrx_word' id='word_1_712' title='bbox 3077 5278 3194 5319; x_wconf 89' lang='lat' dir='ltr'><strong><em>una</em></strong></span> <span class='ocrx_word' id='word_1_713' title='bbox 3222 5273 3355 5314; x_wconf 90' lang='lat' dir='ltr'><strong><em>cum</em></strong></span> <span class='ocrx_word' id='word_1_714' title='bbox 3387 5254 3583 5326; x_wconf 90' lang='lat' dir='ltr'><strong><em>coepi-</em></strong></span> 
     </span>
    </p>
   </div>
   <div class='ocr_carea' id='block_1_111' title="bbox 1944 5344 3582 5429">
    <p class='ocr_par' dir='ltr' id='par_1_111' title="bbox 1944 5344 3582 5429">
     <span class='ocr_line' id='line_1_115' title="bbox 1944 5344 3582 5429; baseline -0.009 -15"><span class='ocrx_word' id='word_1_715' title='bbox 1944 5357 2136 5429; x_wconf 87' lang='lat' dir='ltr'><strong><em>scopis</em></strong></span> <span class='ocrx_word' id='word_1_716' title='bbox 2167 5355 2333 5423; x_wconf 89' lang='lat' dir='ltr'><strong><em>meis,</em></strong></span> <span class='ocrx_word' id='word_1_717' title='bbox 2360 5354 2470 5411; x_wconf 86' lang='lat' dir='ltr'><strong><em>etsi</em></strong></span> <span class='ocrx_word' id='word_1_718' title='bbox 2499 5369 2701 5410; x_wconf 88' lang='lat' dir='ltr'><strong><em>eorum</em></strong></span> <span class='ocrx_word' id='word_1_719' title='bbox 2729 5352 3017 5421; x_wconf 88' lang='lat' dir='ltr'><strong><em>nonnulli,</em></strong></span> <span class='ocrx_word' id='word_1_720' title='bbox 3077 5350 3161 5405; x_wconf 88' lang='lat' dir='ltr'><strong><em>uti</em></strong></span> <span class='ocrx_word' id='word_1_721' title='bbox 3213 5344 3582 5414; x_wconf 86' lang='lat' dir='ltr'><strong><em>Morinensis,</em></strong></span> 
     </span>
    </p>
   </div>
   <div class='ocr_carea' id='block_1_112' title="bbox 1943 5437 3584 5511">
    <p class='ocr_par' dir='ltr' id='par_1_112' title="bbox 1943 5437 3584 5511">
     <span class='ocr_line' id='line_1_116' title="bbox 1943 5437 3584 5511; baseline -0.01 -7"><span class='ocrx_word' id='word_1_722' title='bbox 1943 5448 2231 5504; x_wconf 82' lang='lat' dir='ltr'><strong><em>civitatem</em></strong></span> <span class='ocrx_word' id='word_1_723' title='bbox 2264 5460 2431 5501; x_wconf 90' lang='lat' dir='ltr'><strong><em>suam</em></strong></span> <span class='ocrx_word' id='word_1_724' title='bbox 2450 5442 2783 5499; x_wconf 89' lang='lat' dir='ltr'><strong><em>ambustam</em></strong></span> <span class='ocrx_word' id='word_1_725' title='bbox 2806 5445 2879 5499; x_wconf 85' lang='lat' dir='ltr'><strong><em>ad</em></strong></span> <span class='ocrx_word' id='word_1_726' title='bbox 2908 5448 3139 5511; x_wconf 86' lang='lat' dir='ltr'><strong><em>tempus</em></strong></span> <span class='ocrx_word' id='word_1_727' title='bbox 3161 5437 3427 5491; x_wconf 88' lang='lat' dir='ltr'><strong><em>deserere</em></strong></span> <span class='ocrx_word' id='word_1_728' title='bbox 3487 5450 3584 5489; x_wconf 90' lang='lat' dir='ltr'><strong><em>co-</em></strong></span> 
     </span>
    </p>
   </div>
   <div class='ocr_carea' id='block_1_113' title="bbox 1941 5522 3586 5609">
    <p class='ocr_par' dir='ltr' id='par_1_113' title="bbox 1941 5522 3586 5609">
     <span class='ocr_line' id='line_1_117' title="bbox 1941 5522 3586 5609; baseline -0.009 -14"><span class='ocrx_word' id='word_1_729' title='bbox 1941 5541 2174 5609; x_wconf 89' lang='lat' dir='ltr'><strong><em>gantur,</em></strong></span> <span class='ocrx_word' id='word_1_730' title='bbox 2206 5535 2265 5590; x_wconf 88' lang='lat' dir='ltr'><strong><em>in</em></strong></span> <span class='ocrx_word' id='word_1_731' title='bbox 2296 5532 2455 5590; x_wconf 89' lang='lat' dir='ltr'><strong><em>cultu</em></strong></span> <span class='ocrx_word' id='word_1_732' title='bbox 2488 5532 2759 5588; x_wconf 69' lang='lat' dir='ltr'><strong><em>Romanis</em></strong></span> <span class='ocrx_word' id='word_1_733' title='bbox 2791 5531 2945 5589; x_wconf 88' lang='lat' dir='ltr'><strong><em>sedis</em></strong></span> <span class='ocrx_word' id='word_1_734' title='bbox 2982 5528 3053 5584; x_wconf 90' lang='lat' dir='ltr'><strong><em>ad</em></strong></span> <span class='ocrx_word' id='word_1_735' title='bbox 3110 5540 3300 5597; x_wconf 89' lang='lat' dir='ltr'><strong><em>usque</em></strong></span> <span class='ocrx_word' id='word_1_736' title='bbox 3356 5522 3586 5580; x_wconf 88' lang='lat' dir='ltr'><strong><em>lethum</em></strong></span> 
     </span>
    </p>
   </div>
   <div class='ocr_carea' id='block_1_114' title="bbox 1940 5612 3586 5705">
    <p class='ocr_par' dir='ltr' id='par_1_114' title="bbox 1940 5612 3586 5705">
     <span class='ocr_line' id='line_1_118' title="bbox 1940 5612 3586 5705; baseline -0.01 -16"><span class='ocrx_word' id='word_1_737' title='bbox 1940 5627 2396 5705; x_wconf 79' lang='lat' dir='ltr'><strong><em>perseverantes,</em></strong></span> <span class='ocrx_word' id='word_1_738' title='bbox 2438 5638 2802 5703; x_wconf 61' lang='lat' dir='ltr'><strong><em>quacunque</em></strong></span> <span class='ocrx_word' id='word_1_739' title='bbox 2829 5615 3095 5679; x_wconf 76' lang='lat' dir='ltr'><strong><em>Ecclesiae</em></strong></span> <span class='ocrx_word' id='word_1_740' title='bbox 3119 5613 3222 5677; x_wconf 89' lang='lat' dir='ltr'><strong><em>Dei</em></strong></span> <span class='ocrx_word' id='word_1_741' title='bbox 3253 5612 3586 5675; x_wconf 81' lang='lat' dir='ltr'><strong><em>necessaria</em></strong></span> 
     </span>
    </p>
   </div>
   <div class='ocr_carea' id='block_1_115' title="bbox 3542 5894 3609 5938">
    <p class='ocr_par' dir='ltr' id='par_1_115' title="bbox 3542 5894 3609 5938">
     <span class='ocr_line' id='line_1_119' title="bbox 3542 5894 3609 5938; baseline 0 -27"><span class='ocrx_word' id='word_1_742' title='bbox 3542 5894 3609 5938; x_wconf 36' lang='grc' dir='ltr'><strong><em>,η</em></strong></span> 
     </span>
    </p>
   </div>
   <div class='ocr_carea' id='block_1_116' title="bbox 3656 5938 3682 5961">
    <p class='ocr_par' dir='ltr' id='par_1_116' title="bbox 3656 5938 3682 5961">
     <span class='ocr_line' id='line_1_120' title="bbox 3656 5938 3682 5961; baseline 0 0"><span class='ocrx_word' id='word_1_743' title='bbox 3656 5938 3682 5961; x_wconf 58' lang='grc' dir='ltr'><strong><em>Ω</em></strong></span> 
     </span>
    </p>
   </div>
   <div class='ocr_carea' id='block_1_117' title="bbox 3508 5968 3676 6005">
    <p class='ocr_par' dir='ltr' id='par_1_117' title="bbox 3508 5968 3676 6005">
     <span class='ocr_line' id='line_1_121' title="bbox 3508 5968 3676 6005; baseline 0 0"><span class='ocrx_word' id='word_1_744' title='bbox 3508 5968 3519 5979; x_wconf 81' lang='lat'><strong><em>&#39;</em></strong></span> <span class='ocrx_word' id='word_1_745' title='bbox 3584 5970 3676 6005; x_wconf 66' lang='grc' dir='ltr'><strong><em>,νδ</em></strong></span> 
     </span>
    </p>
   </div>
   <div class='ocr_carea' id='block_1_118' title="bbox 3734 5984 3769 6069">
    <p class='ocr_par' dir='ltr' id='par_1_118' title="bbox 3734 5984 3769 6069">
     <span class='ocr_line' id='line_1_122' title="bbox 3734 5984 3769 6069; baseline 0 0"><span class='ocrx_word' id='word_1_746' title='bbox 3734 5984 3769 6069; x_wconf 70' lang='lat'><strong><em>1</em></strong></span> 
     </span>
    </p>
   </div>
  </div>
