4040 6208
416 389 493 452 13
1149 380 1534 457 RICULFUS
1581 391 1845 455 susss.
1895 392 2141 453 EPISC.
2177 425 2253 437 —
2283 393 2604 455 NOTlTIA
2652 391 3089 454 HISTORICA.
3747 388 3822 450 η

418 525 883 592 occurrent,eum
907 523 990 578 rei
1020 524 1356 582 domesticae
1390 531 1567 597 atque
1598 526 1775 581 etiam
1808 526 2065 597 corporis
2095 527 2149 593 Α
2180 531 2333 581 runt.
2367 525 2482 581 Vos
2513 544 2541 582 c
2574 530 2774 582 contra
2802 543 2957 580 nunc
2990 525 3174 580 Deum
3220 520 3570 592 relinquitis.
3621 520 3823 577 Dicam

416 609 721 681 dispendio
754 611 1126 682 perﬁciemus
1151 656 1164 679 ,
1196 614 1279 669 uti
1322 615 1598 670 condecet
1641 614 2026 669 Rhemensem
2049 658 2061 679 ,

415 716 585 768 quem
619 704 1019 757 antecessores
1052 704 1249 771 vestri,
1300 721 1414 775 prae
1447 704 1719 759 omnibus
1752 702 2065 757 Gallicanis

415 786 581 857 pensi
631 789 929 857 habentes,
981 789 1235 861 primatu
1268 793 1564 847 donarunt
1591 792 1651 846 in
1686 792 1843 847 Sixto
1874 792 2063 863 primo

414 877 595 931 totius
624 876 881 948 regionis
912 879 1160 948 praesule
1200 897 1233 935 a
1264 881 1431 935 beato
1464 880 1630 934 Petro
1665 880 2062 951 apostolorum

415 965 677 1037 principe
708 965 821 1021 huc
853 967 1162 1033 destinato,
1198 969 1371 1024 etiam
1407 970 1749 1025 llormisdas
1782 986 1930 1041 papa
1958 970 2062 1023 Re-

415 1054 661 1126 migium
686 1073 787 1127 per
810 1074 1043 1113 omnem
1070 1058 1315 1114 Galliam
1343 1058 1494 1114 vices
1518 1076 1655 1114 suas
1678 1059 1838 1114 obire
1861 1058 2059 1129 voluit,

413 1160 539 1214 quae
580 1146 752 1200 modo
793 1146 1123 1216 adjicienda
1160 1148 1463 1215 videntur,
1506 1166 1576 1203 ne
1618 1149 1811 1203 forsan
1855 1148 2061 1202 Rhemi

414 1234 593 1289 nostri
627 1234 738 1289 sub
768 1239 1266 1292 Nortmannorum
1297 1237 1509 1303 ruinis,
1535 1238 1691 1309 quod
1726 1237 1879 1292 Deus
1910 1254 2064 1291 aver-

412 1326 516 1393 tat,
542 1322 777 1394 sepulti,
802 1324 978 1379 etiam
1003 1327 1345 1397 pontiﬁcum
1370 1326 1657 1381 oblivione
1679 1326 2059 1398 sepeliantur.

484 1413 794 1483 Propterea
853 1416 1260 1469 commendata
1317 1415 1487 1471 velim
1549 1433 1673 1487 quae
1726 1415 1948 1471 Marino
2008 1420 2064 1470 et

414 1500 667 1555 Adriano
695 1502 944 1574 supplex
970 1506 1239 1574 proposui
1278 1504 1593 1575 privilegia,
1634 1521 1853 1559 necnon
1888 1504 2060 1559 Ram-

412 1590 579 1661 ponis
594 1590 793 1644 fratris
813 1592 924 1645 mei
946 1593 1283 1647 muniticam
1306 1610 1407 1664 pro
1420 1594 1693 1665 erigendo
1710 1592 2061 1647 monasterio

411 1679 809 1746 donationem,
827 1684 883 1735 et
906 1697 1038 1735 cum
1062 1681 1424 1737 Bruiniﬁdus
1447 1699 1559 1737 non
1584 1682 1829 1737 desistat
1849 1684 2063 1737 donata

412 1767 481 1821 de
520 1766 801 1838 peculari,
841 1769 1079 1824 tandem
1122 1769 1496 1825 anathemate
1528 1771 1801 1825 feriatur:
1839 1776 1975 1825 sunt
2008 1776 2063 1825 et

411 1855 509 1910 alii
567 1856 666 1928 qui
713 1857 1058 1913 Rhemensis
1100 1858 1365 1914 Ecclesia:
1408 1861 1561 1915 bona
1600 1861 1938 1929 corrodant,
1999 1860 2057 1914 in

412 1962 557 2016 quos
586 1946 824 2002 Carolus
861 1948 1194 2019 imperator,
1233 1949 1281 2003 si
1316 1949 1549 2004 verbulo
1585 1949 1880 2020 pontificio
1916 1967 2058 2021 pras-

414 2041 740 2103 moneatur,
782 2036 949 2092 facile
982 2037 1487 2093 animadverteret.

1004 2188 1349 2244 EPISTULA
1397 2189 1466 2243 II.

672 2311 745 2348 AD
786 2310 1056 2348 CAROLUM
1097 2311 1327 2349 CALVUM
1369 2311 1794 2349 IMPERATOREM.

1058 2419 1244 2486 (Anno
1274 2417 1425 2486 894.)

746 2522 824 2575 De
852 2529 1016 2591 pacto
1046 2538 1170 2575 cum
1198 2521 1539 2577 Normamns
1570 2524 1723 2577 inito.

480 2651 621 2714 Quis
652 2652 829 2720 enim,
860 2652 961 2723 qui
985 2654 1149 2708 vobis
1174 2653 1324 2708 sicut
1347 2658 1573 2724 oportet
1596 2653 1784 2709 ﬁdelis
1811 2659 1919 2720 est,
1946 2672 2057 2710 non

409 2744 778 2811 expavescat,
820 2758 920 2796 vos
962 2742 1338 2796 inimicorum
1384 2744 1477 2797 Dei
1521 2743 1839 2798 amicitiam
1881 2743 2054 2812 velle,

407 2834 463 2883 et
492 2830 550 2884 in
582 2830 808 2885 cladem
840 2847 906 2885 ac
936 2831 1169 2886 ruinam
1202 2830 1457 2886 nominis
1493 2830 1802 2886 Christiani
1830 2848 2058 2904 pagana

410 2934 574 2973 arma
610 2924 667 2974 et
705 2919 922 2974 foedera
962 2920 1304 2975 detestanda
1344 2919 1680 2991 suscipere?
1712 2920 1869 2976 Nihil
1901 2920 2056 2975 enim

409 3006 584 3061 distat
624 3012 821 3062 utrum
862 3009 993 3078 quis
1034 3026 1095 3064 se
1136 3009 1382 3081 paganis
1419 3010 1619 3074 societ,
1661 3027 1733 3064 an
1776 3010 2057 3081 abnegato

410 3099 522 3150 Deo
553 3094 709 3150 idola
739 3096 958 3151 adoret.
1004 3097 1149 3151 Nam
1183 3097 1261 3166 si,
1296 3100 1359 3150 ut
1388 3096 1469 3151 ait
1495 3096 1833 3167 Apostolus,
1865 3113 2059 3153 mores

410 3185 594 3239 bonos
652 3183 939 3257 colloquia
998 3202 1175 3257 prava
1233 3189 1618 3256 corrumpunt
1656 3186 1716 3255 (Ι
1753 3186 1872 3240 Cor.
1913 3187 2050 3257 xv),

2176 619 2348 679 certe,
2373 614 2506 669 licet
2530 615 2751 681 nolens,
2776 614 2913 686 quia
2934 615 3117 669 Deum
3176 608 3527 682 relinquitis,
3566 625 3701 665 cum
3723 622 3827 666 vos

2174 705 2299 773 ejus
2360 704 2628 759 hostibus
2688 704 2942 759 sociatis.
2978 703 3138 758 Unde
3161 706 3217 756 et
3242 700 3447 760 merito
3488 697 3825 771 prophetica

2174 791 2274 847 illa
2312 810 2419 847 vox
2457 794 2528 847 ad
2569 810 2669 847 vos
2703 793 2997 864 dirigitur,
3030 808 3157 863 qum
3190 790 3489 862 quondam
3520 789 3593 843 ad
3625 802 3822 859 regem

2176 881 2349 937 Israel
2385 880 2603 937 similia
2634 881 2939 935 facientem
2973 880 3189 935 directa
3220 884 3309 934 est
3345 897 3357 933 :
3410 878 3582 949 Impia
3609 876 3821 948 praebes

2172 972 2470 1038 auxilium,
2505 980 2555 1025 et
2585 972 2670 1025 his
2700 973 2795 1041 qui
2825 971 3056 1025 oderunt
3103 971 3269 1023 Deum
3299 968 3549 1022 amicitia
3568 966 3823 1038 jungeris

2174 1060 2245 1130 (II
2272 1066 2401 1114 Par.
2435 1063 2572 1125 XIX).
2617 1060 2685 1113 Et
2716 1063 2868 1113 certe
2899 1074 3029 1113 cum
3064 1056 3350 1113 deberetis
3383 1053 3555 1111 malis
3586 1058 3821 1127 praster-

2172 1148 2268 1202 itis
2292 1148 2608 1202 terminum
2634 1164 2866 1219 ponere,
2889 1152 2946 1201 et
2967 1145 3189 1218 rapinis
3218 1150 3275 1200 et
3295 1143 3823 1217 depraedationibus

2172 1252 2493 1305 pauperum
2519 1234 2875 1301 renuntiare,
2903 1250 2969 1288 ac
3001 1250 3104 1305 pro
3134 1233 3226 1292 his
3247 1232 3522 1288 omnibus
3545 1231 3824 1302 paeniten-

2172 1323 2314 1378 tiam
2352 1340 2540 1395 agere,
2587 1340 2742 1378 nunc
2774 1324 2843 1377 ad
2879 1324 3161 1393 majorem
3193 1322 3340 1378 iram
3372 1321 3471 1376 Dei
3505 1336 3821 1391 provocan-

2172 1413 2327 1483 dam,
2356 1413 2446 1468 his
2474 1412 2571 1484 qui
2598 1413 2777 1467 Deum
2806 1413 3097 1483 ignorant,
3124 1415 3180 1466 et
3207 1411 3265 1466 in
3292 1427 3401 1466 sua
3429 1409 3654 1465 feritate
3684 1425 3820 1464 con-

2172 1501 2486 1567 fidunt,vos
2510 1500 3117 1572 conjungitis.Credite
3152 1500 3321 1567 mihi,
3346 1499 3485 1571 quia
3514 1513 3821 1570 nunquam

2170 1591 2254 1645 sic
2286 1592 2510 1661 agendo
2542 1592 2612 1645 ad
2653 1607 2902 1662 regnum
2952 1590 3327 1661 pervenietis,
3379 1589 3495 1643 imo
3552 1586 3823 1643 velociter

2171 1679 2469 1751 disperdet
2491 1696 2587 1734 vos
2604 1680 2776 1745 Deus,
2794 1696 2965 1750 quem
2992 1678 3253 1733 irritatis.
3269 1678 3561 1732 Hactenus
3582 1676 3821 1748 quidem

2169 1768 2241 1823 de
2278 1768 2440 1823 vobis
2484 1768 2727 1823 meliora
2766 1767 3073 1840 sperabam
3110 1785 3122 1821 :
3168 1784 3323 1821 nunc
3354 1766 3519 1820 video
3551 1781 3651 1819 vos
3683 1780 3817 1818 cum

2171 1857 2447 1912 omnibus
2473 1858 2925 1929 consanguineis
2948 1856 3155 1912 vestris
3176 1856 3523 1927 periturum,
3549 1854 3598 1910 si
3621 1858 3817 1908 tamen

2172 1946 2277 2001 hoc
2291 1963 2421 2001 vere
2444 1947 2616 2002 vultis
2635 1964 2823 2018 agere,
2840 1951 2895 2001 et
2913 1945 3128 2001 talibus
3147 1944 3407 2001 consiliis
3429 1942 3817 2014 acquiescere.

2171 2036 2387 2091 Revera
2418 2036 2519 2107 qui
2550 2035 2664 2090 tale
2696 2036 2857 2089 vobis
2890 2036 3031 2090 dant
3062 2033 3410 2102 consilium,
3444 2049 3559 2088 non
3592 2030 3819 2098 ﬁdeles,

2170 2126 2269 2180 sed
2310 2141 2413 2196 per
2451 2125 2649 2180 omnia
2690 2124 2953 2179 infideles
2992 2140 3121 2179 esse
3161 2123 3638 2194 comprobantur,
3672 2134 3821 2193 quos

2171 2215 2219 2269 si
2254 2215 2456 2269 audire
2485 2214 2807 2283 volueritis,
2845 2218 3143 2268 terrenum
3176 2211 3353 2268 simul
3384 2215 3441 2266 et
3470 2209 3698 2266 caeleste
3730 2224 3819 2265 re-

2174 2318 2355 2373 gnum
2384 2302 2687 2356 amittetis.
2720 2302 3005 2373 Deprecor
3035 2301 3231 2371 itaque
3261 2316 3363 2354 vos
3394 2315 3497 2370 per
3525 2299 3734 2363 Deum,
3757 2301 3822 2352 ut

2171 2390 2285 2443 tale
2316 2390 2599 2444 deseratis
2632 2389 2968 2451 consilium,
2995 2403 3183 2458 neque
3212 2386 3404 2442 velitis
3432 2402 3534 2440 vos
3565 2387 3624 2439 in
3657 2390 3819 2441 aeter-

2172 2494 2313 2531 num
2347 2476 2711 2547 praecipitare
2740 2475 3063 2541 interitum,
3088 2480 3144 2529 et
3169 2474 3312 2529 mihi
3335 2474 3696 2543 caeterisque,
3721 2473 3819 2544 qui

2170 2566 2493 2620 secundum
2530 2564 2713 2619 Deum
2745 2564 2908 2619 vobis
2942 2562 3139 2618 fideles
3173 2567 3332 2629 sunt,
3373 2562 3570 2617 aeterni
3600 2561 3820 2618 doloris

2169 2654 2374 2708 afferre
2413 2652 2809 2724 dispendium.
2856 2651 3066 2706 Melius
3106 2651 3264 2706 enim
3307 2652 3495 2707 fuerat
3544 2667 3646 2706 vos
3702 2667 3819 2706 non

2169 2742 2350 2808 nasci,
2373 2759 2550 2812 quam
2575 2740 2791 2796 diaboli
2819 2740 3137 2812 patrocinio
3160 2740 3307 2796 velle
3331 2746 3667 2812 regnare,et
3688 2739 3822 2796 illos

2159 2832 2364 2901 juvare
2396 2848 2543 2902 quos
2564 2830 2853 2885 deberetis
2874 2846 2976 2900 per
2997 2830 3193 2884 omnia
3216 2830 3582 2901 impugnare.
3607 2829 3816 2884 Sciatis

2168 2920 2344 2985 enim,
2383 2921 2522 2991 quia
2555 2919 2605 2973 si
2635 2919 2742 2974 hoc
2774 2918 3047 2986 feceritis,
3096 2921 3152 2972 et
3182 2917 3397 2972 talibus
3430 2916 3691 2972 consiliis
3722 2933 3817 2972 ac-

2169 3008 2524 3080 quieveritis,
2582 3024 2885 3078 nunquam
2921 3023 3012 3061 me
3043 3005 3272 3061 fidelem
3296 3005 3609 3073 habebitis,
3636 3006 3737 3061 sed
3760 3010 3819 3062 et

2168 3114 2551 3168 quoscunque
2582 3104 2823 3168 potuero
2856 3114 2890 3150 a
2918 3100 3109 3151 vestra
3134 3095 3415 3150 fidelitate
3437 3096 3734 3165 revocabo,
3761 3098 3819 3150 et

2168 3203 2303 3240 cum
2323 3187 2598 3242 omnibus
2622 3185 2979 3256 coepise0pis
3003 3185 3150 3239 meis
3170 3201 3269 3239 vos
3294 3189 3351 3239 et
3372 3200 3575 3239 omnes
3593 3188 3816 3239 vestros

413 3278 630 3344 quanto
673 3274 861 3345 magis
902 3274 1298 3346 corrumpitur
1345 3275 1583 3329 castitas
1624 3274 1831 3329 animas
1889 3275 2056 3329 Chri-
2090 3261 2131 3327 C
2170 3275 2685 3330 excommunicans
2724 3279 2937 3328 aterno
2977 3274 3349 3328 anathemate
3388 3273 3813 3328 condemnabo.

414 3363 611 3417 stianae
627 3363 996 3418 ethnicorum
1012 3362 1272 3419 consiliis
1289 3367 1345 3419 et
1365 3363 1676 3418 societate?
1694 3364 1890 3435 Neque
1907 3364 2064 3419 enim

416 3452 622 3522 poterit
640 3469 755 3507 non
802 3452 1021 3506 imitari
1043 3453 1197 3524 quod
1212 3452 1447 3507 assidue
1459 3452 1691 3505 viderit:
1714 3453 1854 3521 quin
1874 3453 2066 3522 potius

414 3545 708 3596 assuescet
726 3539 1035 3611 paulatim,
1050 3544 1107 3595 et
1129 3540 1299 3611 quasi
1326 3538 1558 3594 vinculo
1578 3538 1742 3593 malae
1761 3544 2067 3593 consuetu-

413 3630 569 3684 dinis
601 3630 863 3685 trahetur
892 3631 963 3685 ad
998 3628 1243 3685 facinus.
1274 3629 1437 3683 Certe
1467 3618 1862 3699 progenitores
1889 3626 2062 3682 vestri

414 3735 598 3790 reges,
643 3720 906 3790 deposito
946 3718 1235 3791 gentilitio
1277 3734 1488 3784 errore,
1532 3717 1727 3772 divino
1781 3715 1962 3771 cultui
2004 3734 2065 3772 se

412 3807 745 3863 sublimiter
774 3808 1190 3873 subdiderunt,
1226 3810 1282 3861 et
1311 3824 1343 3860 a
1374 3806 1488 3861 Deo
1521 3822 1751 3878 semper
1782 3805 2061 3861 auxilium

413 3897 834 3968 expetiverunt,
867 3902 1105 3968 propter
1125 3895 1280 3966 quod
1306 3900 1362 3950 et
1385 3895 1624 3950 feliciter
1654 3900 2059 3967 regnaverunt,

412 3992 470 4040 et
502 3986 665 4059 regni
694 3986 1089 4041 haereditatem
1123 3985 1193 4039 ad
1224 4001 1362 4040 suos
1404 3989 1665 4056 posteros
1714 3984 2059 4041 transmise-

2176 3364 2281 3419 Pro
2312 3364 2588 3419 ﬁdelitate
2620 3380 2795 3435 quam
2826 3363 2989 3418 vobis
3021 3379 3205 3430 servo,
3245 3362 3366 3417 haec
3410 3362 3817 3433 gemebundus

2176 3454 2386 3522 scribo,
2421 3452 2699 3523 quoniam
2732 3453 2901 3522 cupio
2930 3469 3031 3507 vos
3062 3453 3387 3506 secundum
3419 3455 3603 3505 Deum
3633 3454 3690 3505 et
3712 3468 3816 3505 saa-

2176 3540 2374 3595 culum
2394 3529 2624 3611 semper
2641 3558 2770 3595 esse
2791 3541 3181 3595 honorantum
3200 3584 3212 3607 ,
3237 3545 3292 3595 et
3314 3557 3428 3595 non
3451 3540 3699 3607 Satanae,
3716 3539 3817 3594 sed

2175 3628 2387 3682 Christi
2428 3629 2745 3698 adjutorio,
2805 3630 2876 3682 ad
2927 3630 3190 3683 debitum
3228 3629 3390 3684 vobis
3431 3629 3818 3684 conscendere

2175 3716 2337 3788 regni
2362 3716 2685 3787 fastigium.
2715 3717 2981 3785 Regnum
3015 3716 3171 3770 enim
3205 3718 3358 3787 quod
3390 3717 3543 3771 Deus
3566 3718 3684 3785 dat,
3720 3717 3818 3770 fir-

2175 3823 2337 3861 mum
2371 3806 2547 3860 habet
2578 3806 3026 3859 fundamentum
3053 3821 3065 3857 :
3100 3805 3254 3875 quod
3288 3820 3418 3858 vero
3449 3821 3553 3875 per
3584 3804 3818 3874 injusti-

2171 3895 2312 3951 tiam
2351 3901 2408 3950 et
2447 3895 2683 3966 rapinas
2731 3893 3072 3964 acquiritur,
3114 3893 3400 3947 caducum
3456 3897 3565 3961 est,
3612 3895 3669 3947 et
3708 3892 3821 3946 cito

2172 3984 2526 4049 deeidivum,
2556 4000 2661 4039 nec
2692 3984 2903 4055 poterit
2929 3982 3029 4037 diu
3062 3998 3426 4054 permanere.

416 4158 3826 4200 m

1785 4324 1937 4363 ANNO
1978 4323 2183 4361 DOMINI
2222 4322 2458 4360 DCCCCII.

1674 4448 2595 4611 RICULFUS

956 4679 2261 4776 SUESSIONENSIS
2394 4678 3313 4773 EPISCOPUS.

1632 4959 2031 5032 NOTITIA
2083 4958 2621 5033 HISTORIGA.

1763 5110 1877 5180 (Ex
1908 5109 2093 5165 Gallia
2121 5108 2503 5180 Christiana.)

502 5359 542 5435 ξ
569 5359 875 5435 judicibus
910 5362 1013 5435 qui
1054 5361 1113 5414 in
1149 5360 1361 5435 placito
1392 5360 1780 5435 Vermeriensi
1816 5378 1968 5415 anno
1996 5360 2101 5414 892
2131 5371 2177 5435 D
2209 5361 2634 5435 duinicomitis
2666 5359 2947 5435 Flandriaa
2978 5358 3076 5435 qui
3112 5357 3846 5435 Eulconemarchiepisco-

428 5428 638 5484 cellam
671 5431 859 5488 Aliam
895 5428 1429 5488 A'drema'rensibus
1476 5432 1780 5487 monachis
1834 5450 2095 5488 asserue-

430 5508 591 5574 runt,
607 5520 762 5557 unus
780 5505 890 5559 fuit
909 5503 1201 5559 Riculfus.
1222 5504 1451 5574 Synodo
1468 5504 1781 5559 Rhemensi
1798 5506 1981 5558 astitit
1999 5522 2094 5558 an.

426 5572 557 5642 893,
584 5574 641 5628 in
670 5592 787 5645 qua
808 5576 1053 5631 Carolus
1079 5572 1575 5645 Simpiexunctus
1598 5581 1708 5630 est.
1732 5575 2099 5631 Consecravit

428 5644 1260 5719 Herveumgarchiepiscopum
1284 5644 1688 5719 Bhemensem
1718 5665 1869 5703 anno
1899 5648 2004 5701 900
2038 5647 2096 5719 in

427 5718 656 5799 synodo
676 5716 1020 5793 Rhemensi,
1040 5720 1100 5777 in
1119 5716 1245 5793 qua
1267 5716 1410 5775 diris
1433 5718 1658 5778 devovit
1678 5718 1946 5779 homines
1967 5718 2096 5779 Bal-

2210 5450 2350 5503 pum
2384 5434 2809 5489 interfecerant.
2842 5430 3327 5503 Constitutionem
3359 5431 3541 5485 edidit
3574 5430 3667 5487 an.
3710 5432 3843 5499 889,

2210 5500 2335 5574 qua:
2358 5511 2543 5559 exstat
2568 5510 2709 5557 tom.
2741 5503 2803 5557 IX
2830 5500 3216 5556 Conciliorum
3242 5502 3441 5574 Labb.,
3475 5518 3604 5574 pag.
3630 5503 3751 5557 416.
3784 5505 3844 5557 In

2208 5572 2275 5629 ea
2296 5581 2435 5629 sunt
2455 5574 2641 5629 multa
2662 5574 3061 5628 observatione
3080 5574 3275 5643 digna.
3291 5572 3357 5626 N.
3372 5572 3671 5638 3,dehbrz‘s
3684 5592 3847 5629 cano-

2206 5648 2347 5701 nicis
2373 5646 2617 5728 legitur:
2653 5646 2921 5728 «gHabete
2953 5660 3290 5728 quaesumus
3312 5644 3571 5728 studium
3600 5646 3657 5701 in
3689 5646 3846 5728 psal-

2208 5734 2335 5777 mos
2349 5715 2659 5789 cantando,
2674 5717 2732 5775 in
2748 5715 3168 5776 divinos‘libros
3184 5715 3448 5794 legendo,
3462 5717 3520 5778 in
3534 5715 3845 5781 canonica:
