4040 6208
249 339 324 400 ιδ
1265 339 1575 404 meum
1621 291 2233 405 SUESSIONDNSIS
2277 341 2632 406 EPISCOPI
3575 345 3652 405 ιδ

247 471 421 550 horas
447 471 860 542 custodiendo,
884 471 941 528 id
963 475 1060 550 est
1073 472 1612 550 primam,tertiam,
1647 477 1891 541 sextam,
1922 481 1974 546 Α
2005 479 2222 531 statuto
2253 475 2408 530 intra
2437 475 2965 550 Quadragesimam
2985 479 3267 550 tempore,
3290 479 3346 532 ct
3373 477 3653 550 baptizati

247 543 564 598 missarum
599 561 832 617 quoque
863 543 1205 616 quotidiana
1224 546 1628 612 celebratione,
1653 564 1889 617 nonam,

243 630 518 688 vesperae
535 620 593 671 et
610 632 736 671 com
746 616 1261 688 pletorium,atque
1280 617 1623 673 matutinale
1638 619 1895 673 ollicium

257 687 707 760 decantando,et
735 687 972 744 invitate
1003 687 1386 760 parochianos
1415 695 1637 745 vestros
1661 695 1724 744 ut
1749 690 1796 745 si
1823 691 1894 744 ad

247 757 394 814 alios
407 775 618 815 cursus
637 759 832 816 venire
851 777 967 816 non
991 757 1314 828 sufﬁciunt,
1332 762 1539 816 saltem
1559 763 1772 817 missas
1793 762 1896 815 fre-

245 831 524 955 quentius
564 831 768 887 audire
797 833 1092 900 studeant,
1127 837 1184 888 et
1215 833 1526 888 Dominicis
1559 838 1734 905 atque
1765 832 1895 888 aliis

289 899 456 955 iebus
476 903 644 955 festis
665 920 958 955 vesneras.
973 903 1294 955 matutinas
1315 908 1371 955 et
1393 905 1603 955 missas
1626 907 1894 955 frequen-

289 899 456 958 iebus
476 903 644 958 festis
665 920 958 976 vesperas,
973 899 1294 976 matutinas
1315 908 1371 959 et
1393 905 1603 960 missas
1626 899 1894 976 frequen-

245 974 370 1046 tare
392 989 507 1046 non
531 974 995 1046 praetermittam.
1023 997 1052 1026 »
1086 979 1166 1030 Ex
1187 975 1296 1032 hac
1327 974 1746 1032 constitutione
1767 975 1834 1031 N.
1862 976 1895 1028 8

246 1043 512 1101 facienda
531 1043 710 1102 erant
737 1046 1022 1102 scrutinia
1053 1061 1157 1119 per
1195 1047 1580 1120 baptismales
1619 1046 1894 1103 ecclesias

2007 565 2140 602 mox
2170 553 2302 618 post
2331 549 2689 617 baptismum
2723 547 3169 610 Eucharistiam,
3204 548 3261 602 id
3284 553 3372 604 est
3392 547 3652 606 co'mmu-

2007 619 2240 673 nionem
2290 625 2553 674 sanctam
2587 619 3002 689 percipiebant.
3039 620 3107 675 N.
3140 622 3210 673 20
3241 622 3500 676 sancitur
3531 648 3555 670 α
3588 627 3652 679 ut

2009 693 2064 744 in
2098 689 2375 764 Kalendis
2405 692 2870 764 uniuscujusque
2894 691 3115 764 mensis
3141 709 3242 764 per
3263 693 3525 764 singulas
3550 695 3653 749 de-

2007 762 2205 816 canias
2230 762 2550 833 presbyteri
2573 762 2749 816 simul
2773 762 3223 832 conveniant,‘et
3246 762 3654 822 convenientes

2007 850 2121 888 non
2153 835 2336 904 pastis
2366 833 2452 887 vel
2486 834 2881 904 potationibus
2912 839 3134 900 vacent,
3168 837 3266 891 sed
3301 838 3372 891 de
3404 854 3510 892 suo
3544 839 3654 892 mi-

2007 905 2246 981 nisterio
2269 910 2324 959 et
2347 904 2617 981 religiosa
2639 906 3094 981 conversatione,
3120 913 3294 978 atque
3316 908 3387 981 de
3405 908 3504 981 his
3527 926 3654 981 quae

2007 976 2064 1047 in
2097 992 2299 1030 eorum
2332 976 2626 1047 parochiis
2657 977 2929 1031 accidunt
2960 976 3291 1035 sermonem
3323 976 3597 1037 habeant.
3624 1002 3654 1032 »

2005 1046 2232 1102 Obiisse
2264 1046 2520 1102 creditur
2547 1048 2811 1103 Riculfus
2845 1065 2998 1103 anno
3027 1049 3152 1104 902.

1016 1328 1929 1489 STATUTA
2061 1327 2871 1487 RICULFI.

1339 1578 1357 1648 (
1372 1577 1634 1633 Province
1662 1576 1729 1634 de
1756 1577 1958 1642 Reims,
1989 1578 2131 1632 tom.
2165 1575 2210 1647 Ι,
2239 1591 2372 1648 pag.
2405 1577 2565 1648 525.)

257 1781 259 1784 ⁴
321 1778 440 1852 Ego
496 1778 762 1836 Ricullus
819 1780 1064 1838 humilis
1119 1783 1502 1839 Suessionum
1552 1783 1889 1856 episcopus,
1922 1788 1970 1852 B
1997 1783 2141 1838 dum
2173 1781 2319 1838 alios
2349 1782 2553 1837 docere
2585 1781 2845 1838 debetis:
2881 1783 3021 1854 quia
3049 1799 3244 1852 nemo,
3277 1800 3404 1856 quae
3441 1787 3648 1856 nescit,

247 1868 639 1926 consideratis
668 1871 924 1942 paraacizs
947 1871 1230 1928 divinitus
1254 1873 1424 1951 nobis
1446 1872 1772 1929 commissae
1797 1888 1895 1928 ne-

246 1956 645 2027 Cessitatibus,
670 1962 845 2031 atque
866 1959 1284 2017 comministris
1307 1961 1522 2017 nostris
1545 1961 1894 2032 competenti

244 2043 455 2101 habita
483 2047 726 2118 ratione,
759 2047 1084 2120 inspirante
1115 2049 1332 2123 pariter
1363 2055 1420 2106 et
1449 2049 1772 2122 opitulante
1793 2050 1898 2105 Do-

247 2134 429 2203 mino,
447 2136 880 2209 qumdam,quzn
900 2139 969 2193 ad
995 2139 1364 2194 sacerdotum
1389 2144 1726 2195 nostrorum
1743 2155 1897 2194 com-

245 2224 742 2294 monitionem,vel
764 2226 1024 2299 vulgaris
1054 2227 1256 2300 populi
1296 2228 1685 2284 eruditionem
1716 2227 1894 2299 perti-

245 2329 384 2369 nere
406 2313 775 2385 videbantur,
799 2317 1060 2373 modeste
1082 2322 1137 2372 et
1159 2317 1381 2374 utiliter
1401 2336 1504 2390 pro
1525 2318 1748 2374 viribus
1772 2322 1895 2372 tra-

243 2405 400 2458 ctare
430 2403 714 2476 disposui.
754 2406 825 2460 Et
856 2406 1126 2478 quamvis
1164 2406 1344 2463 totius
1383 2407 1724 2463 Christianae
1763 2407 1892 2462 vita

245 2490 449 2564 regula
479 2493 686 2547 divinae
717 2493 1028 2564 Scriptura
1061 2494 1291 2566 paginis
1324 2495 1466 2550 satis
1488 2511 1779 2566 superque
1807 2499 1890 2549 te-

245 2583 456 2635 neatur
493 2579 734 2652 inserta,
779 2598 896 2636 non
926 2581 1317 2654 incongruum
1347 2588 1541 2638 tamen
1576 2583 1693 2638 fore
1724 2587 1893 2654 puta-

247 2668 326 2738 vi,
369 2669 638 2741 quaadam
677 2687 748 2726 ex
785 2669 900 2741 his,
943 2688 1070 2743 quae
1110 2671 1470 2744 simplicium
1503 2671 1892 2727 observationi

249 2757 623 2827 conveniunt,
656 2758 932 2816 brevibus
961 2763 1019 2816 et
1047 2759 1258 2816 lucidis
1289 2760 1559 2834 capitulis
1590 2765 1889 2828 annotare,

240 2847 524 2920 vobisque
544 2849 1080 2918 consacerdotibus,
1102 2853 1158 2905 et
1178 2849 1652 2922 cooperatoribus
1674 2848 1892 2906 nostris

239 2935 512 2993 habenda
533 2937 712 2994 simul
733 2941 791 2994 et
810 2939 1072 2994 crebrius
1093 2937 1339 3012 legenda
1357 2942 1816 3008 committere,ut
1841 2938 1891 2994 si

242 3029 408 3081 tanta
432 3025 640 3082 divinae
669 3027 1045 3098 et‘canonicac
1076 3027 1439 3084 auctoritatis
1469 3028 1770 3084 volumina
1800 3045 1889 3084 re-

241 3113 469 3172 volvere
486 3133 602 3172 non
622 3116 1045 3182 suiﬁcitis,hmc
1062 3116 1270 3174 saltem
1287 3117 1634 3173 brevissima
1650 3121 1704 3173 et
1726 3135 1887 3190 aper-
1915 3158 1958 3226 α

242 3203 468 3226 ΔΖΒ-ΑΞ..-
497 3205 847 3226 _.--____1_'L-_
868 3205 1244 3226 1_-_-__“1_-3_
1297 3209 1342 3226 ,ι
1372 3205 1698 3226 ______S__!_
1723 3207 1882 3226 _-AL!_

242 3203 476 3260 tissima
497 3205 849 3261 manualiter
868 3205 1268 3278 lrequentetis,
1291 3209 1348 3261 et
1366 3205 1700 3262 commissis
1723 3207 1885 3262 vobis

247 3292 519 3366 plebibus
541 3294 837 3352 salubrem
851 3295 1080 3352 vivendi
1103 3311 1370 3351 normam
1387 3295 1482 3351 his
1499 3295 1891 3352 admonitiun-

246 3381 394 3438 culis
424 3385 904 3456 praemonstretis.
939 3386 1024 3440 Ita
1053 3385 1230 3452 enim,
1254 3388 1600 3456 cooperante
1625 3385 1888 3454 Domino,

245 3474 302 3526 et
322 3472 581 3544 periculo
603 3473 917 3529 ministerii
937 3474 1146 3530 vestris
1171 3490 1272 3530 vos
1294 3473 1561 3546 poteritis
1583 3491 1810 3542 exuere,
1834 3477 1890 3530 et

249 3576 382 3617 cum
406 3562 689 3634 subjectis
715 3563 948 3636 populis
968 3564 1041 3620 ad
1064 3562 1314 3619 caelestis
1336 3564 1500 3636 rcgni
1521 3563 1736 3637 gaudia
1757 3581 1888 3636 pro-

243 3665 469 3722 parare.

317 3741 359 3795 Ι.
391 3740 684 3798 Attendite
720 3758 878 3816 ergo,
912 3742 1048 3814 quia
1086 3741 1394 3798 nobiscum
1431 3741 1889 3798 sollicitudinem

242 3829 436 3903 gregis
475 3830 762 3888 Dominici
800 3832 1166 3905 percepistis,
1209 3835 1265 3886 et
1302 3830 1360 3885 in
1403 3830 1745 3886 sacerdotali
1780 3831 1888 3886 mi-

243 3917 482 3975 nisterio
505 3919 747 3977 secundi
771 3919 994 3974 ordinis
1015 3924 1072 3974 et
1090 3919 1393 3991 dignitatis
1414 3917 1607 3974 locum
1630 3920 1889 3991 posside-

242 4006 338 4062 tis.
354 4007 421 4062 Et
445 4007 600 4064 sicut
618 4007 894 4076 nos,1icet
911 4008 1209 4077 immeriti,
1237 4007 1632 4080 apostolorum
1652 4009 1806 4064 vices
1828 4009 1889 4064 in

238 4095 349 4152 hac
378 4095 625 4152 ecclesia
653 4113 824 4170 agere
853 4097 1136 4153 debemus
1164 4114 1176 4151 :
1210 4097 1291 4152 ita
1319 4101 1376 4152 et
1403 4113 1506 4152 vos
1537 4114 1767 4170 quoque
1798 4114 1886 4154 se-

238 4185 546 4258 ptuaginta
566 4187 820 4242 duorum
844 4185 1267 4257 discipulorum
1291 4185 1596 4241 nobiscum
1623 4186 1886 4242 ministe-

240 4265 396 4321 rium
415 4265 474 4320 in
495 4265 606 4322 hac
625 4265 794 4338 plebe
809 4265 1109 4321 Dominica
1130 4281 1392 4321 exercere
1409 4269 1652 4338 oportet.
1669 4265 1816 4322 Nam
1832 4269 1891 4322 et

241 4354 302 4408 in
324 4355 501 4410 veteri
524 4353 649 4426 lege
672 4354 899 4428 Moyses
915 4359 973 4410 et
991 4356 1182 4410 Aaron
1201 4353 1393 4410 locum
1416 4354 1634 4410 summi
1652 4354 1886 4427 pontiﬁ-

242 4442 326 4499 cis
343 4447 679 4511 tenuerunt,
695 4449 751 4499 et
767 4444 870 4500 ﬁlii
889 4446 1324 4517 quoqueAaron
1347 4443 1606 4500 ofﬁcium
1625 4445 1888 4500 sacerdo-

2006 1870 2136 1926 aliis
2155 1870 2456 1926 insinuare
2474 1869 2644 1926 valet.
2681 1870 2982 1927 Enimvero
3014 1889 3118 1928 nec
3150 1871 3329 1928 latere
3355 1890 3456 1929 vos
3485 1873 3654 1932 volu-

2005 1975 2158 2030 mus,
2195 1960 2348 2031 quod
2381 1960 2452 2014 dc
2488 1958 2606 2014 illis
2645 1960 3032 2032 presbyteris,
3077 1962 3178 2032 qui
3218 1961 3446 2019 desides
3486 1969 3542 2019 et
3581 1965 3651 2020 ad

2004 2048 2350 2104 discendum
2378 2048 2527 2102 tardi
2560 2054 2716 2114 sunt,
2742 2065 2943 2120 regum
2967 2054 3023 2105 et
3048 2050 3467 2122 imperatorum
3495 2054 3650 2126 capi-

2006 2136 2128 2192 tula
2166 2155 2282 2192 non
2323 2136 2449 2192 sine
2486 2153 2775 2192 consensu
2812 2139 3202 2209 plurimorum
3243 2140 3647 2213 episcoporum

2005 2230 2344 2297 sanxerunt,
2378 2226 2601 2282 scilicet
2632 2226 2739 2281 hoc
2766 2244 2777 2281 :
2814 2250 2841 2276 ‹‹
2868 2227 2939 2282 Ut
2969 2229 3304 2300 quicunque
3327 2230 3644 2303 presbyter,

2005 2333 2038 2370 a
2068 2332 2174 2370 suo
2206 2314 2477 2386 episcopo
2509 2316 2842 2386 frequenter
2862 2317 3196 2373 admonitus
3227 2319 3297 2373 de
3328 2336 3437 2374 sua
3458 2320 3646 2376 scien-

2002 2403 2085 2458 tia
2113 2409 2179 2458 ut
2212 2404 2434 2458 discere
2459 2408 2638 2471 curet,
2665 2403 2850 2460 facere
2879 2405 3215 2477 neglexerit,
3244 2408 3445 2478 procul
3467 2408 3646 2463 dubio

2003 2496 2060 2546 et
2097 2493 2169 2546 ab
2210 2492 2399 2547 ofﬁcio
2439 2497 2826 2558 removeatur,
2867 2498 2924 2548 et
2970 2494 3296 2566 ecclesiam,
3340 2512 3520 2567 quam
3560 2502 3644 2552 te-

2003 2584 2102 2636 net
2133 2582 2379 2636 amittat.
2433 2581 2579 2647 Quia
2606 2581 2943 2654 ignorantes
2971 2582 3157 2655 legem
3190 2583 3320 2652 Dei,
3354 2601 3483 2641 eam
3517 2585 3648 2642 aliis

2002 2662 2355 2724 annuntiare
2388 2673 2445 2724 et
2475 2670 2787 2742 praedicare
2819 2688 2933 2727 non
2965 2676 3214 2743 possunt
3236 2673 3330 2744 (α).
3366 2696 3393 2725 ››
3431 2675 3546 2730 Hoc
3577 2692 3649 2731 ne

2002 2757 2175 2813 alicui
2235 2763 2497 2814 vestrum
2555 2759 2808 2832 eveniat,
2859 2760 3112 2816 fraterno
3152 2761 3362 2818 affectu
3401 2780 3646 2835 praemo-

2001 2864 2230 2903 nemus.

2072 2937 2140 2991 Il.
2161 2937 2400 3010 Oportet
2415 2937 2596 3011 igitur
2610 2955 3095 3012 unumquemque
3113 2941 3491 3009 sacerdotem,
3506 2942 3642 3011 vita,

1999 3029 2057 3080 et
2086 3027 2370 3098 moribus,
2403 3033 2460 3083 et
2489 3027 2714 3083 actibus
2747 3028 2939 3100 bonis,
2975 3046 3108 3085 cum
3143 3030 3245 3100 Dei
3273 3029 3510 3099 auxilio,
3543 3049 3646 3104 po-

1998 3115 2136 3187 pulo
2168 3116 2279 3171 sibi
2313 3116 2650 3187 commisso,
2683 3117 3024 3190 caeterisque
3057 3119 3309 3174 subditis
3341 3117 3643 3189 excellere,

2000 3209 2065 3259 ut
2086 3204 2144 3259 in
2167 3221 2233 3260 eo
2260 3204 2490 3262 videant
2511 3206 2650 3277 quid
2676 3206 2894 3262 imitari
2917 3212 2972 3263 et
2994 3207 3162 3280 sequi
3185 3209 3329 3264 bene
3351 3209 3643 3280 operando

2000 3292 2244 3365 possint,
2278 3294 2565 3349 castitatis
2593 3294 2883 3364 videlicet,
2919 3295 3291 3364 humilitatis,
3319 3298 3641 3363 modestiae,

2000 3381 2243 3436 aliarum
2253 3399 2365 3454 pue
2386 3383 2690 3453 virtutum,
2705 3383 2903 3440 divina
2925 3385 3112 3458 gratia
3133 3386 3434 3460 largiente,
3451 3404 3644 3444 exem-

2002 3470 2164 3542 plum
2196 3472 2467 3544 praebeat,
2491 3476 2556 3527 ut
2576 3472 2749 3544 juxta
2777 3475 3033 3546 Apostoli
3062 3493 3286 3546 vocem,
3320 3477 3644 3532 doctrinam

1999 3561 2098 3617 Dei
2132 3561 2315 3617 nostri
2346 3562 2406 3616 in
2437 3563 2712 3618 omnibus
2743 3568 2907 3618 ornet
2937 3565 3060 3635 (Tit.
3094 3564 3178 3635 ΙΙ).

2071 3649 2166 3704 III.
2198 3649 2436 3716 Habete,
2463 3667 2821 3722 quaesumus,
2846 3651 3109 3706 studium
3137 3653 3192 3707 in
3219 3651 3478 3725 psalmos
3507 3669 3644 3710 can-

1999 3739 2194 3807 tando,
2227 3737 2286 3793 in
2307 3739 2534 3796 divinos
2552 3740 2737 3797 libros
2759 3740 3022 3813 legendo,
3049 3741 3108 3796 in
3129 3741 3438 3798 canonicas
3463 3742 3647 3798 Horas

1999 3827 2402 3896 custodiendo,
2423 3828 2483 3884 id
2506 3834 2612 3901 est,
2635 3830 2907 3901 primam,
2931 3831 3185 3897 tertiam,
3209 3834 3462 3898 sextam;
3498 3830 3644 3886 mis-

1999 3933 2198 3972 sarum
2227 3934 2460 3989 quoque
2491 3918 2831 3991 quotidiana
2862 3917 3268 3988 celebratione,
3304 3935 3642 3985 nonam,ve-

1999 4023 2201 4078 speras
2232 4011 2288 4062 et
2318 4007 2785 4079 completorium,
2817 4011 2992 4078 atque
3014 4007 3359 4064 matutinale
3387 4009 3647 4064 ofﬁcium

1995 4096 2378 4152 decantando.
2420 4101 2489 4151 Et
2526 4096 2761 4154 invitate
2798 4097 3184 4168 parochiauos
3214 4101 3438 4154 vestros
3486 4102 3552 4153 ut
3597 4097 3647 4152 si

1997 4185 2068 4240 ad
2092 4184 2236 4240 alios
2257 4185 2560 4257 cursus(b)
2577 4185 2773 4241 venire
2795 4203 2912 4240 non
2937 4186 3262 4256 sufﬁciunt,
3283 4187 3491 4242 saltem
3514 4186 3652 4242 mis-

1997 4291 2094 4330 sas
2125 4275 2487 4346 frequentius
2512 4275 2713 4330 audire
2743 4276 3100 4344 studeant,et
3123 4275 3447 4331 Dominicis
3469 4280 3648 4347 atque

1997 4362 2126 4418 aliis
2157 4362 2364 4418 diebus
2404 4362 2568 4418 festis
2605 4378 2898 4434 vesperae,
2942 4365 3287 4435 matutinas,
3328 4369 3384 4420 et
3422 4365 3639 4420 missas

1997 4453 2369 4524 frequentare
2400 4468 2515 4506 non
2547 4452 3016 4522 pretermittant.

240 4531 356 4588 tale
378 4533 438 4588 in
469 4534 726 4590 secundo
748 4534 933 4606 gradu
959 4533 1147 4590 sortiti
1173 4537 1331 4589 sunt.
1353 4533 1437 4588 Ad
1461 4549 1562 4588 vos
1587 4532 1742 4588 enim
1766 4533 1887 4606 ple-
1919 4527 1965 4592 D
2068 4541 2158 4597 IV.
2201 4541 2279 4595 Ad
2339 4557 2439 4595 vos
2495 4555 2631 4611 ergo
2672 4540 2897 4596 dictum
2939 4557 3068 4597 esse
3107 4541 3313 4598 scitote
3346 4558 3360 4598 :
3419 4541 3644 4598 Munda-

239 4621 406 4677 bium
430 4623 696 4694 pertinet
715 4639 856 4679 cura
876 4626 936 4679 et
959 4621 1378 4691 sollicitudo,et
1399 4638 1466 4677 ex
1489 4622 1652 4677 vobis
1677 4623 1890 4693 pendet

239 4710 658 4781 eorumjsalus,
688 4710 934 4779 utilitas,
969 4716 1145 4782 atque
1184 4711 1513 4766 animarum
1555 4711 1883 4781 profectus;

240 4800 528 4873 scriptum
570 4817 826 4873 namque
866 4805 956 4856 est
993 4801 1064 4857 de
1099 4801 1321 4856 vobis:
1365 4803 1541 4857 Labia
1597 4803 1886 4858 sacerdotis

236 4890 540 4946 custodient
566 4891 882 4960 scientiam,
926 4894 976 4945 et
1007 4890 1177 4960 legem
1203 4891 1483 4961 requirent
1512 4907 1581 4945 ex
1609 4907 1700 4946 ore
1727 4893 1844 4962 ejus
1867 4909 1887 4946 .-

236 4980 368 5047 quia
423 4977 651 5048 angelus
707 4977 927 5032 Domini
979 4979 1323 5034 exercituum
1369 4981 1452 5033 est
1489 4978 1746 5049 (Malach.
1790 4983 1882 5049 11)‘.

235 5065 492 5138 Angelus
522 5083 779 5138 namque
811 5067 1015 5122 Latino
1037 5065 1268 5138 eloquio
1287 5069 1517 5122 nuntius
1541 5067 1754 5124 dicitur
1782 5086 1795 5124 ε
1831 5074 1888 5125 et

235 5172 337 5211 vos
351 5156 587 5227 quidem
603 5155 942 5228 angelorum
964 5154 1358 5212 ministerium
1377 5157 1886 5230 expletis,quando

237 5248 462 5300 vestras
493 5243 691 5316 plebes
718 5244 1008 5301 instruitis
1049 5250 1225 5316 atque
1256 5245 1515 5313 docetis;
1560 5248 1661 5302 sed
1695 5248 1886 5318 primo

239 5334 636 5390 necessarium
668 5338 775 5401 est,
807 5338 873 5389 ut
901 5333 1012 5406 ipsi
1043 5334 1307 5408 diligenti
1332 5335 1707 5391 meditatione
1729 5335 1886 5392 litte-

239 5423 763 5494 rarumjsacrarum
788 5421 1091 5480 lectionem
1115 5425 1377 5495 discetis,
1412 5440 1590 5497 quam
1624 5430 1882 5499 postmo-

334 5584 389 5660 ᾳ)
420 5583 658 5660 βᾳρίιαι.
678 5603 808 5660 svi,
841 5603 913 5644 an
945 5587 1071 5647 769.

334 5600 367 5640 α
421 5583 658 5660 Capitul.
689 5603 808 5658 xvr,
841 5603 912 5644 an

311 5583 389 5739 ibi
418 5658 481 5719 Id
511 5661 602 5722 est
629 5658 912 5720 ofﬁcium.

1995 4630 2158 4702 mini,
2190 4630 2287 4700 qui
2319 4630 2476 4701 fertis
2506 4646 2635 4685 vasa
2662 4631 2885 4686 Domini
2915 4632 3042 4700 (Isa.
3076 4633 3195 4703 LII).
3229 4631 3336 4686 Ubi
3369 4649 3485 4688 non
3515 4636 3647 4688 tan-

1999 4724 2123 4774 tum
2154 4717 2600 4790 intelligendum
2632 4735 2759 4775 esse
2790 4721 3029 4792 putetis,
3087 4721 3241 4792 quod
3279 4721 3350 4776 de
3377 4720 3556 4776 calice
3587 4723 3646 4776 et

1996 4810 2206 4879 patena
2226 4807 2316 4878 (ε),
2344 4807 2443 4861 ubi
2472 4825 2684 4880 corpus
2704 4812 2762 4864 et
2783 4809 3025 4879 sanguis
3058 4809 3290 4864 Domini
3319 4810 3646 4874 conﬁcitur,

1996 4896 2219 4951 dictum
2252 4896 2358 4964 sit;
2392 4898 2493 4952 sed
2528 4898 2599 4952 de
2630 4899 2892 4969 corporis
2923 4897 3237 4962 munditia,
3268 4902 3326 4953 et
3359 4899 3647 4971 mentium

1997 4985 2268 5055 puritate.
2320 4985 2393 5040 Ut
2439 4987 2599 5040 enim
2628 4987 2836 5040 beatus
2867 4985 3182 5055 Gregorius
3212 4986 3375 5053 dicit,
3409 5003 3545 5042 cum
3578 4985 3646 5038 de

1997 5073 2483 5146 paraboladecem
2499 5075 2791 5146 virginum
2811 5078 3114 5130 tractaret:
3141 5097 3168 5124 ‹‹
3181 5075 3432 5132 Vascula
3447 5077 3647 5130 nostra

1997 5167 2137 5217 sunt
2154 5163 2347 5228 corda,
2365 5163 2423 5216 in
2448 5163 2664 5232 quibus
2679 5162 2919 5216 ferimus
2931 5179 3040 5218 cun
3051 5169 3143 5221 cla
3157 5182 3281 5237 qua
3295 5164 3641 5235 cogitamus.

1997 5251 2292 5306 Habemus
2315 5251 2511 5321 itaque
2534 5249 2734 5321 fragile
2755 5267 2878 5315 vas,
2913 5251 2970 5306 id
3001 5257 3090 5309 est
3120 5269 3328 5325 corpus
3352 5256 3641 5318 nostrum,

1996 5357 2068 5412 qu
2078 5340 2149 5395 od
2166 5356 2396 5410 semper
2407 5354 2779 5408 summopere
2795 5342 3083 5398 mundum
3098 5356 3325 5397 servare
3339 5341 3642 5408 debemus,

1996 5433 2062 5484 ut
2099 5430 2240 5484 dum
2281 5426 2604 5483 oblationes
2644 5429 2896 5486 mundae
2941 5433 3050 5488 Deo
3090 5428 3474 5502 porrigimus,
3518 5427 3633 5502 ipsi

2065 5589 2135 5666 (c)
2167 5590 2232 5648 Id
2262 5591 2350 5650 est
2378 5587 2698 5665 corporale.
