4040 6208
419 358 493 427 Si
1942 363 2328 435 STATUTAI
3753 358 3836 429 II

418 494 1601 575 inserviant,quatenusdivinumofﬁcium
1616 520 1732 561 non
1746 502 2066 576 negligant,
2099 504 2154 571 Α
2184 504 2287 561 siis
2337 501 2743 577 sepelirentur,
2782 500 2874 561 his
2904 499 3098 563 verbis
3128 495 3431 576 respondit
3459 496 3653 574 (Epist.
3684 492 3775 569 55)
3810 512 3827 558 :

420 594 475 646 et
504 590 824 648 scholarios
865 604 1027 649 suos’
1053 594 1311 649 modeste
1342 594 1716 665 distringant,
1767 598 1925 649 caste
1959 610 2065 649 nu-

418 680 692 747 triant,et
723 681 804 737 sic
828 682 1037 738 litteris
1068 683 1354 751 imbuant,
1372 689 1435 739 ut
1459 684 1613 739 mala
1634 685 2068 739 conversatione

416 786 531 824 non
546 769 851 825 destruant
872 797 885 837 ;
909 775 965 827 et
983 773 1205 843 puellas
1221 775 1291 827 ad
1317 774 1660 829 discendum
1684 791 1815 828 cum
1841 774 2069 829 schola-

423 857 525 914 riis
557 859 680 913 suis
712 860 769 913 in
804 860 999 915 schola
1026 879 1133 916 sua
1166 880 1535 934 nequaquam
1570 864 1888 935 recipiant;
1924 868 1979 918 et
2006 868 2070 919 ut

415 947 571 1018 turpi
604 948 765 1003 lucro
796 955 852 1004 et
884 951 1375 1022 negotiationibus
1405 970 1517 1009 non
1552 953 1887 1007 inserviant.

489 1053 813 1110 XVII.Illud
844 1073 1074 1127 quoque
1096 1058 1531 1113 admouendum
1560 1075 1888 1126 censemus,
1910 1065 1973 1114 ut
1998 1061 2069 1115 ab

418 1143 616 1198 usuris
648 1160 850 1199 omnes
882 1162 944 1199 se
968 1148 1318 1215 subtrahant
1352 1165 1363 1201 :
1400 1148 1445 1203 si
1478 1149 1832 1220 enim,juxta
1856 1168 2067 1221 praece-

420 1236 584 1303 ptum
620 1233 869 1298 Domini,
900 1238 1121 1290 amicos
1143 1236 1202 1289 in
1231 1237 1368 1305 Deo,
1402 1242 1458 1291 et
1488 1237 1756 1293 inimicos
1789 1240 2071 1295 debemus

420 1321 659 1393 diligere
692 1326 926 1394 propter
956 1324 1160 1394 Deum,
1187 1327 1344 1380 eteis
1368 1330 1567 1381 nostra
1601 1328 1771 1393 bona,
1796 1344 1921 1399 quae
1948 1328 2072 1400 ipse

420 1410 586 1465 nobis
606 1410 915 1466 immeritis
936 1412 1199 1483 contulit,
1220 1416 1401 1486 gratis
1425 1415 1620 1485 largiri
1655 1434 1666 1471 :
1701 1434 1817 1487 qua
1848 1418 2069 1473 ratione

419 1516 736 1571 possumus
770 1502 839 1555 ab
870 1502 953 1556 eis
980 1501 1080 1573 qui
1112 1504 1293 1557 nostri
1328 1504 1385 1558 in
1415 1504 1639 1560 Christo
1672 1510 1812 1560 sunt
1840 1508 2067 1575 fratres,

419 1592 485 1642 ut
515 1588 669 1644 idem
702 1590 783 1644 ait
806 1606 817 1644 :
846 1592 990 1646 Unus
1012 1594 1091 1645 est
1111 1594 1261 1646 enim
1289 1596 1452 1647 Pater
1471 1598 1660 1664 vester,
1682 1611 1867 1650 omnes
1891 1602 2073 1650 autem

416 1692 504 1732 vos
529 1679 734 1747 fratres
770 1678 893 1733 estis
942 1680 1148 1750 (Matth.
1182 1683 1371 1753 xxm),
1404 1684 1635 1755 exigere
1666 1700 1793 1754 quae
1828 1702 1942 1740 non
1977 1702 2072 1740 ac-

412 1767 931 1838 commodavimus,
954 1774 1013 1825 et
1044 1774 1303 1842 repetere
1330 1788 1457 1842 qua:
1495 1790 1609 1828 non
1643 1774 2025 1844 prastitimus
2049 1775 2075 1829 ‘?

2179 618 2206 644 ‹‹
2241 597 2382 649 Cum
2414 594 2612 663 gravia
2642 599 2879 666 peccata
2910 612 3026 651 non
3059 592 3419 666 deprimunt,
3453 591 3561 647 hoc
3594 590 3833 663 prodest

2180 684 2429 739 mortuis
2461 683 2509 737 si
2534 684 2592 738 in
2617 684 2878 739 ecclesiis
2906 683 3285 756 sepeliantur,
3306 682 3460 753 quod
3482 696 3684 736 eorum
3706 696 3835 752 pro-

2177 772 2342 840 ximi,
2374 772 2601 844 quoties
2624 773 2694 827 ad
2728 774 2930 829 eadem
2954 790 3120 829 sacra
3140 772 3267 827 loca
3294 770 3668 838 conveniunt,
3686 786 3830 825 suo—

2179 880 2309 917 rum
2341 879 2591 933 quorum
2624 862 2891 933 sepulcra
2910 863 3201 934 aspiciunt
3234 861 3634 927 recordentur,
3654 864 3711 915 et
3732 876 3834 932 pro

2178 952 2262 1006 eis
2294 951 2534 1005 Domino
2564 968 2763 1022 preces
2794 952 3071 1007 fundunt.
3091 953 3236 1007 Nam
3267 968 3414 1022 quos
3447 954 3681 1021 peccata
3702 965 3837 1021 gra-

2177 1042 2273 1097 via
2302 1042 2659 1111 deprimunt,
2685 1059 2799 1097 non
2832 1043 2901 1097 ad
2937 1041 3289 1097 solutionem
3323 1040 3517 1113 potius
3549 1056 3726 1111 quam
3760 1039 3831 1094 ad

2180 1133 2465 1201 majorem
2496 1131 2893 1188 damnationis
2927 1131 3234 1186 cumulum
3267 1147 3471 1186 eorum
3500 1146 3743 1201 corpora
3772 1128 3832 1183 in

2180 1220 2441 1275 ccclesiis
2456 1226 2773 1292 ponuntur.
2796 1222 2957 1285 Quod
2976 1220 3833 1291 melius,inquit,ostendemus,

2182 1310 2229 1365 si
2261 1326 2327 1364 ea
2358 1326 2484 1380 qua:
2510 1309 2717 1365 diebus
2744 1310 2959 1365 nostris
2981 1314 3145 1382 gesta
3170 1314 3308 1365 sunt
3329 1309 3575 1363 breviter
3596 1324 3835 1363 enarre-

2182 1415 2336 1453 mus.
2363 1398 2466 1452 Vir
2497 1414 2749 1470 namque
2766 1399 2893 1453 vita:
2916 1398 3266 1454 venerabilis
3294 1397 3471 1467 Felix,
3496 1397 3835 1453 Portuensis

2182 1488 2511 1560 episcopus,
2547 1487 2606 1542 in
2636 1487 2967 1544 Sabiniensi
2990 1488 3291 1560 provincia
3312 1491 3474 1543 ortus
3493 1490 3671 1559 atque
3692 1502 3834 1541 enu-

2183 1578 2357 1632 tritus
2376 1578 2591 1648 est,qui
2609 1578 2925 1645 quamdam
2951 1576 3461 1633 sanctimonialem
3483 1574 3837 1631 feminamin

2184 1666 2308 1721 loco
2340 1667 2544 1722 eodem
2566 1666 2747 1722 fuisse
2775 1670 3045 1736 testatur,
3067 1684 3194 1739 quae
3221 1667 3413 1723 carnis
3435 1664 3671 1738 quidem
3702 1682 3841 1721 con-

2186 1755 2493 1811 tinenliam
2546 1756 2775 1822 habuit,
2809 1757 2908 1811 sed
2961 1756 3174 1828 linguae
3221 1755 3636 1829 procacitatem
3667 1757 3843 1827 atque

413 1855 829 1930 Unusquisque
852 1859 1033 1931 igitur
1059 1865 1353 1931 quantum
1376 1862 1713 1933 praestiterit
1736 1867 1965 1918 tantum
1989 1881 2075 1919 re-
2110 1885 2157 1949 B
2190 1845 2629 1949 εξυῙῖίῙοξΙυίυΠξ
2664 1862 2781 1945 ηρΠ
2814 1845 3147 1949 ἀθοῙίὶιξθινίῒῖ
3179 1846 3309 1949 HE“?
3338 1844 3519 1949 igitur
3548 1844 3844 1949 (Ῐθῖυηξῖίδο

415 1945 611 2016 cipiat,
648 1951 704 2002 et
733 1948 999 2003 eamdem
1033 1949 1292 2019 speciem
1325 1955 1382 2005 et
1436 1968 1777 2007 mensuram
1810 1970 2076 2022 annonae,

419 2039 518 2090 aut
546 2035 687 2105 vini,
721 2040 822 2091 aut
856 2039 1105 2110 argenti,
1139 2043 1241 2094 aut
1272 2044 1424 2095 certe
1456 2041 1709 2113 alicujus
1736 2044 1906 2113 pretii
1938 2060 2076 2098 con-

421 2122 689 2192 valentis,
724 2131 898 2197 prout
928 2128 1080 2183 inter
1112 2145 1209 2183 eos
1263 2130 1595 2185 convenerit
1630 2149 1642 2185 :
1677 2133 1758 2187 ita
1788 2136 1985 2188 tamen
2016 2138 2081 2188 ut

422 2229 537 2268 non
585 2214 1012 2286 multiplicetur
1063 2234 1253 2289 neque
1302 2224 1786 2291 superaugeatur.
1846 2226 1921 2276 De
1972 2221 2082 2276 iter

427 2304 736 2374 agentibus
750 2304 1023 2359 similiter
1035 2306 1462 2361 observandum
1478 2308 2083 2379 decernimus,utnu1-

425 2389 486 2444 la
516 2391 602 2445 eis
626 2390 740 2445 alia
756 2407 1032 2447 mensura
1054 2393 1112 2447 in
1129 2396 1518 2450 venundando
1536 2396 1829 2452 tribuatur
1852 2399 1961 2453 nisi
1985 2398 2085 2453 illa

429 2494 546 2548 qua
578 2478 742 2533 vobis
772 2483 964 2533 vestra
986 2480 1071 2534 vel
1102 2482 1365 2552 accipitis
1397 2482 1482 2537 vel
1514 2485 1869 2554 comparatis
1898 2504 1909 2552 ;
1944 2487 2083 2557 quia

425 2564 714 2637 scriptum
742 2572 829 2621 est
855 2584 866 2620 :
894 2569 1074 2638 Neque
1094 2572 1497 2624 circumvenias
1520 2573 1577 2624 in
1608 2574 1824 2639 negotio
1847 2576 2081 2643 fratrem

425 2662 580 2709 tuum
620 2655 669 2725 (Ι
708 2655 881 2710 Thess.
920 2657 1016 2726 Iv).
1065 2657 1127 2711 Et
1159 2674 1171 2711 :
1207 2659 1411 2712 Eadem
1460 2676 1722 2716 mensura
1750 2678 1859 2732 qua
1906 2666 2081 2718 mensi

422 2745 660 2815 fueritis,
693 2747 1008 2800 remetietur
1060 2746 1207 2801 vobis
1240 2748 1391 2817 (Luc.
1427 2748 1526 2818 vx).
1560 2750 1629 2804 Et
1661 2768 1673 2805 :
1709 2753 1823 2806 Non
1856 2752 2079 2808 habebis

422 2832 638 2887 diversa
665 2834 929 2903 pondera,
960 2837 1142 2906 majus
1169 2840 1265 2891 aut
1288 2839 1495 2905 minus,
1530 2839 1622 2893 sed
1652 2842 1725 2894 sit
1769 2842 1875 2895 tibi
1896 2843 2079 2913 justus

423 2922 653 2987 modius,
686 2938 979 2995 aequusque
1007 2928 1288 2981 sextarius
1319 2928 1497 2997 (Deut.
1533 2930 1682 2999 xxv).

502 3030 692 3085 XVIII.
725 3032 1104 3087 Mercationes
1125 3049 1282 3099 vero,
1308 3050 1433 3106 quae
1466 3034 1680 3091 divinis
1714 3040 1769 3091 et
1801 3037 2078 3096 humanis

426 3115 652 3189 legibus
670 3119 974 3189 prohibita
999 3126 1157 3191 sunt,
1177 3127 1233 3177 et
1264 3140 1417 3177 nunc
1437 3125 1626 3179 denuo
1656 3125 1862 3181 diebus
1886 3128 2078 3183 Domi-

428 3207 572 3261 nicis
604 3224 635 3261 a
659 3209 1012 3278 quibusdam
1038 3211 1320 3282 improbis
1343 3218 1702 3283 exercentur,
1726 3216 1914 3271 modis
1943 3234 2068 3272 om-

428 3294 599 3349 nibus
627 3296 989 3364 inhibemus,
1016 3304 1071 3353 et
1101 3300 1266 3355 vobis
1300 3301 1647 3357 inhibendas
1680 3305 1839 3359 omni
1874 3307 2066 3361 studio

428 3386 704 3440 canonica
730 3388 1071 3443 auctoritate
1094 3390 1483 3445 decernimus.
1516 3394 1780 3463 Ineptum
1814 3411 2068 3466 namque

430 3478 521 3527 est
542 3478 605 3527 ut
626 3474 991 3531 Christianus
1013 3477 1259 3547 quilibet
1279 3495 1345 3533 ea
1368 3480 1479 3546 die,
1497 3496 1611 3550 qua
1629 3482 2069 3537 resurrectionis

429 3561 738 3617 Dominicae
770 3569 1097 3636 nostraeque
1119 3567 1536 3638 redemptionis
1560 3570 1840 3624 memoria
1868 3586 2069 3625 recen-

429 3653 606 3715 setur,
658 3650 820 3706 lucra
878 3652 1177 3707 saecularia
1220 3653 1305 3707 vel
1356 3655 1742 3710 mercationes
1787 3661 2065 3725 exerceat,

430 3754 606 3809 quam
640 3743 820 3795 totam
843 3742 1015 3796 debet
1036 3741 1095 3796 in
1126 3742 1338 3797 divinis
1370 3742 1645 3799 laudibus
1676 3750 1732 3800 et
1762 3745 1989 3815 officiis,
2016 3750 2072 3800 et

428 3825 841 3897 oblationibus,
877 3847 980 3901 pro
1003 3848 1110 3885 sua
1131 3836 1187 3885 et
1214 3836 1557 3887 cunctorum
1581 3834 1652 3888 ad
1685 3851 1745 3889 se
1775 3836 2069 3906 pertinen-

425 3916 577 3971 tium
608 3916 815 3987 salute,
854 3924 1027 3990 atque
1058 3920 1240 3975 totius
1270 3921 1534 3977 Ecclesiae
1566 3923 1882 3979 stabilitate
1903 3941 2073 3981 occu-

429 4021 587 4075 pare.

502 4094 646 4150 XIX.
677 4096 1020 4168 Sepulturas
1064 4102 1429 4155 mortuorum
1462 4100 1854 4158 ecclesiastica
1897 4104 2074 4160 hone-

430 4187 580 4238 state
610 4188 668 4240 et
698 4186 912 4257 pietate
944 4188 1352 4260 unusquisque
1374 4190 1674 4262 presbyter
1704 4191 1998 4263 disponat,
2022 4198 2078 4251 et

430 4288 503 4327 ne
534 4290 637 4343 pro
686 4274 1035 4345 sepeliendis
1077 4278 1327 4332 mortuis
1376 4279 1546 4334 xenia
1594 4281 1878 4351 exquirat.
1914 4282 2077 4337 Unde

428 4362 637 4418 beatus
673 4364 987 4436 Gregorius
1019 4366 1099 4420 ita
1127 4368 1616 4437 praesumentibus
1647 4369 1786 4425 talia
1818 4371 2079 4442 loquitur

430 4450 621 4522 (Epist.
660 4453 727 4506 ad
748 4456 1003 4526 Ianuar.)
1032 4473 1043 4509 :
1083 4478 1109 4504 ‹‹
1142 4456 1325 4512 Grave
1349 4457 1545 4525 nimis,
1563 4458 1774 4530 inquit,
1797 4465 1854 4515 et
1877 4461 2077 4531 procul

431 4544 520 4594 est
550 4557 584 4595 a
614 4542 933 4597 sacerdotis
978 4542 1187 4610 ofﬁcio,
1223 4543 1474 4614 pretium
1504 4545 1574 4599 de
1623 4550 1775 4600 terra
1803 4563 2081 4602 concessa

2191 1939 2366 2007 atque
2407 1935 2467 1990 in
2516 1934 2760 1990 ecclesia
2810 1935 3041 2007 sepulta
3069 1939 3176 1990 est.
3210 1935 3389 1991 Nocte
3412 1937 3608 1990 autem
3639 1932 3845 1989 eadem

2190 2024 2454 2095 ejusdem
2489 2023 2743 2080 ecclesia:
2774 2028 2975 2080 custos
2994 2041 3096 2097 per
3116 2023 3524 2080 revelationem
3542 2022 3688 2079 vidit
3707 2021 3847 2095 quia

2189 2115 2441 2170 deducta
2467 2118 2601 2169 ante
2628 2130 2860 2169 sacrum
2893 2114 3072 2169 altare
3096 2130 3199 2186 per
3218 2113 3482 2169 medium
3512 2112 3844 2179 secabatur,

2190 2208 2247 2259 et
2272 2221 2407 2275 pars
2424 2203 2711 2258 unaillius
2734 2203 2867 2276 igne
2883 2204 3417 2275 cremabatur,pars
3440 2205 3636 2258 autem
3661 2200 3845 2257 altera

2193 2292 2411 2346 intacta
2440 2291 2800 2345 remanebat.
2827 2292 3085 2360 Cumque
3114 2291 3225 2345 hoc
3256 2306 3504 2363 surgens
3534 2305 3707 2345 mane
3727 2289 3841 2345 fra-

2192 2380 2383 2435 tribus
2418 2382 2701 2443 narraret,
2733 2384 2791 2433 et
2837 2378 3031 2434 locum
3059 2378 3234 2434 vellet
3281 2378 3590 2433 ostendere
3634 2378 3695 2433 in
3727 2393 3846 2449 qua

2193 2468 2381 2522 fuerat
2414 2467 2546 2538 igne
2569 2471 2935 2538 consumpta,
2970 2468 3099 2539 ipsa
3126 2468 3376 2523 ﬂammae
3407 2465 3733 2523 combustio
3762 2465 3845 2521 ita

2191 2559 2323 2611 ante
2355 2554 2539 2610 altare
2570 2555 2629 2610 in
2662 2555 3057 2611 marmoribus
3090 2556 3384 2628 apparuit,
3418 2572 3484 2611 ac
3519 2555 3569 2610 si
3597 2554 3718 2612 illic
3748 2571 3844 2611 ea-

2190 2645 2323 2699 dem
2342 2643 2559 2699 femina
2582 2661 2821 2715 corpore
2844 2644 3055 2701 fuisset
3077 2645 3211 2718 igne
3232 2645 3709 2701 concremata.Ex
3730 2661 3845 2717 qua

2190 2750 2248 2789 re
2281 2740 2473 2805 aperte
2499 2733 2674 2788 datur
2703 2732 2974 2807 intelligi,
3000 2733 3139 2805 quia
3167 2733 3227 2789 in
3257 2734 3471 2807 quibus
3493 2734 3588 2789 hic
3610 2738 3847 2807 peccata

2188 2823 2435 2878 dimissa
2457 2840 2571 2878 non
2594 2823 2831 2894 fuerint,
2849 2824 2919 2878 ad
2952 2824 3319 2879 evadendum
3338 2824 3633 2895 judicium
3663 2824 3845 2880 sacris

2188 2911 2331 2967 locis
2363 2915 2494 2983 post
2543 2915 2791 2968 mortem
2846 2929 2962 2967 non
3011 2913 3207 2968 valent
3254 2913 3538 2985 adjuvari.
3592 2914 3845 2969 Joannes

2188 3017 2419 3074 quoque
2449 3002 2536 3056 vir
2558 3002 2907 3074 magnificus
2930 3002 2989 3056 in
3022 3002 3131 3057 hac
3153 3002 3299 3058 urbe
3318 3001 3514 3057 locum
3547 3001 3846 3073 praefecto-

2188 3107 2317 3145 rum
2342 3108 2602 3157 servans,
2628 3091 2799 3161 cujus
2826 3090 3085 3146 veritatis
3110 3096 3284 3163 atque
3306 3090 3610 3163 gravitatis
3633 3090 3709 3145 sit
3736 3108 3839 3146 no-

2188 3181 2381 3234 vimus
2405 3198 2418 3246 ;
2454 3178 2553 3250 qui
2577 3179 2721 3234 mihi
2747 3183 2993 3235 testatus
3016 3183 3104 3236 est
3121 3180 3497 3235 Valerianum
3520 3177 3837 3235 Patricium

2101 3255 2142 3321 C
2183 3268 2242 3323 in
2273 3269 2529 3335 civitate,
2564 3285 2690 3340 qua:
2745 3268 2937 3323 Brixia
2967 3268 3202 3336 dicitur,
3235 3269 3417 3325 fuisse
3466 3269 3829 3325 defunctum.

2179 3357 2282 3412 Cui
2299 3357 2347 3426 ej
2359 3358 2558 3412 usdem
2577 3357 2827 3413 civitatis
2839 3357 3410 3429 episcopus,accepto
3422 3356 3829 3430 pretio,locum

2182 3446 2241 3500 in
2276 3446 2520 3501 ecclesia
2554 3446 2819 3517 praebuit,
2854 3446 2913 3501 in
2945 3463 3060 3518 quo
3093 3445 3325 3519 sepeliri
3355 3444 3672 3502 debuisset.
3713 3444 3823 3509 Qui

2180 3532 2447 3587 videlicet
2476 3533 2816 3589 Valerianus
2847 3552 3034 3607 usque
3083 3537 3155 3591 ad
3202 3540 3429 3591 aetatem
3470 3535 3825 3607 decrepitam

2170 3620 2314 3677 levis
2326 3639 2391 3677 ac
2403 3621 2663 3676 lubricus
2676 3624 3279 3695 exstitit,modumque
3300 3626 3425 3681 suis
3438 3624 3820 3696 pravitatibus

2186 3727 2397 3782 ponere
2428 3711 2802 3780 contempsit.
2826 3711 3041 3765 Eadem
3073 3728 3205 3766 vero
3227 3717 3392 3767 nocte
3424 3730 3540 3783 qua
3568 3711 3837 3784 sepultus

2190 3804 2297 3871 est,
2330 3800 2537 3855 beatus
2570 3800 2888 3854 Faustinus
2912 3804 3153 3871 martyr,
3172 3800 3232 3854 in
3260 3802 3429 3871 cujus
3459 3800 3704 3855 ecclesia
3719 3817 3841 3856 cor-

2186 3906 2297 3961 pus
2330 3888 2491 3944 illius
2533 3889 2721 3945 fuerat
2765 3888 3099 3957 humatum,
3132 3889 3363 3944 custodi
3411 3905 3517 3944 suo
3548 3887 3839 3960 apparuit,

2190 3978 2392 4033 dicens
2424 3994 2438 4033 :
2476 3978 2656 4045 Vade,
2687 3982 2744 4033 et
2773 3978 2864 4033 dic
2886 3978 3159 4051 episcopo
3191 3977 3615 4051 projiciathinc
3636 3977 3744 4035 has
3764 3978 3843 4035 fe-

2190 4072 2379 4124 tentes
2404 4084 2629 4136 carnes,
2664 4084 2811 4139 quas
2843 4067 2939 4123 hic
2969 4068 3184 4140 posuit,
3216 4068 3357 4139 quia
3386 4069 3436 4125 si
3469 4084 3585 4125 non
3617 4067 3838 4140 fecerit,

2190 4157 2285 4212 die
2316 4157 2615 4229 trigesimo
2638 4156 2762 4229 ipse
2792 4156 3092 4213 morietur.
3122 4160 3306 4224 Quam
3332 4158 3614 4215 visionem
3644 4161 3841 4215 custos

2189 4248 2462 4319 episcopo
2496 4246 2696 4301 timuit
2726 4246 3012 4302 conﬁteri.
3048 4250 3112 4301 Et
3142 4264 3347 4303 rursus
3379 4246 3718 4303 admonitus
3748 4247 3843 4302 de-

2191 4334 2447 4391 clinavit.
2473 4334 2574 4389 Die
2605 4338 2799 4391 autem
2825 4335 3130 4408 trigesimo
3151 4338 3414 4408 ejusdem
3445 4335 3695 4391 civitatis
3713 4335 3841 4406 epi-

2194 4441 2407 4495 scopus
2432 4440 2567 4479 cum
2591 4424 2925 4497 vespertina
2943 4425 3088 4480 hora
3112 4442 3294 4481 sanus
3318 4429 3494 4496 atque
3524 4422 3842 4481 incolumis

2194 4514 2264 4569 ad
2299 4512 2513 4567 lectum
2549 4512 2836 4583 rediisset,
2871 4514 3068 4569 subita
3110 4518 3167 4569 et
3193 4514 3498 4585 inopinata
3526 4516 3712 4568 morte
3740 4513 3841 4567 de-

431 4629 726 4698 putredini
773 4648 1049 4702 quaerere,
1082 4638 1138 4688 et
1175 4601 1257 4687 Ide
1287 4633 1477 4687 alieno
1526 4633 1671 4689 velle
1704 4636 1891 4689 facere
1924 4601 2085 4691 luctu
2116 4626 2162 4690 D
2195 4603 2432 4702 funcnfs
2463 4605 2570 4658 BSt"
2602 4602 2683 4700 ΕΚ
2709 4618 2951 4702 ,qua.re’
2985 4601 3409 4702 liet’fi'.°°mg°
3439 4601 3575 4702 ίέυίθ
3604 4601 3663 4656 hi
3695 4618 3842 4702 (“3.08.

434 4720 867 4787 compendium.
897 4721 1011 4777 Hoc
1042 4726 1237 4778 autem
1269 4722 1477 4777 vitium
1510 4728 1566 4777 et
1598 4740 1723 4790 nos,
1751 4731 2084 4796 postquam,

433 4809 546 4861 Deo
565 4813 820 4875 auctore,
845 4811 914 4865 ad
931 4811 1303 4883 episcopatus
1321 4810 1603 4867 honorem
1630 4813 1903 4868 Romanis
1928 4816 2085 4871 sedis

432 4898 811 4964 accessimus,
845 4900 914 4955 de
946 4900 1202 4955 Ecclesia
1252 4905 1452 4956 nostra
1481 4901 1719 4957 omnino
1770 4903 2086 4976 exstirpare

432 4985 883 5057 decrevimus,et
896 5006 1134 5060 pravam
1154 4991 1344 5045 denuo
1358 4991 1844 5046 consuetudinem
1868 5010 2083 5064 nequa-

433 5091 611 5145 quam
636 5078 905 5148 usurpari
932 5078 1347 5149 permittimus.
1377 5080 1432 5134 Si
1454 5084 1646 5135 autem
1670 5097 1703 5133 a
1736 5081 1955 5137 devotis
1979 5099 2083 5153 pro

434 5164 561 5219 suis
592 5166 800 5221 mortis
826 5168 1106 5237 quiddam
1120 5169 1374 5223 ecclesiae
1394 5169 1477 5223 vel
1504 5169 1857 5240 presbyteris
1882 5178 2084 5241 sponte

434 5254 693 5321 offertur,
728 5272 761 5309 a
808 5258 1163 5329 presbyteris
1218 5258 1399 5329 accipi
1446 5276 1561 5313 non
1612 5258 2015 5330 prohibemus.
2052 5285 2079 5311 ›,

432 5343 597 5408 Quod
622 5348 816 5399 autem
841 5345 991 5400 infra
1004 5346 1309 5402 ecclesiam
1326 5347 1620 5401 neminem
1645 5347 1887 5418 sepelire
1910 5350 2080 5405 debe-

432 5431 533 5497 tis,
570 5430 770 5487 multis
803 5434 1246 5489 auctoritatibus
1280 5437 1685 5506 perdocemus,
1718 5441 1774 5490 et
1828 5438 2081 5493 maxime

432 5518 585 5573 beati
600 5520 860 5593 Gregorii
883 5528 1097 5579 sanctae
1115 5523 1390 5579 Romana:
1403 5525 1557 5580 sedis
1582 5525 1878 5581 antistitis.
1896 5532 2080 5583 Inter-

432 5612 671 5679 rogatus
703 5611 859 5666 enim
893 5630 926 5667 a
955 5614 1121 5668 Petro
1153 5612 1439 5683 discipulo
1463 5630 1592 5681 suo,
1626 5619 1822 5671 utrum
1857 5618 2080 5673 anima-

431 5698 543 5755 bus
559 5698 779 5773 aliquid
794 5702 1097 5773 prodesset
1116 5703 1165 5761 si
1184 5705 1551 5760 mortuorum
1571 5705 1883 5777 corporain
1906 5707 2080 5764 eccle-

2196 4694 2434 4763 peccata
2464 4690 2662 4763 gravia
2694 4689 3051 4761 deprimunt,
3086 4690 3135 4746 si
3170 4692 3227 4746 in
3260 4707 3425 4746 sacro
3454 4690 3579 4747 loco
3610 4689 3843 4763 sepeliri

2196 4798 2257 4836 se
2294 4780 2525 4848 faciant,
2550 4782 2728 4835 restat
2751 4783 2815 4833 ut
2846 4779 3022 4834 etiam
3045 4780 3115 4835 de
3138 4796 3245 4836 sua
3274 4779 3841 4852 prazsumptioneju-

2195 4871 2437 4937 dicetur,
2472 4872 2765 4941 quatenus
2794 4885 2893 4924 eos
2928 4885 3094 4925 sacra
3140 4868 3267 4925 loca
3298 4886 3411 4925 non
3442 4869 3708 4934 libarent,
3740 4868 3843 4924 sed

2194 4960 2372 5014 etiam
2400 4958 2571 5029 culpa
2595 4957 2942 5013 temeritatis
2962 4963 3213 5015 accuset.
3231 4982 3259 5009 »
3276 4958 3377 5014 His
3396 4956 3843 5013 auctoritatibus

2194 5047 2469 5117 roborati,
2497 5051 2559 5101 ut
2589 5063 2622 5100 a
2650 5047 2814 5103 vobis
2845 5064 3077 5119 quoque
3098 5046 3441 5118 hujusmodi
3464 5044 3841 5118 praesumptio

2194 5142 2463 5193 caveatur
2482 5136 3176 5207 instanterjudicavimus
3200 5136 3635 5192 admonendum
3662 5156 3677 5205 ς
3701 5139 3758 5191 et
3775 5139 3844 5192 ut

2193 5227 2336 5282 talia
2380 5224 2859 5280 irrationabiliter
2905 5223 3364 5295 postulantibus,
3396 5224 3841 5294 rationabiliter,

2192 5316 2284 5373 his
2314 5314 2555 5388 prolatis
2587 5313 3055 5380 auctorifatibus,
3089 5315 3374 5388 denegare
3405 5314 3641 5372 curetis.
3675 5336 3704 5363 ››

2263 5439 2370 5495 ΚΧ.
2402 5438 2631 5494 Rationi
2663 5453 2892 5507 quoque
2924 5438 3254 5508 proximum
3286 5458 3415 5497 esse
3443 5438 3747 5495 sanximus
3777 5442 3843 5495 ut

2191 5528 2250 5583 in
2283 5542 2637 5598 unoquoque
2659 5541 2878 5593 mense,
2912 5530 3133 5585 statuta
3155 5529 3341 5597 die,id
3372 5533 3461 5585 est
3483 5529 3545 5584 in
3566 5527 3843 5586 Kalendis

2192 5617 2665 5687 uniuscujusque
2699 5615 2942 5683 mensis,
2975 5633 3077 5689 per
3106 5617 3369 5691 singulas
3400 5618 3674 5675 decanias
3709 5631 3843 5689 pre-

2191 5707 2405 5781 sbyteri
2425 5703 2604 5763 simul
2625 5705 2995 5777 conveniant,
3008 5711 3065 5765 et
3083 5706 3630 5785 convenientespon
3656 5704 3840 5782 pastis
