4040 6208
235 353 316 420 23
944 360 1053 423 MA
1065 360 1495 423 RTINIANUS
1540 353 1901 422 MONACHI

2025 389 2103 404 --
2132 358 2450 420 NOTITIA
2499 357 2944 421 HISTORICA.
3567 357 3644 419 34

235 487 326 549 vel
372 491 770 564 potationibus
818 496 1043 561 vacent,
1075 494 1175 548 sed
1207 493 1279 549 de
1325 510 1432 549 suo
1472 492 1795 548 ministerio
1827 495 1886 548 et
1914 496 1962 561 Α
1997 490 2152 545 diam
2185 495 2444 547 revocate
2478 507 2490 546 :
2525 492 2574 553 si
2602 508 2736 547 vero
2770 489 2949 546 semel
2979 495 3036 546 et
3064 490 3157 547 bis
3188 504 3222 546 a
3248 490 3413 546 vobis
3443 491 3646 550 admo-

238 581 512 654 religiosa
534 583 991 649 conversatione,
1020 587 1194 654 atque
1226 583 1293 638 de
1321 583 1415 638 his
1439 599 1564 654 quae
1596 583 1655 636 in
1686 598 1888 639 eorum

162 717 164 722 .
239 669 533 744 parochiis
565 672 838 727 accidunt
871 687 1200 727 sermonem
1246 671 1519 738 habeant,
1555 676 1610 727 et
1641 671 1892 744 qualiter

240 775 344 832 pro
374 775 508 832 rege
545 759 633 816 vel
684 761 1008 816 rectoribus
1057 760 1334 827 ecclesiae,
1367 766 1535 831 atque
1583 777 1685 832 pro
1718 761 1886 815 fami-

237 847 488 904 liaribus
520 849 667 917 suis,
703 854 824 906 tam
872 850 1021 905 vivis
1052 867 1230 922 quam
1280 855 1335 905 et
1383 850 1692 920 defunctis,
1721 865 1889 929 grare

242 939 514 1005 debeant,
550 938 727 993 simul
760 939 1149 996 considerent.

313 1027 453 1084 XXI.
487 1027 695 1082 Docete
725 1027 903 1083 etiam
935 1028 1322 1101 parochianos
1349 1031 1573 1082 vestros
1603 1032 1667 1082 ut
1708 1045 1889 1100 quan-

2000 581 2107 635 niti
2133 579 2334 635 audire
2356 581 2697 653 rel‘ugerint,
2714 581 3038 637 secundum
3067 579 3473 636 auctoritatem
3491 587 3644 656 Aga-

1998 669 2224 724 thensis
2265 669 2490 724 concilii
2523 670 2596 724 ab
2628 669 2886 724 Ecclesia
2933 669 3531 726 excommunicentur.
3564 672 3651 726 Ita

1999 758 2156 813 enim
2189 757 2246 812 in
2288 760 2525 830 prafato
2559 758 2804 814 concilio
2837 760 2905 814 de
2955 758 3048 813 his
3081 759 3179 830 qui
3214 775 3316 831 per
3344 759 3545 814 odium
3578 761 3650 816 ad

2000 863 2203 919 pacem
2227 864 2341 902 non
2366 851 2740 903 revertuntur
2762 847 2952 920 capite
2974 847 3275 920 trigesimo
3299 849 3487 920 primo
3511 850 3652 904 scri-

2000 941 2164 1008 ptum
2217 936 2549 991 continetur
2591 953 2604 991 :
2657 938 2818 1000 Quod
2868 938 2916 992 si
2971 936 3312 992 inimicitias
3362 937 3654 1010 deponere

2002 1025 2331 1097 perniciosa
2359 1025 2679 1081 intentione
2730 1026 3045 1088 noluerint,
3079 1027 3149 1080 de
3181 1024 3448 1082 Ecclesiae
3500 1032 3653 1083 cmtu

242 1116 318 1171 do
347 1116 416 1170 ad
450 1116 754 1171 ecclesiam
807 1117 1177 1184 conveniunt,
1212 1132 1376 1171 orare
1409 1132 1511 1187 pro
1559 1132 1620 1170 se
1672 1131 1890 1186 proque
1995 1113 2334 1185 justissima
2382 1114 2983 1170 excommunicatione
3014 1113 3323 1184 pellantur.
3358 1137 3385 1165 ››
3417 1116 3561 1171 Item
3595 1116 3654 1171 in

243 1203 374 1260 aliis
402 1221 534 1259 cum
568 1205 885 1277 gemitibus
908 1209 964 1260 et
993 1205 1267 1278 lacrymis
1289 1206 1586 1271 studeant,
1617 1210 1673 1259 et
1702 1221 1735 1259 a
1764 1221 1888 1260 ver-

244 1293 336 1348 bis
384 1293 588 1348 otiosis
637 1311 698 1348 se
745 1293 1136 1361 subtrahant;
1183 1295 1322 1364 quia
1366 1293 1628 1348 Salvator
1672 1298 1890 1362 noster,

247 1383 481 1452 quando
514 1382 815 1454 ingressus
846 1386 936 1437 est
955 1382 1268 1454 templum,
1296 1387 1353 1438 et
1374 1383 1687 1438 vendentes
1708 1383 1766 1436 in
1793 1382 1891 1438 illo

246 1473 305 1526 et
335 1474 596 1525 ementes
618 1470 960 1542 eliminavit,
980 1471 1250 1542 protinus
1273 1471 1420 1526 dixit
1451 1488 1463 1525 :
1499 1471 1772 1543 Scriptum
1794 1475 1889 1542 est,

246 1560 379 1630 quia
407 1560 602 1614 domus
648 1576 768 1615 mea
797 1560 986 1615 domus
1041 1561 1308 1630 oralignz‘s
1353 1561 1635 1616 vocabitur
1685 1561 1889 1632 (Matth.

244 1649 386 1716 xxx).
420 1647 487 1702 Et
516 1647 565 1702 si
596 1647 816 1703 ibidem
849 1646 1028 1719 aliqui
1062 1653 1202 1703 sunt
1221 1649 1538 1714 discordes,
1565 1649 1660 1720 pia
1691 1649 1892 1703 admo-

246 1734 468 1792 nitione
498 1739 553 1791 et
581 1736 929 1792 sacerdotali
975 1736 1373 1793 exhortatione
1405 1753 1502 1794 eos
1534 1738 1605 1792 ad
1657 1753 1892 1793 concor-

2001 1201 2250 1257 concilio
2283 1203 2770 1274 Carthaginiensi,
2805 1204 2993 1275 capite
3023 1204 3404 1276 nonagesimo
3437 1204 3606 1260 tertio
3641 1224 3652 1260 :

2003 1313 2032 1341 «
2067 1291 2408 1347 Oblationes
2459 1291 2876 1347 dissidentium
2931 1293 3197 1363 fratrum,
3231 1310 3421 1365 neque
3471 1293 3529 1350 in
3563 1311 3657 1351 sa-

2003 1379 2211 1444 crario,
2251 1396 2438 1452 neque
2469 1381 2528 1434 in
2560 1380 2970 1453 gazophylacio
3003 1381 3377 1453 recipiantur.
3415 1403 3442 1431 ››

2074 1469 2243 1524 XXII.
2287 1469 2530 1534 Quando
2585 1474 2778 1524 autem
2826 1469 2991 1525 vobis
3040 1487 3074 1525 a
3125 1474 3326 1526 nostra
3373 1471 3658 1544 parvitate

2003 1558 2171 1613 vela
2230 1557 2651 1614 comministris
2709 1559 2927 1614 nostris
2967 1559 3263 1630 jejunium
3322 1560 3658 1617 faciendum

2005 1646 2356 1719 injungitur,
2387 1647 2586 1719 plebes
2631 1648 2702 1703 ad
2757 1647 3062 1703 ecclesiam
3110 1648 3305 1705 venire
3355 1654 3570 1723 rogate,
3604 1653 3660 1707 et

2004 1738 2160 1792 facta
2191 1736 2416 1804 litania,
2449 1741 2506 1792 et
2537 1736 2738 1792 missis
2769 1736 3096 1793 celebratis.
3138 1779 3149 1792 .
3187 1780 3198 1792 .
3233 1776 3249 1794 .
3288 1780 3299 1792 .
3339 1781 3351 1793 .
3391 1782 3404 1794 .
3433 1776 3452 1795 .
3489 1781 3502 1794 .
3543 1782 3554 1794 .
3593 1781 3606 1795 .
3645 1780 3658 1794 .

255 1853 3656 1884 Ἥ

1547 1950 1741 2008 ANNO
1782 1950 2008 2006 DOMIN
2014 1952 2035 2007 Ι
2073 1951 2363 2008 DCCCGII.

1369 2089 2546 2260 ΜΑΝΤΙΟ

713 2345 2118 2471 CATALAUNENSIS
2235 2346 3197 2473 EPISCOPUS.

1753 2539 2166 2552 _—-—.

1048 2625 1964 2760 MANTIONIS
2083 2625 2884 2760 EPISTULA

795 2832 942 2923 AD
1002 2833 1647 2926 FULCONEM
1701 2837 2394 2925 BHEMENSEM
2452 2835 3125 2927 EPISCOPUM.

1524 2989 1812 3059 (Province
1840 2987 1904 3043 de
1936 2989 2136 3056 Reims,
2168 2991 2312 3044 tom.
2347 2989 2413 3060 Ι.)

333 3161 581 3218 Domino
628 3161 780 3218 Patri
815 3163 1060 3219 Fomom
1089 3164 1404 3220 venerabili
1452 3165 1908 3238 archiepiscopo,
1940 3170 1987 3235 B
2018 3167 2136 3224 alii.
2160 3169 2346 3233 Quam
2368 3165 2656 3223 actionem
2677 3181 2811 3222 cum
2834 3165 2936 3221 diu
2968 3182 3171 3223 omnes
3201 3167 3420 3239 pariter
3444 3168 3667 3226 dolere-

263 3254 322 3307 et
351 3250 627 3307 omnibus
673 3251 966 3324 episcopis
997 3253 1124 3324 ejus
1169 3254 1576 3326 suffraganeis,
1607 3259 1664 3311 et
1695 3259 1904 3312 cuncto

261 3340 416 3396 clero
459 3355 684 3410 eorum,
738 3342 1113 3414 presbyteris,
1160 3343 1524 3414 diaconibus,
1575 3347 1632 3400 et
1679 3345 1905 3400 cunctis

265 3428 532 3495 ordinus,
563 3433 684 3484 tam
735 3430 1032 3486 canonicis
1079 3447 1256 3502 quam
1288 3435 1345 3487 et
1393 3432 1716 3504 monachis,
1751 3433 1911 3488 MAN-

263 3529 358 3573 'ﬂO
407 3516 648 3573 humilis
697 3517 1140 3576 Catalaunensis
1196 3520 1527 3594 episcopus,
1581 3522 1693 3578 fide
1743 3523 1910 3578 obse-

264 3605 473 3679 quium
505 3612 562 3662 οι
590 3606 826 3664 devotas
857 3608 1164 3665 orationes.

331 3698 546 3752 Notum
579 3696 983 3754 sanctimoniae
1011 3702 1218 3754 vestrae
1267 3716 1576 3771 precamur
1609 3700 1748 3772 quia
1781 3715 1913 3772 pre-

267 3784 464 3858 sbyter
475 3785 735 3858 quidam,
756 3788 993 3843 nomine
1013 3787 1377 3860 Angelricus,
1400 3789 1471 3842 de
1491 3788 1631 3844 villa
1651 3788 1913 3844 Wasnau

259 3872 331 3930 de
359 3874 605 3931 ecclesia
635 3876 820 3931 sancti
857 3876 1023 3948 Lupi,
1055 3877 1211 3931 venit
1241 3881 1377 3931 ante
1407 3877 1778 3948 praesentiam
1810 3894 1913 3933 no-

260 3967 443 4019 stram
473 3979 670 4018 coram
703 3964 924 4035 synodo
967 3969 1170 4020 nostra
1199 3963 1534 4020 Catalaunis
1563 3965 1744 4022 Nonis
1777 3966 1914 4022 Maii

258 4049 496 4121 habita;
528 4055 588 4106 et
611 4053 915 4107 convictus
939 4053 1173 4124 prOprio
1205 4058 1294 4108 est
1323 4071 1420 4110 ore
1451 4054 1755 4111 confessus
1777 4073 1915 4128 qua-

255 4137 389 4194 liter
403 4155 537 4194 cum
552 4139 923 4210 parochianis
947 4142 1071 4196 suis
1091 4142 1471 4214 desponderit
1490 4143 1576 4199 vel
1593 4144 1911 4218 desponsa-

253 4226 405 4283 verit
435 4228 757 4300 quamdam
788 4229 1086 4302 feminam,
1123 4232 1362 4287 nomine
1397 4232 1744 4301 Grimmam,
1777 4251 1914 4308 con-

255 4315 646 4373 sentientibus
669 4319 1017 4390 propinquis
1050 4320 1180 4391 ejus
1200 4320 1300 4392 (α).
1327 4321 1512 4385 Quam
1544 4339 1679 4377 cum
1703 4323 1915 4379 ducere

257 4409 543 4478 pergeret,
563 4411 826 4479 respectu
846 4407 1166 4464 clementiae
1189 4409 1283 4464 Dei
1307 4409 1660 4466 restiturunt
1682 4412 1914 4484 nequis-

260 4492 412 4550 simo
443 4495 678 4551 conatui
731 4497 862 4568 ejus
892 4497 1028 4554 boni
1078 4502 1134 4554 et
1163 4497 1243 4571 pii
1277 4498 1596 4572 fidelesque
1641 4500 1912 4557 homines
1945 4485 1987 4552 C

2017 3271 2172 3322 mus,
2205 3255 2560 3311 contulimus
2590 3271 2769 3326 super
2796 3254 2905 3310 hoc
2942 3253 3090 3311 nihil
3119 3255 3442 3312 deliberare
3471 3257 3667 3329 prius-

2016 3361 2194 3418 quam
2226 3344 2298 3400 ad
2347 3349 2604 3400 vestram
2633 3343 3044 3416 paternitatem
3096 3360 3197 3416 per
3225 3345 3496 3402 eumdem
3531 3363 3666 3420 pre-

2020 3435 2319 3507 sbyterum
2351 3433 2763 3502 scriberemus,
2807 3433 3206 3506 supplicantes
3254 3433 3470 3490 instrui
3521 3436 3663 3508 quid

2021 3522 2192 3579 nobis
2222 3523 2516 3595 agendum
2543 3522 2709 3591 foret,
2726 3538 2830 3578 nec
2846 3521 3208 3593 correptione
3230 3522 3431 3578 ulcisci
3452 3523 3670 3579 malam

2021 3611 2560 3683 praesumptionem,
2577 3625 2755 3680 quam
2780 3626 2884 3682 per
2903 3627 3004 3666 vos
3022 3611 3342 3683 quaerimus
3363 3611 3674 3669 insinuan-

2021 3699 2178 3755 dam.
2212 3699 2428 3756 Omnes
2483 3714 2620 3771 ergo
2669 3715 2778 3754 nos
2825 3704 3092 3755 sanctam
3142 3700 3554 3772 paternitatem
3585 3718 3677 3758 ve-

2022 3792 2207 3845 stram
2241 3805 2479 3844 oramus
2509 3792 2575 3843 ut
2602 3789 2873 3844 eumdem
2919 3789 3161 3844 fratrem
3193 3789 3303 3846 has
3334 3789 3561 3846 litteras
3592 3791 3675 3846 fe-

2023 3882 2247 3934 rentem
2280 3878 2340 3933 in
2371 3877 2618 3933 Domino
2649 3877 3006 3950 suscipiatis,
3038 3883 3098 3934 et
3149 3894 3252 3950 per
3280 3895 3415 3935 eum
3460 3879 3674 3935 litteris

2023 3965 2513 4023 desiderabilibus
2529 3968 2738 4022 vestris
2763 3967 3162 4040 insipientiam
3179 3972 3442 4024 nostram
3460 3968 3681 4025 instru-

2023 4055 2156 4122 atis,
2189 4059 2245 4112 et
2285 4054 2539 4127 qualiter
2566 4055 2687 4111 haec
2741 4055 3119 4128 praesumptio
3168 4056 3242 4111 ab
3274 4055 3532 4114 Ecclesia
3558 4056 3682 4129 pel-

2022 4144 2179 4200 latur
2228 4143 2478 4200 sollicite
2531 4144 2924 4216 perpendatis.
2957 4144 3230 4201 Constitit
3281 4145 3480 4217 itaque
3527 4145 3684 4202 inter

2027 4251 2132 4290 nos
2161 4250 2196 4288 a
2224 4239 2424 4290 nostro
2476 4249 2741 4289 seorsum
2771 4249 2902 4290 esse
2952 4233 3215 4308 collegio,
3248 4251 3557 4307 quousque
3585 4251 3680 4291 ve-

2025 4327 2147 4380 stro
2178 4322 2552 4379 consolemur
2599 4323 2899 4395 rescripto.
2929 4323 3148 4392 Valete,
3180 4341 3284 4396 pro
3316 4324 3486 4381 nobis
3515 4325 3682 4381 obse-

2029 4428 2263 4469 cramus
2295 4415 2548 4467 orantes.

332 4595 412 4666 (α)
437 4596 670 4654 Primus
692 4597 786 4653 hic
817 4603 1054 4655 notatur
1083 4601 1205 4672 qui,
1233 4602 1623 4657 sacerdotium
1645 4601 1909 4670 indutus,
1952 4602 2024 4660 de
2057 4602 2314 4658 ineundo
2345 4602 2720 4658 matrimonio
2760 4603 3121 4676 cogitaverit.

257 4711 3668 4766 Μ

1539 4817 1734 4874 ΑΝΝΟ
1772 4817 2029 4874 DOMINI
2072 4817 2383 4873 DCCCCVI.

755 4848 3170 5151 ΜΑΗΤΙΝΙΚΝὗὲἭόΝΑΟΗΠΞ

1370 5217 1841 5306 ΝΟΤΙΤΙΑ
1901 5219 2512 5309 HISTORICA
2531 5290 2549 5308 .

1232 5369 1444 5443 (Apud.
1479 5368 1696 5426 Mabill.
1728 5369 2045 5427 Annalium
2075 5373 2216 5426 tom.
2251 5370 2348 5442 ΙΙΙ,
2381 5385 2514 5444 pag.
2546 5369 2697 5438 324.)

1726 5477 2149 5492 —-—————

330 5541 570 5601 Ineunte
599 5544 824 5601 decimo
855 5545 1067 5602 saeculo
1106 5544 1347 5602 ﬂorebat
1378 5547 1749 5605 Martianaeus
1781 5565 1906 5604 mo-

2018 5551 2271 5620 quatuor
2321 5546 2449 5620 ejus
2493 5547 2961 5608 Exercitationum
2997 5544 3152 5620 libri,
3183 5558 3398 5620 nempe
3447 5542 3565 5620 duo
3594 5543 3668 5600 ad

260 5611 508 5698 nacbus,
537 5618 707 5698 cujus
755 5617 979 5698 scripta
1021 5617 1319 5698 quaedam,
1342 5619 1721 5698 hactenus‘ut
1764 5625 1904 5693 puto
2017 5611 2449 5698 monachos'sui
2470 5620 2767 5698 temporis,
2793 5611 3665 5698 unusadclericos,'unusitem

272 5661 569 5758 Incognita,
604 5661 936 5746 invenientis
967 5661 1254 5745 inucodice
1283 5661 1903 5764 flesbacensifinrqdo
2015 5691 2087 5747 ad
2119 5689 2319 5760 laicus,
2353 5661 2663 5750 habentd’x:
2691 5661 3138 5766 lfi’cudisciplina
3169 5661 3461 5762 regularis
3486 5697 3668 5746 causa
