  <div class='ocr_page' id='page_1' title='image "/cluster/home/n/w/nwhite01/storage/ocr_20150623/131/hvd.32044054759923/022.png"; bbox 0 0 4040 6208; ppageno 0'>
   <div class='ocr_carea' id='block_1_1' title="bbox 332 328 3745 404">
    <p class='ocr_par' dir='ltr' id='par_1_1' title="bbox 332 328 3745 404">
     <span class='ocr_line' id='line_1_1' title="bbox 332 328 3745 404; baseline -0.002 0"><span class='ocrx_word' id='word_1_1' title='bbox 332 337 415 404; x_wconf 69' lang='grc'>39</span> <span class='ocrx_word' id='word_1_2' title='bbox 1827 329 2256 398; x_wconf 69' lang='lat' dir='ltr'>EPISTOLE.</span> <span class='ocrx_word' id='word_1_3' title='bbox 3656 328 3745 397; x_wconf 76' lang='lat'>30</span> 
     </span>
    </p>
   </div>
   <div class='ocr_carea' id='block_1_2' title="bbox 339 462 3742 546">
    <p class='ocr_par' dir='ltr' id='par_1_2' title="bbox 339 462 3742 546">
     <span class='ocr_line' id='line_1_2' title="bbox 339 462 3742 546; baseline -0.002 -16"><span class='ocrx_word' id='word_1_4' title='bbox 339 473 601 530; x_wconf 87' lang='lat' dir='ltr'>humano</span> <span class='ocrx_word' id='word_1_5' title='bbox 623 471 909 546; x_wconf 88' lang='lat' dir='ltr'>sanguine</span> <span class='ocrx_word' id='word_1_6' title='bbox 924 476 1192 546; x_wconf 86' lang='lat' dir='ltr'>grassata</span> <span class='ocrx_word' id='word_1_7' title='bbox 1213 471 1546 539; x_wconf 65' lang='lat' dir='ltr'>laetabatur;</span> <span class='ocrx_word' id='word_1_8' title='bbox 1572 488 1727 527; x_wconf 87' lang='lat' dir='ltr'>nunc</span> <span class='ocrx_word' id='word_1_9' title='bbox 1747 488 1876 525; x_wconf 86' lang='lat' dir='ltr'>vero</span> <span class='ocrx_word' id='word_1_10' title='bbox 1894 486 1986 524; x_wconf 85' lang='lat' dir='ltr'>ve—</span> <span class='ocrx_word' id='word_1_11' title='bbox 2015 474 2069 539; x_wconf 78' lang='grc' dir='ltr'><strong>Α</strong></span> <span class='ocrx_word' id='word_1_12' title='bbox 2098 468 2273 523; x_wconf 88' lang='lat' dir='ltr'>etiam</span> <span class='ocrx_word' id='word_1_13' title='bbox 2305 480 2568 537; x_wconf 90' lang='lat' dir='ltr'>ucusque</span> <span class='ocrx_word' id='word_1_14' title='bbox 2598 462 2940 538; x_wconf 87' lang='lat' dir='ltr'>reprobasti,</span> <span class='ocrx_word' id='word_1_15' title='bbox 2972 467 3029 521; x_wconf 91' lang='lat' dir='ltr'>et</span> <span class='ocrx_word' id='word_1_16' title='bbox 3074 479 3203 537; x_wconf 80' lang='lat' dir='ltr'>quas</span> <span class='ocrx_word' id='word_1_17' title='bbox 3253 462 3354 521; x_wconf 90' lang='lat' dir='ltr'>illa</span> <span class='ocrx_word' id='word_1_18' title='bbox 3400 466 3742 538; x_wconf 79' lang='lat' dir='ltr'>approbavit</span> 
     </span>
    </p>
   </div>
   <div class='ocr_carea' id='block_1_3' title="bbox 344 560 1983 634">
    <p class='ocr_par' dir='ltr' id='par_1_3' title="bbox 344 560 1983 634">
     <span class='ocr_line' id='line_1_3' title="bbox 344 560 1983 634; baseline -0.004 -14"><span class='ocrx_word' id='word_1_19' title='bbox 344 564 480 621; x_wconf 89' lang='lat' dir='ltr'>stris</span> <span class='ocrx_word' id='word_1_20' title='bbox 503 562 1026 631; x_wconf 78' lang='lat' dir='ltr'>exhortationibus,</span> <span class='ocrx_word' id='word_1_21' title='bbox 1054 564 1295 619; x_wconf 81' lang='lat' dir='ltr'>Domino</span> <span class='ocrx_word' id='word_1_22' title='bbox 1310 567 1676 634; x_wconf 77' lang='lat' dir='ltr'>000perante,</span> <span class='ocrx_word' id='word_1_23' title='bbox 1692 560 1983 616; x_wconf 90' lang='lat' dir='ltr'>ambrosio</span> 
     </span>
    </p>
   </div>
   <div class='ocr_carea' id='block_1_4' title="bbox 344 651 1986 725">
    <p class='ocr_par' dir='ltr' id='par_1_4' title="bbox 344 651 1986 725">
     <span class='ocr_line' id='line_1_4' title="bbox 344 651 1986 725; baseline -0.004 -16"><span class='ocrx_word' id='word_1_24' title='bbox 344 651 555 709; x_wconf 81' lang='lat' dir='ltr'>Christi</span> <span class='ocrx_word' id='word_1_25' title='bbox 592 653 879 725; x_wconf 79' lang='lat' dir='ltr'>sanguine</span> <span class='ocrx_word' id='word_1_26' title='bbox 912 670 972 707; x_wconf 90' lang='lat' dir='ltr'>se</span> <span class='ocrx_word' id='word_1_27' title='bbox 1002 655 1216 725; x_wconf 83' lang='lat' dir='ltr'>gaudet</span> <span class='ocrx_word' id='word_1_28' title='bbox 1248 653 1366 707; x_wconf 87' lang='lat' dir='ltr'>fore</span> <span class='ocrx_word' id='word_1_29' title='bbox 1417 653 1777 722; x_wconf 81' lang='lat' dir='ltr'>redemptam</span> <span class='ocrx_word' id='word_1_30' title='bbox 1813 654 1986 719; x_wconf 88' lang='lat' dir='ltr'>atque</span> 
     </span>
    </p>
   </div>
   <div class='ocr_carea' id='block_1_5' title="bbox 343 740 1987 813">
    <p class='ocr_par' dir='ltr' id='par_1_5' title="bbox 343 740 1987 813">
     <span class='ocr_line' id='line_1_5' title="bbox 343 740 1987 813; baseline -0.002 -18"><span class='ocrx_word' id='word_1_31' title='bbox 343 746 623 813; x_wconf 88' lang='lat' dir='ltr'>potatam.</span> <span class='ocrx_word' id='word_1_32' title='bbox 650 740 1229 813; x_wconf 89' lang='lat' dir='ltr'>Undemultipliciter</span> <span class='ocrx_word' id='word_1_33' title='bbox 1249 742 1321 805; x_wconf 89' lang='lat' dir='ltr'>ei,</span> <span class='ocrx_word' id='word_1_34' title='bbox 1348 758 1380 794; x_wconf 88' lang='lat' dir='ltr'>a</span> <span class='ocrx_word' id='word_1_35' title='bbox 1401 758 1515 811; x_wconf 91' lang='lat' dir='ltr'>quo</span> <span class='ocrx_word' id='word_1_36' title='bbox 1538 741 1794 812; x_wconf 85' lang='lat' dir='ltr'>procedit</span> <span class='ocrx_word' id='word_1_37' title='bbox 1816 753 1987 793; x_wconf 90' lang='lat' dir='ltr'>omne</span> 
     </span>
    </p>
   </div>
   <div class='ocr_carea' id='block_1_6' title="bbox 344 829 1989 903">
    <p class='ocr_par' dir='ltr' id='par_1_6' title="bbox 344 829 1989 903">
     <span class='ocr_line' id='line_1_6' title="bbox 344 829 1989 903; baseline -0.001 -18"><span class='ocrx_word' id='word_1_38' title='bbox 344 832 498 903; x_wconf 90' lang='lat' dir='ltr'>quod</span> <span class='ocrx_word' id='word_1_39' title='bbox 532 831 749 885; x_wconf 88' lang='lat' dir='ltr'>bonum</span> <span class='ocrx_word' id='word_1_40' title='bbox 783 836 889 897; x_wconf 89' lang='lat' dir='ltr'>est,</span> <span class='ocrx_word' id='word_1_41' title='bbox 925 832 1244 886; x_wconf 87' lang='lat' dir='ltr'>immensas</span> <span class='ocrx_word' id='word_1_42' title='bbox 1271 832 1591 901; x_wconf 73' lang='lat' dir='ltr'>gratiarum</span> <span class='ocrx_word' id='word_1_43' title='bbox 1625 829 1881 884; x_wconf 86' lang='lat' dir='ltr'>actiones</span> <span class='ocrx_word' id='word_1_44' title='bbox 1911 845 1989 883; x_wconf 89' lang='lat' dir='ltr'>re—</span> 
     </span>
    </p>
   </div>
   <div class='ocr_carea' id='block_1_7' title="bbox 343 918 1989 991">
    <p class='ocr_par' dir='ltr' id='par_1_7' title="bbox 343 918 1989 991">
     <span class='ocr_line' id='line_1_7' title="bbox 343 918 1989 991; baseline -0.003 -16"><span class='ocrx_word' id='word_1_45' title='bbox 343 920 680 991; x_wconf 90' lang='lat' dir='ltr'>pendimus,</span> <span class='ocrx_word' id='word_1_46' title='bbox 715 920 1055 991; x_wconf 80' lang='lat' dir='ltr'>suppliciter</span> <span class='ocrx_word' id='word_1_47' title='bbox 1084 922 1455 975; x_wconf 78' lang='lat' dir='ltr'>obsecrantes</span> <span class='ocrx_word' id='word_1_48' title='bbox 1480 925 1543 973; x_wconf 86' lang='lat' dir='ltr'>ut</span> <span class='ocrx_word' id='word_1_49' title='bbox 1568 936 1666 973; x_wconf 91' lang='lat' dir='ltr'>eos</span> <span class='ocrx_word' id='word_1_50' title='bbox 1695 918 1989 973; x_wconf 84' lang='lat' dir='ltr'>soliditate</span> 
     </span>
    </p>
   </div>
   <div class='ocr_carea' id='block_1_8' title="bbox 344 1006 1987 1078">
    <p class='ocr_par' dir='ltr' id='par_1_8' title="bbox 344 1006 1987 1078">
     <span class='ocr_line' id='line_1_8' title="bbox 344 1006 1987 1078; baseline -0.003 -14"><span class='ocrx_word' id='word_1_51' title='bbox 344 1025 490 1064; x_wconf 73' lang='lat' dir='ltr'>veras</span> <span class='ocrx_word' id='word_1_52' title='bbox 514 1008 645 1064; x_wconf 88' lang='lat' dir='ltr'>ﬁdei</span> <span class='ocrx_word' id='word_1_53' title='bbox 670 1011 1016 1064; x_wconf 78' lang='lat' dir='ltr'>confirmare</span> <span class='ocrx_word' id='word_1_54' title='bbox 1039 1015 1096 1065; x_wconf 93' lang='lat' dir='ltr'>et</span> <span class='ocrx_word' id='word_1_55' title='bbox 1130 1015 1353 1064; x_wconf 62' lang='lat' dir='ltr'>aeterna:</span> <span class='ocrx_word' id='word_1_56' title='bbox 1408 1009 1714 1063; x_wconf 81' lang='lat' dir='ltr'>Trinitatis</span> <span class='ocrx_word' id='word_1_57' title='bbox 1745 1006 1987 1078; x_wconf 77' lang='lat' dir='ltr'>gloriam</span> 
     </span>
    </p>
   </div>
   <div class='ocr_carea' id='block_1_9' title="bbox 347 1094 1989 1169">
    <p class='ocr_par' dir='ltr' id='par_1_9' title="bbox 347 1094 1989 1169">
     <span class='ocr_line' id='line_1_9' title="bbox 347 1094 1989 1169; baseline -0.002 -16"><span class='ocrx_word' id='word_1_58' title='bbox 347 1113 663 1169; x_wconf 82' lang='lat' dir='ltr'>agnoscere</span> <span class='ocrx_word' id='word_1_59' title='bbox 684 1099 874 1163; x_wconf 83' lang='lat' dir='ltr'>faciat,</span> <span class='ocrx_word' id='word_1_60' title='bbox 907 1103 1080 1169; x_wconf 88' lang='lat' dir='ltr'>atque</span> <span class='ocrx_word' id='word_1_61' title='bbox 1106 1100 1175 1153; x_wconf 89' lang='lat' dir='ltr'>ad</span> <span class='ocrx_word' id='word_1_62' title='bbox 1203 1116 1320 1153; x_wconf 66' lang='lat' dir='ltr'>suae</span> <span class='ocrx_word' id='word_1_63' title='bbox 1341 1099 1581 1153; x_wconf 87' lang='lat' dir='ltr'>visionis</span> <span class='ocrx_word' id='word_1_64' title='bbox 1605 1094 1989 1151; x_wconf 84' lang='lat' dir='ltr'>inenarrabile</span> 
     </span>
    </p>
   </div>
   <div class='ocr_carea' id='block_1_10' title="bbox 347 1184 1992 1258">
    <p class='ocr_par' dir='ltr' id='par_1_10' title="bbox 347 1184 1992 1258">
     <span class='ocr_line' id='line_1_10' title="bbox 347 1184 1992 1258; baseline -0.001 -17"><span class='ocrx_word' id='word_1_65' title='bbox 347 1187 631 1258; x_wconf 84' lang='lat' dir='ltr'>gaudium</span> <span class='ocrx_word' id='word_1_66' title='bbox 656 1186 843 1241; x_wconf 91' lang='lat' dir='ltr'>introd</span> <span class='ocrx_word' id='word_1_67' title='bbox 856 1192 1005 1241; x_wconf 85' lang='lat' dir='ltr'>neat.</span> <span class='ocrx_word' id='word_1_68' title='bbox 1034 1189 1181 1241; x_wconf 82' lang='lat' dir='ltr'>Nam</span> <span class='ocrx_word' id='word_1_69' title='bbox 1200 1188 1354 1258; x_wconf 91' lang='lat' dir='ltr'>quod</span> <span class='ocrx_word' id='word_1_70' title='bbox 1380 1188 1449 1241; x_wconf 92' lang='lat' dir='ltr'>de</span> <span class='ocrx_word' id='word_1_71' title='bbox 1472 1186 1563 1240; x_wconf 88' lang='lat' dir='ltr'>his</span> <span class='ocrx_word' id='word_1_72' title='bbox 1610 1190 1801 1239; x_wconf 88' lang='lat' dir='ltr'>vestra</span> <span class='ocrx_word' id='word_1_73' title='bbox 1824 1184 1992 1239; x_wconf 88' lang='lat' dir='ltr'>nobis</span> 
     </span>
    </p>
   </div>
   <div class='ocr_carea' id='block_1_11' title="bbox 348 1274 1994 1348">
    <p class='ocr_par' dir='ltr' id='par_1_11' title="bbox 348 1274 1994 1348">
     <span class='ocr_line' id='line_1_11' title="bbox 348 1274 1994 1348; baseline -0.001 -19"><span class='ocrx_word' id='word_1_74' title='bbox 348 1275 607 1330; x_wconf 85' lang='lat' dir='ltr'>innotuit</span> <span class='ocrx_word' id='word_1_75' title='bbox 639 1276 990 1341; x_wconf 79' lang='lat' dir='ltr'>fraternitas,</span> <span class='ocrx_word' id='word_1_76' title='bbox 1025 1276 1163 1347; x_wconf 89' lang='lat' dir='ltr'>quid</span> <span class='ocrx_word' id='word_1_77' title='bbox 1189 1276 1477 1348; x_wconf 89' lang='lat' dir='ltr'>agendum</span> <span class='ocrx_word' id='word_1_78' title='bbox 1501 1275 1575 1330; x_wconf 87' lang='lat' dir='ltr'>sit</span> <span class='ocrx_word' id='word_1_79' title='bbox 1598 1276 1749 1346; x_wconf 91' lang='lat' dir='ltr'>quod</span> <span class='ocrx_word' id='word_1_80' title='bbox 1781 1274 1994 1328; x_wconf 79' lang='lat' dir='ltr'>fuerint</span> 
     </span>
    </p>
   </div>
   <div class='ocr_carea' id='block_1_12' title="bbox 349 1363 1994 1437">
    <p class='ocr_par' dir='ltr' id='par_1_12' title="bbox 349 1363 1994 1437">
     <span class='ocr_line' id='line_1_12' title="bbox 349 1363 1994 1437; baseline -0.002 -18"><span class='ocrx_word' id='word_1_81' title='bbox 349 1364 624 1435; x_wconf 86' lang='lat' dir='ltr'>baptizati</span> <span class='ocrx_word' id='word_1_82' title='bbox 643 1371 697 1419; x_wconf 92' lang='lat' dir='ltr'>et</span> <span class='ocrx_word' id='word_1_83' title='bbox 715 1365 1078 1436; x_wconf 85' lang='lat' dir='ltr'>rebaptizati,</span> <span class='ocrx_word' id='word_1_84' title='bbox 1098 1371 1153 1420; x_wconf 91' lang='lat' dir='ltr'>et</span> <span class='ocrx_word' id='word_1_85' title='bbox 1172 1370 1300 1437; x_wconf 91' lang='lat' dir='ltr'>post</span> <span class='ocrx_word' id='word_1_86' title='bbox 1320 1365 1677 1435; x_wconf 77' lang='lat' dir='ltr'>baptismum</span> <span class='ocrx_word' id='word_1_87' title='bbox 1700 1363 1994 1434; x_wconf 86' lang='lat' dir='ltr'>gentiliter</span> 
     </span>
    </p>
   </div>
   <div class='ocr_carea' id='block_1_13' title="bbox 349 1453 1995 1525">
    <p class='ocr_par' dir='ltr' id='par_1_13' title="bbox 349 1453 1995 1525">
     <span class='ocr_line' id='line_1_13' title="bbox 349 1453 1995 1525; baseline -0.001 -19"><span class='ocrx_word' id='word_1_88' title='bbox 349 1453 619 1520; x_wconf 85' lang='lat' dir='ltr'>vixerint,</span> <span class='ocrx_word' id='word_1_89' title='bbox 653 1459 826 1525; x_wconf 87' lang='lat' dir='ltr'>atque</span> <span class='ocrx_word' id='word_1_90' title='bbox 856 1471 1221 1525; x_wconf 85' lang='lat' dir='ltr'>paganorum</span> <span class='ocrx_word' id='word_1_91' title='bbox 1255 1470 1416 1508; x_wconf 89' lang='lat' dir='ltr'>more</span> <span class='ocrx_word' id='word_1_92' title='bbox 1437 1453 1801 1508; x_wconf 87' lang='lat' dir='ltr'>Christianos</span> <span class='ocrx_word' id='word_1_93' title='bbox 1824 1453 1995 1506; x_wconf 90' lang='lat' dir='ltr'>inter-</span> 
     </span>
    </p>
   </div>
   <div class='ocr_carea' id='block_1_14' title="bbox 353 1540 1995 1613">
    <p class='ocr_par' dir='ltr' id='par_1_14' title="bbox 353 1540 1995 1613">
     <span class='ocr_line' id='line_1_14' title="bbox 353 1540 1995 1613; baseline 0.001 -19"><span class='ocrx_word' id='word_1_94' title='bbox 353 1541 595 1596; x_wconf 83' lang='lat' dir='ltr'>fecerint</span> <span class='ocrx_word' id='word_1_95' title='bbox 627 1542 955 1597; x_wconf 85' lang='lat' dir='ltr'>sacerdotes</span> <span class='ocrx_word' id='word_1_96' title='bbox 985 1543 1423 1611; x_wconf 83' lang='lat' dir='ltr'>trucidaverint,</span> <span class='ocrx_word' id='word_1_97' title='bbox 1459 1548 1632 1613; x_wconf 88' lang='lat' dir='ltr'>atque</span> <span class='ocrx_word' id='word_1_98' title='bbox 1663 1540 1995 1596; x_wconf 85' lang='lat' dir='ltr'>simulacris</span> 
     </span>
    </p>
   </div>
   <div class='ocr_carea' id='block_1_15' title="bbox 349 1628 1997 1704">
    <p class='ocr_par' dir='ltr' id='par_1_15' title="bbox 349 1628 1997 1704">
     <span class='ocr_line' id='line_1_15' title="bbox 349 1628 1997 1704; baseline 0.002 -22"><span class='ocrx_word' id='word_1_99' title='bbox 349 1628 724 1686; x_wconf 89' lang='lat' dir='ltr'>immolantes</span> <span class='ocrx_word' id='word_1_100' title='bbox 749 1630 1075 1704; x_wconf 85' lang='lat' dir='ltr'>idolothyta</span> <span class='ocrx_word' id='word_1_101' title='bbox 1097 1632 1453 1687; x_wconf 88' lang='lat' dir='ltr'>comederint</span> <span class='ocrx_word' id='word_1_102' title='bbox 1476 1648 1489 1696; x_wconf 90' lang='lat'><strong>;</strong></span> <span class='ocrx_word' id='word_1_103' title='bbox 1510 1632 1780 1702; x_wconf 88' lang='lat' dir='ltr'>equidem</span> <span class='ocrx_word' id='word_1_104' title='bbox 1803 1631 1925 1701; x_wconf 87' lang='lat' dir='ltr'>[al.,</span> <span class='ocrx_word' id='word_1_105' title='bbox 1941 1634 1997 1685; x_wconf 90' lang='lat' dir='ltr'>et</span> 
     </span>
    </p>
   </div>
   <div class='ocr_carea' id='block_1_16' title="bbox 352 1719 1998 1790">
    <p class='ocr_par' dir='ltr' id='par_1_16' title="bbox 352 1719 1998 1790">
     <span class='ocr_line' id='line_1_16' title="bbox 352 1719 1998 1790; baseline 0.001 -18"><span class='ocrx_word' id='word_1_106' title='bbox 352 1719 613 1789; x_wconf 86' lang='lat' dir='ltr'>quidem.</span> <span class='ocrx_word' id='word_1_107' title='bbox 648 1720 857 1790; x_wconf 60' lang='lat' dir='ltr'>Hann]</span> <span class='ocrx_word' id='word_1_108' title='bbox 893 1721 942 1776; x_wconf 87' lang='lat' dir='ltr'>si</span> <span class='ocrx_word' id='word_1_109' title='bbox 974 1721 1193 1776; x_wconf 89' lang='lat' dir='ltr'>tirones</span> <span class='ocrx_word' id='word_1_110' title='bbox 1229 1722 1299 1776; x_wconf 91' lang='lat' dir='ltr'>ad</span> <span class='ocrx_word' id='word_1_111' title='bbox 1332 1722 1506 1775; x_wconf 91' lang='lat' dir='ltr'>ﬁdem</span> <span class='ocrx_word' id='word_1_112' title='bbox 1538 1738 1650 1775; x_wconf 90' lang='lat' dir='ltr'>non</span> <span class='ocrx_word' id='word_1_113' title='bbox 1676 1722 1883 1786; x_wconf 87' lang='lat' dir='ltr'>forent,</span> <span class='ocrx_word' id='word_1_114' title='bbox 1909 1736 1998 1773; x_wconf 89' lang='lat' dir='ltr'>ca-</span> 
     </span>
    </p>
   </div>
   <div class='ocr_carea' id='block_1_17' title="bbox 352 1807 2075 1909">
    <p class='ocr_par' dir='ltr' id='par_1_17' title="bbox 352 1807 2075 1909">
     <span class='ocr_line' id='line_1_17' title="bbox 352 1807 2075 1909; baseline 0.001 -48"><span class='ocrx_word' id='word_1_115' title='bbox 352 1807 564 1863; x_wconf 90' lang='lat' dir='ltr'>nonica</span> <span class='ocrx_word' id='word_1_116' title='bbox 584 1808 1240 1880; x_wconf 82' lang='lat' dir='ltr'>experirenturjudicia.</span> <span class='ocrx_word' id='word_1_117' title='bbox 1267 1810 1429 1864; x_wconf 90' lang='lat' dir='ltr'>Unde</span> <span class='ocrx_word' id='word_1_118' title='bbox 1453 1810 1591 1881; x_wconf 89' lang='lat' dir='ltr'>quia</span> <span class='ocrx_word' id='word_1_119' title='bbox 1611 1810 1681 1864; x_wconf 88' lang='lat' dir='ltr'>ad</span> <span class='ocrx_word' id='word_1_120' title='bbox 1706 1810 1877 1863; x_wconf 91' lang='lat' dir='ltr'>ﬁdem</span> <span class='ocrx_word' id='word_1_121' title='bbox 1900 1825 1996 1863; x_wconf 92' lang='lat' dir='ltr'>ru-</span> <span class='ocrx_word' id='word_1_122' title='bbox 2029 1845 2075 1909; x_wconf 81' lang='grc' dir='ltr'><strong>Β</strong></span> 
     </span>
    </p>
   </div>
   <div class='ocr_carea' id='block_1_18' title="bbox 353 1896 1998 1970">
    <p class='ocr_par' dir='ltr' id='par_1_18' title="bbox 353 1896 1998 1970">
     <span class='ocr_line' id='line_1_18' title="bbox 353 1896 1998 1970; baseline 0.002 -21"><span class='ocrx_word' id='word_1_123' title='bbox 353 1896 458 1952; x_wconf 90' lang='lat' dir='ltr'>des</span> <span class='ocrx_word' id='word_1_124' title='bbox 481 1896 637 1962; x_wconf 80' lang='lat' dir='ltr'>sunt,</span> <span class='ocrx_word' id='word_1_125' title='bbox 662 1901 851 1953; x_wconf 91' lang='lat' dir='ltr'>vestro</span> <span class='ocrx_word' id='word_1_126' title='bbox 869 1898 1074 1969; x_wconf 88' lang='lat' dir='ltr'>utique</span> <span class='ocrx_word' id='word_1_127' title='bbox 1090 1898 1385 1953; x_wconf 88' lang='lat' dir='ltr'>libramini</span> <span class='ocrx_word' id='word_1_128' title='bbox 1404 1902 1723 1970; x_wconf 67' lang='lat' dir='ltr'>vestraeque</span> <span class='ocrx_word' id='word_1_129' title='bbox 1740 1914 1998 1963; x_wconf 59' lang='lat' dir='ltr'>censura:</span> 
     </span>
    </p>
   </div>
   <div class='ocr_carea' id='block_1_19' title="bbox 354 1985 2000 2060">
    <p class='ocr_par' dir='ltr' id='par_1_19' title="bbox 354 1985 2000 2060">
     <span class='ocr_line' id='line_1_19' title="bbox 354 1985 2000 2060; baseline 0.001 -21"><span class='ocrx_word' id='word_1_130' title='bbox 354 1985 781 2041; x_wconf 86' lang='lat' dir='ltr'>committimus</span> <span class='ocrx_word' id='word_1_131' title='bbox 801 1987 1199 2058; x_wconf 81' lang='lat' dir='ltr'>experiendos,</span> <span class='ocrx_word' id='word_1_132' title='bbox 1226 1988 1326 2059; x_wconf 90' lang='lat' dir='ltr'>qui</span> <span class='ocrx_word' id='word_1_133' title='bbox 1350 1986 1509 2042; x_wconf 87' lang='lat' dir='ltr'>illam</span> <span class='ocrx_word' id='word_1_134' title='bbox 1534 1991 1765 2060; x_wconf 87' lang='lat' dir='ltr'>gentem</span> <span class='ocrx_word' id='word_1_135' title='bbox 1792 1986 2000 2057; x_wconf 80' lang='lat' dir='ltr'>vestris</span> 
     </span>
    </p>
   </div>
   <div class='ocr_carea' id='block_1_20' title="bbox 355 2075 2003 2146">
    <p class='ocr_par' dir='ltr' id='par_1_20' title="bbox 355 2075 2003 2146">
     <span class='ocr_line' id='line_1_20' title="bbox 355 2075 2003 2146; baseline 0.001 -19"><span class='ocrx_word' id='word_1_136' title='bbox 355 2075 627 2130; x_wconf 90' lang='lat' dir='ltr'>conﬁniis</span> <span class='ocrx_word' id='word_1_137' title='bbox 659 2075 910 2131; x_wconf 87' lang='lat' dir='ltr'>vicinam</span> <span class='ocrx_word' id='word_1_138' title='bbox 959 2077 1261 2145; x_wconf 87' lang='lat' dir='ltr'>habentes,</span> <span class='ocrx_word' id='word_1_139' title='bbox 1306 2077 1565 2132; x_wconf 90' lang='lat' dir='ltr'>studiose</span> <span class='ocrx_word' id='word_1_140' title='bbox 1598 2078 1911 2146; x_wconf 77' lang='lat' dir='ltr'>advertere,</span> <span class='ocrx_word' id='word_1_141' title='bbox 1946 2080 2003 2131; x_wconf 87' lang='lat' dir='ltr'>et</span> 
     </span>
    </p>
   </div>
   <div class='ocr_carea' id='block_1_21' title="bbox 354 2160 2001 2236">
    <p class='ocr_par' dir='ltr' id='par_1_21' title="bbox 354 2160 2001 2236">
     <span class='ocr_line' id='line_1_21' title="bbox 354 2160 2001 2236; baseline 0.001 -21"><span class='ocrx_word' id='word_1_142' title='bbox 354 2160 520 2217; x_wconf 91' lang='lat' dir='ltr'>illius</span> <span class='ocrx_word' id='word_1_143' title='bbox 552 2179 762 2234; x_wconf 90' lang='lat' dir='ltr'>mores,</span> <span class='ocrx_word' id='word_1_144' title='bbox 792 2170 1075 2236; x_wconf 86' lang='lat' dir='ltr'>actusque</span> <span class='ocrx_word' id='word_1_145' title='bbox 1106 2182 1309 2220; x_wconf 91' lang='lat' dir='ltr'>omnes</span> <span class='ocrx_word' id='word_1_146' title='bbox 1340 2166 1555 2236; x_wconf 87' lang='lat' dir='ltr'>pariter</span> <span class='ocrx_word' id='word_1_147' title='bbox 1597 2170 1652 2220; x_wconf 92' lang='lat' dir='ltr'>et</span> <span class='ocrx_word' id='word_1_148' title='bbox 1694 2180 2001 2220; x_wconf 90' lang='lat' dir='ltr'>conversa-</span> 
     </span>
    </p>
   </div>
   <div class='ocr_carea' id='block_1_22' title="bbox 354 2250 2002 2324">
    <p class='ocr_par' dir='ltr' id='par_1_22' title="bbox 354 2250 2002 2324">
     <span class='ocr_line' id='line_1_22' title="bbox 354 2250 2002 2324; baseline 0.001 -19"><span class='ocrx_word' id='word_1_149' title='bbox 354 2250 577 2305; x_wconf 84' lang='lat' dir='ltr'>tionem</span> <span class='ocrx_word' id='word_1_150' title='bbox 609 2269 927 2323; x_wconf 87' lang='lat' dir='ltr'>agnoscere</span> <span class='ocrx_word' id='word_1_151' title='bbox 958 2271 1075 2324; x_wconf 67' lang='lat' dir='ltr'>praa</span> <span class='ocrx_word' id='word_1_152' title='bbox 1108 2255 1331 2309; x_wconf 74' lang='lat' dir='ltr'>caeteris</span> <span class='ocrx_word' id='word_1_153' title='bbox 1360 2254 1618 2309; x_wconf 86' lang='lat' dir='ltr'>valeatis.</span> <span class='ocrx_word' id='word_1_154' title='bbox 1653 2255 1813 2319; x_wconf 88' lang='lat' dir='ltr'>Quod</span> <span class='ocrx_word' id='word_1_155' title='bbox 1848 2254 2002 2307; x_wconf 89' lang='lat' dir='ltr'>enim</span> 
     </span>
    </p>
   </div>
   <div class='ocr_carea' id='block_1_23' title="bbox 354 2339 2007 2413">
    <p class='ocr_par' dir='ltr' id='par_1_23' title="bbox 354 2339 2007 2413">
     <span class='ocr_line' id='line_1_23' title="bbox 354 2339 2007 2413; baseline 0.001 -20"><span class='ocrx_word' id='word_1_156' title='bbox 354 2339 563 2394; x_wconf 90' lang='lat' dir='ltr'>mitius</span> <span class='ocrx_word' id='word_1_157' title='bbox 590 2341 883 2411; x_wconf 90' lang='lat' dir='ltr'>agendum</span> <span class='ocrx_word' id='word_1_158' title='bbox 917 2341 992 2395; x_wconf 91' lang='lat' dir='ltr'>sit</span> <span class='ocrx_word' id='word_1_159' title='bbox 1023 2358 1157 2396; x_wconf 91' lang='lat' dir='ltr'>cum</span> <span class='ocrx_word' id='word_1_160' title='bbox 1208 2342 1291 2396; x_wconf 90' lang='lat' dir='ltr'>eis</span> <span class='ocrx_word' id='word_1_161' title='bbox 1341 2359 1518 2413; x_wconf 89' lang='lat' dir='ltr'>quam</span> <span class='ocrx_word' id='word_1_162' title='bbox 1553 2343 1701 2396; x_wconf 82' lang='lat' dir='ltr'>sacri</span> <span class='ocrx_word' id='word_1_163' title='bbox 1734 2345 2007 2396; x_wconf 87' lang='lat' dir='ltr'>censeant</span> 
     </span>
    </p>
   </div>
   <div class='ocr_carea' id='block_1_24' title="bbox 353 2429 2008 2501">
    <p class='ocr_par' dir='ltr' id='par_1_24' title="bbox 353 2429 2008 2501">
     <span class='ocr_line' id='line_1_24' title="bbox 353 2429 2008 2501; baseline 0.001 -20"><span class='ocrx_word' id='word_1_164' title='bbox 353 2444 614 2482; x_wconf 88' lang='lat' dir='ltr'>canones</span> <span class='ocrx_word' id='word_1_165' title='bbox 633 2433 826 2483; x_wconf 89' lang='lat' dir='ltr'>vestra</span> <span class='ocrx_word' id='word_1_166' title='bbox 845 2429 990 2483; x_wconf 87' lang='lat' dir='ltr'>satis</span> <span class='ocrx_word' id='word_1_167' title='bbox 1015 2430 1313 2501; x_wconf 89' lang='lat' dir='ltr'>cognoscit</span> <span class='ocrx_word' id='word_1_168' title='bbox 1333 2429 1430 2483; x_wconf 91' lang='lat' dir='ltr'>ind</span> <span class='ocrx_word' id='word_1_169' title='bbox 1444 2430 1642 2494; x_wconf 88' lang='lat' dir='ltr'>ustria,</span> <span class='ocrx_word' id='word_1_170' title='bbox 1669 2446 1740 2484; x_wconf 90' lang='lat' dir='ltr'>ne</span> <span class='ocrx_word' id='word_1_171' title='bbox 1762 2431 1904 2485; x_wconf 87' lang='lat' dir='ltr'>forte</span> <span class='ocrx_word' id='word_1_172' title='bbox 1926 2429 2008 2483; x_wconf 87' lang='lat' dir='ltr'>in-</span> 
     </span>
    </p>
   </div>
   <div class='ocr_carea' id='block_1_25' title="bbox 352 2517 2004 2588">
    <p class='ocr_par' dir='ltr' id='par_1_25' title="bbox 352 2517 2004 2588">
     <span class='ocr_line' id='line_1_25' title="bbox 352 2517 2004 2588; baseline 0.002 -19"><span class='ocrx_word' id='word_1_173' title='bbox 352 2519 527 2570; x_wconf 88' lang='lat' dir='ltr'>sueta</span> <span class='ocrx_word' id='word_1_174' title='bbox 558 2532 734 2569; x_wconf 89' lang='lat' dir='ltr'>onera</span> <span class='ocrx_word' id='word_1_175' title='bbox 765 2520 1081 2587; x_wconf 82' lang='lat' dir='ltr'>portantes,</span> <span class='ocrx_word' id='word_1_176' title='bbox 1115 2518 1509 2587; x_wconf 88' lang='lat' dir='ltr'>importabilia</span> <span class='ocrx_word' id='word_1_177' title='bbox 1540 2517 1655 2571; x_wconf 90' lang='lat' dir='ltr'>illis</span> <span class='ocrx_word' id='word_1_178' title='bbox 1682 2518 1819 2582; x_wconf 91' lang='lat' dir='ltr'>fore,</span> <span class='ocrx_word' id='word_1_179' title='bbox 1850 2519 2004 2588; x_wconf 91' lang='lat' dir='ltr'>quod</span> 
     </span>
    </p>
   </div>
   <div class='ocr_carea' id='block_1_26' title="bbox 354 2602 2003 2676">
    <p class='ocr_par' dir='ltr' id='par_1_26' title="bbox 354 2602 2003 2676">
     <span class='ocr_line' id='line_1_26' title="bbox 354 2602 2003 2676; baseline 0.001 -18"><span class='ocrx_word' id='word_1_180' title='bbox 354 2603 530 2669; x_wconf 87' lang='lat' dir='ltr'>absit,</span> <span class='ocrx_word' id='word_1_181' title='bbox 563 2602 887 2670; x_wconf 87' lang='lat' dir='ltr'>videantur,</span> <span class='ocrx_word' id='word_1_182' title='bbox 920 2609 975 2658; x_wconf 90' lang='lat' dir='ltr'>et</span> <span class='ocrx_word' id='word_1_183' title='bbox 1006 2606 1076 2658; x_wconf 87' lang='lat' dir='ltr'>ad</span> <span class='ocrx_word' id='word_1_184' title='bbox 1110 2605 1318 2675; x_wconf 88' lang='lat' dir='ltr'>prioris</span> <span class='ocrx_word' id='word_1_185' title='bbox 1366 2605 1493 2659; x_wconf 65' lang='lat' dir='ltr'>vitae</span> <span class='ocrx_word' id='word_1_186' title='bbox 1544 2612 1795 2660; x_wconf 82' lang='lat' dir='ltr'>veterem</span> <span class='ocrx_word' id='word_1_187' title='bbox 1830 2622 2003 2676; x_wconf 90' lang='lat' dir='ltr'>quem</span> 
     </span>
    </p>
   </div>
   <div class='ocr_carea' id='block_1_27' title="bbox 355 2691 2007 2764">
    <p class='ocr_par' dir='ltr' id='par_1_27' title="bbox 355 2691 2007 2764">
     <span class='ocr_line' id='line_1_27' title="bbox 355 2691 2007 2764; baseline 0.002 -17"><span class='ocrx_word' id='word_1_188' title='bbox 355 2691 1403 2764; x_wconf 83' lang='lat' dir='ltr'>exspoliaverunthominem,antiquo</span> <span class='ocrx_word' id='word_1_189' title='bbox 1418 2694 1729 2750; x_wconf 87' lang='lat' dir='ltr'>insidiante</span> <span class='ocrx_word' id='word_1_190' title='bbox 1742 2695 2007 2750; x_wconf 87' lang='lat' dir='ltr'>adversa-</span> 
     </span>
    </p>
   </div>
   <div class='ocr_carea' id='block_1_28' title="bbox 358 2781 2005 2854">
    <p class='ocr_par' dir='ltr' id='par_1_28' title="bbox 358 2781 2005 2854">
     <span class='ocr_line' id='line_1_28' title="bbox 358 2781 2005 2854; baseline 0.001 -18"><span class='ocrx_word' id='word_1_191' title='bbox 358 2781 466 2848; x_wconf 91' lang='lat' dir='ltr'>rio,</span> <span class='ocrx_word' id='word_1_192' title='bbox 488 2781 845 2838; x_wconf 87' lang='lat' dir='ltr'>relabantur.</span> <span class='ocrx_word' id='word_1_193' title='bbox 869 2783 943 2837; x_wconf 89' lang='lat' dir='ltr'>Et</span> <span class='ocrx_word' id='word_1_194' title='bbox 962 2783 1200 2854; x_wconf 89' lang='lat' dir='ltr'>quidem</span> <span class='ocrx_word' id='word_1_195' title='bbox 1224 2784 1272 2838; x_wconf 91' lang='lat' dir='ltr'>si</span> <span class='ocrx_word' id='word_1_196' title='bbox 1306 2783 1460 2839; x_wconf 90' lang='lat' dir='ltr'>inter</span> <span class='ocrx_word' id='word_1_197' title='bbox 1481 2800 1579 2839; x_wconf 91' lang='lat' dir='ltr'>eos</span> <span class='ocrx_word' id='word_1_198' title='bbox 1609 2783 1757 2839; x_wconf 89' lang='lat' dir='ltr'>tales</span> <span class='ocrx_word' id='word_1_199' title='bbox 1788 2784 2005 2839; x_wconf 84' lang='lat' dir='ltr'>inventi</span> 
     </span>
    </p>
   </div>
   <div class='ocr_carea' id='block_1_29' title="bbox 360 2869 2003 2944">
    <p class='ocr_par' dir='ltr' id='par_1_29' title="bbox 360 2869 2003 2944">
     <span class='ocr_line' id='line_1_29' title="bbox 360 2869 2003 2944; baseline 0.002 -21"><span class='ocrx_word' id='word_1_200' title='bbox 360 2869 598 2938; x_wconf 86' lang='lat' dir='ltr'>fuerint,</span> <span class='ocrx_word' id='word_1_201' title='bbox 623 2870 722 2941; x_wconf 90' lang='lat' dir='ltr'>qui</span> <span class='ocrx_word' id='word_1_202' title='bbox 747 2872 1072 2925; x_wconf 89' lang='lat' dir='ltr'>secundum</span> <span class='ocrx_word' id='word_1_203' title='bbox 1097 2872 1377 2927; x_wconf 88' lang='lat' dir='ltr'>canonica</span> <span class='ocrx_word' id='word_1_204' title='bbox 1397 2873 1669 2928; x_wconf 89' lang='lat' dir='ltr'>instituta</span> <span class='ocrx_word' id='word_1_205' title='bbox 1690 2891 1751 2928; x_wconf 91' lang='lat' dir='ltr'>se</span> <span class='ocrx_word' id='word_1_206' title='bbox 1776 2890 1876 2944; x_wconf 87' lang='lat' dir='ltr'>per</span> <span class='ocrx_word' id='word_1_207' title='bbox 1891 2891 2003 2944; x_wconf 74' lang='lat' dir='ltr'>pm-</span> 
     </span>
    </p>
   </div>
   <div class='ocr_carea' id='block_1_30' title="bbox 362 2958 2007 3034">
    <p class='ocr_par' dir='ltr' id='par_1_30' title="bbox 362 2958 2007 3034">
     <span class='ocr_line' id='line_1_30' title="bbox 362 2958 2007 3034; baseline 0.002 -21"><span class='ocrx_word' id='word_1_208' title='bbox 362 2958 667 3013; x_wconf 89' lang='lat' dir='ltr'>nitentiam</span> <span class='ocrx_word' id='word_1_209' title='bbox 684 2976 997 3028; x_wconf 90' lang='lat' dir='ltr'>macerare,</span> <span class='ocrx_word' id='word_1_210' title='bbox 1014 2964 1244 3015; x_wconf 88' lang='lat' dir='ltr'>ettanta</span> <span class='ocrx_word' id='word_1_211' title='bbox 1255 2977 1381 3016; x_wconf 92' lang='lat' dir='ltr'>com</span> <span class='ocrx_word' id='word_1_212' title='bbox 1392 2962 1572 3023; x_wconf 88' lang='lat' dir='ltr'>missa</span> <span class='ocrx_word' id='word_1_213' title='bbox 1584 2962 1801 3017; x_wconf 87' lang='lat' dir='ltr'>scelera</span> <span class='ocrx_word' id='word_1_214' title='bbox 1813 2961 2007 3034; x_wconf 87' lang='lat' dir='ltr'>dignis</span> 
     </span>
    </p>
   </div>
   <div class='ocr_carea' id='block_1_31' title="bbox 360 3047 2008 3122">
    <p class='ocr_par' dir='ltr' id='par_1_31' title="bbox 360 3047 2008 3122">
     <span class='ocr_line' id='line_1_31' title="bbox 360 3047 2008 3122; baseline 0.004 -21"><span class='ocrx_word' id='word_1_215' title='bbox 360 3047 880 3103; x_wconf 89' lang='lat' dir='ltr'>lamentationibus</span> <span class='ocrx_word' id='word_1_216' title='bbox 899 3049 1131 3121; x_wconf 79' lang='lat' dir='ltr'>expiare</span> <span class='ocrx_word' id='word_1_217' title='bbox 1154 3048 1489 3117; x_wconf 89' lang='lat' dir='ltr'>maluerint,</span> <span class='ocrx_word' id='word_1_218' title='bbox 1516 3068 1613 3106; x_wconf 90' lang='lat' dir='ltr'>eos</span> <span class='ocrx_word' id='word_1_219' title='bbox 1634 3052 2008 3122; x_wconf 90' lang='lat' dir='ltr'>canoniceju-</span> 
     </span>
    </p>
   </div>
   <div class='ocr_carea' id='block_1_32' title="bbox 362 3136 2006 3213">
    <p class='ocr_par' dir='ltr' id='par_1_32' title="bbox 362 3136 2006 3213">
     <span class='ocr_line' id='line_1_32' title="bbox 362 3136 2006 3213; baseline 0.004 -24"><span class='ocrx_word' id='word_1_220' title='bbox 362 3136 555 3191; x_wconf 87' lang='lat' dir='ltr'>dicare</span> <span class='ocrx_word' id='word_1_221' title='bbox 588 3154 701 3191; x_wconf 92' lang='lat' dir='ltr'>non</span> <span class='ocrx_word' id='word_1_222' title='bbox 736 3138 1028 3209; x_wconf 86' lang='lat' dir='ltr'>respuatis</span> <span class='ocrx_word' id='word_1_223' title='bbox 1056 3157 1067 3193; x_wconf 91' lang='lat'><strong>:</strong></span> <span class='ocrx_word' id='word_1_224' title='bbox 1122 3140 1203 3194; x_wconf 88' lang='lat' dir='ltr'>ita</span> <span class='ocrx_word' id='word_1_225' title='bbox 1234 3145 1297 3194; x_wconf 93' lang='lat' dir='ltr'>ut</span> <span class='ocrx_word' id='word_1_226' title='bbox 1328 3140 1387 3194; x_wconf 90' lang='lat' dir='ltr'>in</span> <span class='ocrx_word' id='word_1_227' title='bbox 1438 3141 1712 3196; x_wconf 87' lang='lat' dir='ltr'>omnibus</span> <span class='ocrx_word' id='word_1_228' title='bbox 1743 3158 1879 3213; x_wconf 89' lang='lat' dir='ltr'>erga</span> <span class='ocrx_word' id='word_1_229' title='bbox 1909 3157 2006 3195; x_wconf 89' lang='lat' dir='ltr'>eos</span> 
     </span>
    </p>
   </div>
   <div class='ocr_carea' id='block_1_33' title="bbox 360 3211 2078 3301">
    <p class='ocr_par' dir='ltr' id='par_1_33' title="bbox 360 3211 2078 3301">
     <span class='ocr_line' id='line_1_33' title="bbox 360 3211 2078 3301; baseline 0.003 -22"><span class='ocrx_word' id='word_1_230' title='bbox 360 3224 670 3297; x_wconf 88' lang='lat' dir='ltr'>pervigiles</span> <span class='ocrx_word' id='word_1_231' title='bbox 702 3226 990 3293; x_wconf 80' lang='lat' dir='ltr'>existatis,</span> <span class='ocrx_word' id='word_1_232' title='bbox 1023 3232 1087 3282; x_wconf 91' lang='lat' dir='ltr'>ut</span> <span class='ocrx_word' id='word_1_233' title='bbox 1119 3233 1251 3283; x_wconf 87' lang='lat' dir='ltr'>ante</span> <span class='ocrx_word' id='word_1_234' title='bbox 1286 3229 1535 3284; x_wconf 87' lang='lat' dir='ltr'>tribunal</span> <span class='ocrx_word' id='word_1_235' title='bbox 1565 3230 1763 3285; x_wconf 71' lang='lat' dir='ltr'>aeterni</span> <span class='ocrx_word' id='word_1_236' title='bbox 1784 3211 2003 3301; x_wconf 76' lang='lat' dir='ltr'>judicis</span> <span class='ocrx_word' id='word_1_237' title='bbox 2037 3211 2078 3277; x_wconf 65' lang='grc' dir='ltr'>(ἶ</span> 
     </span>
    </p>
   </div>
   <div class='ocr_carea' id='block_1_34' title="bbox 362 3314 2007 3389">
    <p class='ocr_par' dir='ltr' id='par_1_34' title="bbox 362 3314 2007 3389">
     <span class='ocr_line' id='line_1_34' title="bbox 362 3314 2007 3389; baseline 0.002 -21"><span class='ocrx_word' id='word_1_238' title='bbox 362 3330 497 3369; x_wconf 91' lang='lat' dir='ltr'>cum</span> <span class='ocrx_word' id='word_1_239' title='bbox 531 3314 840 3387; x_wconf 87' lang='lat' dir='ltr'>multiplici</span> <span class='ocrx_word' id='word_1_240' title='bbox 873 3317 1206 3372; x_wconf 87' lang='lat' dir='ltr'>animarum</span> <span class='ocrx_word' id='word_1_241' title='bbox 1241 3318 1431 3373; x_wconf 88' lang='lat' dir='ltr'>fructu</span> <span class='ocrx_word' id='word_1_242' title='bbox 1463 3318 1760 3373; x_wconf 84' lang='lat' dir='ltr'>venientes</span> <span class='ocrx_word' id='word_1_243' title='bbox 1794 3318 2007 3389; x_wconf 89' lang='lat' dir='ltr'>gaudia</span> 
     </span>
    </p>
   </div>
   <div class='ocr_carea' id='block_1_35' title="bbox 364 3405 2007 3477">
    <p class='ocr_par' dir='ltr' id='par_1_35' title="bbox 364 3405 2007 3477">
     <span class='ocr_line' id='line_1_35' title="bbox 364 3405 2007 3477; baseline 0.002 -21"><span class='ocrx_word' id='word_1_244' title='bbox 364 3407 579 3458; x_wconf 69' lang='lat' dir='ltr'>aaterna</span> <span class='ocrx_word' id='word_1_245' title='bbox 603 3420 735 3461; x_wconf 87' lang='lat' dir='ltr'>cum</span> <span class='ocrx_word' id='word_1_246' title='bbox 760 3405 929 3460; x_wconf 89' lang='lat' dir='ltr'>beato</span> <span class='ocrx_word' id='word_1_247' title='bbox 954 3406 1217 3477; x_wconf 81' lang='lat' dir='ltr'>Remigio</span> <span class='ocrx_word' id='word_1_248' title='bbox 1239 3406 1485 3477; x_wconf 89' lang='lat' dir='ltr'>adipisci</span> <span class='ocrx_word' id='word_1_249' title='bbox 1508 3407 1868 3461; x_wconf 88' lang='lat' dir='ltr'>mereamini.</span> <span class='ocrx_word' id='word_1_250' title='bbox 1888 3407 2007 3460; x_wconf 86' lang='lat' dir='ltr'>Mu-</span> 
     </span>
    </p>
   </div>
   <div class='ocr_carea' id='block_1_36' title="bbox 365 3493 2009 3563">
    <p class='ocr_par' dir='ltr' id='par_1_36' title="bbox 365 3493 2009 3563">
     <span class='ocr_line' id='line_1_36' title="bbox 365 3493 2009 3563; baseline 0.002 -19"><span class='ocrx_word' id='word_1_251' title='bbox 365 3508 481 3546; x_wconf 90' lang='lat' dir='ltr'>nus</span> <span class='ocrx_word' id='word_1_252' title='bbox 502 3507 630 3547; x_wconf 91' lang='lat' dir='ltr'>vero</span> <span class='ocrx_word' id='word_1_253' title='bbox 644 3494 796 3563; x_wconf 92' lang='lat' dir='ltr'>quod</span> <span class='ocrx_word' id='word_1_254' title='bbox 819 3494 986 3548; x_wconf 89' lang='lat' dir='ltr'>nobis</span> <span class='ocrx_word' id='word_1_255' title='bbox 1004 3498 1193 3548; x_wconf 88' lang='lat' dir='ltr'>vestra</span> <span class='ocrx_word' id='word_1_256' title='bbox 1211 3494 1492 3548; x_wconf 88' lang='lat' dir='ltr'>sanctitas</span> <span class='ocrx_word' id='word_1_257' title='bbox 1507 3493 1753 3563; x_wconf 88' lang='lat' dir='ltr'>dirigere</span> <span class='ocrx_word' id='word_1_258' title='bbox 1772 3494 2009 3563; x_wconf 88' lang='lat' dir='ltr'>dignata</span> 
     </span>
    </p>
   </div>
   <div class='ocr_carea' id='block_1_37' title="bbox 364 3580 2008 3653">
    <p class='ocr_par' dir='ltr' id='par_1_37' title="bbox 364 3580 2008 3653">
     <span class='ocr_line' id='line_1_37' title="bbox 364 3580 2008 3653; baseline 0 -18"><span class='ocrx_word' id='word_1_259' title='bbox 364 3585 471 3647; x_wconf 88' lang='lat' dir='ltr'>est,</span> <span class='ocrx_word' id='word_1_260' title='bbox 498 3596 565 3635; x_wconf 92' lang='lat' dir='ltr'>eo</span> <span class='ocrx_word' id='word_1_261' title='bbox 586 3581 911 3637; x_wconf 89' lang='lat' dir='ltr'>dilectionis</span> <span class='ocrx_word' id='word_1_262' title='bbox 934 3599 1131 3637; x_wconf 88' lang='lat' dir='ltr'>amore</span> <span class='ocrx_word' id='word_1_263' title='bbox 1145 3582 1514 3653; x_wconf 88' lang='lat' dir='ltr'>suscepimus</span> <span class='ocrx_word' id='word_1_264' title='bbox 1530 3599 1646 3653; x_wconf 88' lang='lat' dir='ltr'>quo</span> <span class='ocrx_word' id='word_1_265' title='bbox 1663 3600 1696 3636; x_wconf 90' lang='lat' dir='ltr'>a</span> <span class='ocrx_word' id='word_1_266' title='bbox 1716 3581 1880 3637; x_wconf 87' lang='lat' dir='ltr'>vobis</span> <span class='ocrx_word' id='word_1_267' title='bbox 1899 3580 2008 3635; x_wconf 88' lang='lat' dir='ltr'>fuit</span> 
     </span>
    </p>
   </div>
   <div class='ocr_carea' id='block_1_38' title="bbox 363 3669 2006 3741">
    <p class='ocr_par' dir='ltr' id='par_1_38' title="bbox 363 3669 2006 3741">
     <span class='ocr_line' id='line_1_38' title="bbox 363 3669 2006 3741; baseline 0 -18"><span class='ocrx_word' id='word_1_268' title='bbox 363 3669 743 3725; x_wconf 90' lang='lat' dir='ltr'>destinatum.</span> <span class='ocrx_word' id='word_1_269' title='bbox 775 3671 983 3726; x_wconf 90' lang='lat' dir='ltr'>Divina</span> <span class='ocrx_word' id='word_1_270' title='bbox 1030 3672 1309 3741; x_wconf 87' lang='lat' dir='ltr'>majestas</span> <span class='ocrx_word' id='word_1_271' title='bbox 1360 3688 1462 3727; x_wconf 87' lang='lat' dir='ltr'>vos</span> <span class='ocrx_word' id='word_1_272' title='bbox 1495 3671 1775 3741; x_wconf 89' lang='lat' dir='ltr'>vobisque</span> <span class='ocrx_word' id='word_1_273' title='bbox 1805 3686 2006 3726; x_wconf 89' lang='lat' dir='ltr'>omnes</span> 
     </span>
    </p>
   </div>
   <div class='ocr_carea' id='block_1_39' title="bbox 361 3758 2006 3832">
    <p class='ocr_par' dir='ltr' id='par_1_39' title="bbox 361 3758 2006 3832">
     <span class='ocr_line' id='line_1_39' title="bbox 361 3758 2006 3832; baseline 0.001 -19"><span class='ocrx_word' id='word_1_274' title='bbox 361 3758 662 3829; x_wconf 84' lang='lat' dir='ltr'>subjectos</span> <span class='ocrx_word' id='word_1_275' title='bbox 682 3760 760 3814; x_wconf 90' lang='lat' dir='ltr'>ita</span> <span class='ocrx_word' id='word_1_276' title='bbox 780 3760 1060 3815; x_wconf 89' lang='lat' dir='ltr'>concedat</span> <span class='ocrx_word' id='word_1_277' title='bbox 1090 3760 1487 3832; x_wconf 87' lang='lat' dir='ltr'>temporaliter</span> <span class='ocrx_word' id='word_1_278' title='bbox 1505 3761 1715 3825; x_wconf 85' lang='lat' dir='ltr'>vivere,</span> <span class='ocrx_word' id='word_1_279' title='bbox 1741 3765 1805 3814; x_wconf 92' lang='lat' dir='ltr'>ut</span> <span class='ocrx_word' id='word_1_280' title='bbox 1826 3759 2006 3814; x_wconf 90' lang='lat' dir='ltr'>inter-</span> 
     </span>
    </p>
   </div>
   <div class='ocr_carea' id='block_1_40' title="bbox 362 3848 2007 3921">
    <p class='ocr_par' dir='ltr' id='par_1_40' title="bbox 362 3848 2007 3921">
     <span class='ocr_line' id='line_1_40' title="bbox 362 3848 2007 3921; baseline 0.001 -19"><span class='ocrx_word' id='word_1_281' title='bbox 362 3848 604 3903; x_wconf 87' lang='lat' dir='ltr'>cedente</span> <span class='ocrx_word' id='word_1_282' title='bbox 624 3848 792 3904; x_wconf 89' lang='lat' dir='ltr'>beato</span> <span class='ocrx_word' id='word_1_283' title='bbox 820 3850 985 3904; x_wconf 92' lang='lat' dir='ltr'>Petro</span> <span class='ocrx_word' id='word_1_284' title='bbox 1010 3849 1405 3921; x_wconf 89' lang='lat' dir='ltr'>apostolorum</span> <span class='ocrx_word' id='word_1_285' title='bbox 1435 3850 1718 3921; x_wconf 89' lang='lat' dir='ltr'>principe,</span> <span class='ocrx_word' id='word_1_286' title='bbox 1742 3849 2007 3904; x_wconf 89' lang='lat' dir='ltr'>omnium</span> 
     </span>
    </p>
   </div>
   <div class='ocr_carea' id='block_1_41' title="bbox 363 3937 2009 4007">
    <p class='ocr_par' dir='ltr' id='par_1_41' title="bbox 363 3937 2009 4007">
     <span class='ocr_line' id='line_1_41' title="bbox 363 3937 2009 4007; baseline 0.001 -16"><span class='ocrx_word' id='word_1_287' title='bbox 363 3941 736 4007; x_wconf 87' lang='lat' dir='ltr'>peccatorum</span> <span class='ocrx_word' id='word_1_288' title='bbox 758 3941 1084 3993; x_wconf 90' lang='lat' dir='ltr'>vestrorum</span> <span class='ocrx_word' id='word_1_289' title='bbox 1106 3937 1338 3993; x_wconf 90' lang='lat' dir='ltr'>vincula</span> <span class='ocrx_word' id='word_1_290' title='bbox 1360 3938 1563 4001; x_wconf 91' lang='lat' dir='ltr'>solvat,</span> <span class='ocrx_word' id='word_1_291' title='bbox 1586 3942 1641 3993; x_wconf 90' lang='lat' dir='ltr'>et</span> <span class='ocrx_word' id='word_1_292' title='bbox 1662 3939 1732 3993; x_wconf 88' lang='lat' dir='ltr'>ad</span> <span class='ocrx_word' id='word_1_293' title='bbox 1760 3938 2009 3993; x_wconf 67' lang='lat' dir='ltr'>coalestis</span> 
     </span>
    </p>
   </div>
   <div class='ocr_carea' id='block_1_42' title="bbox 368 4025 2005 4098">
    <p class='ocr_par' dir='ltr' id='par_1_42' title="bbox 368 4025 2005 4098">
     <span class='ocr_line' id='line_1_42' title="bbox 368 4025 2005 4098; baseline 0.001 -19"><span class='ocrx_word' id='word_1_294' title='bbox 368 4026 532 4097; x_wconf 88' lang='lat' dir='ltr'>regni</span> <span class='ocrx_word' id='word_1_295' title='bbox 566 4025 816 4098; x_wconf 88' lang='lat' dir='ltr'>gloriam</span> <span class='ocrx_word' id='word_1_296' title='bbox 848 4027 974 4082; x_wconf 89' lang='lat' dir='ltr'>sine</span> <span class='ocrx_word' id='word_1_297' title='bbox 1005 4026 1125 4082; x_wconf 92' lang='lat' dir='ltr'>ulla</span> <span class='ocrx_word' id='word_1_298' title='bbox 1155 4028 1472 4082; x_wconf 67' lang='lat' dir='ltr'>offensione</span> <span class='ocrx_word' id='word_1_299' title='bbox 1504 4028 1800 4098; x_wconf 89' lang='lat' dir='ltr'>perducat.</span> <span class='ocrx_word' id='word_1_300' title='bbox 1833 4026 2005 4097; x_wconf 87' lang='lat' dir='ltr'>Opta-</span> 
     </span>
    </p>
   </div>
   <div class='ocr_carea' id='block_1_43' title="bbox 362 4116 2010 4187">
    <p class='ocr_par' dir='ltr' id='par_1_43' title="bbox 362 4116 2010 4187">
     <span class='ocr_line' id='line_1_43' title="bbox 362 4116 2010 4187; baseline 0.001 -18"><span class='ocrx_word' id='word_1_301' title='bbox 362 4129 499 4169; x_wconf 90' lang='lat' dir='ltr'>mus</span> <span class='ocrx_word' id='word_1_302' title='bbox 529 4116 900 4171; x_wconf 88' lang='lat' dir='ltr'>sanctitatem</span> <span class='ocrx_word' id='word_1_303' title='bbox 928 4119 1181 4171; x_wconf 87' lang='lat' dir='ltr'>vestram</span> <span class='ocrx_word' id='word_1_304' title='bbox 1214 4117 1357 4171; x_wconf 83' lang='lat' dir='ltr'>bene</span> <span class='ocrx_word' id='word_1_305' title='bbox 1380 4116 1590 4184; x_wconf 83' lang='lat' dir='ltr'>valerc,</span> <span class='ocrx_word' id='word_1_306' title='bbox 1614 4121 1671 4171; x_wconf 90' lang='lat' dir='ltr'>et</span> <span class='ocrx_word' id='word_1_307' title='bbox 1693 4117 1846 4187; x_wconf 92' lang='lat' dir='ltr'>apud</span> <span class='ocrx_word' id='word_1_308' title='bbox 1872 4116 2010 4187; x_wconf 92' lang='lat' dir='ltr'>piis-</span> 
     </span>
    </p>
   </div>
   <div class='ocr_carea' id='block_1_44' title="bbox 361 4202 2007 4276">
    <p class='ocr_par' dir='ltr' id='par_1_44' title="bbox 361 4202 2007 4276">
     <span class='ocr_line' id='line_1_44' title="bbox 361 4202 2007 4276; baseline 0.002 -20"><span class='ocrx_word' id='word_1_309' title='bbox 361 4202 583 4259; x_wconf 88' lang='lat' dir='ltr'>simum</span> <span class='ocrx_word' id='word_1_310' title='bbox 633 4205 944 4259; x_wconf 90' lang='lat' dir='ltr'>Dominum</span> <span class='ocrx_word' id='word_1_311' title='bbox 996 4221 1098 4275; x_wconf 93' lang='lat' dir='ltr'>pro</span> <span class='ocrx_word' id='word_1_312' title='bbox 1145 4204 1313 4259; x_wconf 90' lang='lat' dir='ltr'>nobis</span> <span class='ocrx_word' id='word_1_313' title='bbox 1335 4205 1447 4276; x_wconf 92' lang='lat' dir='ltr'>piis</span> <span class='ocrx_word' id='word_1_314' title='bbox 1474 4203 2007 4275; x_wconf 87' lang='lat' dir='ltr'>supplicationibus</span> 
     </span>
    </p>
   </div>
   <div class='ocr_carea' id='block_1_45' title="bbox 356 4290 742 4349">
    <p class='ocr_par' dir='ltr' id='par_1_45' title="bbox 356 4290 742 4349">
     <span class='ocr_line' id='line_1_45' title="bbox 356 4290 742 4349; baseline 0.005 -4"><span class='ocrx_word' id='word_1_315' title='bbox 356 4290 742 4349; x_wconf 86' lang='lat' dir='ltr'>intercedere.</span> 
     </span>
    </p>
   </div>
   <div class='ocr_carea' id='block_1_46' title="bbox 952 4400 1405 4456">
    <p class='ocr_par' dir='ltr' id='par_1_46' title="bbox 952 4400 1405 4456">
     <span class='ocr_line' id='line_1_46' title="bbox 952 4400 1405 4456; baseline -0.002 0"><span class='ocrx_word' id='word_1_316' title='bbox 952 4400 1294 4456; x_wconf 80' lang='lat' dir='ltr'>EPISTULA</span> <span class='ocrx_word' id='word_1_317' title='bbox 1336 4401 1405 4455; x_wconf 87' lang='lat' dir='ltr'>Il.</span> 
     </span>
    </p>
   </div>
   <div class='ocr_carea' id='block_1_47' title="bbox 465 4505 1896 4545">
    <p class='ocr_par' dir='ltr' id='par_1_47' title="bbox 465 4505 1896 4545">
     <span class='ocr_line' id='line_1_47' title="bbox 465 4505 1896 4545; baseline 0.001 -2"><span class='ocrx_word' id='word_1_318' title='bbox 465 4506 537 4543; x_wconf 79' lang='lat' dir='ltr'>AD</span> <span class='ocrx_word' id='word_1_319' title='bbox 579 4505 937 4545; x_wconf 78' lang='lat' dir='ltr'>STYLLIANUM</span> <span class='ocrx_word' id='word_1_320' title='bbox 985 4506 1311 4544; x_wconf 82' lang='lat' dir='ltr'>EPISCOPUM</span> <span class='ocrx_word' id='word_1_321' title='bbox 1351 4505 1896 4545; x_wconf 65' lang='lat' dir='ltr'>NEOCESAREENSEM.</span> 
     </span>
    </p>
   </div>
   <div class='ocr_carea' id='block_1_48' title="bbox 2095 554 3738 628">
    <p class='ocr_par' dir='ltr' id='par_1_48' title="bbox 2095 554 3738 628">
     <span class='ocr_line' id='line_1_48' title="bbox 2095 554 3738 628; baseline 0.001 -17"><span class='ocrx_word' id='word_1_322' title='bbox 2095 557 2269 611; x_wconf 88' lang='lat' dir='ltr'>etiam</span> <span class='ocrx_word' id='word_1_323' title='bbox 2297 560 2353 610; x_wconf 90' lang='lat' dir='ltr'>tu</span> <span class='ocrx_word' id='word_1_324' title='bbox 2376 557 2731 627; x_wconf 85' lang='lat' dir='ltr'>approbasti.</span> <span class='ocrx_word' id='word_1_325' title='bbox 2755 555 3041 610; x_wconf 89' lang='lat' dir='ltr'>Volumus</span> <span class='ocrx_word' id='word_1_326' title='bbox 3072 554 3252 628; x_wconf 83' lang='lat' dir='ltr'>igitur</span> <span class='ocrx_word' id='word_1_327' title='bbox 3282 560 3347 610; x_wconf 89' lang='lat' dir='ltr'>ut</span> <span class='ocrx_word' id='word_1_328' title='bbox 3374 556 3549 611; x_wconf 89' lang='lat' dir='ltr'>etiam</span> <span class='ocrx_word' id='word_1_329' title='bbox 3582 573 3738 612; x_wconf 89' lang='lat' dir='ltr'>nunc</span> 
     </span>
    </p>
   </div>
   <div class='ocr_carea' id='block_1_49' title="bbox 2096 643 3735 715">
    <p class='ocr_par' dir='ltr' id='par_1_49' title="bbox 2096 643 3735 715">
     <span class='ocr_line' id='line_1_49' title="bbox 2096 643 3735 715; baseline 0.001 -15"><span class='ocrx_word' id='word_1_330' title='bbox 2096 645 2418 701; x_wconf 88' lang='lat' dir='ltr'>secundum</span> <span class='ocrx_word' id='word_1_331' title='bbox 2434 645 2697 699; x_wconf 89' lang='lat' dir='ltr'>eamdem</span> <span class='ocrx_word' id='word_1_332' title='bbox 2715 643 3213 715; x_wconf 87' lang='lat' dir='ltr'>regulamdecreta</span> <span class='ocrx_word' id='word_1_333' title='bbox 3226 645 3735 701; x_wconf 89' lang='lat' dir='ltr'>sanctissimorum</span> 
     </span>
    </p>
   </div>
   <div class='ocr_carea' id='block_1_50' title="bbox 2100 735 3741 805">
    <p class='ocr_par' dir='ltr' id='par_1_50' title="bbox 2100 735 3741 805">
     <span class='ocr_line' id='line_1_50' title="bbox 2100 735 3741 805; baseline 0.002 -17"><span class='ocrx_word' id='word_1_334' title='bbox 2100 735 2439 805; x_wconf 87' lang='lat' dir='ltr'>pontiﬁcum</span> <span class='ocrx_word' id='word_1_335' title='bbox 2474 735 2965 804; x_wconf 73' lang='lat' dir='ltr'>praedecessorum</span> <span class='ocrx_word' id='word_1_336' title='bbox 3008 738 3342 789; x_wconf 87' lang='lat' dir='ltr'>nostrorum</span> <span class='ocrx_word' id='word_1_337' title='bbox 3393 736 3741 791; x_wconf 84' lang='lat' dir='ltr'>inconcussa</span> 
     </span>
    </p>
   </div>
   <div class='ocr_carea' id='block_1_51' title="bbox 2100 823 3743 893">
    <p class='ocr_par' dir='ltr' id='par_1_51' title="bbox 2100 823 3743 893">
     <span class='ocr_line' id='line_1_51' title="bbox 2100 823 3743 893; baseline 0.001 -15"><span class='ocrx_word' id='word_1_338' title='bbox 2100 828 2392 878; x_wconf 88' lang='lat' dir='ltr'>maneant.</span> <span class='ocrx_word' id='word_1_339' title='bbox 2420 823 2783 893; x_wconf 86' lang='lat' dir='ltr'>Quapropter</span> <span class='ocrx_word' id='word_1_340' title='bbox 2810 823 3121 892; x_wconf 79' lang='lat' dir='ltr'>Ignatium,</span> <span class='ocrx_word' id='word_1_341' title='bbox 3148 828 3203 877; x_wconf 89' lang='lat' dir='ltr'>et</span> <span class='ocrx_word' id='word_1_342' title='bbox 3225 824 3518 893; x_wconf 87' lang='lat' dir='ltr'>Photium,</span> <span class='ocrx_word' id='word_1_343' title='bbox 3545 829 3599 879; x_wconf 90' lang='lat' dir='ltr'>et</span> <span class='ocrx_word' id='word_1_344' title='bbox 3620 826 3743 879; x_wconf 88' lang='lat' dir='ltr'>Ste-</span> 
     </span>
    </p>
   </div>
   <div class='ocr_carea' id='block_1_52' title="bbox 2099 911 3742 984">
    <p class='ocr_par' dir='ltr' id='par_1_52' title="bbox 2099 911 3742 984">
     <span class='ocr_line' id='line_1_52' title="bbox 2099 911 3742 984; baseline 0.001 -18"><span class='ocrx_word' id='word_1_345' title='bbox 2099 912 2381 983; x_wconf 89' lang='lat' dir='ltr'>phanum,</span> <span class='ocrx_word' id='word_1_346' title='bbox 2411 917 2466 965; x_wconf 90' lang='lat' dir='ltr'>et</span> <span class='ocrx_word' id='word_1_347' title='bbox 2490 911 2829 977; x_wconf 78' lang='lat' dir='ltr'>Antonium,</span> <span class='ocrx_word' id='word_1_348' title='bbox 2853 912 3003 966; x_wconf 87' lang='lat' dir='ltr'>sicut</span> <span class='ocrx_word' id='word_1_349' title='bbox 3026 912 3438 968; x_wconf 86' lang='lat' dir='ltr'>sanctissimus</span> <span class='ocrx_word' id='word_1_350' title='bbox 3471 930 3621 984; x_wconf 87' lang='lat' dir='ltr'>papa</span> <span class='ocrx_word' id='word_1_351' title='bbox 3641 914 3742 968; x_wconf 85' lang='lat' dir='ltr'>Ni-</span> 
     </span>
    </p>
   </div>
   <div class='ocr_carea' id='block_1_53' title="bbox 2101 1000 3744 1070">
    <p class='ocr_par' dir='ltr' id='par_1_53' title="bbox 2101 1000 3744 1070">
     <span class='ocr_line' id='line_1_53' title="bbox 2101 1000 3744 1070; baseline 0.001 -15"><span class='ocrx_word' id='word_1_352' title='bbox 2101 1000 2319 1067; x_wconf 87' lang='lat' dir='ltr'>colaus,</span> <span class='ocrx_word' id='word_1_353' title='bbox 2344 1006 2399 1053; x_wconf 92' lang='lat' dir='ltr'>et</span> <span class='ocrx_word' id='word_1_354' title='bbox 2419 1001 2692 1065; x_wconf 86' lang='lat' dir='ltr'>Joannes,</span> <span class='ocrx_word' id='word_1_355' title='bbox 2719 1006 2773 1053; x_wconf 90' lang='lat' dir='ltr'>et</span> <span class='ocrx_word' id='word_1_356' title='bbox 2798 1007 2994 1055; x_wconf 82' lang='lat' dir='ltr'>sextus</span> <span class='ocrx_word' id='word_1_357' title='bbox 3017 1001 3371 1070; x_wconf 87' lang='lat' dir='ltr'>Stephanus,</span> <span class='ocrx_word' id='word_1_358' title='bbox 3396 1006 3451 1056; x_wconf 89' lang='lat' dir='ltr'>et</span> <span class='ocrx_word' id='word_1_359' title='bbox 3472 1003 3744 1058; x_wconf 85' lang='lat' dir='ltr'>universa</span> 
     </span>
    </p>
   </div>
   <div class='ocr_carea' id='block_1_54' title="bbox 2101 1089 3741 1160">
    <p class='ocr_par' dir='ltr' id='par_1_54' title="bbox 2101 1089 3741 1160">
     <span class='ocr_line' id='line_1_54' title="bbox 2101 1089 3741 1160; baseline 0.002 -17"><span class='ocrx_word' id='word_1_360' title='bbox 2101 1094 2359 1144; x_wconf 79' lang='lat' dir='ltr'>Romana</span> <span class='ocrx_word' id='word_1_361' title='bbox 2380 1089 2631 1143; x_wconf 78' lang='lat' dir='ltr'>Ecclesia</span> <span class='ocrx_word' id='word_1_362' title='bbox 2656 1090 2959 1160; x_wconf 85' lang='lat' dir='ltr'>hucusque</span> <span class='ocrx_word' id='word_1_363' title='bbox 2982 1089 3187 1158; x_wconf 86' lang='lat' dir='ltr'>tenuit,</span> <span class='ocrx_word' id='word_1_364' title='bbox 3213 1092 3384 1144; x_wconf 79' lang='lat' dir='ltr'>etiam</span> <span class='ocrx_word' id='word_1_365' title='bbox 3410 1108 3515 1146; x_wconf 91' lang='lat' dir='ltr'>nos</span> <span class='ocrx_word' id='word_1_366' title='bbox 3538 1093 3741 1147; x_wconf 90' lang='lat' dir='ltr'>eodem</span> 
     </span>
    </p>
   </div>
   <div class='ocr_carea' id='block_1_55' title="bbox 2101 1179 3745 1252">
    <p class='ocr_par' dir='ltr' id='par_1_55' title="bbox 2101 1179 3745 1252">
     <span class='ocr_line' id='line_1_55' title="bbox 2101 1179 3745 1252; baseline 0.002 -19"><span class='ocrx_word' id='word_1_367' title='bbox 2101 1180 2304 1234; x_wconf 88' lang='lat' dir='ltr'>ordine</span> <span class='ocrx_word' id='word_1_368' title='bbox 2332 1179 2464 1233; x_wconf 88' lang='lat' dir='ltr'>illos</span> <span class='ocrx_word' id='word_1_369' title='bbox 2497 1179 2812 1250; x_wconf 86' lang='lat' dir='ltr'>recipimus</span> <span class='ocrx_word' id='word_1_370' title='bbox 2843 1184 2898 1233; x_wconf 90' lang='lat' dir='ltr'>et</span> <span class='ocrx_word' id='word_1_371' title='bbox 2929 1182 3218 1242; x_wconf 87' lang='lat' dir='ltr'>tenemus,</span> <span class='ocrx_word' id='word_1_372' title='bbox 3252 1184 3306 1233; x_wconf 88' lang='lat' dir='ltr'>et</span> <span class='ocrx_word' id='word_1_373' title='bbox 3350 1179 3466 1235; x_wconf 88' lang='lat' dir='ltr'>illis</span> <span class='ocrx_word' id='word_1_374' title='bbox 3497 1183 3560 1252; x_wconf 82' lang='lat' dir='ltr'>[f.</span> <span class='ocrx_word' id='word_1_375' title='bbox 3597 1185 3659 1235; x_wconf 89' lang='lat' dir='ltr'>ut</span> <span class='ocrx_word' id='word_1_376' title='bbox 3689 1186 3745 1237; x_wconf 90' lang='lat' dir='ltr'>et</span> 
     </span>
    </p>
   </div>
   <div class='ocr_carea' id='block_1_56' title="bbox 2103 1268 3742 1339">
    <p class='ocr_par' dir='ltr' id='par_1_56' title="bbox 2103 1268 3742 1339">
     <span class='ocr_line' id='line_1_56' title="bbox 2103 1268 3742 1339; baseline 0.002 -18"><span class='ocrx_word' id='word_1_377' title='bbox 2103 1268 2237 1323; x_wconf 89' lang='lat' dir='ltr'>illis.</span> <span class='ocrx_word' id='word_1_378' title='bbox 2268 1269 2470 1337; x_wconf 59' lang='lat' dir='ltr'>Hann]</span> <span class='ocrx_word' id='word_1_379' title='bbox 2495 1268 2595 1338; x_wconf 91' lang='lat' dir='ltr'>qui</span> <span class='ocrx_word' id='word_1_380' title='bbox 2619 1272 2934 1339; x_wconf 84' lang='lat' dir='ltr'>supersunt</span> <span class='ocrx_word' id='word_1_381' title='bbox 2955 1284 3023 1322; x_wconf 88' lang='lat' dir='ltr'>ex</span> <span class='ocrx_word' id='word_1_382' title='bbox 3044 1285 3247 1323; x_wconf 88' lang='lat' dir='ltr'>eorum</span> <span class='ocrx_word' id='word_1_383' title='bbox 3284 1269 3507 1335; x_wconf 90' lang='lat' dir='ltr'>ordine,</span> <span class='ocrx_word' id='word_1_384' title='bbox 3539 1271 3742 1325; x_wconf 91' lang='lat' dir='ltr'>eodem</span> 
     </span>
    </p>
   </div>
   <div class='ocr_carea' id='block_1_57' title="bbox 2103 1356 3745 1430">
    <p class='ocr_par' dir='ltr' id='par_1_57' title="bbox 2103 1356 3745 1430">
     <span class='ocr_line' id='line_1_57' title="bbox 2103 1356 3745 1430; baseline 0.002 -19"><span class='ocrx_word' id='word_1_385' title='bbox 2103 1363 2268 1429; x_wconf 88' lang='lat' dir='ltr'>pacto</span> <span class='ocrx_word' id='word_1_386' title='bbox 2296 1356 2601 1412; x_wconf 89' lang='lat' dir='ltr'>nobiscum</span> <span class='ocrx_word' id='word_1_387' title='bbox 2625 1374 2837 1411; x_wconf 88' lang='lat' dir='ltr'>manus</span> <span class='ocrx_word' id='word_1_388' title='bbox 2860 1358 3117 1428; x_wconf 66' lang='lat' dir='ltr'>praebeas</span> <span class='ocrx_word' id='word_1_389' title='bbox 3139 1358 3445 1412; x_wconf 88' lang='lat' dir='ltr'>hortamur</span> <span class='ocrx_word' id='word_1_390' title='bbox 3470 1375 3482 1412; x_wconf 91' lang='lat'><strong>:</strong></span> <span class='ocrx_word' id='word_1_391' title='bbox 3506 1363 3564 1413; x_wconf 89' lang='lat' dir='ltr'>et</span> <span class='ocrx_word' id='word_1_392' title='bbox 3584 1360 3745 1430; x_wconf 88' lang='lat' dir='ltr'>pacis</span> 
     </span>
    </p>
   </div>
   <div class='ocr_carea' id='block_1_58' title="bbox 2104 1445 3747 1519">
    <p class='ocr_par' dir='ltr' id='par_1_58' title="bbox 2104 1445 3747 1519">
     <span class='ocr_line' id='line_1_58' title="bbox 2104 1445 3747 1519; baseline 0.001 -18"><span class='ocrx_word' id='word_1_393' title='bbox 2104 1452 2158 1501; x_wconf 86' lang='lat' dir='ltr'>et</span> <span class='ocrx_word' id='word_1_394' title='bbox 2184 1446 2616 1501; x_wconf 88' lang='lat' dir='ltr'>communionis</span> <span class='ocrx_word' id='word_1_395' title='bbox 2634 1445 2751 1500; x_wconf 91' lang='lat' dir='ltr'>illis</span> <span class='ocrx_word' id='word_1_396' title='bbox 2768 1446 3144 1501; x_wconf 88' lang='lat' dir='ltr'>concedimus</span> <span class='ocrx_word' id='word_1_397' title='bbox 3159 1447 3747 1519; x_wconf 89' lang='lat' dir='ltr'>unitatem,dumipsi</span> 
     </span>
    </p>
   </div>
   <div class='ocr_carea' id='block_1_59' title="bbox 2104 1535 3742 1606">
    <p class='ocr_par' dir='ltr' id='par_1_59' title="bbox 2104 1535 3742 1606">
     <span class='ocr_line' id='line_1_59' title="bbox 2104 1535 3742 1606; baseline 0.001 -17"><span class='ocrx_word' id='word_1_398' title='bbox 2104 1537 2307 1590; x_wconf 87' lang='lat' dir='ltr'>eodem</span> <span class='ocrx_word' id='word_1_399' title='bbox 2333 1538 2497 1605; x_wconf 91' lang='lat' dir='ltr'>pacto</span> <span class='ocrx_word' id='word_1_400' title='bbox 2522 1535 2752 1606; x_wconf 88' lang='lat' dir='ltr'>regulas</span> <span class='ocrx_word' id='word_1_401' title='bbox 2804 1535 3172 1590; x_wconf 88' lang='lat' dir='ltr'>servaverint.</span> <span class='ocrx_word' id='word_1_402' title='bbox 3226 1536 3375 1590; x_wconf 92' lang='lat' dir='ltr'>Tum</span> <span class='ocrx_word' id='word_1_403' title='bbox 3397 1553 3531 1591; x_wconf 91' lang='lat' dir='ltr'>vero</span> <span class='ocrx_word' id='word_1_404' title='bbox 3553 1536 3742 1591; x_wconf 87' lang='lat' dir='ltr'>chiro-</span> 
     </span>
    </p>
   </div>
   <div class='ocr_carea' id='block_1_60' title="bbox 2104 1624 3747 1709">
    <p class='ocr_par' dir='ltr' id='par_1_60' title="bbox 2104 1624 3747 1709">
     <span class='ocr_line' id='line_1_60' title="bbox 2104 1624 3747 1709; baseline 0.003 -32"><span class='ocrx_word' id='word_1_405' title='bbox 2104 1624 2416 1705; x_wconf 67' lang='lat' dir='ltr'>graphppi,</span> <span class='ocrx_word' id='word_1_406' title='bbox 2440 1625 2594 1699; x_wconf 76' lang='lat' dir='ltr'>qupd</span> <span class='ocrx_word' id='word_1_407' title='bbox 2620 1624 3302 1709; x_wconf 49' lang='lat' dir='ltr'>pobjsfecistimuamvis</span> <span class='ocrx_word' id='word_1_408' title='bbox 3325 1626 3576 1681; x_wconf 89' lang='lat' dir='ltr'>multum</span> <span class='ocrx_word' id='word_1_409' title='bbox 3592 1643 3747 1698; x_wconf 60' lang='lat' dir='ltr'>qua-</span> 
     </span>
    </p>
   </div>
   <div class='ocr_carea' id='block_1_61' title="bbox 2106 1713 3538 1793">
    <p class='ocr_par' dir='ltr' id='par_1_61' title="bbox 2106 1713 3538 1793">
     <span class='ocr_line' id='line_1_61' title="bbox 2106 1713 3538 1793; baseline 0.003 -26"><span class='ocrx_word' id='word_1_410' title='bbox 2106 1713 2401 1793; x_wconf 39' lang='lat' dir='ltr'>siet-guttas,</span> <span class='ocrx_word' id='word_1_411' title='bbox 2428 1713 2914 1792; x_wconf 32' lang='lat' dir='ltr'>invergigeitamen</span> <span class='ocrx_word' id='word_1_412' title='bbox 2940 1713 3538 1785; x_wconf 52' lang='lat' dir='ltr'>{ainiinem&#39;otuimus</span> 
     </span>
    </p>
   </div>
   <div class='ocr_carea' id='block_1_62' title="bbox 2518 1873 3371 1957">
    <p class='ocr_par' dir='ltr' id='par_1_62' title="bbox 2518 1873 3371 1957">
     <span class='ocr_line' id='line_1_62' title="bbox 2518 1873 3371 1957; baseline 0.001 -8"><span class='ocrx_word' id='word_1_413' title='bbox 2651 1873 3031 1957; x_wconf 50' lang='grc' dir='ltr'>ιΕΡΙξΤΩῙλᾼ</span> <span class='ocrx_word' id='word_1_414' title='bbox 3066 1875 3177 1957; x_wconf 64' lang='lat'>,1”.-</span> <span class='ocrx_word' id='word_1_415' title='bbox 3360 1935 3371 1950; x_wconf 88' lang='lat'>.</span> 
     </span>
    </p>
   </div>
   <div class='ocr_carea' id='block_1_63' title="bbox 2112 1946 3537 2054">
    <p class='ocr_par' dir='ltr' id='par_1_63' title="bbox 2112 1946 3537 2054">
     <span class='ocr_line' id='line_1_63' title="bbox 2112 1946 3537 2054; baseline -0.008 -24"><span class='ocrx_word' id='word_1_416' title='bbox 2112 1952 2181 2033; x_wconf 34' lang='lat'>.0.</span> <span class='ocrx_word' id='word_1_417' title='bbox 2213 1954 2241 2033; x_wconf 53' lang='grc' dir='ltr'>ξ</span> <span class='ocrx_word' id='word_1_418' title='bbox 2273 1946 2749 2054; x_wconf 34' lang='grc' dir='ltr'>’ξέυοίϐίῐ-ἶὶξείίέλιιετ</span> <span class='ocrx_word' id='word_1_419' title='bbox 2771 1946 3073 2048; x_wconf 60' lang='grc' dir='ltr'>’ἑριξυίῐξὶε</span> <span class='ocrx_word' id='word_1_420' title='bbox 3105 1948 3537 2043; x_wconf 48' lang='grc' dir='ltr'>ιικβρἔτέδεω.</span> 
     </span>
    </p>
   </div>
   <div class='ocr_carea' id='block_1_64' title="bbox 2210 2044 3447 2142">
    <p class='ocr_par' dir='ltr' id='par_1_64' title="bbox 2210 2046 3447 2142">
     <span class='ocr_line' id='line_1_64' title="bbox 2210 2046 3447 2142; baseline 0.003 -19"><span class='ocrx_word' id='word_1_421' title='bbox 2210 2046 2222 2061; x_wconf 53' lang='grc'><strong>⁸</strong></span> <span class='ocrx_word' id='word_1_422' title='bbox 2382 2056 2389 2059; x_wconf 41' lang='grc'>⁷</span> <span class='ocrx_word' id='word_1_423' title='bbox 2421 2072 2719 2140; x_wconf 74' lang='lat' dir='ltr'>Argrz’num</span> <span class='ocrx_word' id='word_1_424' title='bbox 2749 2073 3058 2142; x_wconf 73' lang='lat' dir='ltr'>episcopum</span> <span class='ocrx_word' id='word_1_425' title='bbox 3086 2073 3156 2125; x_wconf 82' lang='lat' dir='ltr'>iis</span> <span class='ocrx_word' id='word_1_426' title='bbox 3184 2068 3447 2127; x_wconf 70' lang='lat' dir='ltr'>restituit.</span> 
     </span>
    </p>
   </div>
   <div class='ocr_carea' id='block_1_65' title="bbox 2180 2195 3756 2267">
    <p class='ocr_par' dir='ltr' id='par_1_65' title="bbox 2180 2195 3756 2267">
     <span class='ocr_line' id='line_1_65' title="bbox 2180 2195 3756 2267; baseline 0.003 -18"><span class='ocrx_word' id='word_1_427' title='bbox 2180 2197 2434 2251; x_wconf 72' lang='lat' dir='ltr'>JOANNES</span> <span class='ocrx_word' id='word_1_428' title='bbox 2461 2196 2794 2267; x_wconf 88' lang='lat' dir='ltr'>episcopus,</span> <span class='ocrx_word' id='word_1_429' title='bbox 2820 2213 3021 2251; x_wconf 90' lang='lat' dir='ltr'>servus</span> <span class='ocrx_word' id='word_1_430' title='bbox 3044 2212 3343 2251; x_wconf 90' lang='lat' dir='ltr'>servorum</span> <span class='ocrx_word' id='word_1_431' title='bbox 3380 2195 3500 2263; x_wconf 89' lang='lat' dir='ltr'>Dei,</span> <span class='ocrx_word' id='word_1_432' title='bbox 3526 2195 3679 2253; x_wconf 91' lang='lat' dir='ltr'>clero</span> <span class='ocrx_word' id='word_1_433' title='bbox 3700 2200 3756 2253; x_wconf 91' lang='lat' dir='ltr'>et</span> 
     </span>
    </p>
   </div>
   <div class='ocr_carea' id='block_1_66' title="bbox 2112 2283 3751 2355">
    <p class='ocr_par' dir='ltr' id='par_1_66' title="bbox 2112 2283 3751 2355">
     <span class='ocr_line' id='line_1_66' title="bbox 2112 2283 3751 2355; baseline 0.001 -16"><span class='ocrx_word' id='word_1_434' title='bbox 2112 2284 2329 2355; x_wconf 90' lang='lat' dir='ltr'>populo</span> <span class='ocrx_word' id='word_1_435' title='bbox 2362 2301 2537 2338; x_wconf 66' lang='lat' dir='ltr'>sacrae</span> <span class='ocrx_word' id='word_1_436' title='bbox 2570 2284 2954 2355; x_wconf 89' lang='lat' dir='ltr'>Lingonensis</span> <span class='ocrx_word' id='word_1_437' title='bbox 2984 2284 3274 2351; x_wconf 72' lang='lat' dir='ltr'>Ecclesiae,</span> <span class='ocrx_word' id='word_1_438' title='bbox 3332 2283 3559 2339; x_wconf 90' lang='lat' dir='ltr'>dilectis</span> <span class='ocrx_word' id='word_1_439' title='bbox 3592 2285 3751 2341; x_wconf 89' lang='lat' dir='ltr'>ﬁliis.</span> 
     </span>
    </p>
   </div>
   <div class='ocr_carea' id='block_1_67' title="bbox 2186 2372 3754 2445">
    <p class='ocr_par' dir='ltr' id='par_1_67' title="bbox 2186 2372 3754 2445">
     <span class='ocr_line' id='line_1_67' title="bbox 2186 2372 3754 2445; baseline 0.003 -20"><span class='ocrx_word' id='word_1_440' title='bbox 2186 2373 2438 2426; x_wconf 87' lang='lat' dir='ltr'>Tantum</span> <span class='ocrx_word' id='word_1_441' title='bbox 2463 2389 2494 2426; x_wconf 83' lang='lat' dir='ltr'>a</span> <span class='ocrx_word' id='word_1_442' title='bbox 2510 2372 2751 2426; x_wconf 92' lang='lat' dir='ltr'>Domino</span> <span class='ocrx_word' id='word_1_443' title='bbox 2769 2373 2947 2444; x_wconf 88' lang='lat' dir='ltr'>hujus</span> <span class='ocrx_word' id='word_1_444' title='bbox 2963 2377 3174 2428; x_wconf 53' lang='lat' dir='ltr'>sancta!</span> <span class='ocrx_word' id='word_1_445' title='bbox 3188 2372 3343 2427; x_wconf 91' lang='lat' dir='ltr'>sedis</span> <span class='ocrx_word' id='word_1_446' title='bbox 3359 2377 3414 2427; x_wconf 88' lang='lat' dir='ltr'>et</span> <span class='ocrx_word' id='word_1_447' title='bbox 3427 2374 3754 2445; x_wconf 70' lang='lat' dir='ltr'>apostolica:</span> 
     </span>
    </p>
   </div>
   <div class='ocr_carea' id='block_1_68' title="bbox 2115 2460 3754 2533">
    <p class='ocr_par' dir='ltr' id='par_1_68' title="bbox 2115 2460 3754 2533">
     <span class='ocr_line' id='line_1_68' title="bbox 2115 2460 3754 2533; baseline 0.002 -18"><span class='ocrx_word' id='word_1_448' title='bbox 2115 2460 2381 2515; x_wconf 79' lang='lat' dir='ltr'>Ecclesiae</span> <span class='ocrx_word' id='word_1_449' title='bbox 2416 2460 2739 2527; x_wconf 83' lang='lat' dir='ltr'>fundatore,</span> <span class='ocrx_word' id='word_1_450' title='bbox 2803 2465 2860 2515; x_wconf 89' lang='lat' dir='ltr'>et</span> <span class='ocrx_word' id='word_1_451' title='bbox 2918 2461 3085 2516; x_wconf 90' lang='lat' dir='ltr'>beato</span> <span class='ocrx_word' id='word_1_452' title='bbox 3146 2462 3309 2517; x_wconf 90' lang='lat' dir='ltr'>Petro</span> <span class='ocrx_word' id='word_1_453' title='bbox 3358 2462 3754 2533; x_wconf 88' lang='lat' dir='ltr'>apostolorum</span> 
     </span>
    </p>
   </div>
   <div class='ocr_carea' id='block_1_69' title="bbox 2114 2548 3758 2621">
    <p class='ocr_par' dir='ltr' id='par_1_69' title="bbox 2114 2548 3758 2621">
     <span class='ocr_line' id='line_1_69' title="bbox 2114 2548 3758 2621; baseline 0.003 -19"><span class='ocrx_word' id='word_1_454' title='bbox 2114 2549 2375 2620; x_wconf 90' lang='lat' dir='ltr'>principe</span> <span class='ocrx_word' id='word_1_455' title='bbox 2396 2548 2726 2620; x_wconf 90' lang='lat' dir='ltr'>accepimus</span> <span class='ocrx_word' id='word_1_456' title='bbox 2748 2549 3043 2617; x_wconf 86' lang='lat' dir='ltr'>ﬁduciam,</span> <span class='ocrx_word' id='word_1_457' title='bbox 3070 2554 3135 2605; x_wconf 88' lang='lat' dir='ltr'>ut</span> <span class='ocrx_word' id='word_1_458' title='bbox 3156 2567 3258 2621; x_wconf 88' lang='lat' dir='ltr'>pro</span> <span class='ocrx_word' id='word_1_459' title='bbox 3276 2550 3758 2607; x_wconf 87' lang='lat' dir='ltr'>universaliChri-</span> 
     </span>
    </p>
   </div>
   <div class='ocr_carea' id='block_1_70' title="bbox 2114 2638 3757 2712">
    <p class='ocr_par' dir='ltr' id='par_1_70' title="bbox 2114 2638 3757 2712">
     <span class='ocr_line' id='line_1_70' title="bbox 2114 2638 3757 2712; baseline 0.004 -21"><span class='ocrx_word' id='word_1_460' title='bbox 2114 2638 2187 2692; x_wconf 89' lang='lat' dir='ltr'>sti</span> <span class='ocrx_word' id='word_1_461' title='bbox 2211 2638 2496 2708; x_wconf 84' lang='lat' dir='ltr'>sanguine</span> <span class='ocrx_word' id='word_1_462' title='bbox 2516 2638 2817 2709; x_wconf 90' lang='lat' dir='ltr'>redempta</span> <span class='ocrx_word' id='word_1_463' title='bbox 2839 2638 3092 2694; x_wconf 83' lang='lat' dir='ltr'>Ecclesia</span> <span class='ocrx_word' id='word_1_464' title='bbox 3130 2639 3383 2712; x_wconf 85' lang='lat' dir='ltr'>impigro</span> <span class='ocrx_word' id='word_1_465' title='bbox 3420 2640 3757 2697; x_wconf 90' lang='lat' dir='ltr'>laboremus</span> 
     </span>
    </p>
   </div>
   <div class='ocr_carea' id='block_1_71' title="bbox 2113 2727 3757 2793">
    <p class='ocr_par' dir='ltr' id='par_1_71' title="bbox 2113 2727 3757 2793">
     <span class='ocr_line' id='line_1_71' title="bbox 2113 2727 3757 2793; baseline 0.003 -12"><span class='ocrx_word' id='word_1_466' title='bbox 2113 2727 2345 2793; x_wconf 71' lang='lat' dir='ltr'>affectu,</span> <span class='ocrx_word' id='word_1_467' title='bbox 2369 2730 2424 2781; x_wconf 89' lang='lat' dir='ltr'>et</span> <span class='ocrx_word' id='word_1_468' title='bbox 2444 2727 2719 2781; x_wconf 89' lang='lat' dir='ltr'>omnibus</span> <span class='ocrx_word' id='word_1_469' title='bbox 2744 2728 2990 2782; x_wconf 91' lang='lat' dir='ltr'>Domino</span> <span class='ocrx_word' id='word_1_470' title='bbox 3008 2727 3432 2784; x_wconf 87' lang='lat' dir='ltr'>famulantibus</span> <span class='ocrx_word' id='word_1_471' title='bbox 3451 2747 3757 2786; x_wconf 85' lang='lat' dir='ltr'>succurra-</span> 
     </span>
    </p>
   </div>
   <div class='ocr_carea' id='block_1_72' title="bbox 2114 2815 3757 2888">
    <p class='ocr_par' dir='ltr' id='par_1_72' title="bbox 2114 2815 3757 2888">
     <span class='ocr_line' id='line_1_72' title="bbox 2114 2815 3757 2888; baseline 0.003 -19"><span class='ocrx_word' id='word_1_472' title='bbox 2114 2830 2244 2869; x_wconf 89' lang='lat' dir='ltr'>mus</span> <span class='ocrx_word' id='word_1_473' title='bbox 2270 2832 2282 2881; x_wconf 93' lang='lat'>;</span> <span class='ocrx_word' id='word_1_474' title='bbox 2310 2819 2365 2869; x_wconf 91' lang='lat' dir='ltr'>et</span> <span class='ocrx_word' id='word_1_475' title='bbox 2397 2816 2623 2870; x_wconf 88' lang='lat' dir='ltr'>cunctis</span> <span class='ocrx_word' id='word_1_476' title='bbox 2647 2815 2738 2886; x_wconf 91' lang='lat' dir='ltr'>pie</span> <span class='ocrx_word' id='word_1_477' title='bbox 2760 2816 3086 2872; x_wconf 91' lang='lat' dir='ltr'>viventibus</span> <span class='ocrx_word' id='word_1_478' title='bbox 3134 2818 3449 2888; x_wconf 88' lang='lat' dir='ltr'>apostolica</span> <span class='ocrx_word' id='word_1_479' title='bbox 3496 2820 3757 2874; x_wconf 88' lang='lat' dir='ltr'>auctori-</span> 
     </span>
    </p>
   </div>
   <div class='ocr_carea' id='block_1_73' title="bbox 2113 2905 3758 2979">
    <p class='ocr_par' dir='ltr' id='par_1_73' title="bbox 2113 2905 3758 2979">
     <span class='ocr_line' id='line_1_73' title="bbox 2113 2905 3758 2979; baseline 0.004 -22"><span class='ocrx_word' id='word_1_480' title='bbox 2113 2907 2231 2959; x_wconf 88' lang='lat' dir='ltr'>tate</span> <span class='ocrx_word' id='word_1_481' title='bbox 2257 2920 2425 2975; x_wconf 91' lang='lat' dir='ltr'>opem</span> <span class='ocrx_word' id='word_1_482' title='bbox 2449 2905 2705 2959; x_wconf 90' lang='lat' dir='ltr'>feramus</span> <span class='ocrx_word' id='word_1_483' title='bbox 2731 2923 2742 2973; x_wconf 92' lang='lat'>;</span> <span class='ocrx_word' id='word_1_484' title='bbox 2773 2909 2829 2959; x_wconf 92' lang='lat' dir='ltr'>et</span> <span class='ocrx_word' id='word_1_485' title='bbox 2853 2906 3143 2977; x_wconf 90' lang='lat' dir='ltr'>quidquid</span> <span class='ocrx_word' id='word_1_486' title='bbox 3168 2906 3437 2961; x_wconf 90' lang='lat' dir='ltr'>nocivum</span> <span class='ocrx_word' id='word_1_487' title='bbox 3462 2910 3568 2979; x_wconf 88' lang='lat' dir='ltr'>est,</span> <span class='ocrx_word' id='word_1_488' title='bbox 3592 2909 3758 2964; x_wconf 86' lang='lat' dir='ltr'>auxi-</span> 
     </span>
    </p>
   </div>
   <div class='ocr_carea' id='block_1_74' title="bbox 2113 2992 3754 3065">
    <p class='ocr_par' dir='ltr' id='par_1_74' title="bbox 2113 2992 3754 3065">
     <span class='ocr_line' id='line_1_74' title="bbox 2113 2992 3754 3065; baseline 0.003 -19"><span class='ocrx_word' id='word_1_489' title='bbox 2113 2992 2857 3065; x_wconf 86' lang='lat' dir='ltr'>lianteDomino,corrigere</span> <span class='ocrx_word' id='word_1_490' title='bbox 2870 2997 3247 3051; x_wconf 88' lang='lat' dir='ltr'>etemendarc</span> <span class='ocrx_word' id='word_1_491' title='bbox 3264 3013 3378 3052; x_wconf 91' lang='lat' dir='ltr'>non</span> <span class='ocrx_word' id='word_1_492' title='bbox 3396 2996 3754 3053; x_wconf 75' lang='lat' dir='ltr'>differamus.</span> 
     </span>
    </p>
   </div>
   <div class='ocr_carea' id='block_1_75' title="bbox 2117 3082 3758 3157">
    <p class='ocr_par' dir='ltr' id='par_1_75' title="bbox 2117 3082 3758 3157">
     <span class='ocr_line' id='line_1_75' title="bbox 2117 3082 3758 3157; baseline 0.003 -22"><span class='ocrx_word' id='word_1_493' title='bbox 2117 3083 2191 3136; x_wconf 82' lang='lat' dir='ltr'>Ad</span> <span class='ocrx_word' id='word_1_494' title='bbox 2224 3082 2333 3136; x_wconf 90' lang='lat' dir='ltr'>hoc</span> <span class='ocrx_word' id='word_1_495' title='bbox 2364 3083 2518 3136; x_wconf 90' lang='lat' dir='ltr'>enim</span> <span class='ocrx_word' id='word_1_496' title='bbox 2551 3082 2755 3136; x_wconf 65' lang='lat' dir='ltr'>divinae</span> <span class='ocrx_word' id='word_1_497' title='bbox 2788 3083 3244 3153; x_wconf 88' lang='lat' dir='ltr'>dispensationis</span> <span class='ocrx_word' id='word_1_498' title='bbox 3265 3084 3517 3155; x_wconf 84' lang='lat' dir='ltr'>provisio</span> <span class='ocrx_word' id='word_1_499' title='bbox 3539 3087 3758 3157; x_wconf 88' lang='lat' dir='ltr'>gradus</span> 
     </span>
    </p>
   </div>
   <div class='ocr_carea' id='block_1_76' title="bbox 2117 3170 3759 3244">
    <p class='ocr_par' dir='ltr' id='par_1_76' title="bbox 2117 3170 3759 3244">
     <span class='ocr_line' id='line_1_76' title="bbox 2117 3170 3759 3244; baseline 0.002 -19"><span class='ocrx_word' id='word_1_500' title='bbox 2117 3174 2174 3225; x_wconf 89' lang='lat' dir='ltr'>et</span> <span class='ocrx_word' id='word_1_501' title='bbox 2194 3171 2456 3226; x_wconf 83' lang='lat' dir='ltr'>diversos</span> <span class='ocrx_word' id='word_1_502' title='bbox 2479 3170 3023 3227; x_wconf 84' lang='lat' dir='ltr'>constituitordines</span> <span class='ocrx_word' id='word_1_503' title='bbox 3037 3189 3165 3227; x_wconf 90' lang='lat' dir='ltr'>esse</span> <span class='ocrx_word' id='word_1_504' title='bbox 3186 3173 3517 3244; x_wconf 80' lang='lat' dir='ltr'>distinctos,</span> <span class='ocrx_word' id='word_1_505' title='bbox 3533 3179 3595 3228; x_wconf 91' lang='lat' dir='ltr'>ut</span> <span class='ocrx_word' id='word_1_506' title='bbox 3619 3176 3759 3229; x_wconf 92' lang='lat' dir='ltr'>dum</span> 
     </span>
    </p>
   </div>
   <div class='ocr_carea' id='block_1_77' title="bbox 2118 3259 3759 3335">
    <p class='ocr_par' dir='ltr' id='par_1_77' title="bbox 2118 3259 3759 3335">
     <span class='ocr_line' id='line_1_77' title="bbox 2118 3259 3759 3335; baseline 0.004 -23"><span class='ocrx_word' id='word_1_507' title='bbox 2118 3259 2494 3314; x_wconf 88' lang='lat' dir='ltr'>reverentiam</span> <span class='ocrx_word' id='word_1_508' title='bbox 2520 3260 2773 3314; x_wconf 89' lang='lat' dir='ltr'>minores</span> <span class='ocrx_word' id='word_1_509' title='bbox 2797 3260 3120 3331; x_wconf 89' lang='lat' dir='ltr'>potioribus</span> <span class='ocrx_word' id='word_1_510' title='bbox 3151 3261 3510 3330; x_wconf 86' lang='lat' dir='ltr'>exhiberent,</span> <span class='ocrx_word' id='word_1_511' title='bbox 3562 3267 3619 3318; x_wconf 92' lang='lat' dir='ltr'>et</span> <span class='ocrx_word' id='word_1_512' title='bbox 3659 3280 3759 3335; x_wconf 92' lang='lat' dir='ltr'>po-</span> 
     </span>
    </p>
   </div>
   <div class='ocr_carea' id='block_1_78' title="bbox 2114 3347 3760 3422">
    <p class='ocr_par' dir='ltr' id='par_1_78' title="bbox 2114 3347 3760 3422">
     <span class='ocr_line' id='line_1_78' title="bbox 2114 3347 3760 3422; baseline 0.004 -21"><span class='ocrx_word' id='word_1_513' title='bbox 2114 3348 2291 3403; x_wconf 87' lang='lat' dir='ltr'>tiores</span> <span class='ocrx_word' id='word_1_514' title='bbox 2324 3347 2649 3404; x_wconf 89' lang='lat' dir='ltr'>minaribus</span> <span class='ocrx_word' id='word_1_515' title='bbox 2678 3348 3046 3404; x_wconf 88' lang='lat' dir='ltr'>dilectionem</span> <span class='ocrx_word' id='word_1_516' title='bbox 3069 3355 3126 3405; x_wconf 93' lang='lat' dir='ltr'>et</span> <span class='ocrx_word' id='word_1_517' title='bbox 3149 3351 3507 3420; x_wconf 87' lang='lat' dir='ltr'>adjutorium</span> <span class='ocrx_word' id='word_1_518' title='bbox 3534 3352 3760 3422; x_wconf 91' lang='lat' dir='ltr'>impen-</span> 
     </span>
    </p>
   </div>
   <div class='ocr_carea' id='block_1_79' title="bbox 2116 3436 3757 3507">
    <p class='ocr_par' dir='ltr' id='par_1_79' title="bbox 2116 3436 3757 3507">
     <span class='ocr_line' id='line_1_79' title="bbox 2116 3436 3757 3507; baseline 0.004 -18"><span class='ocrx_word' id='word_1_519' title='bbox 2116 3437 2339 3503; x_wconf 90' lang='lat' dir='ltr'>derent,</span> <span class='ocrx_word' id='word_1_520' title='bbox 2366 3454 2484 3491; x_wconf 90' lang='lat' dir='ltr'>una</span> <span class='ocrx_word' id='word_1_521' title='bbox 2506 3436 2822 3492; x_wconf 68' lang='lat' dir='ltr'>concordiae</span> <span class='ocrx_word' id='word_1_522' title='bbox 2845 3439 3007 3493; x_wconf 90' lang='lat' dir='ltr'>ﬁeret</span> <span class='ocrx_word' id='word_1_523' title='bbox 3020 3439 3439 3494; x_wconf 88' lang='lat' dir='ltr'>exdiversitate</span> <span class='ocrx_word' id='word_1_524' title='bbox 3456 3440 3757 3507; x_wconf 76' lang='lat' dir='ltr'>connexio,</span> 
     </span>
    </p>
   </div>
   <div class='ocr_carea' id='block_1_80' title="bbox 2117 3526 3760 3602">
    <p class='ocr_par' dir='ltr' id='par_1_80' title="bbox 2117 3526 3760 3602">
     <span class='ocr_line' id='line_1_80' title="bbox 2117 3526 3760 3602; baseline 0.004 -23"><span class='ocrx_word' id='word_1_525' title='bbox 2117 3528 2173 3579; x_wconf 87' lang='lat' dir='ltr'>et</span> <span class='ocrx_word' id='word_1_526' title='bbox 2200 3529 2349 3579; x_wconf 88' lang='lat' dir='ltr'>recte</span> <span class='ocrx_word' id='word_1_527' title='bbox 2372 3526 2694 3580; x_wconf 88' lang='lat' dir='ltr'>ofﬁciorum</span> <span class='ocrx_word' id='word_1_528' title='bbox 2720 3532 3017 3598; x_wconf 88' lang='lat' dir='ltr'>gereretur</span> <span class='ocrx_word' id='word_1_529' title='bbox 3038 3528 3469 3584; x_wconf 87' lang='lat' dir='ltr'>administratio</span> <span class='ocrx_word' id='word_1_530' title='bbox 3501 3530 3760 3602; x_wconf 86' lang='lat' dir='ltr'>singulo-</span> 
     </span>
    </p>
   </div>
   <div class='ocr_carea' id='block_1_81' title="bbox 2118 3613 3761 3689">
    <p class='ocr_par' dir='ltr' id='par_1_81' title="bbox 2118 3613 3761 3689">
     <span class='ocr_line' id='line_1_81' title="bbox 2118 3613 3761 3689; baseline 0.004 -23"><span class='ocrx_word' id='word_1_531' title='bbox 2118 3629 2267 3667; x_wconf 91' lang='lat' dir='ltr'>rum.</span> <span class='ocrx_word' id='word_1_532' title='bbox 2299 3613 2541 3667; x_wconf 85' lang='lat' dir='ltr'>Litteras</span> <span class='ocrx_word' id='word_1_533' title='bbox 2564 3631 2701 3668; x_wconf 87' lang='lat' dir='ltr'>sane</span> <span class='ocrx_word' id='word_1_534' title='bbox 2724 3614 3052 3670; x_wconf 88' lang='lat' dir='ltr'>dilectionis</span> <span class='ocrx_word' id='word_1_535' title='bbox 3075 3621 3297 3681; x_wconf 68' lang='lat' dir='ltr'>vestrae,</span> <span class='ocrx_word' id='word_1_536' title='bbox 3324 3636 3469 3689; x_wconf 91' lang='lat' dir='ltr'>quas</span> <span class='ocrx_word' id='word_1_537' title='bbox 3512 3620 3582 3673; x_wconf 88' lang='lat' dir='ltr'>ad</span> <span class='ocrx_word' id='word_1_538' title='bbox 3607 3619 3761 3673; x_wconf 87' lang='lat' dir='ltr'>beati</span> 
     </span>
    </p>
   </div>
   <div class='ocr_carea' id='block_1_82' title="bbox 2118 3701 3759 3777">
    <p class='ocr_par' dir='ltr' id='par_1_82' title="bbox 2118 3701 3759 3777">
     <span class='ocr_line' id='line_1_82' title="bbox 2118 3701 3759 3777; baseline 0.003 -20"><span class='ocrx_word' id='word_1_539' title='bbox 2118 3701 2366 3774; x_wconf 88' lang='lat' dir='ltr'>apostoli</span> <span class='ocrx_word' id='word_1_540' title='bbox 2398 3702 2545 3757; x_wconf 88' lang='lat' dir='ltr'>Petri</span> <span class='ocrx_word' id='word_1_541' title='bbox 2580 3702 2776 3757; x_wconf 90' lang='lat' dir='ltr'>sedem</span> <span class='ocrx_word' id='word_1_542' title='bbox 2824 3719 2926 3771; x_wconf 86' lang='lat' dir='ltr'>pro</span> <span class='ocrx_word' id='word_1_543' title='bbox 2966 3704 3139 3758; x_wconf 90' lang='lat' dir='ltr'>vestri</span> <span class='ocrx_word' id='word_1_544' title='bbox 3189 3721 3366 3760; x_wconf 88' lang='lat' dir='ltr'>causa</span> <span class='ocrx_word' id='word_1_545' title='bbox 3396 3707 3613 3777; x_wconf 89' lang='lat' dir='ltr'>negotii</span> <span class='ocrx_word' id='word_1_546' title='bbox 3643 3724 3759 3762; x_wconf 90' lang='lat' dir='ltr'>non</span> 
     </span>
    </p>
   </div>
   <div class='ocr_carea' id='block_1_83' title="bbox 2118 3790 3762 3861">
    <p class='ocr_par' dir='ltr' id='par_1_83' title="bbox 2118 3790 3762 3861">
     <span class='ocr_line' id='line_1_83' title="bbox 2118 3790 3762 3861; baseline 0.002 -16"><span class='ocrx_word' id='word_1_547' title='bbox 2118 3790 2309 3846; x_wconf 90' lang='lat' dir='ltr'>solum</span> <span class='ocrx_word' id='word_1_548' title='bbox 2342 3790 2519 3846; x_wconf 90' lang='lat' dir='ltr'>semel</span> <span class='ocrx_word' id='word_1_549' title='bbox 2552 3792 2654 3847; x_wconf 88' lang='lat' dir='ltr'>sed</span> <span class='ocrx_word' id='word_1_550' title='bbox 2694 3796 2750 3847; x_wconf 91' lang='lat' dir='ltr'>et</span> <span class='ocrx_word' id='word_1_551' title='bbox 2805 3792 2897 3847; x_wconf 90' lang='lat' dir='ltr'>bis</span> <span class='ocrx_word' id='word_1_552' title='bbox 2953 3797 3010 3847; x_wconf 90' lang='lat' dir='ltr'>et</span> <span class='ocrx_word' id='word_1_553' title='bbox 3066 3797 3155 3847; x_wconf 89' lang='lat' dir='ltr'>ter</span> <span class='ocrx_word' id='word_1_554' title='bbox 3213 3792 3481 3861; x_wconf 88' lang='lat' dir='ltr'>misistis,</span> <span class='ocrx_word' id='word_1_555' title='bbox 3514 3795 3762 3849; x_wconf 90' lang='lat' dir='ltr'>libenter</span> 
     </span>
    </p>
   </div>
   <div class='ocr_carea' id='block_1_84' title="bbox 2118 3879 3761 3955">
    <p class='ocr_par' dir='ltr' id='par_1_84' title="bbox 2118 3879 3761 3955">
     <span class='ocr_line' id='line_1_84' title="bbox 2118 3879 3761 3955; baseline 0.001 -20"><span class='ocrx_word' id='word_1_556' title='bbox 2118 3879 2512 3952; x_wconf 89' lang='lat' dir='ltr'>suscepimus,</span> <span class='ocrx_word' id='word_1_557' title='bbox 2545 3898 2663 3935; x_wconf 87' lang='lat' dir='ltr'>una</span> <span class='ocrx_word' id='word_1_558' title='bbox 2693 3898 2827 3936; x_wconf 91' lang='lat' dir='ltr'>cum</span> <span class='ocrx_word' id='word_1_559' title='bbox 2860 3880 3050 3936; x_wconf 91' lang='lat' dir='ltr'>dilecti</span> <span class='ocrx_word' id='word_1_560' title='bbox 3086 3880 3192 3936; x_wconf 91' lang='lat' dir='ltr'>ﬁlii</span> <span class='ocrx_word' id='word_1_561' title='bbox 3224 3882 3406 3937; x_wconf 90' lang='lat' dir='ltr'>nostri</span> <span class='ocrx_word' id='word_1_562' title='bbox 3430 3883 3761 3955; x_wconf 88' lang='lat' dir='ltr'>Berengarii</span> 
     </span>
    </p>
   </div>
   <div class='ocr_carea' id='block_1_85' title="bbox 2116 3970 3757 4041">
    <p class='ocr_par' dir='ltr' id='par_1_85' title="bbox 2116 3970 3757 4041">
     <span class='ocr_line' id='line_1_85' title="bbox 2116 3970 3757 4041; baseline 0.003 -17"><span class='ocrx_word' id='word_1_563' title='bbox 2116 3970 2271 4041; x_wconf 89' lang='lat' dir='ltr'>regis</span> <span class='ocrx_word' id='word_1_564' title='bbox 2295 3970 2586 4039; x_wconf 88' lang='lat' dir='ltr'>apicibus;</span> <span class='ocrx_word' id='word_1_565' title='bbox 2611 3972 2712 4026; x_wconf 90' lang='lat' dir='ltr'>sed</span> <span class='ocrx_word' id='word_1_566' title='bbox 2732 3972 2801 4027; x_wconf 93' lang='lat' dir='ltr'>de</span> <span class='ocrx_word' id='word_1_567' title='bbox 2814 3971 3023 4027; x_wconf 91' lang='lat' dir='ltr'>vestris</span> <span class='ocrx_word' id='word_1_568' title='bbox 3037 3971 3452 4028; x_wconf 86' lang='lat' dir='ltr'>afﬂictionibus</span> <span class='ocrx_word' id='word_1_569' title='bbox 3466 3976 3522 4028; x_wconf 91' lang='lat' dir='ltr'>et</span> <span class='ocrx_word' id='word_1_570' title='bbox 3536 3972 3757 4029; x_wconf 90' lang='lat' dir='ltr'>incom-</span> 
     </span>
    </p>
   </div>
   <div class='ocr_carea' id='block_1_86' title="bbox 2118 4058 3765 4137">
    <p class='ocr_par' dir='ltr' id='par_1_86' title="bbox 2118 4058 3765 4137">
     <span class='ocr_line' id='line_1_86' title="bbox 2118 4058 3765 4137; baseline 0.004 -24"><span class='ocrx_word' id='word_1_571' title='bbox 2118 4058 2521 4128; x_wconf 89' lang='lat' dir='ltr'>moditatibus,</span> <span class='ocrx_word' id='word_1_572' title='bbox 2539 4076 2685 4131; x_wconf 90' lang='lat' dir='ltr'>quas</span> <span class='ocrx_word' id='word_1_573' title='bbox 2698 4064 2974 4116; x_wconf 89' lang='lat' dir='ltr'>vostanto</span> <span class='ocrx_word' id='word_1_574' title='bbox 2987 4065 3248 4133; x_wconf 91' lang='lat' dir='ltr'>tempore</span> <span class='ocrx_word' id='word_1_575' title='bbox 3262 4078 3570 4134; x_wconf 90' lang='lat' dir='ltr'>perpessos</span> <span class='ocrx_word' id='word_1_576' title='bbox 3584 4062 3765 4137; x_wconf 83' lang='lat' dir='ltr'>lacry-</span> 
     </span>
    </p>
   </div>
   <div class='ocr_carea' id='block_1_87' title="bbox 2118 4147 3761 4219">
    <p class='ocr_par' dir='ltr' id='par_1_87' title="bbox 2118 4147 3761 4219">
     <span class='ocr_line' id='line_1_87' title="bbox 2118 4147 3761 4219; baseline 0.003 -17"><span class='ocrx_word' id='word_1_577' title='bbox 2118 4147 2411 4203; x_wconf 88' lang='lat' dir='ltr'>mabiliter</span> <span class='ocrx_word' id='word_1_578' title='bbox 2442 4150 2745 4219; x_wconf 89' lang='lat' dir='ltr'>conquesti</span> <span class='ocrx_word' id='word_1_579' title='bbox 2792 4150 2953 4215; x_wconf 92' lang='lat' dir='ltr'>estis,</span> <span class='ocrx_word' id='word_1_580' title='bbox 2990 4166 3105 4205; x_wconf 92' lang='lat' dir='ltr'>non</span> <span class='ocrx_word' id='word_1_581' title='bbox 3156 4151 3382 4206; x_wconf 89' lang='lat' dir='ltr'>modice</span> <span class='ocrx_word' id='word_1_582' title='bbox 3434 4151 3761 4207; x_wconf 89' lang='lat' dir='ltr'>contristati</span> 
     </span>
    </p>
   </div>
   <div class='ocr_carea' id='block_1_88' title="bbox 2119 4237 3765 4309">
    <p class='ocr_par' dir='ltr' id='par_1_88' title="bbox 2119 4237 3765 4309">
     <span class='ocr_line' id='line_1_88' title="bbox 2119 4237 3765 4309; baseline 0.002 -17"><span class='ocrx_word' id='word_1_583' title='bbox 2119 4254 2349 4307; x_wconf 87' lang='lat' dir='ltr'>sumus,</span> <span class='ocrx_word' id='word_1_584' title='bbox 2374 4237 2597 4293; x_wconf 90' lang='lat' dir='ltr'>scilicet</span> <span class='ocrx_word' id='word_1_585' title='bbox 2619 4240 2772 4309; x_wconf 90' lang='lat' dir='ltr'>quod</span> <span class='ocrx_word' id='word_1_586' title='bbox 2796 4239 3051 4294; x_wconf 87' lang='lat' dir='ltr'>Ecclesia</span> <span class='ocrx_word' id='word_1_587' title='bbox 3097 4243 3288 4296; x_wconf 85' lang='lat' dir='ltr'>vestra</span> <span class='ocrx_word' id='word_1_588' title='bbox 3338 4240 3543 4296; x_wconf 90' lang='lat' dir='ltr'>multis</span> <span class='ocrx_word' id='word_1_589' title='bbox 3566 4241 3765 4297; x_wconf 88' lang='lat' dir='ltr'>attrita</span> 
     </span>
    </p>
   </div>
   <div class='ocr_carea' id='block_1_89' title="bbox 2119 4325 3765 4400">
    <p class='ocr_par' dir='ltr' id='par_1_89' title="bbox 2119 4325 3765 4400">
     <span class='ocr_line' id='line_1_89' title="bbox 2119 4325 3765 4400; baseline 0.004 -21"><span class='ocrx_word' id='word_1_590' title='bbox 2119 4325 2569 4393; x_wconf 89' lang='lat' dir='ltr'>calamitatibus,</span> <span class='ocrx_word' id='word_1_591' title='bbox 2594 4328 2751 4382; x_wconf 91' lang='lat' dir='ltr'>omni</span> <span class='ocrx_word' id='word_1_592' title='bbox 2768 4328 3044 4398; x_wconf 89' lang='lat' dir='ltr'>pastorali</span> <span class='ocrx_word' id='word_1_593' title='bbox 3068 4328 3435 4385; x_wconf 86' lang='lat' dir='ltr'>sitdestituta</span> <span class='ocrx_word' id='word_1_594' title='bbox 3447 4330 3676 4400; x_wconf 87' lang='lat' dir='ltr'>solatio,</span> <span class='ocrx_word' id='word_1_595' title='bbox 3695 4346 3765 4385; x_wconf 85' lang='lat' dir='ltr'>ex</span> 
     </span>
    </p>
   </div>
   <div class='ocr_carea' id='block_1_90' title="bbox 2120 4414 3764 4489">
    <p class='ocr_par' dir='ltr' id='par_1_90' title="bbox 2120 4414 3764 4489">
     <span class='ocr_line' id='line_1_90' title="bbox 2120 4414 3764 4489; baseline 0.002 -20"><span class='ocrx_word' id='word_1_596' title='bbox 2120 4431 2233 4485; x_wconf 91' lang='lat' dir='ltr'>quo</span> <span class='ocrx_word' id='word_1_597' title='bbox 2256 4414 2543 4485; x_wconf 85' lang='lat' dir='ltr'>Argrinus</span> <span class='ocrx_word' id='word_1_598' title='bbox 2563 4416 2913 4472; x_wconf 89' lang='lat' dir='ltr'>venerabilis</span> <span class='ocrx_word' id='word_1_599' title='bbox 2933 4417 3242 4488; x_wconf 91' lang='lat' dir='ltr'>episcopus</span> <span class='ocrx_word' id='word_1_600' title='bbox 3265 4417 3335 4472; x_wconf 90' lang='lat' dir='ltr'>ab</span> <span class='ocrx_word' id='word_1_601' title='bbox 3360 4418 3487 4488; x_wconf 89' lang='lat' dir='ltr'>ipsa</span> <span class='ocrx_word' id='word_1_602' title='bbox 3508 4434 3610 4489; x_wconf 90' lang='lat' dir='ltr'>per</span> <span class='ocrx_word' id='word_1_603' title='bbox 3630 4420 3764 4473; x_wconf 89' lang='lat' dir='ltr'>sub-</span> 
     </span>
    </p>
   </div>
   <div class='ocr_carea' id='block_1_91' title="bbox 2119 4504 3761 4576">
    <p class='ocr_par' dir='ltr' id='par_1_91' title="bbox 2119 4504 3761 4576">
     <span class='ocr_line' id='line_1_91' title="bbox 2119 4504 3761 4576; baseline 0.002 -19"><span class='ocrx_word' id='word_1_604' title='bbox 2119 4504 2441 4575; x_wconf 88' lang='lat' dir='ltr'>reptionem</span> <span class='ocrx_word' id='word_1_605' title='bbox 2466 4506 2855 4575; x_wconf 89' lang='lat' dir='ltr'>quorumdam</span> <span class='ocrx_word' id='word_1_606' title='bbox 2885 4505 3126 4560; x_wconf 91' lang='lat' dir='ltr'>recessit</span> <span class='ocrx_word' id='word_1_607' title='bbox 3145 4504 3405 4560; x_wconf 84' lang='lat' dir='ltr'>Ecclesia</span> <span class='ocrx_word' id='word_1_608' title='bbox 3429 4523 3441 4561; x_wconf 91' lang='lat'>:</span> <span class='ocrx_word' id='word_1_609' title='bbox 3468 4522 3640 4576; x_wconf 90' lang='lat' dir='ltr'>quem</span> <span class='ocrx_word' id='word_1_610' title='bbox 3667 4523 3761 4561; x_wconf 90' lang='lat' dir='ltr'>om</span> 
     </span>
    </p>
   </div>
   <div class='ocr_carea' id='block_1_92' title="bbox 356 4578 2000 4665">
    <p class='ocr_par' dir='ltr' id='par_1_92' title="bbox 356 4578 2000 4665">
     <span class='ocr_line' id='line_1_92' title="bbox 356 4578 2000 4665; baseline 0.001 -33"><span class='ocrx_word' id='word_1_611' title='bbox 356 4578 525 4648; x_wconf 80' lang='lat' dir='ltr'>Negat</span> <span class='ocrx_word' id='word_1_612' title='bbox 556 4579 648 4634; x_wconf 76' lang='lat' dir='ltr'>illi</span> <span class='ocrx_word' id='word_1_613' title='bbox 677 4580 897 4665; x_wconf 42' lang='lat' dir='ltr'>vagiam</span> <span class='ocrx_word' id='word_1_614' title='bbox 928 4594 1093 4665; x_wconf 55' lang='lat' dir='ltr'>quam.</span> <span class='ocrx_word' id='word_1_615' title='bbox 1119 4579 1859 4665; x_wconf 51' lang='lat' dir='ltr'>petiveratcommunicandi</span> <span class='ocrx_word' id='word_1_616' title='bbox 1884 4596 2000 4633; x_wconf 86' lang='lat' dir='ltr'>cum</span> 
     </span>
    </p>
   </div>
   <div class='ocr_carea' id='block_1_93' title="bbox 2114 4578 3764 4665">
    <p class='ocr_par' dir='ltr' id='par_1_93' title="bbox 2118 4592 3764 4665">
     <span class='ocr_line' id='line_1_93' title="bbox 2118 4592 3764 4665; baseline 0.002 -18"><span class='ocrx_word' id='word_1_617' title='bbox 2118 4610 2220 4648; x_wconf 89' lang='lat' dir='ltr'>nes</span> <span class='ocrx_word' id='word_1_618' title='bbox 2242 4592 2607 4647; x_wconf 89' lang='lat' dir='ltr'>concorditer</span> <span class='ocrx_word' id='word_1_619' title='bbox 2630 4610 2731 4648; x_wconf 90' lang='lat' dir='ltr'>vos</span> <span class='ocrx_word' id='word_1_620' title='bbox 2750 4593 3016 4664; x_wconf 87' lang='lat' dir='ltr'>elegisse:</span> <span class='ocrx_word' id='word_1_621' title='bbox 3033 4593 3327 4665; x_wconf 89' lang='lat' dir='ltr'>excepisse</span> <span class='ocrx_word' id='word_1_622' title='bbox 3340 4598 3395 4648; x_wconf 90' lang='lat' dir='ltr'>et</span> <span class='ocrx_word' id='word_1_623' title='bbox 3407 4593 3764 4651; x_wconf 89' lang='lat' dir='ltr'>acclamasse</span> 
     </span>
    </p>
   </div>
   <div class='ocr_carea' id='block_1_94' title="bbox 714 4650 1648 4721">
    <p class='ocr_par' dir='ltr' id='par_1_94' title="bbox 714 4650 1648 4721">
     <span class='ocr_line' id='line_1_94' title="bbox 714 4650 1648 4721; baseline -0.001 -17"><span class='ocrx_word' id='word_1_624' title='bbox 714 4651 831 4705; x_wconf 80' lang='lat' dir='ltr'>illis</span> <span class='ocrx_word' id='word_1_625' title='bbox 860 4666 992 4721; x_wconf 73' lang='lat' dir='ltr'>quos</span> <span class='ocrx_word' id='word_1_626' title='bbox 1021 4650 1250 4705; x_wconf 84' lang='lat' dir='ltr'>Photius</span> <span class='ocrx_word' id='word_1_627' title='bbox 1279 4650 1648 4705; x_wconf 81' lang='lat' dir='ltr'>ordinaverat.</span> 
     </span>
    </p>
   </div>
   <div class='ocr_carea' id='block_1_95' title="bbox 434 4773 2003 4846">
    <p class='ocr_par' dir='ltr' id='par_1_95' title="bbox 434 4773 2003 4846">
     <span class='ocr_line' id='line_1_95' title="bbox 434 4773 2003 4846; baseline 0.001 -19"><span class='ocrx_word' id='word_1_628' title='bbox 434 4775 543 4828; x_wconf 85' lang='lat' dir='ltr'>Eas</span> <span class='ocrx_word' id='word_1_629' title='bbox 571 4789 717 4845; x_wconf 90' lang='lat' dir='ltr'>quas</span> <span class='ocrx_word' id='word_1_630' title='bbox 750 4790 857 4846; x_wconf 89' lang='lat' dir='ltr'>par</span> <span class='ocrx_word' id='word_1_631' title='bbox 886 4777 975 4829; x_wconf 84' lang='lat' dir='ltr'>est</span> <span class='ocrx_word' id='word_1_632' title='bbox 1006 4773 1301 4829; x_wconf 90' lang='lat' dir='ltr'>dilectioni</span> <span class='ocrx_word' id='word_1_633' title='bbox 1340 4778 1451 4827; x_wconf 79' lang='lat' dir='ltr'>tuze</span> <span class='ocrx_word' id='word_1_634' title='bbox 1503 4773 1721 4844; x_wconf 88' lang='lat' dir='ltr'>gratias</span> <span class='ocrx_word' id='word_1_635' title='bbox 1752 4773 2003 4845; x_wconf 87' lang='lat' dir='ltr'>agimus,</span> 
     </span>
    </p>
   </div>
   <div class='ocr_carea' id='block_1_96' title="bbox 355 4860 2006 4934">
    <p class='ocr_par' dir='ltr' id='par_1_96' title="bbox 355 4860 2006 4934">
     <span class='ocr_line' id='line_1_96' title="bbox 355 4860 2006 4934; baseline 0.002 -19"><span class='ocrx_word' id='word_1_636' title='bbox 355 4860 697 4917; x_wconf 89' lang='lat' dir='ltr'>honorande</span> <span class='ocrx_word' id='word_1_637' title='bbox 720 4863 915 4933; x_wconf 85' lang='lat' dir='ltr'>frater,</span> <span class='ocrx_word' id='word_1_638' title='bbox 944 4864 1098 4934; x_wconf 91' lang='lat' dir='ltr'>quod</span> <span class='ocrx_word' id='word_1_639' title='bbox 1114 4879 1420 4933; x_wconf 89' lang='lat' dir='ltr'>nunquam</span> <span class='ocrx_word' id='word_1_640' title='bbox 1439 4880 1471 4917; x_wconf 90' lang='lat' dir='ltr'>a</span> <span class='ocrx_word' id='word_1_641' title='bbox 1488 4867 1673 4917; x_wconf 85' lang='lat' dir='ltr'>matre</span> <span class='ocrx_word' id='word_1_642' title='bbox 1692 4866 2006 4918; x_wconf 87' lang='lat' dir='ltr'>tuasancta</span> 
     </span>
    </p>
   </div>
   <div class='ocr_carea' id='block_1_97' title="bbox 354 4950 2005 5023">
    <p class='ocr_par' dir='ltr' id='par_1_97' title="bbox 354 4950 2005 5023">
     <span class='ocr_line' id='line_1_97' title="bbox 354 4950 2005 5023; baseline 0.001 -18"><span class='ocrx_word' id='word_1_643' title='bbox 354 4950 644 5006; x_wconf 85' lang='lat' dir='ltr'>catholica</span> <span class='ocrx_word' id='word_1_644' title='bbox 673 4956 731 5006; x_wconf 90' lang='lat' dir='ltr'>et</span> <span class='ocrx_word' id='word_1_645' title='bbox 762 4951 1077 5023; x_wconf 88' lang='lat' dir='ltr'>apostolica</span> <span class='ocrx_word' id='word_1_646' title='bbox 1108 4950 1363 5006; x_wconf 89' lang='lat' dir='ltr'>Ecclesia</span> <span class='ocrx_word' id='word_1_647' title='bbox 1406 4952 1669 5006; x_wconf 81' lang='lat' dir='ltr'>Romana</span> <span class='ocrx_word' id='word_1_648' title='bbox 1718 4951 2005 5007; x_wconf 87' lang='lat' dir='ltr'>declinare</span> 
     </span>
    </p>
   </div>
   <div class='ocr_carea' id='block_1_98' title="bbox 349 5039 2001 5111">
    <p class='ocr_par' dir='ltr' id='par_1_98' title="bbox 349 5039 2001 5111">
     <span class='ocr_line' id='line_1_98' title="bbox 349 5039 2001 5111; baseline 0.001 -19"><span class='ocrx_word' id='word_1_649' title='bbox 349 5039 607 5095; x_wconf 88' lang='lat' dir='ltr'>voluisti.</span> <span class='ocrx_word' id='word_1_650' title='bbox 647 5044 846 5111; x_wconf 90' lang='lat' dir='ltr'>Neque</span> <span class='ocrx_word' id='word_1_651' title='bbox 878 5040 1029 5095; x_wconf 91' lang='lat' dir='ltr'>enim</span> <span class='ocrx_word' id='word_1_652' title='bbox 1062 5044 1355 5095; x_wconf 90' lang='lat' dir='ltr'>tormenta</span> <span class='ocrx_word' id='word_1_653' title='bbox 1386 5040 1526 5107; x_wconf 86' lang='lat' dir='ltr'>ulla,</span> <span class='ocrx_word' id='word_1_654' title='bbox 1561 5056 1748 5110; x_wconf 90' lang='lat' dir='ltr'>neque</span> <span class='ocrx_word' id='word_1_655' title='bbox 1779 5040 2001 5105; x_wconf 87' lang='lat' dir='ltr'>exsilia,</span> 
     </span>
    </p>
   </div>
   <div class='ocr_carea' id='block_1_99' title="bbox 351 5129 2005 5199">
    <p class='ocr_par' dir='ltr' id='par_1_99' title="bbox 351 5129 2005 5199">
     <span class='ocr_line' id='line_1_99' title="bbox 351 5129 2005 5199; baseline 0.001 -16"><span class='ocrx_word' id='word_1_656' title='bbox 351 5144 543 5199; x_wconf 89' lang='lat' dir='ltr'>neque</span> <span class='ocrx_word' id='word_1_657' title='bbox 567 5130 805 5185; x_wconf 88' lang='lat' dir='ltr'>fraudes</span> <span class='ocrx_word' id='word_1_658' title='bbox 830 5129 1230 5184; x_wconf 84' lang='lat' dir='ltr'>adulterorum</span> <span class='ocrx_word' id='word_1_659' title='bbox 1249 5129 1554 5183; x_wconf 89' lang='lat' dir='ltr'>hominum</span> <span class='ocrx_word' id='word_1_660' title='bbox 1581 5147 1613 5183; x_wconf 89' lang='lat' dir='ltr'>a</span> <span class='ocrx_word' id='word_1_661' title='bbox 1637 5133 2005 5184; x_wconf 88' lang='lat' dir='ltr'>matretuate</span> 
     </span>
    </p>
   </div>
   <div class='ocr_carea' id='block_1_100' title="bbox 349 5218 2000 5291">
    <p class='ocr_par' dir='ltr' id='par_1_100' title="bbox 349 5218 2000 5291">
     <span class='ocr_line' id='line_1_100' title="bbox 349 5218 2000 5291; baseline -0.001 -18"><span class='ocrx_word' id='word_1_662' title='bbox 349 5218 625 5275; x_wconf 88' lang='lat' dir='ltr'>divellere</span> <span class='ocrx_word' id='word_1_663' title='bbox 658 5223 993 5291; x_wconf 89' lang='lat' dir='ltr'>potuerunt.</span> <span class='ocrx_word' id='word_1_664' title='bbox 1024 5220 1201 5291; x_wconf 88' lang='lat' dir='ltr'>Spero</span> <span class='ocrx_word' id='word_1_665' title='bbox 1248 5223 1439 5274; x_wconf 86' lang='lat' dir='ltr'>tamen</span> <span class='ocrx_word' id='word_1_666' title='bbox 1491 5224 1730 5273; x_wconf 88' lang='lat' dir='ltr'>tuarum</span> <span class='ocrx_word' id='word_1_667' title='bbox 1764 5234 2000 5289; x_wconf 88' lang='lat' dir='ltr'>precum</span> 
     </span>
    </p>
   </div>
   <div class='ocr_carea' id='block_1_101' title="bbox 350 5306 1999 5379">
    <p class='ocr_par' dir='ltr' id='par_1_101' title="bbox 350 5306 1999 5379">
     <span class='ocr_line' id='line_1_101' title="bbox 350 5306 1999 5379; baseline -0.002 -16"><span class='ocrx_word' id='word_1_668' title='bbox 350 5308 609 5363; x_wconf 84' lang='lat' dir='ltr'>favorem</span> <span class='ocrx_word' id='word_1_669' title='bbox 627 5308 907 5363; x_wconf 89' lang='lat' dir='ltr'>duritiem</span> <span class='ocrx_word' id='word_1_670' title='bbox 931 5308 1123 5363; x_wconf 91' lang='lat' dir='ltr'>cordis</span> <span class='ocrx_word' id='word_1_671' title='bbox 1148 5324 1373 5373; x_wconf 89' lang='lat' dir='ltr'>eorum,</span> <span class='ocrx_word' id='word_1_672' title='bbox 1399 5308 1505 5379; x_wconf 90' lang='lat' dir='ltr'>qui</span> <span class='ocrx_word' id='word_1_673' title='bbox 1531 5306 1742 5362; x_wconf 90' lang='lat' dir='ltr'>salvari</span> <span class='ocrx_word' id='word_1_674' title='bbox 1768 5307 1999 5374; x_wconf 89' lang='lat' dir='ltr'>debent,</span> 
     </span>
    </p>
   </div>
   <div class='ocr_carea' id='block_1_102' title="bbox 350 5396 1997 5469">
    <p class='ocr_par' dir='ltr' id='par_1_102' title="bbox 350 5396 1997 5469">
     <span class='ocr_line' id='line_1_102' title="bbox 350 5396 1997 5469; baseline -0.001 -19"><span class='ocrx_word' id='word_1_675' title='bbox 350 5396 709 5462; x_wconf 88' lang='lat' dir='ltr'>leniendam,</span> <span class='ocrx_word' id='word_1_676' title='bbox 759 5401 815 5452; x_wconf 90' lang='lat' dir='ltr'>et</span> <span class='ocrx_word' id='word_1_677' title='bbox 873 5400 1131 5469; x_wconf 88' lang='lat' dir='ltr'>optatam</span> <span class='ocrx_word' id='word_1_678' title='bbox 1192 5412 1392 5466; x_wconf 89' lang='lat' dir='ltr'>pacem</span> <span class='ocrx_word' id='word_1_679' title='bbox 1447 5396 1808 5451; x_wconf 88' lang='lat' dir='ltr'>redituram:</span> <span class='ocrx_word' id='word_1_680' title='bbox 1844 5396 1997 5466; x_wconf 92' lang='lat' dir='ltr'>quod</span> 
     </span>
    </p>
   </div>
   <div class='ocr_carea' id='block_1_103' title="bbox 349 5485 2001 5557">
    <p class='ocr_par' dir='ltr' id='par_1_103' title="bbox 349 5485 2001 5557">
     <span class='ocr_line' id='line_1_103' title="bbox 349 5485 2001 5557; baseline 0 -17"><span class='ocrx_word' id='word_1_681' title='bbox 349 5485 571 5557; x_wconf 82' lang='lat' dir='ltr'>apertis</span> <span class='ocrx_word' id='word_1_682' title='bbox 604 5486 965 5557; x_wconf 90' lang='lat' dir='ltr'>argumentis</span> <span class='ocrx_word' id='word_1_683' title='bbox 1014 5486 1279 5540; x_wconf 90' lang='lat' dir='ltr'>futurum</span> <span class='ocrx_word' id='word_1_684' title='bbox 1326 5490 1585 5557; x_wconf 85' lang='lat' dir='ltr'>apparet,</span> <span class='ocrx_word' id='word_1_685' title='bbox 1642 5490 1700 5540; x_wconf 90' lang='lat' dir='ltr'>et</span> <span class='ocrx_word' id='word_1_686' title='bbox 1742 5485 2001 5540; x_wconf 89' lang='lat' dir='ltr'>schisma</span> 
     </span>
    </p>
   </div>
   <div class='ocr_carea' id='block_1_104' title="bbox 347 5573 1996 5647">
    <p class='ocr_par' dir='ltr' id='par_1_104' title="bbox 347 5573 1996 5647">
     <span class='ocr_line' id='line_1_104' title="bbox 347 5573 1996 5647; baseline 0 -18"><span class='ocrx_word' id='word_1_687' title='bbox 347 5573 745 5647; x_wconf 86' lang='lat' dir='ltr'>quadraginta</span> <span class='ocrx_word' id='word_1_688' title='bbox 773 5574 892 5630; x_wconf 88' lang='lat' dir='ltr'>fere</span> <span class='ocrx_word' id='word_1_689' title='bbox 947 5588 1236 5631; x_wconf 88' lang='lat' dir='ltr'>annorum</span> <span class='ocrx_word' id='word_1_690' title='bbox 1269 5574 1340 5627; x_wconf 86' lang='lat' dir='ltr'>ad</span> <span class='ocrx_word' id='word_1_691' title='bbox 1401 5574 1655 5645; x_wconf 89' lang='lat' dir='ltr'>priorem</span> <span class='ocrx_word' id='word_1_692' title='bbox 1687 5573 1996 5630; x_wconf 88' lang='lat' dir='ltr'>sanitatem</span> 
     </span>
    </p>
   </div>
   <div class='ocr_carea' id='block_1_105' title="bbox 344 5662 1994 5734">
    <p class='ocr_par' dir='ltr' id='par_1_105' title="bbox 344 5662 1994 5734">
     <span class='ocr_line' id='line_1_105' title="bbox 344 5662 1994 5734; baseline -0.002 -14"><span class='ocrx_word' id='word_1_693' title='bbox 344 5678 740 5720; x_wconf 85' lang='lat' dir='ltr'>reversurum.</span> <span class='ocrx_word' id='word_1_694' title='bbox 775 5665 909 5729; x_wconf 65' lang='lat' dir='ltr'>Qua</span> <span class='ocrx_word' id='word_1_695' title='bbox 958 5663 1112 5719; x_wconf 90' lang='lat' dir='ltr'>enim</span> <span class='ocrx_word' id='word_1_696' title='bbox 1172 5666 1274 5716; x_wconf 87' lang='lat' dir='ltr'>tua</span> <span class='ocrx_word' id='word_1_697' title='bbox 1332 5666 1517 5717; x_wconf 89' lang='lat' dir='ltr'>mater</span> <span class='ocrx_word' id='word_1_698' title='bbox 1572 5662 1902 5734; x_wconf 89' lang='lat' dir='ltr'>reprobavit</span> <span class='ocrx_word' id='word_1_699' title='bbox 1932 5665 1994 5717; x_wconf 89' lang='lat' dir='ltr'>tu</span> 
     </span>
    </p>
   </div>
   <div class='ocr_carea' id='block_1_106' title="bbox 2115 4681 3763 4757">
    <p class='ocr_par' dir='ltr' id='par_1_106' title="bbox 2115 4681 3763 4757">
     <span class='ocr_line' id='line_1_106' title="bbox 2115 4681 3763 4757; baseline 0.003 -21"><span class='ocrx_word' id='word_1_700' title='bbox 2115 4681 2513 4738; x_wconf 89' lang='lat' dir='ltr'>testiﬁcamini</span> <span class='ocrx_word' id='word_1_701' title='bbox 2539 4700 2552 4750; x_wconf 87' lang='lat'><strong>;</strong></span> <span class='ocrx_word' id='word_1_702' title='bbox 2586 4681 2935 4753; x_wconf 89' lang='lat' dir='ltr'>nullumque</span> <span class='ocrx_word' id='word_1_703' title='bbox 2966 4685 3097 4754; x_wconf 90' lang='lat' dir='ltr'>post</span> <span class='ocrx_word' id='word_1_704' title='bbox 3126 4682 3321 4754; x_wconf 89' lang='lat' dir='ltr'>ipsum</span> <span class='ocrx_word' id='word_1_705' title='bbox 3354 4682 3535 4739; x_wconf 89' lang='lat' dir='ltr'>alium</span> <span class='ocrx_word' id='word_1_706' title='bbox 3558 4688 3763 4757; x_wconf 89' lang='lat' dir='ltr'>sponte</span> 
     </span>
    </p>
   </div>
   <div class='ocr_carea' id='block_1_107' title="bbox 2116 4770 3761 4843">
    <p class='ocr_par' dir='ltr' id='par_1_107' title="bbox 2116 4770 3761 4843">
     <span class='ocr_line' id='line_1_107' title="bbox 2116 4770 3761 4843; baseline 0.003 -19"><span class='ocrx_word' id='word_1_707' title='bbox 2116 4771 2404 4842; x_wconf 89' lang='lat' dir='ltr'>recepisse</span> <span class='ocrx_word' id='word_1_708' title='bbox 2434 4771 2795 4843; x_wconf 77' lang='lat' dir='ltr'>epiSCOpum,</span> <span class='ocrx_word' id='word_1_709' title='bbox 2831 4770 2984 4826; x_wconf 90' lang='lat' dir='ltr'>sicut</span> <span class='ocrx_word' id='word_1_710' title='bbox 3010 4770 3206 4827; x_wconf 92' lang='lat' dir='ltr'>libello</span> <span class='ocrx_word' id='word_1_711' title='bbox 3238 4776 3443 4828; x_wconf 85' lang='lat' dir='ltr'>vestrae</span> <span class='ocrx_word' id='word_1_712' title='bbox 3476 4773 3761 4829; x_wconf 89' lang='lat' dir='ltr'>reclama-</span> 
     </span>
    </p>
   </div>
   <div class='ocr_carea' id='block_1_108' title="bbox 2114 4861 3762 4933">
    <p class='ocr_par' dir='ltr' id='par_1_108' title="bbox 2114 4861 3762 4933">
     <span class='ocr_line' id='line_1_108' title="bbox 2114 4861 3762 4933; baseline 0 -17"><span class='ocrx_word' id='word_1_713' title='bbox 2114 4862 2291 4917; x_wconf 88' lang='lat' dir='ltr'>tionis</span> <span class='ocrx_word' id='word_1_714' title='bbox 2314 4861 2908 4933; x_wconf 91' lang='lat' dir='ltr'>pleniuscontinetur.</span> <span class='ocrx_word' id='word_1_715' title='bbox 2924 4866 3050 4916; x_wconf 87' lang='lat' dir='ltr'>Jam</span> <span class='ocrx_word' id='word_1_716' title='bbox 3063 4862 3218 4917; x_wconf 91' lang='lat' dir='ltr'>enim</span> <span class='ocrx_word' id='word_1_717' title='bbox 3238 4862 3375 4917; x_wconf 91' lang='lat' dir='ltr'>olim</span> <span class='ocrx_word' id='word_1_718' title='bbox 3392 4863 3762 4933; x_wconf 87' lang='lat' dir='ltr'>perAnscha-</span> 
     </span>
    </p>
   </div>
   <div class='ocr_carea' id='block_1_109' title="bbox 2119 4950 3764 5021">
    <p class='ocr_par' dir='ltr' id='par_1_109' title="bbox 2119 4950 3764 5021">
     <span class='ocr_line' id='line_1_109' title="bbox 2119 4950 3764 5021; baseline 0 -16"><span class='ocrx_word' id='word_1_719' title='bbox 2119 4968 2249 5005; x_wconf 91' lang='lat' dir='ltr'>rum</span> <span class='ocrx_word' id='word_1_720' title='bbox 2284 4951 2555 5005; x_wconf 91' lang='lat' dir='ltr'>comitem</span> <span class='ocrx_word' id='word_1_721' title='bbox 2591 4950 2865 5005; x_wconf 88' lang='lat' dir='ltr'>dilectum</span> <span class='ocrx_word' id='word_1_722' title='bbox 2899 4951 3085 5005; x_wconf 90' lang='lat' dir='ltr'>ﬁlium</span> <span class='ocrx_word' id='word_1_723' title='bbox 3130 4956 3397 5007; x_wconf 90' lang='lat' dir='ltr'>nostrum</span> <span class='ocrx_word' id='word_1_724' title='bbox 3430 4952 3540 5004; x_wconf 91' lang='lat' dir='ltr'>hoc</span> <span class='ocrx_word' id='word_1_725' title='bbox 3570 4951 3764 5021; x_wconf 90' lang='lat' dir='ltr'>ipsum</span> 
     </span>
    </p>
   </div>
   <div class='ocr_carea' id='block_1_110' title="bbox 2115 5038 3761 5110">
    <p class='ocr_par' dir='ltr' id='par_1_110' title="bbox 2115 5038 3761 5110">
     <span class='ocr_line' id='line_1_110' title="bbox 2115 5038 3761 5110; baseline 0 -17"><span class='ocrx_word' id='word_1_726' title='bbox 2115 5055 2593 5110; x_wconf 85' lang='lat' dir='ltr'>cognoveramus,</span> <span class='ocrx_word' id='word_1_727' title='bbox 2630 5039 2728 5109; x_wconf 88' lang='lat' dir='ltr'>qui</span> <span class='ocrx_word' id='word_1_728' title='bbox 2762 5056 2823 5094; x_wconf 92' lang='lat' dir='ltr'>se</span> <span class='ocrx_word' id='word_1_729' title='bbox 2854 5039 2909 5093; x_wconf 91' lang='lat' dir='ltr'>in</span> <span class='ocrx_word' id='word_1_730' title='bbox 2946 5040 3055 5093; x_wconf 89' lang='lat' dir='ltr'>hoc</span> <span class='ocrx_word' id='word_1_731' title='bbox 3086 5041 3237 5093; x_wconf 89' lang='lat' dir='ltr'>facto</span> <span class='ocrx_word' id='word_1_732' title='bbox 3258 5038 3508 5109; x_wconf 89' lang='lat' dir='ltr'>graviter</span> <span class='ocrx_word' id='word_1_733' title='bbox 3535 5054 3761 5093; x_wconf 89' lang='lat' dir='ltr'>errasse</span> 
     </span>
    </p>
   </div>
   <div class='ocr_carea' id='block_1_111' title="bbox 2112 5125 3762 5197">
    <p class='ocr_par' dir='ltr' id='par_1_111' title="bbox 2112 5125 3762 5197">
     <span class='ocr_line' id='line_1_111' title="bbox 2112 5125 3762 5197; baseline 0.001 -15"><span class='ocrx_word' id='word_1_734' title='bbox 2112 5127 2415 5182; x_wconf 90' lang='lat' dir='ltr'>humiliter</span> <span class='ocrx_word' id='word_1_735' title='bbox 2430 5128 2733 5182; x_wconf 90' lang='lat' dir='ltr'>confessus</span> <span class='ocrx_word' id='word_1_736' title='bbox 2752 5133 2857 5182; x_wconf 91' lang='lat' dir='ltr'>est.</span> <span class='ocrx_word' id='word_1_737' title='bbox 2875 5129 2990 5182; x_wconf 83' lang='lat' dir='ltr'>Nos</span> <span class='ocrx_word' id='word_1_738' title='bbox 3011 5143 3146 5197; x_wconf 90' lang='lat' dir='ltr'>ergo</span> <span class='ocrx_word' id='word_1_739' title='bbox 3169 5126 3268 5196; x_wconf 92' lang='lat' dir='ltr'>qui</span> <span class='ocrx_word' id='word_1_740' title='bbox 3291 5125 3554 5180; x_wconf 90' lang='lat' dir='ltr'>omnium</span> <span class='ocrx_word' id='word_1_741' title='bbox 3572 5126 3762 5183; x_wconf 87' lang='lat' dir='ltr'>Eccle-</span> 
     </span>
    </p>
   </div>
   <div class='ocr_carea' id='block_1_112' title="bbox 2113 5214 3761 5287">
    <p class='ocr_par' dir='ltr' id='par_1_112' title="bbox 2113 5214 3761 5287">
     <span class='ocr_line' id='line_1_112' title="bbox 2113 5214 3761 5287; baseline 0.001 -17"><span class='ocrx_word' id='word_1_742' title='bbox 2113 5218 2333 5271; x_wconf 86' lang='lat' dir='ltr'>siarum</span> <span class='ocrx_word' id='word_1_743' title='bbox 2386 5216 2483 5271; x_wconf 91' lang='lat' dir='ltr'>Dei</span> <span class='ocrx_word' id='word_1_744' title='bbox 2526 5233 2727 5270; x_wconf 91' lang='lat' dir='ltr'>curam</span> <span class='ocrx_word' id='word_1_745' title='bbox 2790 5220 2847 5269; x_wconf 92' lang='lat' dir='ltr'>et</span> <span class='ocrx_word' id='word_1_746' title='bbox 2904 5214 3358 5269; x_wconf 81' lang='lat' dir='ltr'>sollicituninem</span> <span class='ocrx_word' id='word_1_747' title='bbox 3389 5216 3669 5287; x_wconf 85' lang='lat' dir='ltr'>gerimus,</span> <span class='ocrx_word' id='word_1_748' title='bbox 3704 5220 3761 5271; x_wconf 90' lang='lat' dir='ltr'>et</span> 
     </span>
    </p>
   </div>
   <div class='ocr_carea' id='block_1_113' title="bbox 2112 5304 3757 5375">
    <p class='ocr_par' dir='ltr' id='par_1_113' title="bbox 2112 5304 3757 5375">
     <span class='ocr_line' id='line_1_113' title="bbox 2112 5304 3757 5375; baseline -0.002 -15"><span class='ocrx_word' id='word_1_749' title='bbox 2112 5304 2386 5360; x_wconf 90' lang='lat' dir='ltr'>omnibus</span> <span class='ocrx_word' id='word_1_750' title='bbox 2408 5305 2684 5360; x_wconf 86' lang='lat' dir='ltr'>Ecclesiis</span> <span class='ocrx_word' id='word_1_751' title='bbox 2709 5306 2813 5375; x_wconf 89' lang='lat' dir='ltr'>jus</span> <span class='ocrx_word' id='word_1_752' title='bbox 2838 5304 3271 5370; x_wconf 85' lang='lat' dir='ltr'>intemeratum,</span> <span class='ocrx_word' id='word_1_753' title='bbox 3296 5305 3757 5375; x_wconf 87' lang='lat' dir='ltr'>canonicamque</span> 
     </span>
    </p>
   </div>
   <div class='ocr_carea' id='block_1_114' title="bbox 2112 5390 3756 5461">
    <p class='ocr_par' dir='ltr' id='par_1_114' title="bbox 2112 5390 3756 5461">
     <span class='ocr_line' id='line_1_114' title="bbox 2112 5390 3756 5461; baseline -0.001 -13"><span class='ocrx_word' id='word_1_754' title='bbox 2112 5393 2515 5449; x_wconf 90' lang='lat' dir='ltr'>auctoritatem</span> <span class='ocrx_word' id='word_1_755' title='bbox 2542 5390 3018 5461; x_wconf 88' lang='lat' dir='ltr'>irrefragabiliter</span> <span class='ocrx_word' id='word_1_756' title='bbox 3047 5391 3351 5448; x_wconf 79' lang='lat' dir='ltr'>observare</span> <span class='ocrx_word' id='word_1_757' title='bbox 3396 5393 3668 5447; x_wconf 90' lang='lat' dir='ltr'>volumus</span> <span class='ocrx_word' id='word_1_758' title='bbox 3700 5396 3756 5446; x_wconf 90' lang='lat' dir='ltr'>et</span> 
     </span>
    </p>
   </div>
   <div class='ocr_carea' id='block_1_115' title="bbox 2109 5480 3751 5552">
    <p class='ocr_par' dir='ltr' id='par_1_115' title="bbox 2109 5480 3751 5552">
     <span class='ocr_line' id='line_1_115' title="bbox 2109 5480 3751 5552; baseline -0.001 -15"><span class='ocrx_word' id='word_1_759' title='bbox 2109 5485 2793 5551; x_wconf 86' lang='lat' dir='ltr'>debemus,nequaquam</span> <span class='ocrx_word' id='word_1_760' title='bbox 2816 5496 2917 5535; x_wconf 91' lang='lat' dir='ltr'>vos</span> <span class='ocrx_word' id='word_1_761' title='bbox 2940 5480 3317 5536; x_wconf 88' lang='lat' dir='ltr'>diutiustalia</span> <span class='ocrx_word' id='word_1_762' title='bbox 3330 5481 3445 5552; x_wconf 90' lang='lat' dir='ltr'>pati</span> <span class='ocrx_word' id='word_1_763' title='bbox 3464 5481 3751 5552; x_wconf 89' lang='lat' dir='ltr'>permitti-</span> 
     </span>
    </p>
   </div>
   <div class='ocr_carea' id='block_1_116' title="bbox 2109 5569 3751 5641">
    <p class='ocr_par' dir='ltr' id='par_1_116' title="bbox 2109 5569 3751 5641">
     <span class='ocr_line' id='line_1_116' title="bbox 2109 5569 3751 5641; baseline -0.001 -14"><span class='ocrx_word' id='word_1_764' title='bbox 2109 5588 2276 5639; x_wconf 88' lang='lat' dir='ltr'>mus;</span> <span class='ocrx_word' id='word_1_765' title='bbox 2312 5571 2413 5625; x_wconf 90' lang='lat' dir='ltr'>sed</span> <span class='ocrx_word' id='word_1_766' title='bbox 2448 5569 2864 5641; x_wconf 87' lang='lat' dir='ltr'>compatientes</span> <span class='ocrx_word' id='word_1_767' title='bbox 2908 5576 3109 5624; x_wconf 82' lang='lat' dir='ltr'>vestrae</span> <span class='ocrx_word' id='word_1_768' title='bbox 3158 5569 3529 5639; x_wconf 87' lang='lat' dir='ltr'>fraternitati,</span> <span class='ocrx_word' id='word_1_769' title='bbox 3579 5574 3636 5625; x_wconf 90' lang='lat' dir='ltr'>et</span> <span class='ocrx_word' id='word_1_770' title='bbox 3655 5586 3751 5625; x_wconf 92' lang='lat' dir='ltr'>ve-</span> 
     </span>
    </p>
   </div>
   <div class='ocr_carea' id='block_1_117' title="bbox 2109 5657 3748 5732">
    <p class='ocr_par' dir='ltr' id='par_1_117' title="bbox 2109 5657 3748 5732">
     <span class='ocr_line' id='line_1_117' title="bbox 2109 5657 3748 5732; baseline 0.001 -15"><span class='ocrx_word' id='word_1_771' title='bbox 2109 5665 2287 5718; x_wconf 86' lang='lat' dir='ltr'>stram</span> <span class='ocrx_word' id='word_1_772' title='bbox 2314 5658 2699 5732; x_wconf 83' lang='lat' dir='ltr'>lacrymosam</span> <span class='ocrx_word' id='word_1_773' title='bbox 2722 5657 3150 5732; x_wconf 87' lang='lat' dir='ltr'>querimoniam</span> <span class='ocrx_word' id='word_1_774' title='bbox 3170 5658 3443 5718; x_wconf 87' lang='lat' dir='ltr'>veridicis</span> <span class='ocrx_word' id='word_1_775' title='bbox 3474 5661 3748 5719; x_wconf 86' lang='lat' dir='ltr'>assertio-</span> 
     </span>
    </p>
   </div>
  </div>
