4040 6208
315 276 392 344 οι
1652 267 1988 338 JOANNIS
2029 267 2258 334 pars
2299 265 2384 332 Ix
2449 212 2466 233 χ
3651 259 3732 330 an

317 413 495 472 nibus
511 427 644 468 cum
664 409 906 484 collegio
922 409 1170 466 fratrum
1184 413 1517 467 nostrorum
1529 409 1958 482 episcoporum,
1992 407 2046 473 Α
2077 421 2222 477 pene
2231 405 2356 475 jam
2374 403 2444 458 ad
2460 399 2712 458 nihilum
2723 397 3271 456 deductavideatur.
3285 396 3472 462 Quam
3487 411 3729 456 causam

317 502 676 574 reliquorum
699 501 974 558 ordinum
997 500 1187 557 ofﬁcio
1211 501 1624 573 approbantes,
1660 500 1963 570 przsfatum

317 593 670 649 confratrem
693 595 959 646 nostrum
983 590 1296 662 Argrinum
1327 589 1717 645 venerabilem
1742 588 1963 659 episco-

319 698 462 754 pum
491 680 656 735 vobis
687 679 964 735 canonice
1011 681 1399 743 restituimus,
1433 695 1667 749 suaeque
1700 676 1964 732 Ecclesia:

318 770 700 827 reformandae
723 769 1173 825 intromittimus
1202 787 1214 824 :
1240 787 1354 824 non
1379 767 1730 825 sententiam
1755 767 1966 834 praede-

318 859 568 916 cessoris
593 859 776 914 nostri
821 859 1096 929 Stephani
1121 876 1282 930 papae
1319 858 1837 930 reprehendentes,
1863 856 1964 910 sed

320 948 587 1005 utilitatis
619 965 684 1002 ac
716 949 1083 1003 necessitatis
1131 965 1312 1004 causa
1351 947 1630 1002 canonice
1662 947 1720 1000 in
1756 945 1965 999 melius

319 1037 1271 1107 commutantes,quemadmodum
1289 1037 1722 1108 prodecessores
1737 1039 1967 1090 nostros

321 1128 392 1182 de
413 1126 616 1181 multis
630 1125 892 1197 egissein
916 1129 1188 1197 promptu
1204 1126 1510 1181 habemus.
1533 1126 1719 1195 llujus
1740 1125 1816 1178 rei
1833 1141 1963 1195 gru-

320 1216 405 1271 tia
425 1231 735 1270 monemus
757 1231 879 1281 vos,
914 1220 970 1268 et
991 1214 1082 1268 his
1131 1214 1506 1286 pontiﬁcatus
1549 1213 1731 1268 nostri
1756 1211 1964 1266 litteris

321 1305 650 1373 hortamur,
683 1308 858 1375 atque
883 1303 1223 1358 auctoritate
1266 1304 1358 1356 ι)θί
1395 1309 1448 1357 et
1481 1307 1681 1358 nostra
1703 1301 1962 1372 praecipi-

321 1410 477 1460 mus,
503 1392 1736 1464 uteumdemArgrinumepiscopum,quem
1755 1391 1960 1445 unani-

326 1482 515 1537 mitati
529 1484 812 1537 vestraa'ut
825 1481 1075 1553 petiistis
1088 1481 1474 1548 reddidimus,
1505 1482 1756 1552 benigno
1771 1497 1964 1536 amore

319 1571 711 1643 concordique
727 1570 1029 1651 devmtipgie
1046 1569 1967 1651 μεᾳμωῌιιρυιισιειῠοιιεπςεὶ-

323 1659 523 1732 piatis,
538 1664 597 1715 et
613 1637 1028 1740 obedieatéiiti

323 1749 655 1806 animarum
686 1735 1523 1822 vesitra'rh'm'pihiﬁ'ﬁéétb'rbin
1551 1744 1966 1804 hdh’orabilitér
1997 1783 2044 1846 B

322 1837 570 1894 teneatis
585 1837 1968 1917 atquqcplatjszcaqopiocailliuSJMSAiEXCllﬁcUﬁ
1987 1837 2040 1917 ,ἶ
2055 1889 2072 1906 .

324 1906 718 2007 observantes.
1339 1906 1596 1996 ve’sﬁuin
1607 1906 1968 2007 ξίξςδῐξθῗςῂδξ

2087 1918 2346 1974 eamdem
2378 1931 2578 1986 regere
2608 1915 2783 1985 digne
2809 1913 3000 1967 valeat
3050 1910 3385 1977 Ecclesiam,
3419 1916 3484 1968 ut
3512 1912 3730 1984 quibus

1157 1994 1293 2071 alia;
1309 1994 1483 2077 atqtie
1496 1994 1786 2071 εἱθιύῗυᾝ
1800 1994 2032 2077 ager-8"
2051 1994 2249 2062 ‘debet
2280 2021 2527 2077 praeesse
2557 2002 2743 2058 valeat
2771 2007 2828 2057 et
2857 2002 3154 2074 prodesse.
3187 2002 3340 2057 Bene
3369 2003 3512 2057 vale.

323 2020 594 2072 nostrum
607 2001 1022 2087 dﬁbsib'iiéahi'j
1031 2001 1293 2072 udicium
1309 2010 1483 2087 atque
1496 2001 1786 2071 stat'u'tuhi
1800 2010 1970 2087 ag'ere

322 2109 427 2161 aut
447 2105 573 2161 sine
596 2101 1024 2177 ipsiusArgrini
1039 2105 1292 2177 episc0pi
1313 2120 1625 2172 consensu,
1642 2104 1700 2160 in
1715 2103 1972 2158 Ecclesia

324 2211 433 2251 sua
465 2193 813 2266 Lingonensi
871 2193 1206 2250 ministrare
1261 2193 1718 2266 praesumpserit,
1750 2197 1807 2248 et
1835 2209 1968 2248 eum

316 2284 488 2356 juxta
518 2288 783 2338 nostrum
817 2283 1117 2339 decretum
1151 2283 1404 2354 recipere
1437 2281 1709 2349 noluerit,
1744 2282 1890 2337 sicat
1910 2298 1972 2337 se

324 2376 528 2428 nostra
550 2372 890 2427 aactoritate
913 2372 1488 2429 excommunicatum
1519 2377 1694 2443 atque
1726 2371 1969 2427 damna-

323 2463 475 2517 tum.
508 2461 658 2516 Bene
687 2460 892 2515 valete.

407 2547 707 2621 Scriptum
731 2565 833 2621 per
853 2565 1093 2604 manum
1117 2547 1350 2604 Samuel
1374 2549 1583 2604 notarii
1605 2555 1661 2606 et
1681 2550 1970 2605 scriniarii
2026 2600 2048 2608 -

331 2641 546 2694 sanctae
597 2637 870 2694 Romanae
929 2635 1220 2706 Ecclesiae,
1260 2637 1320 2693 in
1380 2654 1580 2694 mense
1623 2639 1796 2705 Maio,
1828 2637 1974 2694 indi-

328 2725 518 2783 ctione
549 2743 610 2782 ιι.
1555 2737 1560 2740 ’

917 2815 1273 2872 EPISTULA
1304 2816 1391 2872 IV.

467 2922 540 2962 AD
578 2921 848 2962 CAROLUM
888 2920 1197 2961 SIMPLICEM
1237 2922 1422 2961 REGEM
1461 2922 1830 2962 FBANCORUM.

331 2996 601 3052 Hortatur
627 3005 689 3052 ut
718 2996 952 3065 Argrz’m’
978 2995 1352 3138 Lirfzgonetnsis
1377 2995 1615 3068 episcopi
1642 2997 1977 3052 restitutioni

1075 3083 1212 3122 avea
1243 3108 1255 3121 .

1075 3083 1255 3122 aveat.

2075 512 2208 550 cum
2241 492 2482 564 collegio
2505 488 2929 547 venerabilium
2953 489 3366 561 episcoporum
3392 491 3729 543 nostrorum

2074 582 2338 655 diligenti
2353 581 2781 637 examinatione
2798 579 3244 650 perpendentes,
3263 581 3319 632 ct
3332 578 3412 632 rei
3427 577 3731 633 veritatem

2077 675 2526 742 perscrutantes,
2561 684 2879 738 eorumque
2912 665 3240 721 infelicitati
3274 655 3736 721 misericorditer

2074 760 2506 825 subvenientes,
2537 757 2812 812 canonice
2852 755 3190 822 deﬁnimus,
3229 760 3524 826 quatenus
3547 755 3596 809 ei
3623 772 3732 811 sua

2077 854 2276 905 nostra
2306 848 2648 904 auctoritate
2683 847 3022 901 redderetur
3051 845 3346 900 Ecclesia:
3373 845 3731 900 sententiam

2076 937 2518 1010 praedecessoris
2553 935 2831 1007 Stephani
2862 952 3022 1006 papae
3075 951 3254 988 causa
3283 933 3647 990 necessitatis
3679 938 3736 989 et

2075 1027 2344 1082 utilitatis
2368 1027 2426 1080 in
2451 1025 2662 1080 melius
2686 1029 3138 1088 commutantes,
3168 1024 3323 1078 sicut
3347 1024 3734 1095 praedecesso-

2074 1134 2165 1172 res
2198 1121 2430 1171 nostros
2463 1117 2534 1170 de
2570 1113 2772 1168 multis
2805 1113 2995 1184 egisse
3028 1113 3084 1166 in
3110 1117 3388 1183 promptu
3417 1112 3728 1170 habemus.

2077 1206 2236 1260 Unde
2260 1204 2658 1276 prawidimus,
2684 1206 2740 1256 et
2761 1201 3006 1272 gloriam
3031 1218 3096 1255 ac
3109 1200 3543 1272 religiositatem
3565 1206 3729 1257 tuam

2075 1311 2402 1360 monemus,
2439 1297 2524 1359 ut,
2561 1291 2699 1362 quia
2749 1291 3023 1345 canonice
3075 1288 3243 1344 illum
3294 1289 3580 1360 praedictae
3611 1309 3728 1346 sua:

2078 1383 2341 1439 Ecclesia:
2377 1380 2732 1452 Lingonensi
2765 1379 3154 1443 restituimus,
3189 1378 3239 1433 ei
3264 1395 3506 1434 manum
3531 1379 3727 1434 auxilii

2074 1488 2308 1543 semper
2329 1469 2616 1541 porrigas,
2638 1472 2966 1537 nostrisque
2986 1467 3338 1522 institutioni
3373 1468 3727 1533 consentias,

2073 1567 2129 1616 et
2160 1561 2492 1629 ubicunque
2520 1557 2769 1629 expedit,
2823 1557 3058 1627 adjutor
3115 1556 3165 1610 ei
3225 1572 3290 1610 ac
3319 1557 3594 1612 defensor
3625 1574 3725 1628 pro

2075 1667 2272 1706 amore
2303 1647 2720 1719 omnipotentis
2753 1646 2872 1712 Dei,
2934 1649 2993 1700 et
3050 1645 3374 1700 reverentia
3421 1645 3726 1701 beatorum

2075 1737 2498 1812 apostolorum,
2522 1741 2838 1806 nostraque
2869 1733 3193 1806 apostolica
3239 1735 3588 1804 paternitate
3609 1735 3726 1790 exi-

2077 1835 2236 1884 stas:
2271 1832 2562 1899 quatenus
2593 1827 2704 1880 sub
2743 1831 2843 1880 tuo
2894 1823 3076 1895 regali
3129 1823 3459 1878 munimine
3491 1823 3728 1895 paciﬁce

2151 2095 2446 2166 Scriptum
2469 2109 2572 2165 per
2603 2103 2843 2148 manum
2867 2090 3103 2146 Samuel
3127 2090 3338 2146 notarii
3361 2095 3417 2146 et
3438 2090 3729 2146 scriniarii

2081 2189 2294 2240 sanctas
2317 2183 2589 2238 Romanae
2619 2179 2908 2246 Ecclesiaa,
2933 2197 2968 2234 v
2990 2180 3074 2234 Id.
3123 2179 3278 2235 Maii.
3320 2178 3634 2235 indictione
3665 2197 3723 2248 ιι,

2669 2267 3021 2324 EPISTULA
3069 2267 3136 2323 V.

2088 2361 2358 2401 IIATTONIS
2405 2357 2718 2398 MOGUNTINI
2752 2355 3186 2394 ARCHIEPISCOPI
3213 2355 3462 2401 FJUSQUE
3491 2355 3708 2395 SUFFRA

2385 2429 2705 2469 GANEORUM
2736 2429 2809 2466 AD
2839 2429 3100 2466 JOANNEM
3135 2427 3191 2464 IX
3223 2427 3428 2465 ΡΑΡΛΜ.

2084 2507 2158 2561 De
2185 2507 2356 2558 morte
2385 2501 2462 2572 (α)
2494 2500 2774 2568 Amulphi
2811 2501 3029 2571 imper.;
3077 2499 3150 2553 de
3179 2497 3442 2572 Ludovico
3467 2498 3586 2572 ejus
3616 2501 3732 2571 ﬁlio

2153 2568 2587 2646 septenni'prcge
2623 2568 2933 2630 Germaniae
2964 2572 3232 2626 salutato:
3266 2568 3332 2624 de
3362 2568 3733 2640 archiepisco-

2151 2645 2284 2718 patu
2313 2645 2458 2716 apud
2479 2648 2732 2699 Moravos
2761 2647 2959 2698 erecto.

2155 2736 2380 2791 Domno
2405 2737 2615 2788 sancta.-
2639 2735 2694 2786 et
2710 2730 3042 2803 apostolicae
3062 2733 3119 2785 et
3149 2729 3498 2786 universalis
3521 2730 3730 2786 Roma-

2095 2843 2182 2881 nas
2202 2823 2470 2879 Ecclesiae
2495 2822 2914 2896 papa3,HA'rrno
2943 2819 3224 2892 indignus
3259 2820 3470 2892 praesul
3491 2823 3730 2892 Mogun-

2082 2915 2332 2970 tinensis
2357 2913 2639 2980 Ecclesiae,
2659 2928 2793 2967 cum
2813 2909 3102 2965 universis
3119 2909 3504 2981 suﬁ‘raganeis
3522 2914 3730 2964 nostra:

2087 3001 2389 3074 exiguitati
2411 3002 2478 3056 ad
2481 3000 2731 3071 junctis,
2760 2998 3022 3054 debitum
3045 2997 3329 3054 orationis
3359 2998 3727 3070 obsequium,

2087 3097 2144 3148 et
2169 3091 2399 3146 ﬁdelem
2431 3091 2789 3144 servitutem.

397 3169 658 3232 JOANNES
675 3173 1006 3246 episcopus,
1029 3190 1233 3230 servus
1257 3190 1556 3230 servorum
1588 3173 1687 3229 Dei
1720 3173 1972 3230 dilectis-
2005 3151 2048 3218 (ἶ
2157 3179 2390 3236 Noverit
2411 3178 2591 3250 igitur
2612 3176 2951 3232 sublimitas
2970 3179 3174 3231 vestras
3200 3174 3550 3241 sanctitatis,
3575 3175 3730 3246 quod

333 3263 486 3322 simo
517 3261 637 3319 ﬁlio
668 3262 892 3320 CAROLO
923 3263 1178 3335 glorioso
1209 3263 1350 3335 regi.

401 3353 550 3418 Quia
597 3357 674 3419 te,
689 3353 1072 3410 dilectissime
1084 3351 1189 3424 ﬁli,
1207 3368 1368 3408 more
1380 3369 1581 3424 regum
1596 3354 1977 3424 praedecesso-

327 3457 462 3499 rum
482 3446 718 3499 tuorum
743 3459 846 3514 pro
867 3442 1202 3498 defensione
1222 3445 1280 3498 et
1327 3441 1581 3498 utilitate
1631 3447 1844 3498 sanctas
1874 3443 1974 3500 Dei

331 3531 598 3588 Ecclesiae
619 3536 820 3587 contra
851 3548 1161 3604 parvorum
1186 3531 1495 3588 hominum
1519 3536 1576 3587 et
1602 3531 1774 3588 etiam
1799 3550 1976 3606 paga-

331 3636 545 3677 norum
576 3619 798 3676 rabiem
826 3619 1070 3676 viriliter
1099 3637 1268 3694 agere
1296 3620 1482 3676 relatu
1529 3621 1848 3678 multorum
1879 3639 1976 3677 co-

337 3709 1068 3783 gnoscimus,omnimodis
1091 3711 1616 3782 congaudemus,et
1633 3710 1975 3766 venerabili-

329 3804 420 3856 ter
441 3803 603 3856 tuam
629 3799 689 3856 in
711 3799 940 3857 Christo
962 3798 1376 3871 amplectimur
1406 3795 1749 3852 ﬁliationem
1773 3815 1787 3853 :
1835 3802 1893 3854 et
1916 3804 1978 3853 ut

331 3888 392 3944 in
441 3888 657 3944 melius
689 3903 922 3959 semper
952 3887 1232 3958 proficere
1287 3889 1543 3956 satagas,
1577 3901 1779 3956 pacem
1805 3887 1978 3956 justi-

334 3977 479 4034 tiam
511 3980 570 4032 et
598 3975 900 4032 veritatem
959 3974 1194 4047 diligas,
1253 3991 1289 4030 a
1343 3979 1499 4029 recto
1539 3974 1713 4030 etiam
1749 3975 1978 4032 tramite

331 4063 493 4120 nullo
526 4063 700 4120 modo
748 4062 966 4130 devies,
1023 4067 1261 4134 paterne
1315 4063 1654 4131 hortamur;
1689 4071 1977 4136 quatenus

331 4152 797 4210 benedictionem
818 4170 850 4208 a
872 4151 1330 4208 clementissimo
1349 4152 1594 4208 Domino
1618 4158 1815 4210 nostro
1835 4155 1974 4211 Jesu

332 4242 586 4311 Christo,
611 4245 676 4298 ut
694 4245 756 4297 et
776 4241 847 4297 ab
870 4241 1000 4311 ejus
1035 4238 1432 4312 apostolorum
1481 4241 1746 4314 principe
1771 4260 1836 4299 ac
1867 4245 1980 4300 cla-

332 4332 533 4406 vigero
589 4335 757 4388 Petro
817 4329 1218 4402 consequaris,
1265 4345 1370 4400 pro
1419 4330 1588 4401 cujus
1613 4347 1809 4388 amore
1837 4333 1977 4389 talia

334 4437 504 4495 agere
535 4420 776 4494 satagis.
809 4417 1068 4491 Denique
1114 4421 1319 4474 notum
1375 4433 1504 4474 esse
1562 4419 1833 4476 volumus
1865 4427 1976 4478 tuae

2083 3269 2248 3326 nulla
2269 3269 2518 3324 fratrum
2541 3265 2902 3322 unanimitas
2934 3269 3145 3321 sancta
3169 3265 3442 3320 Romanis
3465 3263 3732 3319 Ecclesia:

2085 3357 2356 3431 potestati
2390 3357 2674 3428 subjecta,
2709 3353 2938 3410 fidelior
2966 3357 3140 3426 atque
3186 3353 3445 3409 devotior
3493 3369 3559 3408 ac
3591 3353 3732 3408 sub-

2079 3449 2286 3520 jectior
2315 3451 2555 3519 apparet
2586 3461 2765 3515 quam
2800 3461 2927 3511 nos,
2973 3443 3072 3514 qui
3116 3447 3319 3498 vestrae
3349 3441 3733 3498 dominationi

2085 3542 2142 3594 et
2171 3536 2346 3608 capiti
2378 3535 2642 3590 omnium
2671 3532 3063 3588 Ecclesiarum
3095 3531 3252 3587 omni
3285 3530 3499 3585 mentis
3538 3531 3734 3586 inten-

2083 3627 2242 3681 tione
2258 3623 2628 3692 subjicimur,
2649 3621 2971 3693 plurimum
2995 3622 3316 3695 gaudentes
3337 3619 3396 3673 in
3419 3619 3665 3675 Domino
3679 3625 3736 3676 et

2084 3713 2145 3766 in
2168 3711 2320 3766 dono
2354 3709 2774 3782 gratiaeipsius,
2795 3711 2950 3781 quod
2966 3727 3070 3782 per
3087 3714 3340 3765 vestram
3364 3709 3731 3764 sanctitatem

2085 3805 2143 3857 et
2155 3800 2500 3870 sapientiam
2518 3799 2824 3872 magnifice
2837 3799 3269 3871 etamplissime
3284 3799 3450 3854 sedes
3467 3798 3729 3869 ejusdem

2086 3888 2353 3945 Ecclesiae
2383 3887 2662 3943 dilatatur
2707 3889 2767 3942 in
2824 3887 3103 3960 religione
3152 3887 3385 3943 divina:
3444 3891 3501 3944 et
3532 3887 3592 3942 in
3621 3886 3730 3941 hoc

2085 3977 2513 4034 instantissime
2535 3977 3241 4049 precibusincumbimus,
3257 3977 3635 4049 deprecantes
3650 3975 3733 4029 di-

2085 4065 2280 4122 vinam
2305 4065 2673 4122 clementiam
2702 4070 2765 4120 ut
2783 4066 2852 4120 ad
2873 4064 3081 4121 altiora
3093 4082 3326 4137 semper
3344 4065 3734 4121 conscendere

2084 4172 2188 4211 vos
2204 4161 2262 4210 et
2285 4157 2355 4211 de
2375 4156 2468 4210 die
2490 4155 2549 4210 in
2573 4154 2726 4211 diem
2755 4154 3001 4210 meliora
3022 4155 3230 4212 sectari
3255 4158 3429 4226 atque
3459 4155 3735 4227 perﬁcere

2086 4245 2384 4300 concedat.
2411 4243 2488 4298 De
2513 4247 2716 4298 caetero
2736 4249 2937 4298 vestrae
2960 4243 3279 4299 clementia
3310 4243 3735 4298 innotescimus

2087 4333 2376 4390 seniorem
2393 4331 2842 4388 nostrumArnul
2851 4332 3036 4404 phum
3048 4331 3459 4402 imperatorem
3473 4329 3544 4384 de
3556 4329 3736 4400 hujus

2085 4422 2216 4476 vitaa
2253 4420 2456 4477 exsilio
2481 4421 2787 4491 migrasse.
2816 4421 2926 4476 Sed
2967 4419 3228 4491 quandiu
3266 4419 3324 4472 in
3366 4417 3482 4472 hoc
3513 4417 3734 4470 mundo

333 4509 1026 4584 ﬁliationi,Lingonensis
1045 4507 1313 4565 Ecclesiae
1331 4508 1614 4581 gemitum
1635 4509 1981 4583 lacrymabi-
2012 4522 2060 4585 Β
2091 4511 2476 4568 subsistimus
2497 4527 2600 4582 per
2621 4509 2842 4565 incerta
2855 4509 3116 4575 ferimur,
3143 4505 3472 4563 nescientes
3484 4502 3582 4558 ubi
3596 4519 3737 4575 quo-

333 4598 569 4671 lemque
590 4598 1018 4668 querimoniam
1046 4615 1160 4653 non
1183 4597 1376 4653 solum
1411 4595 1613 4664 semel,
1655 4598 1755 4652 sed
1780 4604 1837 4654 et
1867 4600 1978 4669 bis,

333 4691 390 4743 et
409 4693 500 4742 ter
547 4687 618 4742 ad
671 4703 840 4742 aures
899 4686 1218 4742 clementiae
1254 4689 1462 4740 nostrae
1492 4684 1844 4757 pervenisse,
1878 4706 1980 4760 pro

333 4774 592 4849 pastoris
619 4774 710 4830 sui
735 4774 963 4846 Argrini
995 4773 1252 4844 episcopi
1286 4771 1772 4843 sequestratione,
1803 4792 1978 4847 quem

335 4879 540 4922 omnes
561 4862 918 4918 unanimiter
934 4860 1199 4932 elegisse,
1215 4859 1500 4932 expetisse
1512 4865 1568 4915 et
1585 4862 1982 4921 conclamasse

336 4971 399 5012 se
420 4956 731 5018 testantur,
757 4951 858 5007 sed
881 4967 983 5022 pro
1006 4951 1398 5021 quorumdam
1423 4949 1798 5022 subreptione
1811 4955 1883 5010 ab
1897 4955 1982 5012 eis

337 5057 472 5098 eum
495 5044 832 5114 separatum
857 5039 1064 5095 fuisse:
1082 5055 1199 5110 qua
1220 5039 1290 5094 de
1306 5055 1364 5094 re
1378 5038 1506 5110 ipsa
1517 5039 1772 5098 Ecclesia
1786 5048 1980 5115 pasto-

332 5129 446 5188 rali
467 5129 747 5186 destituta
767 5129 844 5186 sit
867 5129 1092 5199 solatio,
1141 5126 1434 5198 variisque
1472 5127 1833 5187 incessanter
1852 5149 1982 5204 per-

337 5218 778 5277 turbationibus
799 5222 856 5274 et
876 5217 1460 5275 incommoditatibus
1475 5217 1747 5289 agitetur,
1763 5222 1905 5278 adeo
1921 5229 1985 5279 ut

410 5361 829 5435 (a)Arnulphus
843 5357 1460 5435 i_mperator,cujushic
1471 5358 1664 5435 obitus
1678 5361 1986 5435 nuntiatur

339 5431 610 5490 mortuus
640 5431 728 5489 est
757 5435 827 5486 21)
855 5431 1218 5504 Novembris,
1253 5447 1406 5486 anno
1422 5431 1562 5504 7899,
1593 5431 1886 5504 Stephano
1911 5435 1983 5492 Vl

339 5507 630 5578 pontifice.
665 5505 790 5560 Non
819 5508 1014 5578 tamen
1046 5503 1117 5578 ad
1150 5518 1306 5570 eum,
1337 5503 1438 5578 sed
1488 5503 1560 5578 ad
1591 5503 1719 5575 ejus
1750 5522 1986 5578 succes-

339 5574 531 5661 sorem
552 5577 839 5661 oannem
859 5574 982 5661 haec
1004 5575 1223 5661 scripta
1244 5579 1331 5630 est
1347 5574 1793 5661 epistoladquod
1817 5579 1984 5636 facile

334 5645 685 5721 lntelligitur
706 5664 774 5704 ex
787 5645 1025 5719 querela
1035 5647 1106 5703 de
1128 5645 1497 5704 Moravorum
1520 5645 1984 5723 archiepiscopa-

2091 4601 2363 4656 rumdam
2389 4599 2597 4654 animzs
2627 4602 2759 4669 post
2786 4597 2937 4653 hanc
2971 4598 3158 4652 lucem
3190 4593 3559 4651 mansionem
3589 4593 3735 4649 reci-

2091 4689 2255 4762 piant
2283 4706 2295 4743 :
2326 4687 2535 4744 vestris
2571 4686 2741 4758 quasi
2763 4685 3053 4758 provoluti
3078 4683 3339 4757 vestigiis
3363 4681 3613 4740 subnixo
3632 4699 3734 4756 po-

2091 4779 2335 4845 scimus,
2360 4782 2425 4832 ut
2446 4777 2704 4832 animam
2726 4775 2914 4848 ipsius
2945 4778 3149 4830 vestrae
3192 4771 3556 4830 auctoritatis
3575 4777 3736 4846 pote-

2091 4871 2240 4924 state
2263 4865 2556 4922 avinculis
2579 4863 2948 4938 peccatorum
2967 4862 3304 4935 absolvatis,
3320 4863 3459 4934 quia
3478 4876 3736 4934 quaecun-

2091 4972 2196 5029 que
2223 4957 2496 5012 solveritis
2538 4971 2705 5026 super
2764 4962 2989 5022 terram,
3049 4960 3214 5009 erunt
3267 4953 3449 5009 soluta
3501 4952 3563 5002 in
3607 4947 3738 5002 aeto

2091 5045 2299 5116 (Matth.
2328 5045 2463 5118 xv1).
2498 5044 2625 5100 Tali
2654 5059 2788 5098 vero
2819 5042 3078 5107 domino,
3113 5045 3334 5098 rectore
3363 5044 3419 5095 et
3441 5035 3738 5108 guberna-

2093 5140 2214 5191 tore
2243 5132 2484 5205 amisso,
2543 5133 2603 5188 in
2662 5131 2879 5188 nostris
2929 5131 3194 5204 partibus
3247 5123 3536 5185 vacillavit
3575 5121 3739 5178 navis

2093 5223 2382 5280 Ecclesiae.
2407 5225 2590 5289 Quem
2613 5237 2808 5293 regem
2828 5220 3070 5294 eligeret
3087 5234 3264 5294 parvo
3277 5220 3534 5285 tempore
3553 5210 3741 5268 inscia

2091 5370 2179 5441 tu,
2203 5381 2376 5441 quem
2399 5363 2690 5441 aﬂJoanne
2714 5363 3053 5420 institutum
3074 5376 3199 5417 esse
3221 5351 3746 5441 sequens‘epistola

2094 5427 2370 5492 declarat.
2425 5435 2539 5490 Cur
2583 5441 2778 5491 autem
2810 5441 2932 5492 tam
2989 5449 3122 5490 sero
3174 5427 3436 5485 scribant
3483 5427 3544 5482 hi
3592 5427 3746 5499 epis-

2095 5509 2246 5580 copi,
2276 5523 2516 5565 causam
2546 5507 2640 5565 his
2668 5507 2815 5581 ipsis
2845 5509 2906 5566 in
2937 5503 3145 5581 litteris
3177 5503 3448 5581 atterunt.

3039 5575 3224 5633 Gaaa.
3262 5574 3640 5632 Cossaa'rws.
