4040 6208
340 344 417 404 37
838 354 839 357 ‘
1453 339 1717 400 CANON
1756 337 1859 399 DE
1902 335 2342 399 ELECTIONE
2388 338 2642 400 PAPIE.
3674 342 3752 403 38

345 494 475 533 rum
509 475 753 532 consilio
784 474 1103 548 apostolica
1126 474 1292 531 sedes
1318 472 1993 545 pollebat,istorumper-
2025 473 2076 539 Α
2108 476 2376 543 possunt,
2410 476 2661 543 quantos
2694 472 2817 527 dies
2849 470 3229 538 transierunt,
3253 476 3311 527 et
3330 476 3512 528 totam
3538 477 3751 529 terram

344 566 644 623 secutione
676 565 1081 621 Christianitas
1137 563 1385 619 dolebat.
1448 565 1509 617 In
1569 563 1843 618 omnibus
1900 561 1990 615 his
2064 592 2067 593 ν
2103 561 2421 616 desolatam
2466 562 2755 617 viderunt.
2788 561 3027 624 Quando
3058 578 3189 617 vero
3236 561 3499 634 Ungaros
3528 562 3755 618 Italiam

336 654 695 730 juvenculus
719 658 1043 712 rexnoster.
1068 653 1211 709 nulli
1230 654 1721 717 praedecessorum
1748 669 1991 707 suorum

346 744 605 811 interior,
665 744 988 798 secundum
1046 744 1319 797 virtutem
1353 760 1385 795 a
1438 747 1546 796 Deo
1606 740 1715 795 sibi
1774 741 1990 806 datam,

348 816 563 891 sancté
599 833 870 887 Romanae
901 832 1169 887 Ecclesia)
1201 837 1257 886 et
1272 831 1435 886 vobis
1457 847 1689 886 summo
1713 828 1992 901 pontiﬁci,

348 940 481 979 cum
497 921 774 977 omnibus
794 922 951 993 regni
969 921 1058 976 sui
1073 920 1434 992 principibus
1457 921 1998 990 adjutoroptatesse

347 1011 730 1068 fortissimus.
759 1010 939 1066 Omne
972 1028 1225 1081 namque
1258 1026 1503 1082 regnum
1554 1009 1835 1062 divinitus
1889 1006 1999 1061 sibi

350 1100 738 1157 commissum
774 1101 844 1154 ad
876 1100 975 1155 Dei
999 1100 1300 1155 servitium
1326 1116 1618 1169 suumque
1642 1096 1999 1168 adjutori'im

350 1208 538 1246 unum
570 1189 695 1244 vult
724 1194 780 1244 et
809 1193 1099 1260 operatur.
1136 1188 1297 1243 Unde
1323 1192 1379 1242 et
1408 1205 1550 1259 pace
1579 1187 1753 1258 viget,
1780 1191 1835 1240 et
1865 1203 2002 1240 con-

352 1279 551 1334 cordia
574 1277 927 1350 gratulatur,
964 1282 1136 1348 atque
1165 1278 1235 1331 ad
1267 1282 1521 1332 vestram
1573 1274 2001 1346 paternitatem,

353 1369 723 1440 sicutpatres
782 1368 870 1421 sui
922 1384 983 1421 se
1042 1367 1330 1437 pertinere
1383 1365 1631 1419 lmtatur.
1692 1364 1851 1426 Quod
1899 1380 2005 1417 nos

354 1457 576 1530 praefati
609 1456 834 1511 Schlavi
862 1456 1347 1525 criminabantur,
1381 1472 1512 1509 eum
1542 1454 1787 1524 Ungaris
1833 1453 2005 1506 ﬁdem

356 1544 705 1601 catholicam
740 1544 1015 1608 violasse,
1046 1547 1103 1598 et
1124 1560 1225 1614 per
1248 1541 1821 1612 canem,seulupum,
1842 1540 2008 1595 alias-

356 1651 469 1707 que
491 1634 949 1689 nefandissimas
975 1638 1031 1688 et
1062 1632 1326 1687 ethnicas
1370 1648 1482 1696 res,
1533 1634 1898 1686 sacramenta
1955 1616 2012 1685 et

354 1740 559 1797 pecam
592 1722 801 1794 egisse,
835 1726 1012 1793 atque
1045 1726 1108 1775 ut
1139 1722 1195 1776 in
1232 1719 1458 1775 Italiam
1490 1721 1807 1785 transirent
1836 1736 2011 1791 pecu-

2101 648 2347 704 intrasse
2361 666 2486 703 com
2499 650 3090 721 perimus,paciﬁcare
3109 668 3244 725 cum
3258 651 3475 705 eisdem
3492 651 3622 706 Sch]
3636 652 3756 707 avis

2103 742 2247 792 teste
2280 739 2413 805 Deo,
2451 738 2700 792 multum
2726 740 3210 807 desideravimus,
3244 740 3652 811 promittentes
3670 740 3755 796 eis

2106 833 2339 899 propter
2358 833 2533 881 Deum
2555 828 3013 900 omnipotentem
3029 831 3097 884 ad
3118 830 3433 902 perfectum
3458 830 3759 903 indulgere

2107 918 2304 971 omnia
2336 918 2490 971 mala
2522 922 2720 972 contra
2754 935 2858 973 nos
2890 925 3237 990 nostrosque
3266 927 3415 987 aeta,
3448 923 3504 975 et
3557 921 3756 976 omnia

2111 1006 2349 1060 reddere
2381 1024 2505 1077 quze
2540 1008 2609 1061 de
2640 1007 2763 1062 suis
2792 1012 3021 1062 nostros
3038 1014 3330 1064 constaret
3359 1010 3592 1077 habere,
3612 1028 3753 1081 qua-

2112 1100 2283 1149 tenue
2298 1112 2363 1149 ex
2382 1095 2500 1150 illis
2514 1112 2749 1151 securos
2766 1114 2869 1151 nos
2886 1098 3487 1163 redderent,cttandiu
3503 1100 3759 1170 spatium

2114 1185 2338 1253 darent,
2373 1185 2630 1255 quandiu
2665 1186 3130 1257 Longobardiam
3165 1188 3570 1244 nobisintrare
3592 1194 3648 1244 et
3670 1207 3762 1245 res

2116 1272 2302 1328 sancti
2336 1273 2484 1327 Petri
2519 1274 2851 1341 defendere,
2906 1277 3308 1348 populumque
3365 1278 3760 1334 Christianum

2117 1364 2312 1416 divino
2344 1363 2633 1431 adjutorio
2667 1365 2947 1419 redimere
2981 1365 3196 1420 liceret.
3232 1370 3297 1420 Et
3328 1385 3429 1422 nec
3460 1369 3655 1439 ipsum
3689 1371 3759 1424 ab

2120 1451 2203 1506 eis
2226 1452 2483 1507 obtinere
2515 1452 2834 1523 potuimus,
2862 1458 2924 1508 ut
2943 1461 3073 1525 post
3096 1460 3256 1510 tanta
3278 1456 3563 1513 maleﬁcia
3584 1459 3761 1514 habe-

2121 1545 2249 1595 rent
2270 1541 2549 1595 beneﬁcia
2572 1560 2583 1608 ;
2609 1550 2663 1597 et
2691 1547 2830 1597 sunt
2852 1543 2981 1597 falsi
3004 1550 3390 1617 accusatores,
3415 1546 3516 1617 qui
3534 1565 3765 1620 semper

2123 1630 2281 1684 fuere
2313 1629 2776 1686 Christianorum
2806 1638 3223 1703 persecutores.
3259 1636 3313 1688 Si
3361 1636 3493 1707 quis
3553 1638 3610 1691 in
3645 1642 3763 1694 toto

2123 1722 2342 1773 mundo
2366 1718 2642 1774 aliorsum
2669 1738 2773 1776 nos
2804 1722 3107 1778 oberrasse
3134 1724 3444 1794 etjustitiae
3482 1728 3765 1784 restitisse

357 1813 515 1868 niam
547 1812 802 1876 dedisse,
839 1812 887 1866 si
918 1810 1080 1866 vobis
1145 1825 1340 1865 coram
1391 1810 1602 1881 posito,
1664 1808 1809 1863 ratio
1860 1809 2011 1863 inter
2039 1844 2085 1907 Β
2124 1809 2370 1880 probare
2404 1811 2863 1879 conetur,veniat
2886 1816 3223 1882 praesens,et
3244 1831 3375 1869 eum
3410 1814 3762 1887 ludiﬁcasse,

358 1918 465 1957 nos
498 1902 817 1972 agitaretur
850 1905 981 1955 ante
1016 1900 1220 1967 Deum,
1257 1899 1353 1969 qui
1387 1903 1598 1952 cuncta
1629 1898 1787 1952 novit
1846 1901 2006 1952 ante-

360 2006 537 2060 quam
564 1990 728 2056 ﬁant,
763 1992 819 2044 et
848 2005 1041 2044 coram
1062 1988 1226 2043 vobis
1248 1987 1346 2058 qui
1375 1987 1556 2042 vicem
1583 1987 1709 2055 ejus
1732 1986 2006 2057 apostoli-

361 2095 488 2133 cam
518 2079 733 2133 tenetis
764 2095 965 2133 eorum
998 2077 1224 2132 falsitas
1248 2076 1739 2142 manifestaretur,
1765 2080 1820 2130 et
1842 2075 2008 2130 inno-

359 2168 553 2222 centia
582 2173 784 2223 nostra
842 2168 1206 2239 probaretur.
1266 2166 1411 2227 Quia
1458 2166 1613 2220 enim
1665 2164 2009 2219 Christianis

358 2256 773 2326 nostrislonge
806 2273 839 2310 a
870 2257 1041 2309 nobis
1073 2255 1281 2325 positis
1312 2270 1543 2323 semper
1602 2253 2009 2316 imminebant,

358 2351 417 2400 et
440 2345 845 2415 persecutione
877 2344 1059 2397 nimia
1084 2342 1442 2412 afﬂigebant,
1488 2342 1835 2394 donavimus
1897 2340 2014 2395 illis

356 2431 589 2487 nullius
616 2431 878 2501 pretiosae
912 2430 1222 2501 pecuniam
1259 2428 1619 2492 substantiae,
1654 2429 1753 2503 sed
1786 2433 2012 2483 tantum

358 2523 564 2575 nostra
578 2518 1404 2587 lineavestimenta,quatenus
1423 2516 1793 2587 aliquatenus
1812 2533 2013 2571 eorum

360 2609 654 2664 feritatem
689 2606 1074 2675 molliremus,
1109 2610 1165 2660 et
1220 2606 1291 2659 ab
1350 2620 1553 2659 eorum
1614 2606 2014 2675 persecutione

366 2687 1345 2769 quiesceremus.Talianamque,ut
1359 2692 2015 2765 praescripsimus,juxta

371 2784 657 2840 malitiam
687 2784 879 2838 cordis
911 2784 1001 2838 sui
1034 2786 1536 2854 argumentantes,
1597 2787 1652 2837 et
1710 2784 2013 2854 pontifices

368 2878 589 2929 vestros
622 2872 899 2944 [nostros]
940 2873 1011 2927 ad
1032 2872 1308 2942 injuriam
1367 2876 1625 2926 nostram
1681 2872 2013 2940 incitantes,

370 2963 532 3031 adeo,
566 2967 630 3016 ut
661 2962 883 3016 directa
910 2960 1083 3015 nobis
1114 2960 1360 3032 epistola
1392 2961 1559 3031 quasi
1593 2961 1663 3014 ab
1696 2960 2016 3032 apostolica

368 3050 654 3120 sede,haac
684 3051 882 3106 omnia
914 3051 1471 3121 improperabant,et
1501 3050 2015 3119 diversasinjurias

367 3141 728 3211 ingerebant,
763 3144 935 3211 atque
968 3140 1119 3194 inter
1148 3138 1261 3193 alia
1283 3138 1479 3193 divino
1507 3139 1698 3211 gladio
1722 3139 2014 3194 feriendos

2118 1912 2341 1967 nosque
2375 1898 2444 1951 de
2477 1898 2583 1953 hac
2617 1916 2675 1953 re
2704 1900 2967 1955 sentietis
2999 1902 3348 1972 purissimos
3371 1920 3519 1960 esse.
3549 1906 3763 1960 Idcirco

2118 1986 2626 2058 singliomnesque
2644 1988 3009 2044 admonendo
3033 1993 3569 2061 precamur,neullo
3594 1995 3765 2051 modo

2118 2075 2290 2131 alicui
2314 2074 2457 2131 falso
2482 2077 2551 2130 de
2583 2076 2751 2131 nobis
2784 2078 3043 2149 aliquam
3068 2081 3465 2151 suspicionem
3494 2084 3764 2139 referenti

2118 2164 2335 2219 creduli
2359 2165 2831 2236 sitis,antequam
2852 2170 3256 2238 opportunitas
3271 2170 3558 2241 exigat,ut
3587 2173 3765 2243 hujus

2122 2253 2202 2307 rei
2228 2252 2410 2322 gratia
2440 2254 2661 2308 missus
2692 2255 2762 2309 de
2792 2260 2983 2310 vestra
3012 2257 3359 2313 celsitudine
3378 2260 3568 2327 nobis,
3604 2267 3703 2316 aut
3734 2280 3767 2316 a

2126 2346 2322 2393 nostra
2344 2340 2622 2410 parvitate
2644 2342 2900 2397 directus
2918 2350 3196 2415 appareat
3214 2347 3396 2401 vobis.
3424 2346 3768 2405 Communis

2125 2428 2376 2498 gemitus
2409 2433 2466 2482 et
2485 2428 2767 2497 generalis
2791 2430 2956 2487 dolor
2985 2437 3261 2505 angustat
3292 2452 3438 2506 quos
3458 2439 3771 2493 Germania

2124 2522 2179 2571 et
2209 2520 2326 2570 tota
2358 2520 2515 2571 tenet
2544 2517 2771 2584 Norica,
2798 2521 2950 2589 quod
2973 2523 3169 2577 unitas
3192 2523 3459 2580 Ecclesiae
3490 2526 3771 2583 dividitur

2125 2604 2693 2675 scissura.Estenim,
2738 2612 2801 2660 ut
2814 2609 3386 2679 prmmisimus,unus
3402 2613 3770 2688 episcopatus

2126 2695 2181 2747 in
2209 2694 2468 2765 quinque
2499 2694 2742 2762 divisus,
2778 2696 2904 2751 ideo
2938 2698 2985 2752 si
3017 2700 3155 2769 quid
3186 2701 3344 2757 fraus
3372 2704 3614 2777 maligni
3644 2707 3769 2777 [al.,

2124 2780 2402 2851 maligna.
2438 2780 2644 2852 Hann.)
2679 2782 3404 2846 Schlavorum'eelliditate
3426 2793 3770 2863 adduxerat,

2116 2869 2349 2938 justitia
2376 2874 2578 2924 vertat.
2604 2874 2837 2942 Vosque
2895 2874 3106 2931 virtute
3166 2894 3231 2932 ex
3282 2878 3395 2934 alto
3444 2880 3655 2953 induti,
3717 2888 3773 2939 et

2126 2956 2441 3028 apostolica
2462 2963 2747 3028 potestate
2777 2964 3008 3031 armati,
3028 2965 3200 3034 juxta
3231 2968 3574 3040 prophetam
3601 2972 3772 3039 :Quod

2124 3047 2367 3119 fractum
2396 3050 2473 3101 est
2502 3049 2750 3118 alligate,
2783 3051 2924 3121 quod
2952 3054 3234 3123 inﬁrmum
3251 3058 3607 3131 consolidate,
3632 3061 3772 3132 quod

2128 3136 2394 3205 abjcctum
2427 3137 2692 3192 reducite:
2724 3143 2787 3193 ut
2808 3139 3083 3213 deinceps
3106 3145 3436 3215 populus,et
3457 3148 3591 3203 ﬁdei
3624 3150 3769 3205 inte-

369 3208 579 3302 dignos
609 3208 899 3283 dicebant.
930 3228 1213 3299 Impletur
1238 3228 1394 3282 enim
1428 3228 1485 3282 in
1516 3208 1687 3283 nobis
1710 3229 1864 3300 quod
1892 3227 2016 3300 qui-
2047 3208 2088 3272 (ἶ
2127 3223 2336 3295 gritate
2368 3225 2712 3295 gratuletur,
2770 3232 2826 3282 et
2885 3208 3124 3286 sane—ta-
3144 3208 3397 3291 Ecclesia
3456 3239 3771 3311 tranquilla

369 3319 505 3373 dam
536 3318 769 3389 sapiens
802 3318 881 3372 ait
906 3319 1120 3371 :Justus
1144 3318 1271 3371 tulit
1292 3319 1497 3372 crimen
1514 3317 1832 3388 im’qui.lpsi
1857 3317 2012 3372 enim

368 3406 592 3461 crimen
624 3407 780 3477 quod
813 3405 981 3461 nobis
1009 3404 1154 3461 falso
1213 3405 1393 3460 semel
1443 3407 1661 3459 factum
1720 3405 2015 3476 imposue-

366 3498 511 3549 runt
540 3493 741 3550 multis
772 3495 943 3550 annis
974 3498 1342 3566 peregerunt.
1372 3492 1866 3564 IpsiUngarorum
1899 3509 2016 3547 non

368 3583 663 3639 modicam
695 3583 1135 3639 multitudinem
1162 3584 1233 3637 ad
1268 3599 1330 3637 se
1347 3585 1745 3653 sumpserunt,
1780 3585 1835 3635 et
1858 3596 2018 3635 more

368 3686 577 3726 eorum
604 3671 797 3742 capita
817 3686 1059 3726 suorum
1082 3669 1760 3742 pseudochristianorum
1783 3669 2016 3741 penitus

368 3759 781 3829 detonderunt,
814 3763 871 3815 et
895 3775 1074 3830 super
1094 3775 1200 3814 nos
1233 3758 1587 3814 Christianos
1618 3758 2012 3825 immiserunt,

369 3853 546 3920 atque
574 3848 689 3920 ipsi
720 3852 1198 3920 supervenerunt,
1224 3853 1280 3903 et
1300 3847 1445 3904 alios
1457 3847 1715 3919 captivos
1727 3848 2017 3903 duxerunt

370 3938 519 3994 alios
541 3938 897 4005 occiderunt,
934 3936 1079 3993 alios
1109 3937 1294 3992 ferina
1323 3953 1621 3992 carcerum
1654 3938 1805 3993 fame
1835 3941 1889 3993 et
1919 3935 2016 3992 siti

372 4028 776 4098 perdiderunt,
802 4027 1145 4081 innumeros
1175 4042 1309 4081 vero
1342 4024 1544 4081 exsilio
1577 4027 1935 4081 denutarunt
1963 4031 2020 4082 et

369 4114 597 4172 nobiles
614 4116 769 4172 viros
790 4132 855 4172 ac
870 4115 1146 4170 honestas
1170 4113 1442 4169 mulieres
1463 4114 1523 4168 in
1544 4114 1843 4170 servitium
1863 4116 2021 4171 rede-

368 4210 601 4277 gerunt,
635 4204 911 4262 ecclesias
940 4204 1042 4259 Dei
1073 4204 1541 4274 incenderunt,et
1560 4204 1759 4260 omnia
1778 4204 2019 4261 aediﬁcia

370 4294 729 4366 deleverunt,
754 4296 835 4350 ita
864 4298 930 4349 ut
960 4294 1020 4349 in
1052 4297 1173 4349 tota
1204 4293 1504 4349 Pannonia
1534 4298 1733 4350 nostra
1762 4294 2017 4351 maxime.

366 4384 669 4455 provincia
689 4388 920 4440 tantum
952 4396 1071 4439 ana
1102 4400 1217 4439 non
1250 4386 1528 4455 appareat
1548 4382 1809 4453 ecclesia,
1845 4389 2017 4454 prout

364 4473 625 4546 episcopi
652 4492 686 4530 a
712 4473 879 4531 vobis
911 4472 1207 4544 destinati,
1241 4472 1289 4528 si
1318 4472 1481 4528 fateri
1512 4471 1714 4543 velint,
1746 4488 2015 4529 enarrare

2123 3312 2425 3367 devotione
2452 3312 2697 3369 laetetur.

2193 3419 2577 3474 Theotmarus
2627 3422 2902 3493 indignus
2926 3425 3481 3501 archiepiscopus,et
3494 3434 3768 3505 apostoli-

2126 3522 2326 3561 carum
2359 3522 2551 3563 rerum
2584 3516 2922 3581 procurator
2942 3516 3769 3587 promptissimus.Pecuniam

2123 3600 2312 3650 vestro
2336 3596 2457 3665 juri
2490 3598 2768 3667 debitam,
2803 3607 3037 3671 propter
3074 3603 3345 3661 infestam
3405 3626 3767 3682 paganorum

2126 3684 2427 3753 saevitiam,
2464 3703 2567 3741 nec
2594 3704 2696 3758 per
2727 3705 2819 3743 me
2850 3694 3131 3759 poteram,
3166 3710 3270 3748 nec
3301 3712 3403 3765 per
3419 3698 3767 3755 aliostraus-

2128 3774 2396 3843 mittere;
2432 3776 2528 3831 sed
2554 3778 2691 3847 quia
2734 3778 2834 3833 Dei
2894 3780 3084 3851 gratia
3141 3780 3386 3839 liberata
3441 3790 3529 3841 est
3578 3787 3764 3857 Italia,

2128 3868 2343 3934 quanto
2375 3865 2548 3920 citius
2578 3872 2797 3938 potero,
2829 3869 2991 3924 vobis
3022 3870 3441 3937 transmittam,
3498 3875 3773 3933 Precatur

2127 3956 2335 4008 nostra
2357 3952 2661 4011 humilitas
2684 3960 2749 4011 ut
2769 3956 3241 4029 digneturvestra
3279 3961 3612 4021 sublimitas
3652 3982 3773 4021 res-

2126 4042 2379 4113 pondere
2400 4060 2503 4115 per
2534 4044 2767 4118 singula
2794 4048 3150 4105 transmissa
3179 4066 3313 4106 cum
3344 4050 3610 4124 epistola.

2196 4204 2364 4260 Alme
2394 4210 2556 4276 pater
2586 4208 2791 4264 mundi
2823 4209 3039 4281 dignus
3069 4227 3173 4283 pro
3197 4214 3433 4269 nomine
3455 4216 3627 4283 Petri,

2197 4293 2441 4349 Nomine
2475 4311 2648 4366 quem
2678 4299 2959 4368 sequeris,
2988 4299 3213 4356 utinam
3241 4301 3450 4358 virtute
3482 4305 3769 4375 sequaris,

2197 4382 2407 4453 Sisque
2438 4384 2555 4439 tuis
2588 4385 2825 4442 famulis
2854 4392 3146 4459 protector
3173 4406 3365 4459 verus,
3400 4395 3457 4446 et
3477 4392 3688 4466 impos,

2199 4473 2627 4529 Commendens
2659 4475 2921 4544 Domino,
2948 4476 3090 4531 cmlo
3105 4478 3205 4549 qui
3236 4479 3506 4549 praesidet
3526 4481 3662 4537 alto.

1280 4835 1359 4936 ιτ
1370 4835 1841 4937 OANN
1855 4833 2011 4936 IS
2098 4834 2588 4936 PAPE
2674 4836 2859 4937 IX

681 5043 1243 5168 CANON
1332 5043 1548 5163 DE
1637 5040 2554 5163 ELECTIONE
2645 5043 3148 5165 PAP/E
3235 5047 3464 5168 IX.

1506 5262 1695 5333 (Apud
1730 5262 2212 5331 Pertz.,Monum,
2244 5265 2435 5316 Germ.
2472 5261 2633 5330 bist.)

440 5496 586 5559 Quia
617 5501 820 5551 sancta
850 5496 1109 5551 Romana
1139 5494 1412 5561 Ecclesia,
1457 5493 1549 5548 cui
1611 5494 1725 5550 Deo
1784 5501 2019 5551 auctore
2049 5499 2094 5561 1)
2127 5495 2451 5565 legatorum
2485 5496 2791 5565 praesentia
2812 5497 3101 5567 pontiﬁcis
3128 5500 3191 5554 ﬁt
3230 5500 3608 5569 consecratio,
3669 5520 3772 5560 nec

360 5584 777 5658 prazsidemus,
808 5584 1094 5656 plurimas
1125 5584 1346 5655 patitur
1376 5582 1679 5639 violentias
1743 5586 2017 5657 pontiﬁce

360 5675 639 5756 gheunte,
664 5673 802 5751 quia
830 5670 1435 5749 absqueimperatoris
1468 5672 1675 5733 notitia
1696 5678 1751 5732 et
1775 5692 2016 5734 suorum

2129 5583 2408 5641 canonico
2437 5584 2551 5639 ritu
2576 5589 2632 5639 et
2654 5588 3077 5645 consuetudine
3104 5590 3174 5645 ab
3200 5590 3547 5661 imperatore
3567 5592 3772 5651 directi

2128 5674 2423 5733 intersunt
2455 5674 2665 5747 nuntii,
2698 5674 2797 5748 qui
2827 5676 3161 5739 violentiam
3182 5682 3240 5739 et
3264 5678 3543 5741 scandala
3561 5680 3623 5743 in
3643 5685 3773 5760 ejus
