4040 6208
411 317 489 394 39
1689 315 2105 379 BENEDIGTI
2151 317 2378 380 PAP/E
2418 318 2526 381 IV.
3740 320 3824 382 ω

411 448 844 506 consecratione
874 465 991 505 non
1021 449 1362 521 permittant
1391 449 1538 517 ﬁeri,
1559 448 1834 505 volumus
1877 449 1933 503 id
1992 453 2059 506 ut
2085 452 2139 518 Α
2172 454 2365 508 cretur
2397 471 2411 521 ς
2445 449 2762 521 nullusque
2788 448 2915 506 sine
2943 448 3199 523 periculo
3253 450 3665 522 juramentum
3723 448 3814 507 vel
3865 507 3872 516 ,

410 538 686 611 deinceps
715 539 1037 610 abdicetur,
1069 544 1126 595 et
1156 539 1601 596 constituendus
1632 540 1889 611 pontifex
1922 557 2060 595 con-

411 628 778 685 venientibus
811 629 1102 702 episcopis
1153 633 1212 685 et
1267 629 1538 685 universo
1588 630 1738 685 clero
1788 627 2057 702 eligatur,

2170 539 2593 612 promissiones
2625 537 2853 611 aliquas
2885 555 3034 596 nova
3062 538 3472 595 adinventione
3503 538 3574 594 ab
3605 555 3671 594 eo
3718 533 3819 596 au-

2169 628 2798 701 deatextorquere,nisi
2821 645 2948 701 qua
2975 627 3411 701 antiquaexigit
3430 627 3822 700 consuetudo,

409 721 712 790 expetente
743 721 950 774 senatu
983 723 1039 774 et
1069 717 1302 790 populo,
1339 718 1434 790 qui
1476 718 1840 774 ordinandus
1870 723 1981 784 est,
2005 723 2062 774 et
2169 735 2240 774 ne
2263 717 2518 774 Ecclesia
2548 716 2988 776 scandalizetur
3017 717 3104 774 vel
3137 716 3504 790 imperatoris
3542 716 3821 775 honoriﬁ-

409 807 581 862 sicin
616 812 930 880 conspectu
962 807 1226 864 omnium
1271 807 1644 864 celeberrime
1707 807 1928 864 electus
1985 808 2058 863 ab

411 896 706 968 omnibus,
730 897 1120 968 praesentibus
1149 896 1359 970 legatis
1387 896 1818 970 imperialibus,
1852 912 2058 953 conse-

2170 806 2358 864 centia
2391 807 2712 863 minuatur.

1330 1251 2051 1358 JOANNIS
2138 1255 2630 1356 ΡΔΡΙΕ
2716 1256 2903 1356 IX

950 1457 1702 1572 PBAELOCUTIO
1768 1461 1886 1570 IN
1958 1457 2482 1572 CONClLlO
2552 1461 3282 1572 RAVENNATE.

1467 1657 1655 1729 (Apud
1685 1656 1897 1726 Mansi,
1928 1655 2317 1712 Conciliorum
2343 1659 2483 1712 tom.
2520 1657 2746 1728 XVIII.)

1895 1789 2318 1800 .__—__-__

899 1881 1223 1937 Pralocutio
1252 1881 1542 1952 pontiﬁcis.

476 1969 844 2038 Quia,divina
865 1969 1187 2041 inspirante
1210 1969 1821 2039 miscricordia,vestra
1851 1968 2047 2024 nobis-

412 2077 546 2116 cum
577 2059 842 2114 convenit
873 2057 1226 2125 fraternitas,
1261 2062 1324 2112 ut
1350 2062 1494 2111 nutu
1555 2059 1741 2113 sancti
1773 2058 2045 2129 Spiritus,

404 2149 502 2220 qui
527 2148 650 2203 suis
665 2163 968 2218 nunquam
993 2146 1765 2213 deestﬁdelibus,communi
1782 2146 2047 2203 omnium

403 2242 659 2292 vestrum
693 2236 987 2300 consultu,
1020 2235 1228 2290 fratres
1260 2235 1691 2301 charissimi,ea
1707 2252 1833 2306 qua
1857 2251 2052 2290 neces-

403 2327 558 2380 saria
595 2331 805 2381 sancta
838 2325 940 2380 Dei
973 2323 1240 2379 Ecclesia
1281 2324 1680 2396 pravidimus,
1742 2341 1859 2378 una
1916 2340 2049 2379 cum

409 2414 699 2486 spirituali
719 2413 837 2468 tilio
870 2418 1086 2481 nostro,
1119 2411 1544 2485 gloriosissimo
1575 2412 1842 2469 videlicet
1873 2413 2053 2484 impe-

409 2507 594 2558 ratore
624 2503 953 2569 Lamberto,
984 2506 1041 2556 et
1068 2505 1261 2556 vestro
1292 2505 1493 2556 sancto
1525 2499 1792 2573 collegio,
1826 2504 1881 2556 et
1924 2517 2050 2572 qua

404 2591 606 2646 nocivo
631 2590 868 2646 surculo
899 2589 1188 2662 pullulare
1210 2590 1572 2644 conabantur
1592 2589 1648 2642 in
1683 2605 1819 2660 agro
1836 2593 2049 2644 sancta

404 2679 688 2746 Ecclesia,
722 2679 996 2735 canonico
1045 2677 1276 2733 sarculo
1335 2677 1628 2732 eradicare
1685 2679 2048 2749 studeamus,

407 2785 534 2840 qua
565 2767 933 2840 capitulatim
967 2771 1244 2825 annotata
1262 2765 1479 2831 sunt,si
1504 2766 1780 2822 omnibus
1802 2765 2047 2838 placent,

404 2857 462 2912 in
493 2864 808 2929 conspectu
838 2856 1104 2912 omnium
1161 2855 1450 2927 legantur,
1509 2854 1934 2923 examinentur,
1995 2859 2052 2911 et

403 2947 738 3003 examinata
765 2946 1041 3002 manibus
1071 2944 1337 3001 omnium
1368 2961 1473 3016 pro
1516 2945 1710 2999 futura
1766 2944 2052 3001 memoria

404 3036 768 3106 roborentur,
803 3051 874 3090 ne
907 3034 1013 3089 ulli
1047 3051 1304 3106 unquam
1322 3033 1448 3090 sine
1469 3037 1658 3088 status
1678 3033 1768 3087 sui
1791 3032 2048 3104 periculo

407 3125 609 3180 eadem
640 3123 854 3180 violare
883 3123 1072 3192 liceat,
1108 3124 1209 3178 sed
1243 3128 1367 3178 rata
1396 3127 1453 3178 et
1498 3122 1669 3177 firma
1724 3121 1784 3176 in
1840 3138 2050 3194 perpe-

2075 1883 2121 1946 B
2152 1883 2319 1935 tuum
2352 1879 2675 1936 consistant
2703 1879 2773 1934 ad
2804 1883 3023 1936 statum
3047 1884 3104 1936 et
3125 1880 3428 1937 muninem
3464 1883 3686 1936 sancta
3712 1870 3820 1938 Dei

2158 1968 2445 2039 Ecclesia,
2479 1969 2548 2024 ad
2575 1968 2952 2025 salvationem
2982 1969 3246 2025 omnium
3279 1968 3540 2026 ﬁdelium
3559 1986 3659 2042 per
3705 1969 3816 2028 Dei

2161 2056 2643 2113 misericordiam.

2827 2149 3138 2218 Responsio.

2234 2236 2557 2290 Immensas
2590 2239 2702 2290 Deo
2733 2233 3011 2290 Salvatori
3038 2239 3236 2292 nostro
3259 2234 3461 2292 laudes
3482 2235 3816 2306 referimus,

2161 2324 2260 2395 qui
2292 2323 2467 2379 talem
2496 2341 2595 2379 vos
2615 2324 2872 2396 prafecit
2894 2324 3156 2380 Ecclesia
3170 2327 3298 2396 ejus
3315 2324 3816 2398 opportunitatem

2164 2413 2496 2480 decernere,
2529 2417 2594 2468 ut
2624 2430 2795 2468 omne
2827 2415 2898 2468 ab
2931 2430 2996 2468 ea
3013 2414 3301 2470 zizanium
3324 2414 3617 2472 eradicare
3638 2430 3817 2470 cone-

2163 2502 2331 2570 mini,
2365 2506 2540 2572 prout
2570 2503 2629 2558 in
2663 2502 2773 2558 hac
2805 2507 2861 2557 8.
2923 2504 3145 2574 synodo
3193 2504 3421 2559 cunctis
3479 2502 3820 2559 nationibus

2124 2605 2126 2608 '
2162 2590 2378 2662 apertis
2409 2589 2738 2646 declaratur
2768 2590 3020 2647 indiciis.
3044 2590 3310 2663 Capitula
3333 2590 3508 2646 etiam
3554 2607 3680 2662 qua
3711 2607 3821 2662 pro

2161 2677 2418 2750 generali
2451 2679 2716 2734 omnium
2751 2678 2978 2734 cautela
3031 2679 3104 2735 ad
3157 2679 3338 2735 robur
3393 2683 3450 2735 et
3506 2679 3817 2736 muninem

2160 2771 2374 2822 sancta
2407 2767 2674 2823 Ecclesia
2715 2769 3046 2840 conscripta
3070 2773 3228 2836 sunt,
3262 2767 3309 2824 si
3358 2772 3558 2824 vestra
3616 2767 3812 2840 placet

2161 2856 2386 2928 pietati,
2418 2855 2707 2928 legantur,
2744 2856 2994 2929 qualiter
3040 2874 3142 2930 per
3169 2874 3238 2914 ea
3266 2873 3470 2914 omnes
3501 2853 3821 2914 doceamur

2161 2961 2289 3016 qua
2312 2945 2641 3016 observare,
2665 2946 2750 3001 vel
2775 2963 2902 3018 qua
2941 2963 3141 3002 cavere
3163 2947 3580 3016 debeamus,ne
3610 2945 3669 3001 in
3701 2944 3818 3002 ali-

2160 3051 2274 3106 quo
2307 3052 2341 3088 a
2361 3033 2578 3106 regulis
2610 3039 2951 3090 sanctorum
2980 3039 3243 3105 Patrum,
3275 3035 3432 3108 quod
3464 3037 3615 3092 Deus
3645 3051 3817 3090 aver-

2160 3128 2268 3190 tat,
2301 3123 2530 3178 deviare
2563 3123 2947 3179 inveniamur.

1770 3459 1923 3499 ΑΝΝΟ
1964 3460 2168 3500 DOMINI
2212 3461 2439 3500 DCCCCV.

997 3539 2254 3717 BENEDICTUS
2388 3589 2900 3713 PAPA
3022 3589 3222 3714 Iv

1897 3793 2306 3806 ——-——_—

1589 3863 1980 3938 NOTITIA
2066 3863 2600 3940 HISTOBICA.

1301 4016 1488 4089 (Apud
1521 4015 1730 4084 Mansi,
1763 4015 2154 4072 Conciliorum
2187 4015 2552 4089 amplissima
2582 4015 2894 4087 Collectio.)

483 4247 2049 4373 BenedictusIV,nationeRomanus,postinterreg‘num
2083 4261 2126 4328 ρ
2165 4253 2252 4305 est
2279 4247 2492 4303 Christi
2517 4248 2624 4302 997
2674 4263 2739 4302 ex
2769 4247 2878 4303 hac
2923 4249 3041 4304 vita
3082 4248 3371 4322 migravit,
3430 4247 3817 4321 sepultusque

483 4329 588 4373 ιίιιςι
617 4327 729 4373 diei
764 4326 1116 4373 subrogatus
1147 4326 1236 4373 est
1264 4321 1473 4373 Joanni
1511 4319 1575 4373 IX
1625 4336 1776 4373 anno
1835 4319 1876 4373 C
1927 4319 2051 4373 risti
2164 4325 2258 4373 est
2283 4321 2434 4373 apud
2455 4319 2732 4373 Sanctum
2757 4320 2990 4373 Petrum
3013 4321 3177 4373 iuxta
3193 4321 3415 4373 aditum
3441 4337 3557 4373 auo
3586 4319 3704 4373 itur
3733 4321 3811 4373 ad

410 4329 588 4385 unius
617 4327 731 4382 diei
764 4326 1236 4394 subrogatusest
1264 4319 1600 4394 Joanni_lX_
1618 4336 1777 4394 anno
1835 4319 1876 4374 C

410 4329 588 4385 unius
617 4327 731 4382 diei
764 4326 1116 4394 subrogatus
1147 4326 1236 4376 est
1264 4323 1473 4375 Joanni
1511 4323 1575 4374 IX
1625 4336 1776 4374 anno
1835 4323 2051 4374 Christi

407 4403 532 4470 905,
560 4405 822 4471 tempore
859 4392 1555 4471 Lambertiimperatoris.
1582 4391 2054 4471 Munificentissi-

411 4462 545 4528 mus
573 4462 712 4542 erga
742 4484 1048 4542 pauperes,
1078 4462 1287 4542 viduas
1317 4470 1374 4518 et
1403 4464 1719 4542 orphapos,
1752 4462 1906 4542 inter
1934 4462 2052 4542 _ho-

2164 4325 2258 4376 est
2283 4321 2434 4392 apud
2455 4319 2732 4392 Sanctum
2757 4320 2990 4375 Petrum
3007 4319 3415 4390 juxta'aditum
3441 4319 3557 4391 quo
3586 4319 3704 4374 itur
3721 4319 3811 4375 ad

2164 4397 2433 4447 sanctum
2458 4391 2802 4464 Gregorium
2830 4409 2841 4446 :
2878 4391 2976 4447 ubi
3001 4397 3059 4448 et
3085 4392 3420 4464 sepulcrum
3469 4393 3598 4461 ejus
3624 4406 3818 4464 pexor-

2166 4462 2509 4544 patumnfuit
2538 4459 2869 4544 epitaphio,‘
2889 4465 3043 4544 quod
3079 4459 3170 4520 ex_
3194 4463 3402 4520 Manlio
3453 4459 3813 4533 eiscriptum

413 4561 542 4599 rum
566 4534 912 4614 temporum
932 4537 1235 4610 pontifices
1265 4539 1543 4614 tanquam
1569 4534 2054 4614 sidusquoddam
2164 4535 2341 4590 habet
2370 4534 2657 4589 Batonius
2694 4534 2969 4607 praedicto
2991 4535 3136 4591 loco.

411 4604 963 4670 lucidumemicuit'.
1007 4615 1175 4665 Anno
1207 4604 1578 4681 pontificatus
1609 4605 1700 4662 sui
1732 4606 1921 4675 tertio,
1956 4604 2056 4676 qui

1103 4873 1750 4984 BENEDICTI
1868 4875 2228 4980 PAPZE
2316 4877 2441 4983 IV
2537 4875 3208 4982 EPISTOLZE.

907 5179 1258 5238 EPISTOLA
1298 5175 1550 5232 PRIMA.

584 5288 652 5328 AD
692 5288 1017 5326 GALLIARUM
1057 5283 1376 5332 EPISCOPOS,
1418 5281 1737 5331 PRINCIPES,
1771 5271 1879 5320 etc.

2085 5179 2129 5242 D
2162 5175 2513 5232 rectissimis
2535 5179 2592 5230 et
2614 5173 3005 5230 sanctissimis
3029 5175 3421 5232 confratribus
3443 5170 3657 5228 nostris
3680 5167 3814 5224 Gal-

2161 5265 2374 5320 liarum
2405 5263 2882 5337 archiepiscopis,
2905 5264 3214 5338 episcopis,
3241 5280 3342 5320 seu
3366 5256 3813 5333 gloriosissimis

415 5364 719 5434 Argrinum
748 5361 1140 5442 Lingopensem
1170 5359 1481 5442 episcopum
1635 5354 1891 5410 Ecclesia
1937 5369 2055 5412 sua
2163 5354 2419 5425 regibus,
2450 5355 2722 5420 ducibus,
2757 5354 3097 5423 comitibus,
3131 5356 3343 5410 sancta
3403 5348 3703 5405 catholica
3753 5349 3814 5402 et

909 5431 1040 5498 iura
1069 5428 1257 5485 omnia
1290 5428 1552 5484 restituit.

909 5520 1014 5589 (Ex
1047 5519 1317 5573 Conciliis
1359 5515 1591 5587 Mansi.)

487 5631 845 5690 Bxssuxc'rus
873 5625 1205 5702 episcopus,
1234 5640 1434 5682 servus
1456 5638 1756 5683 servorum
1774 5620 2058 5692 Dei,reve-

2165 5443 2501 5515 apostolica
2535 5442 2803 5499 Ecclesia
2828 5444 2962 5500 ﬁliis
2994 5449 3167 5514 atque
3199 5437 3488 5494 fidelibus.

2237 5534 2464 5598 Quanta
2495 5532 2730 5602 pietatis
2745 5534 2953 5605 gratia,
2975 5534 3309 5604 quantaque
3322 5543 3446 5584 com
3458 5523 3748 5598 passionis
3761 5526 3818 5578 et

2167 5619 2678 5680 condescensionis
2711 5621 3095 5689 sublimitate,
3120 5621 3325 5676 sancta
3345 5619 3531 5675 mater
3553 5615 3816 5673 Romano
