4040 6208
282 346 358 405 ιι
1708 374 1724 390 κ
1778 345 1923 407 EPlt

2039 347 2205 406 una.
3614 328 3693 409 is

286 476 566 545 Ecclesia,
590 477 1224 549 apostolicisinstructa
1244 480 1694 547 hortaminihus,
1718 478 1929 551 polleat
1956 482 2010 546 Α
2041 479 2218 546 mine,
2273 484 2589 551 nostroque
2628 480 2947 551 apostolico
3000 481 3303 553 privilegio
3352 480 3694 535 snlemniter

283 571 342 623 et
369 566 623 622 emineat
671 567 960 622 universis
1012 568 1071 624 in
1103 568 1236 624 ﬁdei
1286 568 1507 623 unitate
1558 568 1925 640 degentibus,

280 654 506 710 clarum
537 654 1094 739 habetur,quoniam
1118 675 1151 712 a
1171 657 1286 713 Deo
1307 658 1498 711 omnis
1519 656 1927 712 misericordias

280 743 485 815 fulget,
518 744 1019 814 quemadmodum
1071 763 1103 800 a
1151 745 1530 801 sacratissimi
1582 745 1759 799 fontis
1792 750 1925 816 potu

279 831 868 905 hausit.Quapropter
880 834 1157 889 omnibus
1170 834 1227 889 in
1243 839 1458 890 sanctae
1473 834 1929 889 conversationis

274 921 499 993 gremio
531 922 993 978 consistentibus
1014 928 1216 978 notum
1251 940 1379 979 esse
1408 924 1679 978 volumus
1706 923 1927 995 legatos

271 1010 509 1082 Argrini
522 1010 832 1065 contratris
847 1011 1642 1084 nostrivenerabilisepiscopi
1658 1018 1927 1067 nostrum

273 1107 493 1162 adiisse
506 1106 1228 1178 apostolatum,humiliter
1242 1111 1617 1165 obsecrantes
1635 1113 1928 1180 quatenus

263 1196 514 1267 justitiae
537 1196 933 1252 moderamine
953 1196 1247 1269 aequitatis
1269 1196 1771 1267 libramina,more
1789 1214 1927 1269 prae-

273 1285 646 1340 decessorum
680 1291 1035 1355 nostrorum,
1068 1290 1125 1340 et
1154 1303 1257 1357 pro
1289 1302 1491 1342 amore
1517 1286 1639 1352 Dei,
1680 1290 1736 1341 et
1766 1303 1924 1341 reve-

272 1374 463 1428 rentia
492 1373 644 1429 beati
676 1374 830 1429 Petri
863 1373 1261 1446 apostolorum
1297 1375 1597 1447 principis,
1634 1375 1924 1429 conferre-

274 1478 430 1531 mus,
465 1478 760 1534 suumque
801 1462 1101 1518 electionis
1131 1464 1396 1519 ordinem
1447 1465 1866 1535 decretumque
1892 1480 1926 1518 a

270 1550 485 1622 populo
501 1554 558 1605 et
573 1550 726 1606 clero
744 1551 1128 1623 Lingonensis
1153 1551 1415 1607 Ecclesiae
1437 1551 1754 1624 digestum,
1769 1552 1923 1623 quod

273 1656 393 1709 prae
415 1638 692 1694 manibus
714 1637 1029 1708 habebant,
1045 1640 1364 1695 clementiae
1386 1646 1586 1696 vestrae
1606 1641 1926 1696 attendere-

270 1743 431 1792 mus,
465 1729 621 1799 quod
653 1732 711 1783 et
736 1728 1006 1796 fecimus,
1038 1729 1099 1783 in
1133 1730 1410 1784 omnibus
1441 1735 1669 1785 servata
1695 1746 1923 1785 servare

265 1820 567 1873 curantes:
590 1816 859 1872 videlicet
880 1817 1129 1888 qualiter
1150 1817 1346 1873 aclcro
1370 1824 1427 1874 et
1448 1819 1663 1890 populo
1678 1820 1918 1889 praefata

264 1905 673 1978 Lingomensis
687 1905 944 1962 Ecclesia
960 1907 1428 1978 postdiscessum
1449 1906 1714 1963 Gerlonis
1736 1925 1916 1979 quon-

267 1994 403 2049 dam
425 1994 679 2066 episcopi
708 1995 1063 2050 unanimiter
1082 1997 1397 2067 expetitus,
1419 1996 1781 2052 concorditer
1800 1996 1920 2053 ele—

268 2087 401 2138 ctus
430 2088 486 2138 et
507 2083 885 2153 acclamatus,
904 2100 1133 2139 necnon
1164 2102 1197 2138 a
1224 2084 1456 2156 praprio
1478 2085 1921 2156 metropolitano

270 2172 608 2238 Aureliano,
651 2177 709 2227 et
754 2172 828 2227 ab
858 2173 983 2243 ejus
1031 2173 1439 2244 suﬁ'raganeis,
1470 2179 1526 2228 et
1556 2191 1590 2228 a
1630 2174 1921 2229 Bernuino

272 2259 595 2315 Viennensi
627 2260 1065 2331 archiepiscopo
1114 2262 1391 2317 canonice
1440 2267 1834 2329 consecratus,
1867 2267 1924 2317 et

270 2357 334 2412 in
368 2357 501 2428 ipsa
530 2357 667 2411 sede
697 2357 1016 2428 Lingonica
1045 2359 1343 2411 communi
1377 2363 1506 2413 voto
1539 2375 1605 2413 ac
1634 2359 1922 2415 desiderio

256 2445 702 2501 inthronizatus
723 2445 963 2509 exstitit,
980 2449 1039 2500 et
1064 2447 1357 2517 quomodo
1375 2463 1477 2517 per
1497 2446 1753 2517 spatium
1775 2448 1921 2503 duo-

258 2548 399 2589 rum
420 2548 709 2588 annorum
723 2537 780 2588 et
803 2533 980 2587 trium
1005 2535 1294 2588 mensium
1311 2535 1575 2589 eamdem
1596 2541 1768 2605 prout
1789 2552 1920 2606 pro-

262 2622 381 2677 tuit
430 2620 710 2692 pastorali
758 2622 1163 2677 moderamine
1212 2620 1358 2676 rexit
1404 2622 1763 2690 Ecclesiam;
1817 2626 1915 2680 sed

263 2714 471 2784 postea
516 2726 620 2782 per
657 2710 1047 2779 quorumdam
1098 2710 1406 2765 hominum
1457 2710 1830 2767 insolentiam
1860 2717 1919 2767 et

263 2800 702 2872 subreptionem
728 2815 761 2852 a
789 2798 1024 2871 propria
1044 2803 1445 2872 sequestratae
1468 2800 1642 2856 fuerit
1664 2799 1917 2856 Ecclesia

266 2894 531 2960 tempore
559 2887 830 2943 Widonis
875 2887 1270 2959 imperatoris,
1306 2888 1404 2960 qui
1453 2893 1592 2944 tunc
1637 2890 1915 2945 Romanis

263 2977 612 3048 imperabat.
646 2976 902 3032 Peractis
924 2981 1117 3032 autem
1143 2976 1425 3049 liquidius
1448 2977 1635 3041 annis,
1653 2994 1786 3033 cum
1810 2979 1917 3034 fre-

266 3070 519 3138 quenter
539 3065 686 3120 hanc
703 3068 967 3120 sanctam
991 3065 1312 3120 Romanam
1326 3065 1641 3122 Ecclesiam
1664 3065 1913 3121 infortu-

269 3155 357 3209 nii
388 3155 478 3209 sui
511 3170 687 3209 causa
714 3154 999 3221 visitaret,
1022 3158 1078 3208 et
1107 3170 1339 3225 semper
1369 3153 1915 3226 lacrymahiliter,ut

267 3243 328 3299 ei
357 3242 551 3298 sinum
600 3241 1009 3297 misericordiae
1040 3241 1161 3297 haec
1192 3243 1416 3314 aperire
1445 3244 1789 3316 dignaretur
1816 3245 1914 3299 de-

269 3335 557 3404 posceret,
591 3331 852 3402 pervenit
880 3331 953 3385 ad
983 3331 1430 3402 praedecessoris
1464 3333 1645 3386 nostri
1688 3332 1793 3404 pia:
1826 3349 1913 3387 re-

271 3418 628 3474 cordationis
648 3418 894 3475 Joannis
909 3435 1070 3490 papae
1092 3419 1462 3490 praesentiam
1493 3435 1627 3473 cum
1651 3418 1917 3475 Ecclesiae

271 3524 399 3563 suae
428 3505 767 3579 lacrymosis
797 3507 1204 3579 querimoniis,
1228 3506 1328 3578 qui
1350 3508 1478 3578 ejus
1509 3508 1832 3562 absentiam
1863 3512 1920 3562 et

268 3611 414 3653 voce
442 3600 497 3651 et
526 3595 733 3652 litteris
754 3594 1160 3663 eondolebant,
1192 3595 1414 3651 scilicet
1444 3596 1598 3667 quod
1631 3603 1763 3668 post
1792 3597 1920 3667 ejus

267 3685 605 3741 discessum
622 3684 800 3740 variis
829 3690 886 3739 et
909 3685 1086 3740 nimis
1102 3683 1284 3740 attriti
1314 3684 1917 3753 incummoditatibus,

268 3782 438 3838 omni
469 3781 748 3854 pastorali
768 3783 1035 3839 destituti
1057 3782 1305 3839 fuissent
1326 3782 1552 3850 solatio,
1568 3783 1711 3839 adeo
1733 3787 1921 3838 utnec

268 3871 538 3928 chrisma
569 3872 918 3942 confectum,
939 3888 1044 3927 nec
1072 3871 1324 3927 infantes
1354 3871 1680 3944 consignati
1708 3872 1768 3926 in
1796 3872 1924 3943 ipsa

272 3960 635 4032 Lingonensi
666 3958 920 4015 Ecclesia
942 3959 1176 4025 fuerint,
1201 3977 1304 4016 nec
1335 3960 1571 4030 aliquod
1596 3959 1924 4032 episcopale

272 4048 674 4104 ministerium
703 4049 810 4104 rite
824 4053 1154 4121 peractum;
1179 4050 1330 4104 unde
1346 4049 1520 4104 etiam
1544 4050 1732 4104 dictus
1752 4049 1925 4104 Joan-

270 4153 385 4192 nes
418 4136 830 4193 sanetissimus
870 4154 1040 4208 papa,
1073 4138 1201 4209 ejus
1249 4136 1675 4209 querimoniam
1732 4138 1922 4193 Eccle-

273 4224 382 4281 sie
409 4242 528 4280 suae
557 4224 810 4298 benigne
838 4224 1335 4297 suscipiens,cum
1366 4225 1609 4298 collegio
1625 4227 1924 4297 episcopo-

274 4330 416 4369 rum
455 4330 698 4370 suorum
753 4313 1232 4385 reliquorumque
1279 4314 1550 4369 ordinum
1602 4315 1928 4386 frequentia

272 4402 590 4475 diligenter
607 4402 1331 4475 inquisivit,canoniceque
1352 4403 1927 4475 deﬁnivit,quatenus

277 4491 339 4547 ei
369 4491 693 4563 apostolica
720 4492 1068 4547 auctoritate
1096 4509 1206 4547 sua
1257 4492 1600 4547 redderetur
1645 4492 1921 4559 Ecclesia,

2039 567 2303 623 munitus
2359 568 2789 641 Lingonensem
2822 572 3099 626 canonice
3145 570 3421 641 deinceps
3469 568 3694 640 absque

2038 655 2287 727 alicujus
2313 658 2773 712 contradictione
2797 664 3015 714 teneret
3032 658 3376 724 Ecelesiam,
3393 657 3702 731 pastorali-

2036 749 2237 816 terquc
2263 750 2504 817 regeret,
2523 751 2699 817 atque
2721 746 2838 802 Deo
2864 749 3169 803 ordinante
3195 747 3548 819 disponeret.
3568 746 3695 801 Non

2037 836 2389 889 sententiam
2448 837 2894 906 praedecessoris
2949 838 3134 892 nostri
3197 835 3477 909 Stephani
3532 852 3696 908 papa

2039 923 2553 994 reprehendentes,
2589 926 2690 979 sed
2725 925 3004 982 canonice
3034 943 3213 981 causa
3242 924 3610 981 necessitatis
3640 928 3699 980 et

2039 1010 2309 1067 utilitatis
2352 1013 2409 1067 in
2447 1013 2658 1067 melius
2708 1020 3157 1082 commutantes,
3190 1014 3691 1087 quemadmodum

2037 1101 2494 1172 pradecessores
2521 1109 2750 1158 nostros
2767 1104 2836 1158 de
2868 1103 3072 1158 multis
3090 1104 3280 1176 egisse
3311 1103 3689 1159 manifestum

2036 1193 2141 1243 est.
2178 1190 2566 1252 Quamobrem
2600 1192 2962 1247 auctoritatis
2994 1197 3202 1247 nostra:
3236 1192 3605 1264 privilegium
3637 1192 3690 1247 ei

2035 1277 2160 1333 ﬁeri
2185 1279 2501 1348 jussimus,
2522 1279 2580 1335 in
2618 1297 2733 1352 quo
2767 1280 2925 1352 pallii
2953 1298 3124 1336 usum
3155 1282 3225 1336 ad
3249 1281 3564 1337 missarum
3597 1297 3691 1336 so-

2033 1364 2252 1421 lemnia
2283 1368 2528 1422 sacratis
2550 1367 2755 1424 diebus
2781 1369 2862 1422 illi
2891 1369 3473 1441 concessimus,quod
3497 1364 3637 1424 olim
3657 1386 3692 1425 a

2033 1455 2411 1511 sanctissimo
2473 1457 2897 1528 praedecessore
2947 1462 3144 1513 nostro
3208 1458 3481 1513 Formoso
3540 1473 3692 1529 papa

2034 1549 2352 1615 acceperat.
2416 1546 2778 1617 Quapropter
2830 1546 3041 1602 virtute
3091 1546 3276 1602 sancti
3336 1545 3587 1618 Spiritus
3634 1550 3693 1601 et

2034 1639 2235 1687 nostra
2267 1632 2585 1704 apostolica
2634 1634 2979 1690 auctoritate
3010 1635 3386 1707 praecipimus
3417 1639 3481 1690 ut
3527 1633 3692 1690 nulla

2033 1726 2290 1793 potestas
2322 1723 2555 1792 regalis,
2591 1722 2910 1796 nullusque
2953 1724 3310 1779 conditionis
3340 1723 3432 1779 vel
3462 1723 3687 1779 ordinis

2032 1826 2226 1877 sexus,
2251 1816 2454 1866 contra
2480 1811 2587 1867 hoc
2614 1818 2879 1867 nostrum
2906 1812 3292 1884 apostolicum
3314 1812 3684 1885 privilegium

2025 1888 2339 1971 insurgere
2366 1901 2597 1970 audeat,
2616 1902 2948 1972 nostrisque
2972 1902 3343 1972 jussionibus
3364 1900 3481 1957 ullo
3512 1903 3684 1958 modo

2033 1988 2319 2043 contraire
2351 1994 2637 2060 pertentet
2670 2009 2688 2044 :
2722 1991 2820 2045 sed
2856 1989 3028 2045 liceat
3056 1991 3107 2046 ei
3139 1990 3334 2062 quiete
3364 1995 3684 2058 suam,Do-

2032 2076 2191 2131 mino
2213 2078 2478 2147 juvante,
2505 2095 2703 2151 regere
2728 2078 3062 2146 Ecclesiam,
3096 2086 3161 2134 ut
3191 2079 3409 2151 quibus
3438 2096 3685 2152 praeesse

2030 2165 2201 2219 debet
2230 2165 2417 2221 valeat
2445 2180 2497 2221 et
2531 2168 2827 2238 prodesse.
2864 2169 2918 2223 Si
2966 2168 3100 2239 quis
3132 2185 3263 2223 vero
3293 2168 3473 2239 hujus
3502 2167 3685 2238 privi-

2031 2252 2165 2325 legii
2201 2256 2383 2308 nostri
2418 2256 2770 2311 temerarius
2799 2260 3198 2327 transgressor
3223 2256 3526 2320 exstiterit,
3549 2260 3607 2310 et
3626 2256 3686 2311 in

2032 2341 2309 2395 omnibus
2349 2360 2463 2397 non
2514 2343 2925 2408 observaverit,
2957 2349 3013 2398 et
3060 2345 3130 2399 de
3181 2343 3357 2398 rebus
3380 2344 3506 2414 jam
3556 2344 3688 2399 fatae

2035 2428 2419 2499 Lingonensis
2441 2431 2705 2486 Ecclesiae
2746 2432 2907 2502 juste
2954 2431 3256 2504 acquisitis
3288 2431 3509 2503 aliquid
3531 2432 3688 2487 inva-

2031 2520 2190 2585 serit,
2226 2524 2325 2573 aut
2374 2520 2665 2575 minorare
2711 2521 3041 2596 tentaverit,
3073 2521 3221 2576 sciat
3269 2538 3331 2575 se
3379 2540 3414 2575 a
3458 2520 3683 2577 viviﬁco

2034 2606 2260 2661 Domini
2292 2612 2350 2661 et
2381 2607 2699 2663 Salvatoris
2735 2610 2918 2663 nostri
2951 2611 3083 2667 Jesu
3115 2608 3327 2664 Christi
3360 2626 3599 2681 corpore
3626 2615 3685 2666 et

2029 2694 2313 2765 sanguine
2342 2695 2620 2765 alienum,
2643 2702 2698 2751 et
2725 2715 2758 2752 a
2791 2698 3084 2753 consortio
3109 2696 3372 2752 ﬁdelium
3401 2696 3680 2753 Christia-

2027 2800 2235 2837 norum
2268 2790 2721 2856 sequestratum,
2749 2792 2808 2842 et
2838 2785 2950 2842 nisi
2981 2790 3276 2842 correctus
3307 2787 3677 2853 satisfecerit,

2026 2875 2304 2943 perpetuo
2336 2873 2712 2930 anathemate
2742 2875 3110 2930 damnatum.
3144 2875 3295 2930 Bene
3326 2874 3530 2930 valete.

2095 2960 2389 3031 Scriptum
2423 2978 2525 3034 per
2546 2980 2783 3019 manum
2807 2963 2993 3036 Sergii
3024 2968 3237 3018 saneta:
3270 2963 3542 3018 Romana:
3565 2963 3677 3018 Ec-

2024 3047 2210 3104 clesiae
2258 3051 2547 3105 scriniarii
2581 3052 2639 3105 in
2694 3069 2895 3107 mense
2943 3055 3226 3125 Augusto,
3272 3050 3589 3107 indictione
3616 3052 3670 3107 3.

2029 3140 2168 3191 Data
2198 3155 2253 3191 x1
2288 3138 2409 3193 Kal.
2446 3140 2742 3211 Septemb.
2777 3157 2878 3212 per
2908 3157 3148 3195 manum
3180 3140 3389 3195 Leonis
3418 3140 3517 3195 Dei
3550 3140 3672 3212 pie-

2026 3229 2143 3281 tate
2173 3226 2487 3298 primicerii
2536 3233 2751 3283 sancta:
2799 3228 2955 3284 sedis
3004 3228 3354 3301 apostolicae,
3388 3246 3541 3285 anno
3573 3230 3673 3285 do—

2026 3314 2170 3368 mini
2204 3315 2493 3372 Benedicti
2524 3334 2683 3388 papae
2735 3316 2943 3388 primo.
2980 3327 3146 3372 Anno
3188 3318 3247 3371 11
3286 3323 3415 3387 post
3443 3317 3668 3372 obitum

2027 3401 2372 3460 Landeberti
2402 3404 2772 3477 imperatoris
2801 3406 3070 3478 Augusti,
3104 3405 3420 3461 indictione
3447 3406 3501 3461 3.

2628 3591 2980 3647 EPISTOLA
3012 3594 3081 3647 II.

2242 3720 2314 3757 AD
2354 3720 2585 3787 CLEFtUM
2623 3722 2690 3761 ET
2728 3722 3005 3761 POPULUM
3045 3722 3463 3762 LINGONENBEM.

2763 3821 2922 3892 (Ibid.
2930 3823 2947 3893 )

2104 3970 2460 4042 BENEDICTUS
2486 3973 2816 4045 episcopus,
2842 3989 3042 4029 servus
3063 3988 3366 4029 servorum
3388 3972 3510 4040 Dei,
3528 3971 3679 4030 clero

2033 4062 2090 4114 et
2117 4059 2271 4130 plebi
2303 4065 2515 4116 sanctis
2548 4061 2931 4133 Lingonensis
2957 4062 3245 4118 Ecclesiae.

2104 4146 2435 4217 Apostolica
2458 4165 2563 4204 nos
2587 4155 2643 4203 et
2673 4149 3007 4222 evangelica
3026 4149 3296 4206 instituta
3318 4150 3682 4208 incessanter

2036 4236 2352 4291 admonent
2367 4241 2429 4291 ut
2442 4237 3101 4295 omniumEcclesiarum
3115 4256 3315 4294 curam
3331 4238 3578 4295 sollicite
3589 4255 3686 4312 ge-

2035 4341 2161 4380 rere
2193 4324 2531 4396 debeamus,
2566 4326 2694 4397 ipsa
2741 4343 2847 4382 nos
2904 4328 3252 4398 instruente,
3287 4328 3574 4399 nobisque
3622 4328 3681 4382 in

2038 4413 2203 4467 beato
2230 4413 2395 4468 Petro
2414 4414 2809 4484 apostolorum
2833 4415 3095 4486 principe
3126 4414 3497 4486 precipiente
3518 4414 3680 4469 Veri-

2038 4505 2176 4566 tate,
2209 4501 2309 4571 qui
2359 4501 2499 4556 dicit
2532 4519 2543 4555 :
2576 4504 2768 4558 Simon
2816 4504 3067 4572 Joannis,
3106 4502 3298 4570 diligis
3341 4503 3476 4557 me?
3521 4504 3686 4559 Pasce

278 4581 780 4652 quemadmodum
802 4580 859 4635 in
889 4580 1104 4636 scrinio
1132 4586 1342 4636 sanctw
1368 4584 1635 4636 Romanae
1664 4582 1926 4637 Ecclesia
1957 4573 2004 4638 D
2034 4606 2153 4646 oves
2184 4606 2334 4645 meas
2366 4592 2542 4659 (Imm.
2574 4594 2711 4660 xm).
2746 4592 2926 4661 Cujus
2956 4590 3298 4645 auctoritate
3322 4595 3379 4646 et
3405 4591 3682 4647 vicarica-

282 4668 522 4740 plenius
550 4668 819 4725 habetur.
852 4668 971 4724 Nos
999 4685 1153 4736 vero,
1187 4669 1279 4724 his
1321 4668 1540 4725 auditis
1571 4675 1629 4724 et
1659 4669 1926 4743 diligenti

278 4757 715 4813 examinatione
737 4756 1058 4829 perpensis,
1086 4757 1522 4829 praedecessoris
1544 4758 1729 4813 nostri
1750 4758 1927 4813 Joan-

277 4845 381 4900 nis
401 4862 563 4917 papae
584 4850 806 4901 statuta
825 4846 883 4900 in
906 4846 1181 4901 omnibus
1201 4862 1430 4902 servare
1455 4847 1775 4919 cupientes,
1791 4847 1931 4919 quia

277 4933 528 4990 rationis
558 4934 737 5006 hujus
775 4935 955 4990 series
983 4934 1335 5001 indiscussa,
1368 4939 1424 4989 et
1453 4935 1932 5006 irrefragabiliter

279 5022 754 5090 determinanda,
787 5024 1007 5094 absque
1044 5024 1489 5079 reverendorum
1522 5024 1929 5095 episcoporum

279 5110 532 5168 consilio
561 5112 932 5184 perfectionis
960 5111 1264 5167 cumulum
1296 5128 1499 5183 capere
1529 5129 1643 5167 non
1685 5117 1930 5184 poterat,

280 5214 553 5266 sanctam
604 5208 1053 5266 convocavimus
1095 5210 1154 5264 in
1210 5211 1597 5266 Lateranense
1651 5209 1930 5283 palatium

279 5299 599 5370 synodum,
630 5298 944 5369 omniaque
963 5298 1076 5354 ista
1090 5316 1225 5354 vera
1245 5316 1373 5355 esse
1395 5300 1749 5355 omnimodis
1770 5316 1932 5355 com-

280 5388 622 5461 probantes,
658 5387 901 5443 consilio
930 5392 987 5443 et
1008 5388 1334 5443 hortamine
1359 5389 1807 5443 reverendorum
1840 5405 1935 5460 pa-

280 5482 448 5532 trum
480 5476 650 5532 nobis
678 5475 1107 5545 assistentium,
1126 5477 1263 5545 jura
1291 5478 1341 5530 ei
1362 5476 1722 5531 indulsimus
1751 5477 1932 5532 eccle-

280 5565 549 5631 siastica,
582 5563 805 5621 scilicet
829 5570 895 5621 ut
921 5564 1061 5637 quia
1090 5563 1310 5634 injuste
1340 5582 1374 5618 a
1403 5581 1511 5619 sua
1530 5563 1786 5620 Ecclesia
1817 5565 1934 5637 pri-

280 5658 460 5716 vatas
479 5654 675 5715 fuerat
693 5652 921 5724 ordine,
927 5654 1094 5726 justo
1117 5650 1294 5710 etiam
1314 5652 1657 5712 redderetur
1675 5654 1938 5715 medere.

614 5784 876 5847 Pauor.
922 5779 1190 5846 CXXXI.

2037 4679 2191 4734 tione
2221 4678 2414 4733 divina
2435 4678 2818 4747 dispositione
2841 4678 2992 4749 freti,
3016 4678 3243 4733 cunctis
3272 4683 3330 4734 et
3354 4679 3412 4733 in
3444 4695 3684 4752 prospe-

2038 4766 2310 4822 ritatibus
2323 4783 2427 4821 con
2437 4767 2705 4838 gaudere,
2723 4770 2779 4820 et
2798 4766 2857 4820 in
2881 4766 3329 4823 necessitatibus
3346 4784 3515 4840 opem
3538 4769 3685 4824 ferre

2039 4855 2233 4926 parati
2257 4872 2484 4910 sumus.
2504 4856 2572 4910 Et
2604 4854 2741 4927 quia
2771 4854 2858 4910 lex
2893 4856 2989 4910 Dei
3010 4873 3112 4927 per
3132 4860 3361 4928 Moysen
3386 4858 3525 4911 data
3546 4873 3685 4928 prta-

2041 4942 2180 5014 cipit
2210 4961 2223 4998 :
2260 4944 2337 5013 Si,
2372 4943 2664 5014 inquiens,
2698 4944 2899 4999 videris
2933 4946 3155 4999 asinum
3192 4946 3443 5014 proximi
3472 4946 3557 4998 tui
3582 4946 3686 4999 sub

2040 5048 2203 5087 onere
2223 5033 2516 5102 jacentem,
2550 5049 2657 5087 non
2690 5034 3073 5104 pcrtransibz's,
3106 5032 3196 5086 sed
3225 5032 3530 5086 sublevabis
3558 5047 3685 5086 cum

2042 5137 2105 5176 eo
2133 5120 2324 5191 (Exod.
2361 5122 2524 5192 xxm)
2551 5140 2562 5185 ;
2598 5126 2854 5177 scrutata
2874 5126 3065 5176 vestra
3096 5118 3443 5183 calamitate,
3466 5124 3684 5176 vestra-

2043 5226 2156 5281 que
2178 5210 2531 5265 descrimina
2552 5211 2846 5277 continua,
2869 5226 2984 5263 non
3006 5207 3133 5263 sine
3159 5207 3413 5264 maximo
3438 5225 3684 5264 mmrore

2043 5299 2114 5354 ad
2125 5298 2386 5353 mirando
2410 5299 2777 5371 suscepimus
2791 5298 2945 5368 quod
2961 5297 3015 5351 in
3028 5297 3111 5351 fra
3122 5302 3208 5352 tot
3228 5296 3687 5369 dierumtempo-

2044 5404 2291 5459 rumque
2317 5388 2505 5459 spatia
2522 5394 2772 5442 vestram
2797 5387 2966 5441 nobis
2982 5386 3258 5457 injuriam
3276 5392 3472 5442 custos
3495 5386 3686 5441 homi-

2043 5493 2185 5531 num
2218 5474 2548 5530 sollicitudo
2596 5474 2835 5529 minime
2868 5474 3156 5546 patefecit.
3187 5475 3352 5529 Nunc
3381 5490 3517 5547 ergo
3548 5474 3689 5546 quia

2044 5564 2194 5621 sicut
2214 5581 2316 5637 per
2328 5569 2518 5621 vestra
2538 5563 2755 5635 scripta
2773 5562 3478 5630 didieimus,’l‘eutbaldus
3498 5579 3687 5639 neque

2044 5671 2079 5715 a
2104 5652 2267 5714 vobis
2298 5652 2607 5728 expetitus,
2632 5666 2820 5727 neque
2848 5651 3090 5721 electus,
3117 5667 3303 5725 neque
3334 5651 3691 5715 acclamatue
