4040 6208
358 280 438 340 43
1369 285 1788 351 BENEDICTI
1833 289 2015 352 ΡΑΡέ

2137 293 2174 351 ν
2223 292 2763 356 PRIVILEGIUM.
3684 296 3763 356 44

359 417 468 480 est,
491 414 592 469 sed
621 431 726 472 nec
747 416 820 472 ad
847 415 1078 489 aliquos
1099 435 1296 475 sacros
1321 421 1556 477 ordines
1591 423 1649 477 in
1693 429 1884 478 vestra
1905 428 2006 480 Ec-
2038 431 2089 492 Α
2122 427 2473 482 rentissimis
2503 433 2559 482 et
2589 426 2979 482 sanctissimis
3009 423 3298 497 episcopis
3328 439 3430 480 seu
3472 425 3759 498 archiepi-

359 499 539 560 clesia
565 509 892 574 provectus,
920 505 1072 561 sicut
1100 506 1210 563 hoc
1239 508 1390 564 veris
1423 511 1743 582 approbare
1766 513 2007 583 potestis

357 589 615 663 indiciis,
646 597 703 649 et
732 594 813 649 ita
843 612 906 650 se
937 612 1027 651 res
1059 595 1253 661 habet,
1277 597 1432 654 sicut
1461 603 1867 670 pradecessori
1903 618 2008 656 no-

358 683 479 735 stro
494 680 599 752 pia
622 683 1040 740 recordationis
1060 685 1270 742 Joanni
1289 704 1448 760 papa
1463 689 1817 760 jamdudum
1841 691 2008 746 inno-

358 767 559 824 tuistis
592 786 604 824 :
640 787 755 826 non
789 772 957 828 nobis
1005 774 1238 829 videtur
1285 793 1416 832 esse
1461 777 1873 850 incongruum,
1906 781 2008 834 sed

360 856 557 930 potius
586 859 745 915 omni
775 877 940 917 sacra
959 865 1016 917 et
1047 864 1325 919 canonica
1345 867 1691 922 auctoritate
1715 867 2006 934 fulcitum,

363 961 524 1002 more
570 948 1062 1020 praedecessorum
1093 957 1430 1008 nostrorum
1482 956 1833 1011 sententiam
1882 973 2010 1011 mu-

361 1035 540 1090 tando
556 1035 615 1091 in
628 1037 1014 1104 melius,utde
1035 1040 1239 1096 multis
1259 1042 1538 1116 exemplis
1555 1044 2012 1100 evidentissimis

362 1125 685 1196 approbare
715 1143 1052 1198 possumus.
1083 1129 1215 1186 Ideo
1241 1133 1554 1204 Argrinum
1589 1138 1880 1205 pastorem
1912 1151 2007 1190 ve-

362 1216 551 1269 strum
583 1231 618 1270 a
644 1215 809 1271 vobis
841 1218 1196 1274 unanimiter
1213 1219 1462 1276 electum
1485 1225 1539 1276 et
1573 1222 1891 1294 expetitum
1915 1239 2011 1278 vo-

362 1300 456 1357 bis
486 1303 766 1359 canonice
794 1321 1042 1376 praesse
1065 1308 1440 1364 concedimus
1469 1326 1483 1376 ;
1519 1326 1715 1382 quem,
1750 1311 1903 1366 sicut
1924 1311 2010 1365 di-

377 1389 536 1458 citis,
574 1390 778 1462 utique
807 1397 966 1465 patet
1011 1395 1439 1453 inconsiderate
1465 1397 1646 1454 fuisse
1679 1416 1780 1470 per
1809 1400 2011 1455 subre-

365 1478 628 1550 ptionem
651 1496 684 1534 a
703 1482 866 1537 vobis
887 1483 1196 1554 expulsum
1217 1501 1228 1540 :
1246 1486 1643 1556 praecipientes
1667 1493 1729 1542 ut
1749 1489 1926 1560 digna
1947 1504 2012 1544 ac

365 1569 716 1640 competenti
748 1569 913 1626 illum
943 1573 1263 1628 reverentia
1296 1574 1620 1647 recipiatis,
1653 1581 1830 1648 atque
1862 1578 2015 1632 sicut

364 1657 598 1728 proprio
624 1658 896 1731 episcopo
917 1661 1254 1718 obedientes
1276 1663 1335 1717 in
1365 1665 1642 1721 omnibus
1673 1665 2012 1730 existentes,

365 1748 424 1800 et
452 1745 579 1816 ejus
609 1745 863 1819 alloquio
896 1755 953 1804 et
992 1751 1389 1808 consolatione
1436 1759 1637 1809 nostra
1668 1755 2013 1810 auctoritate

368 1832 666 1903 fruamini,
698 1853 765 1893 ac
806 1837 985 1894 veluti
1033 1856 1096 1894 eo
1127 1845 1289 1896 tanto
1338 1846 1568 1913 pastore
1623 1843 1848 1899 reddito
1895 1849 1950 1898 et
1983 1861 2018 1898 a

367 1922 532 1978 vobis
562 1929 790 1996 recepto
821 1925 880 1980 in
912 1926 1160 1982 Domino
1175 1929 1473 1985 vobiscum
1508 1931 2013 2003 congratulemini.

369 2012 520 2068 Sane
539 2012 678 2084 quia
691 2015 1351 2089 omnibusEcclesiisjus
1367 2019 1775 2074 intemeratum
1796 2020 2014 2092 legem-

369 2116 483 2171 que
515 2103 856 2158 canonicam
886 2103 1298 2161 inviolabiliter
1351 2123 1692 2162 conservare
1722 2107 2013 2175 volumus,

368 2189 638 2244 Ecclesia
670 2196 871 2246 vestrae
913 2209 1284 2264 nequaquam
1320 2194 1435 2249 vim
1471 2195 1682 2251 inferre
1713 2197 2014 2263 debemus,

369 2293 475 2333 nec
502 2277 739 2350 aliquod
769 2281 1174 2351 prajudicium
1216 2284 1515 2354 imponere
1545 2285 1881 2356 quarimus,
1915 2286 2016 2339 sed

369 2365 428 2421 in
477 2367 755 2422 omnibus
802 2371 1143 2425 canonicam
1195 2371 1602 2428 auctoritatem
1651 2379 1708 2428 et
1761 2374 2016 2445 priscam

371 2454 712 2511 electionem
728 2456 1146 2513 immutilatam
1169 2475 1297 2514 esse
1310 2461 1796 2516 censemus.Bene
1811 2461 2014 2516 valete.

441 2543 588 2599 Data
616 2561 656 2599 Il
703 2545 942 2600 Kalend.
975 2548 1351 2618 Septembris,
1385 2565 1488 2620 per
1539 2566 1780 2603 manum
1830 2550 2016 2621 Sergii

371 2631 659 2688 scriniarii
674 2637 888 2688 sancta
902 2633 1174 2690 Romana
1197 2635 1808 2702 Ecclesia,indictione
1826 2639 2013 2692 tertia.

773 2739 1117 2796 EPlSTOLA
1150 2741 1247 2808 ΙΙΙ,
1280 2758 1603 2798 marcum.

443 2830 788 2886 Malacenum
818 2830 1128 2902 episcopum
1155 2833 1430 2902 sociosque
1448 2833 1569 2900 ejus
1595 2849 1630 2886 a
1659 2832 1946 2888 Saracenis

805 2901 954 2956 male
981 2901 1192 2958 habitos
1220 2901 1576 2958 commendat.

705 2988 921 3052 (Mabill.
953 2990 1069 3040 Vet.
1099 2990 1370 3049 Analecta,
1401 3005 1522 3054 pag.
1554 2993 1686 3052 £28.)

410 3087 425 3117 '.
444 3073 795 3126 Bausmc’rus
823 3085 1024 3126 servus
1055 3087 1354 3126 servorum
1397 3069 1519 3141 Dei,
1554 3069 1828 3126 omnibus
1859 3087 2014 3127 reve-

2047 1797 2094 1862 B

2119 516 2330 586 scopis,
2366 532 2587 570 necnon
2621 517 2932 570 abbatibus
2963 520 3139 586 atque
3171 513 3502 580 comitibus,
3537 531 3636 569 seu
3661 516 3761 585 ju-

2119 605 2367 669 dicibus,
2401 622 2599 659 verum
2631 605 2805 659 etiam
2836 608 2892 659 et
2921 602 3208 658 universis
3237 603 3570 658 orlhodoxis
3597 602 3761 658 Chri-

2120 693 2324 748 stiana
2357 694 2486 748 fidei
2519 693 2868 748 cultoribus.

2189 782 2490 836 Sanctitati
2523 799 2623 836 seu
2648 782 2911 836 omnium
2933 781 3393 836 Christianorum
3418 780 3764 852 religiosita-

2121 870 2276 924 tibus
2301 874 2500 924 notum
2523 887 2651 925 esse
2672 870 3109 940 volumus,quia
3124 870 3232 924 iste
3249 885 3504 940 prasens
3520 869 3767 941 Malage-

2125 959 2591 1014 nusvenerabilis
2611 957 3462 1029 cpiseopusHierosolymitana
3479 957 3764 1026 Ecclesia,

2123 1065 2236 1102 una
2267 1065 2399 1104 cum
2432 1048 2556 1103 suis
2607 1047 2874 1102 ﬁdelibus
2905 1065 2938 1100 a
2977 1047 3398 1101 Saracenorum
3431 1046 3704 1119 gentibus
3735 1063 3769 1102 a

2123 1155 2229 1192 sua
2259 1137 2511 1192 Ecclesia
2561 1136 2927 1208 depradatus
2977 1141 3087 1200 est,
3119 1140 3174 1190 et
3205 1135 3379 1190 etiam
3425 1137 3667 1207 quidam
3697 1136 3768 1190 de

2123 1226 2246 1280 suis
2278 1225 2615 1279 hominibus
2637 1225 2708 1279 ab
2731 1225 2857 1295 ipsa
2879 1224 3301 1279 uefandissima
3329 1231 3501 1296 gente
3532 1225 3768 1279 Sarace-

2125 1329 2332 1368 norum
2366 1313 2541 1368 occisi
2575 1317 2733 1379 sunt,
2758 1330 2859 1384 pro
2893 1329 2958 1367 eo
2991 1314 3144 1382 quod
3180 1312 3351 1366 ﬁdem
3389 1311 3621 1367 illorum
3657 1313 3766 1366 mi~

2124 1402 2279 1457 nime
2310 1402 2600 1456 celebrare
2627 1401 3079 1456 voluerunt.Hic
3109 1401 3304 1472 itaque
3336 1401 3668 1456 Malacenus
3690 1416 3774 1456 re-

2123 1490 2565 1546 verentissimus
2612 1491 2922 1561 episcopus
2971 1507 3104 1545 cum
3155 1491 3226 1544 ab
3271 1489 3416 1561 ipsis
3460 1490 3768 1544 Saracenis

2124 1580 2489 1650 depradatus
2522 1585 2627 1646 est,
2653 1596 2686 1632 a
2717 1578 3069 1650 quibusdam
3101 1577 3444 1633 Christianis
3478 1583 3659 1632 Deum
3693 1579 3774 1631 ti-

2125 1669 2422 1723 mentibus
2446 1673 2818 1739 comparatus
2837 1672 2943 1736 est,
2969 1673 3025 1722 et
3046 1666 3140 1722 alii
3165 1666 3405 1738 triginta
3425 1665 3774 1733 Christiani,

2126 1758 2225 1828 qui
2257 1773 2390 1811 cum
2423 1773 2488 1810 eo
2510 1756 2820 1827 depradati
2853 1761 3012 1821 sunt,
3037 1757 3108 1810 ab
3141 1756 3358 1810 eisdem
3384 1755 3767 1810 Saracenisin

2126 1846 2392 1901 custodia
2439 1845 2778 1899 retinentur.
2815 1844 2976 1899 Unde
3027 1845 3380 1898 mandamus
3431 1848 3494 1897 ut
3535 1860 3637 1914 pro
3670 1843 3771 1898 Dei

2127 1933 2542 2005 omnipotentis
2577 1949 2794 2003 amore,
2825 1934 2880 1987 in
2915 1938 3202 2004 quantum
3232 1932 3463 1986 virtutis
3493 1931 3775 1987 Dominus

2125 2023 2288 2078 vobis
2321 2022 2636 2090 donaverit,
2669 2022 3026 2093 adjutorium
3080 2021 3196 2076 illis
3230 2021 3474 2087 faciatis,
3506 2025 3562 2075 et
3594 2021 3769 2076 liceat

2125 2111 2244 2166 illis
2275 2111 2466 2182 quiete
2515 2111 2737 2181 absque
2786 2111 3189 2180 cujuscunque
3236 2109 3612 2181 oppressione
3645 2109 3772 2164 sal-

2127 2219 2226 2256 vos
2259 2217 2518 2273 pergere,
2541 2204 2597 2254 et
2627 2201 2697 2254 de
2728 2199 3034 2254 civitatein
3067 2199 3356 2254 civitatem
3384 2216 3484 2270 per
3510 2202 3773 2252 vestrum

2127 2289 2410 2345 auxilium
2444 2294 2499 2343 et
2521 2288 2875 2357 adjutorium
2901 2287 3043 2342 salvi
3067 2288 3338 2351 existant,
3367 2293 3429 2341 ut
3450 2286 3645 2340 nullus
3667 2286 3774 2340 ho-

2129 2395 2222 2433 mo
2254 2395 2352 2433 eos
2384 2377 2734 2449 depradare,
2768 2381 2870 2431 aut
2911 2375 3141 2446 aliquod
3179 2375 3403 2430 malum
3456 2378 3640 2430 facere
3672 2391 3776 2430 au-

2127 2468 2261 2521 deat
2293 2483 2305 2520 :
2339 2467 2460 2531 sed,
2498 2483 2598 2537 pro
2649 2480 2845 2518 amore
2879 2463 2977 2518 Dei
3013 2469 3068 2517 et
3117 2463 3436 2518 reverentia
3468 2464 3774 2518 beatorum

2128 2554 2458 2626 principum
2517 2551 2911 2624 apostolorum
2936 2553 3087 2606 Petri
3111 2557 3166 2606 et
3199 2552 3378 2619 Pauli,
3413 2552 3484 2607 ad
3515 2553 3686 2622 cujus
3714 2550 3779 2606 li-

2129 2643 2290 2697 mina
2309 2642 2405 2696 isti
2429 2645 2831 2713 pervenerunt,
2859 2641 3109 2713 benigne
3131 2656 3228 2696 eos
3252 2640 3607 2711 suscipiatis,
3624 2645 3680 2695 et
3701 2640 3774 2695 de

2127 2731 2357 2786 civitate
2388 2731 2446 2785 in
2479 2730 2768 2784 civitatem
2800 2729 2991 2785 salvos
3022 2746 3121 2784 eos
3153 2729 3554 2796 transmittite,
3586 2734 3642 2784 et
3672 2728 3772 2784 ho-

2128 2820 2369 2892 spitium
2399 2820 2484 2874 eis
2506 2823 2841 2890 praparate.
2862 2818 3167 2873 Credimus
3197 2820 3353 2873 enim
3377 2819 3516 2889 quia
3537 2817 3758 2884 omnia,

2128 2908 2414 2980 quidquid
2447 2907 2505 2962 in
2536 2908 2620 2962 eis
2651 2909 2935 2962 bonorum
2960 2906 3232 2977 feceritis,
3255 2907 3327 2961 ab
3357 2906 3484 2977 ipso
3515 2910 3774 2962 creatore

2129 2997 2391 3052 omnium
2421 2998 2530 3052 Deo
2553 2996 2717 3051 vobis
2739 2996 3111 3065 retribuetur,
3135 3000 3193 3050 et
3215 2995 3540 3050 mercedem
3563 2995 3771 3051 exinde

2127 3085 2420 3142 habebitis

1168 3356 1933 3444 PBIVILEGIUM
1990 3355 2589 3444 BENEDIC'I‘I
2653 3353 2980 3442 ΡΑΡλλΕ.

1492 3533 1744 3614 Huoggz'
1767 3533 1978 3595 abbati
1999 3532 2284 3594 Fuldensz'
2309 3551 2655 3594 concessum.

1315 3791 1510 3863 (Apud
1537 3790 1788 3859 Dronke,
1821 3791 2002 3846 codex
2031 3787 2277 3862 Diplom.
2312 3788 2476 3846 Fuld.
2514 3803 2644 3860 pag.
2677 3788 2828 3858 298.)

446 4095 823 4162 BENEDICTUS,
857 4111 1058 4152 servus
1089 4111 1385 4151 servorum
1422 4094 1540 4165 Dei,
1565 4094 1787 4150 Huoooi
1819 4093 2014 4150 abbati
2048 4105 2090 4170 ο
2127 4098 2244 4149 tur.
2278 4093 2357 4149 De
2385 4109 2501 4165 qua
2532 4109 2591 4148 re
2622 4092 2732 4165 piis
2764 4092 3071 4148 desideriis
3104 4092 3380 4162 faventes,
3430 4093 3538 4148 hac
3585 4096 3788 4149 nostra

372 4181 724 4240 venerabilis
737 4183 1075 4240 monasterii
1097 4183 1323 4239 Domini
1344 4181 1741 4250 Salvatoris,et
1763 4199 1863 4254 per
1882 4199 2016 4238 eum

374 4272 433 4328 in
463 4273 667 4328 eodem
710 4271 1022 4329 venerabili
1056 4271 1412 4328 monasterio
1464 4271 2020 4342 successoribusque

369 4361 498 4417 suis
527 4361 839 4418 abbatibus
872 4362 931 4415 in
963 4365 1330 4433 perpetuum.

441 4451 748 4507 Summam
761 4455 1028 4523 gerentes
1041 4449 1500 4506 sollicitudinem
1515 4448 1776 4504 omnium
1791 4465 2023 4505 venera-

366 4538 574 4594 bilium
607 4538 868 4594 locorum
891 4543 1179 4610 quantum
1202 4555 1269 4594 ex
1291 4538 1484 4594 divino
1515 4539 1804 4608 adjutorio
1831 4538 2022 4610 possi-

369 4625 566 4681 bilitas
580 4626 835 4680 daturde
847 4642 1050 4680 eorum
1066 4626 1384 4681 stabilitate
1405 4631 1667 4697 satagere
1688 4626 2015 4681 studemus.

370 4716 490 4768 Hoc
522 4729 776 4786 namque
806 4714 1000 4769 studio
1023 4719 1080 4770 et
1109 4715 1305 4770 divina
1337 4715 1600 4786 placatur
1627 4713 1938 4770 clementia
1962 4719 2020 4769 et

370 4802 501 4858 laus
534 4800 801 4857 Ecclesia
850 4802 1067 4857 Christi
1121 4808 1486 4873 procuratur.
1522 4803 1666 4857 Nam
1724 4803 1934 4874 potiori
1965 4808 2022 4858 et

374 4907 482 4948 nos
496 4889 815 4962 fiduciapro
831 4889 1375 4962 impetrandavenia
1391 4891 1728 4946 delictorum
1747 4896 2021 4946 aternam

372 4981 648 5052 pietatem
677 4979 963 5034 audemus
994 4979 1542 5051 implorare.Etideo
1575 4981 1894 5035 reverentia
1923 4987 2024 5035 tua

373 5069 686 5141 postulavit
714 5086 748 5124 a
780 5069 967 5136 nobis,
994 5074 1285 5140 quatenus
1304 5071 1427 5140 jam
1453 5069 1671 5123 dictum
1697 5071 2022 5125 venerabile

375 5156 796 5214 monasterium
830 5158 1063 5213 Domini
1087 5156 1403 5214 Salvatoris
1429 5174 1462 5211 a
1496 5163 1695 5212 sancto
1729 5158 2021 5214 Bonifacio

373 5245 812 5318 archiepiscopo
843 5251 1242 5304 constructum
1267 5248 1323 5301 in
1349 5246 1472 5302 loco
1496 5247 1746 5302 Boconia
1776 5264 1915 5318 erga
1943 5248 2018 5302 ri-

367 5353 504 5411 pam
524 5335 602 5390 ﬂu
616 5333 999 5406 minileulda
1016 5335 1301 5408 privilegii
1318 5334 1817 5405 sedisapostolica
1839 5335 2026 5390 muni-

374 5427 531 5484 mine
553 5425 874 5492 decoretur,
897 5428 961 5476 ut
986 5425 1096 5479 sub
1114 5425 1526 5495 jurisdictione
1551 5427 1762 5478 sancta
1787 5428 2019 5493 nostra,

373 5515 468 5572 cui
496 5513 614 5569 Deo
651 5516 885 5568 auctore
913 5509 1298 5578 deservimus,
1331 5511 1595 5567 Ecclesia
1626 5512 2016 5569 constitutum

371 5601 594 5664 nullius
622 5599 864 5659 alterius
885 5598 1676 5674 Ecclesiajurisdictionibus
1701 5600 2014 5662 submitta-

2133 4184 2450 4255 apostolica
2503 4182 2845 4237 auctoritate
2876 4182 2932 4236 id
2986 4182 3141 4253 quod
3173 4183 3503 4254 exposcitur
3555 4182 3786 4238 effectui

2133 4272 2563 4343 mancipamus,
2598 4271 2919 4326 secundum
2951 4271 3237 4342 privilegii
3281 4271 3490 4326 seriem
3524 4271 3678 4342 quod
3711 4271 3786 4325 ab

2133 4365 2499 4416 antecessore
2551 4363 2748 4414 nostro
2780 4360 2942 4414 bona
2998 4360 3291 4414 memoria
3341 4360 3558 4414 Marino
3599 4359 3784 4430 hujus

2131 4449 2297 4505 alma
2321 4450 2476 4504 sedis
2501 4448 2746 4520 prasule
2769 4448 2913 4502 inibi
2938 4448 3354 4520 perpetualiter
3376 4448 3589 4501 factum
3615 4447 3787 4502 nobis

2132 4539 2434 4594 ostendere
2459 4537 2742 4608 sategisti.
2770 4537 2834 4590 Et
2854 4537 2982 4591 ideo
3005 4553 3238 4591 omnem
3263 4533 3578 4603 cujuslibet
3592 4533 3787 4590 Eccle-

2132 4629 2232 4683 sia
2264 4629 2622 4683 sacerdotem
2676 4627 2736 4681 in
2787 4625 3022 4697 praefato
3053 4623 3364 4679 venerabili
3422 4625 3783 4679 monasterio

2131 4717 2408 4771 ditionem
2443 4714 2768 4786 quamlibet
2797 4715 3009 4769 habere
3041 4719 3096 4767 et
3128 4711 3537 4766 auctoritatem
3580 4717 3788 4784 prater

2132 4807 2325 4861 sedem
2359 4803 2763 4876 apostolicam,
2795 4809 2852 4858 et
2881 4804 3218 4875 episcopum
3253 4801 3311 4854 in
3345 4802 3516 4872 cujus
3547 4801 3780 4856 diacesi

2133 4896 2285 4950 idem
2344 4893 2672 4948 venerabile
2723 4892 3141 4948 monasterium
3191 4895 3592 4946 constructum
3649 4903 3778 4942 esse

2131 4983 2532 5056 dignoscitur;
2557 4981 2648 5036 cui
2675 4981 2967 5036 licentiam
2997 4982 3612 5036 concedimustantum
3642 4993 3778 5033 cum

2132 5071 2535 5144 Opportunitas
2551 5070 2926 5125 consecrandi
2945 5070 3145 5125 altaris
3171 5069 3372 5137 fuerit;
3400 5068 3780 5140 prohibemus

2132 5161 2213 5215 ita
2243 5166 2307 5214 ut
2331 5159 2439 5214 nisi
2466 5159 2536 5213 ab
2561 5160 2769 5212 abbate
2793 5159 3131 5212 monasterii
3167 5160 3340 5214 fuerit
3361 5157 3657 5222 invitatus,
3675 5171 3780 5210 nec

2133 5250 2447 5304 missarum
2469 5247 2681 5302 ibidem
2708 5244 3138 5302 solemnitatem
3155 5246 3446 5318 quispiam
3466 5249 3782 5317 praesumat

2133 5337 2368 5392 omnino
2381 5335 3048 5406 celebrare,utvprotectoj
3062 5341 3195 5390 uxta
3209 5335 3262 5388 id
3281 5335 3777 5406 quodsubjectum

2134 5425 2462 5497 apostolica
2493 5424 2614 5479 sedi
2648 5424 2922 5479 firmitate
2954 5423 3240 5497 privilegii
3267 5423 3558 5490 consistit,
3580 5421 3781 5477 incon-

2127 5531 2296 5570 cusse
2318 5514 2580 5570 dotatum
2606 5518 2945 5586 permaneat
2971 5512 3230 5582 locisque
3253 5527 3319 5567 ac
3342 5513 3672 5577 rebus,tam
3695 5510 3780 5566 eis

2125 5620 2273 5683 quas
2295 5604 2573 5664 moderno
2586 5609 2703 5662 tem
2715 5619 2852 5679 pore
2870 5599 3128 5659 tenetvel
3155 5599 3608 5676 possidetquam
3631 5614 3780 5674 quas
