4040 6208
269 324 337 381 ιθ
599 318 1172 383 CHRISTOPHORI
1216 306 1757 381 PSEUDOPAPAE
1800 320 1910 379 mi

2027 320 2148 379 ’ΜΛ
2196 320 2348 379 ΡΡιΟ
2393 320 2733 380 ΑΒΒΑΤΙΑ
2779 322 3320 384 CORBEIENSIS.
3584 326 3661 389 46

269 452 477 509 futuris
508 451 870 525 temporibus
896 453 953 508 in
979 454 1113 524 jure
1142 454 1330 525 ipsius
1353 453 1903 527 mponasteriidivina
1935 464 1989 528 Α
2017 457 2106 507 ter
2136 472 2196 507 se
2224 457 2569 523 potestatem
2600 452 3555 511 omnimodishabeantsecundum
3574 474 3664 511 re-

270 542 444 615 pietas
475 540 722 597 voluerit
751 558 961 614 augere
992 560 1057 597 ex
1090 543 1260 597 donis
1282 548 1338 597 et
1354 541 1909 597 oblationibusdeci-

270 630 488 702 misque
503 630 1013 702 fidelium,absque
1028 630 1205 686 ullius
1226 648 1482 703 persona
1500 630 1907 686 contradictio

267 736 328 776 ne
341 718 614 775 ﬁrmitate
628 723 905 791 perpetua
920 720 1559 790 perfruatur.Czeterum
1576 719 1684 775 hoc
1697 718 1910 773 delibe-

264 813 450 863 rantes
477 806 847 863 decernimus
879 814 943 862 ut
974 809 1249 880 congruis
1281 807 1645 880 temporibus
1696 812 1907 862 nostra

262 895 633 952 sollicitudini
665 895 1069 952 ecclesiastica
1102 895 1686 967 intimetur,qualiter
1706 895 1907 966 religio

262 985 580 1041 monastica
601 984 853 1056 regulari
888 985 1090 1039 habitu
1142 986 1430 1055 dirigatur
1482 985 1908 1054 concordiaque

261 1074 614 1129 convenienti
640 1072 1034 1129 ecclesiastico
1065 1074 1177 1128 ritu
1211 1074 1601 1145 mancipetur,
1636 1090 1706 1127 ne
1741 1073 1902 1139 forte,

260 1164 406 1233 quod
422 1162 715 1227 absit,sub
733 1163 909 1232 hujus
933 1162 1212 1234 privilegii
1230 1165 1466 1217 obtentu
1494 1162 1726 1216 animus
1744 1177 1903 1231 gres-

261 1267 479 1323 susque
512 1250 880 1306 rectitudinis
913 1256 1163 1305 vestraa
1194 1250 1663 1320 normajustitia
1711 1249 1904 1319 aliquo

261 1341 421 1394 modo
456 1344 881 1411 retorqueatur.
916 1340 981 1393 Et
1012 1356 1198 1411 neque
1233 1340 1372 1410 regi,
1411 1356 1595 1409 neque
1634 1338 1904 1410 episcopo

257 1427 506 1496 cuilibet,
540 1429 627 1484 vel
651 1428 871 1496 comiti,
904 1427 991 1484 vel
1026 1429 1121 1484 alii
1157 1445 1379 1500 magna
1406 1444 1716 1500 parvaque
1772 1442 1899 1497 per-

256 1533 402 1572 sona
433 1516 657 1573 licitum
692 1518 768 1572 sit
799 1516 1623 1589 quamlicetviminferre,sine
1648 1515 1903 1586 aliquam

256 1607 701 1662 controversiam
734 1608 921 1661 facere
956 1608 1011 1661 in
1045 1608 1219 1661 rebus
1252 1606 1339 1660 vel
1368 1606 1609 1660 familiis
1641 1605 1902 1674 ejusdem

253 1711 395 1766 sape
427 1694 568 1749 dicti
599 1694 948 1749 venerabilis
982 1694 1783 1749 monasterii.Etauctoritate
1805 1710 1902 1747 no-

255 1786 372 1838 stra
402 1783 813 1839 interdicimus
845 1788 909 1837 ut
935 1781 1095 1838 nulla
1121 1783 1335 1838 femina
1360 1783 1498 1837 inibi
1535 1782 1759 1853 ingredi
1795 1800 1900 1835 un—

253 1888 426 1942 quam
459 1876 793 1944 prasumat.
822 1872 1003 1928 Nemo
1038 1873 1094 1926 in
1128 1873 1331 1927 eodem
1366 1870 1718 1927 monasterio
1741 1887 1905 1925 vene-

253 1959 441 2030 rabili,
475 1961 559 2016 vel
585 1961 641 2015 in
673 1961 897 2016 cateris
950 1961 1078 2031 ejus
1137 1960 1279 2015 locis
1331 1960 1610 2032 placitum
1677 1960 1899 2014 habeat.

251 2045 430 2101 Nemo
462 2064 658 2102 servos
690 2048 772 2102 vel
808 2048 1042 2103 colonos
1076 2048 1143 2101 ad
1178 2048 1411 2117 aliquod
1444 2047 1741 2102 servitium
1766 2064 1899 2101 con-

252 2134 521 2207 stringat,
538 2135 655 2190 illis
677 2140 905 2191 tantum
926 2136 1183 2207 exceptis
1199 2136 1460 2207 personis
1491 2136 1706 2208 quibus
1720 2136 1900 2190 abbas

247 2223 317 2276 ad
350 2223 664 2279 utilitatem
699 2242 815 2279 sua
840 2224 1204 2279 necessitatis
1240 2242 1547 2278 assensum
1569 2224 1895 2288 praebuerit.

244 2310 636 2383 Eligendisibi
653 2313 921 2367 abbatem
945 2313 1181 2383 quando
1198 2329 1345 2382 opus
1373 2312 1543 2366 fuerit
1572 2313 1779 2367 fratres
1810 2313 1899 2365 in-

2020 541 2214 613 gulam
2232 546 2414 595 sancti
2441 542 2730 597 Benedicti
2756 543 2879 597 sine
2904 541 3079 597 ullius
3096 560 3352 615 persona
3376 545 3664 598 contradi-

2020 631 2225 685 ctione.
2259 631 2323 684 Et
2345 631 2473 698 tibi,
2501 630 2580 684 ﬁli
2612 631 2819 685 dilecte
2842 632 3237 704 Huoggi,quia
3258 638 3312 687 te
3346 632 3492 686 bene
3523 648 3664 686 eru-

2019 719 2207 774 ditum
2240 726 2296 773 et
2323 719 2690 789 eloquentem
2719 721 2909 775 virum
2943 738 3071 776 esse
3102 722 3392 788 novimus,
3418 721 3662 776 verbum

2022 807 2115 861 Dei
2150 808 2462 879 praedicare
2495 810 2836 864 auctoritate
2866 811 3051 865 sancti
3086 810 3260 876 Petri,
3295 816 3351 865 et
3390 809 3665 865 concedi-

2018 912 2152 950 mus
2169 901 2225 949 et
2256 896 3505 970 pracipimus.lgiturstatuentesapostolica
3525 914 3667 953 cura

2016 984 2388 1039 decernimus
2403 985 2612 1055 perhuj
2626 1003 2656 1039 u
2670 1003 2694 1039 s
2710 986 2926 1041 decreti
2948 987 3128 1041 nostri
3146 988 3274 1059 pagi
3288 1004 3421 1042 nam
3452 991 3516 1041 ut
3539 986 3663 1057 qui-

2016 1089 2246 1143 cunque
2275 1072 2589 1142 cujuslibet
2614 1073 2875 1127 Ecclesia
2899 1076 3188 1129 antistites
3204 1075 3288 1130 vel
3311 1091 3664 1146 quacunque

2016 1161 2299 1231 dignitate
2336 1163 2572 1232 pradita
2610 1179 2856 1233 persona
2888 1163 3334 1235 hancprivilegii
3370 1164 3663 1219 nostriau-

2014 1252 2341 1304 ctoritatem
2375 1266 2550 1320 quam
2570 1252 2946 1323 praerogativa
2969 1252 3247 1325 principis
3263 1253 3662 1323 apostolorum

2014 1339 2631 1409 ﬁrmamus,temerarc
2664 1342 3239 1412 prasumpserit,nisi
3281 1343 3393 1396 cito
3453 1343 3665 1415 resipi-

2016 1432 2157 1493 seat,
2193 1427 2505 1481 anathema
2534 1430 2608 1482 sit
2668 1434 2724 1483 et
2752 1430 2897 1483 iram
2932 1431 3024 1484 Dei
3067 1430 3390 1497 incurrens,
3427 1449 3459 1486 a
3512 1436 3661 1485 coetu

2016 1519 2349 1569 sanctorum
2384 1518 2647 1570 omnium
2682 1517 2924 1573 extorris
2954 1518 3247 1587 existat,et
3278 1519 3665 1574 nihilominus

2014 1605 2233 1675 prafati
2268 1606 2605 1660 monasterii
2638 1606 2893 1676 dignitas
2923 1624 2955 1662 a
2978 1608 3147 1662 nobis
3179 1608 3424 1662 indubia
3442 1624 3665 1679 perma-

2016 1698 2165 1748 neat.
2202 1693 2307 1758 Qui
2342 1701 2535 1748 autem
2569 1699 2767 1749 custos
2784 1695 3089 1761 exstiterit,
3118 1696 3583 1751 benedictionem
3606 1701 3665 1752 et

2018 1782 2265 1854 gratiam
2298 1800 2330 1836 a
2362 1783 2607 1837 Domino
2638 1792 3056 1854 consequatur.

2085 1872 2381 1942 Scriptum
2414 1888 2515 1942 per
2548 1890 2783 1927 manum
2840 1873 3048 1929 Leonis
3098 1875 3387 1929 scriniarii
3448 1878 3662 1929 sancta

2015 1962 2285 2014 Romana
2322 1959 2583 2014 Ecclesia
2618 1960 2673 2014 in
2698 1961 3080 2029 menseMaio,
3116 1962 3660 2019 indictione4.Bene

2014 2048 2433 2103 valete.Datum
2469 2049 2675 2119 quinta
2706 2050 2934 2104 decima
2966 2050 3354 2108 Kalendarum
3374 2052 3537 2106 Junii
3562 2069 3664 2123 per

2011 2153 2250 2191 manum
2264 2138 2552 2191 Anastasii
2572 2137 2878 2208 primicerii
2896 2140 3267 2194 defensorum
3283 2144 3495 2195 sancta
3510 2138 3672 2196 sedis

2012 2225 2367 2297 apostolica,
2404 2226 2723 2297 imperante
2746 2228 2959 2281 domno
2976 2227 3239 2297 piissimo
3268 2234 3527 2298 Augusto
3553 2229 3668 2283 Lu-

2024 2314 2223 2367 dovico
2256 2331 2289 2367 a
2320 2314 2432 2367 Deo
2464 2320 2735 2368 coronato
2768 2331 2979 2385 magno
3007 2314 3357 2386 imperatore
3381 2333 3554 2370 anno.

1604 2594 1755 2632 ANNO
1817 2595 2017 2632 DOMINI
2078 2595 2305 2633 DCCUCV.

966 2743 2984 2947 CHRISTOPHORUS

1298 3022 1558 3087 SEDIS
1600 3020 2175 3084 APOSTOLIC/E
2222 3021 2615 3083 INVASOR.

945 3235 1337 3308 NOTITIA
1392 3235 1901 3309 HISTORIGA
1954 3237 2047 3309 IN
2115 3237 2967 3312 CHRISTOPHORUM.

1610 3376 1711 3445 (Ex
1768 3376 2040 3432 Conciliis
2081 3377 2313 3447 Mansi:)

321 3570 785 3643 Christophorus
818 3571 1224 3647 invasorsedis
1244 3569 1727 3647 apostolica,pari
1760 3570 1933 3647 modo
1964 3570 2035 3624 ab
2065 3569 2333 3647 invasere
2362 3570 2559 3647 Sergio
2584 3572 2923 3640 pontificatu
2951 3574 3366 3647 dejicitur,quo
3396 3574 3493 3631 ille
3524 3592 3665 3647 pra-

252 3639 620 3717 decessorem
652 3660 824 3717 suum
842 3643 1103 3717 Leonem
1126 3642 1171 3693 V
1192 3639 1448 3717 legitime
1474 3640 1722 3717 electum
1756 3642 1889 3695 sede
1912 3658 2019 3717 sua
2050 3639 2520 3717 amoverat.Nam
2542 3639 2673 3717 cum
2699 3648 2927 3717 septem
2962 3639 3190 3699 menses
3213 3639 3408 3701 se'dem
3434 3639 3666 3717 pontifi—

254 3711 408 3788 ciam
432 3720 531 3788 ten
546 3714 1019 3788 uisset,dejectus
1050 3719 1139 3788 est
1170 3730 1198 3767 e
1231 3711 1365 3768 sede
1395 3712 1675 3788 violenter
1708 3728 1808 3783 per
1839 3713 2491 3788 Sergium,strictusque
2523 3711 2855 3779 vinculis,et
2878 3716 2936 3767 in
2968 3731 3254 3770 carcerem
3280 3711 3507 3783 trusus,
3540 3734 3669 3788 per-

252 3783 361 3838 vim
395 3785 683 3841 inductus
712 3783 888 3841 vitam
922 3792 978 3841 et
1007 3785 1274 3840 habitum
1306 3785 1697 3839 monasticum
1721 3786 1998 3855 suscepit.

915 4032 1645 4165 DlPLOMA
1769 4031 3023 4166 CHRISTOPHORI

682 4261 753 4320 In
786 4260 1293 4341 conﬁrmationem
1317 4258 1774 4338 privilegiorum
1814 4256 2067 4318 abbatia
2102 4258 2465 4319 Corbeiemis
2497 4260 2557 4318 in
2588 4258 2825 4320 dioecesi
2865 4260 3270 4322 Ambianensi.

1745 4400 2165 4409 ὴ.-

332 4477 830 4533 CHRISTOPHORUS
860 4473 1192 4545 episcopus,
1228 4490 1429 4529 servus
1464 4489 1761 4528 servorum
1794 4473 1919 4540 Dei,
1955 4476 1996 4541 C
2038 4471 2416 4526 Ambianensi
2449 4488 2626 4543 super
2656 4473 2898 4527 ﬂuvium
2930 4470 3403 4538 Sommam,adiit
3434 4488 3542 4527 nos
3582 4488 3685 4542 per

258 4564 545 4621 universis
573 4564 869 4636 episcopis
900 4562 1243 4617 Galliarum.

322 4654 466 4710 Cum
501 4655 785 4710 Romana
817 4651 972 4706 sedis
1003 4651 1333 4722 pontiﬁcem
1377 4656 1603 4705 constet
1643 4650 1907 4704 omnium

260 4742 657 4798 Eeclesiarum
688 4740 900 4795 Christi
933 4744 1108 4811 caput
1140 4740 1277 4805 fore,
1326 4756 1391 4794 ac
1449 4740 1496 4793 si
1559 4740 1708 4793 beali
1760 4737 1913 4793 Petri

262 4830 669 4900 apostolorum
702 4829 980 4900 principis
1012 4829 1164 4883 vices
1188 4833 1475 4899 agentem,
1511 4828 1600 4881 cui
1645 4827 1915 4881 Christus

262 4918 385 4973 ait:
422 4921 499 4995 Ta
531 4936 594 4974 es
627 4919 838 4983 Petrus,
871 4927 923 4973 et
960 4934 1123 4989 super
1178 4918 1318 4972 hanc
1370 4920 1583 4987 petram
1636 4915 1918 4985 aediﬁcabo

264 5007 563 5065 Ecclesium
596 5024 797 5073 meam,
828 5010 877 5062 et
907 5008 1008 5062 tibi
1031 5006 1173 5061 (tabo
1206 5008 1389 5061 claves
1419 5007 1575 5075 regni
1640 5005 1917 5069 calorum,

267 5096 408 5152 nulli
439 5098 851 5153 cunctandum
883 5100 973 5151 est
1004 5096 1158 5166 quod
1194 5099 1412 5149 cuncta
1446 5092 1713 5148 Ecclesiae
1769 5092 1920 5163 paci,

266 5185 438 5242 saluti
472 5193 532 5243 et
556 5186 744 5258 quieti
768 5185 1095 5257 prospicere
1145 5201 1249 5238 nos
1301 5188 1585 5254 oporteat,
1642 5183 1928 5254 pracipue

266 5277 456 5330 tamen
474 5276 574 5330 his
599 5275 786 5345 quiad
806 5290 910 5327 nos
933 5272 1298 5328 necessitatis
1313 5288 1430 5326 sua
1464 5288 1671 5326 causas
1704 5272 1924 5327 deferre

269 5361 584 5419 voluerint.
619 5362 780 5418 Unde
811 5365 1119 5434 cognoscat
1149 5361 1412 5415 omnium
1435 5365 1770 5415 sanctorum
1792 5360 1931 5415 Gal-

275 5450 360 5506 lia
391 5451 722 5524 prasulum
742 5450 1092 5506 charissima
1108 5449 1441 5503 fraternitas
1473 5449 1627 5519 quod
1657 5449 1743 5502 vir
1772 5465 1936 5504 vene-

275 5539 478 5595 rabilis
514 5541 739 5595 Franco
761 5540 945 5595 abbas
975 5555 1043 5593 ex
1087 5537 1441 5591 monasterio
1499 5537 1750 5592 Corbeia
1805 5554 1935 5610 pro-

269 5626 470 5689 vincia
499 5627 851 5703 Galliarum,
882 5626 1040 5704 quod
1067 5629 1157 5684 est
1214 5628 1613 5684 constructum
1672 5627 1730 5683 in
1790 5643 1940 5703 pago

2030 4559 2414 4616 venerabilem
2431 4560 2838 4632 coepiscopum
2855 4565 3053 4614 nostru
3066 4577 3120 4614 m
3138 4560 3442 4631 Orgarium
3455 4565 3681 4630 ,petens

2022 4654 2083 4703 ut
2112 4654 2320 4704 nostr-Ic
2357 4648 2729 4703 auctoritatis
2762 4647 3062 4720 privilegio
3083 4652 3368 4720 praecepta
3388 4648 3474 4703 vel
3493 4648 3685 4703 edicta

2054 4752 2225 4808 egum
2257 4741 2313 4792 et
2345 4738 2763 4808 imperatorum
2794 4736 3053 4807 antiquis
3084 4742 3186 4791 aut
3208 4737 3505 4793 modernis
3530 4742 3675 4794 tem-

2026 4826 2265 4897 poribus
2296 4825 2483 4880 eidem
2510 4825 2634 4882 loco
2666 4842 2943 4882 concessa
2994 4827 3365 4881 firmaremus
3399 4843 3412 4891 ;
3460 4842 3685 4881 necnon

2031 4914 2333 4986 privilegia
2354 4914 2782 4985 episcoporum,
2827 4932 3011 4969 unum
3061 4932 3093 4969 a
3143 4914 3389 4987 prasule
3446 4914 3690 4968 Ambia-

2033 5003 2195 5059 nensi
2223 5003 2559 5073 Bertefrido,
2593 5004 2662 5057 ad
2698 5006 2865 5073 cuius
2887 5004 3184 5059 diacesim
3219 5003 3381 5056 locus
3406 5001 3529 5072 ipse
3555 5018 3690 5072 per-

2034 5091 2197 5161 tinet,
2224 5097 2279 5145 et
2298 5091 2652 5163 coepiscopis
2684 5095 2808 5147 suis
2841 5095 3076 5161 factum,
3107 5096 3163 5145 et
3194 5090 3471 5161 primitus
3510 5090 3688 5145 adifi-

2037 5185 2163 5234 cato
2195 5195 2299 5233 suo
2334 5180 2687 5235 monasterio
2717 5182 2919 5235 datum
2944 5200 2956 5247 ;
2991 5180 3147 5233 aliud
3177 5179 3345 5250 longe
3370 5183 3568 5249 postea
3597 5195 3689 5234 re-

2040 5273 2254 5340 gnante
2282 5267 2505 5334 Carolo,
2542 5270 2612 5323 ab
2646 5269 2955 5323 Hincmaro
2976 5266 3692 5338 Rhemensiarchiepisco-

2044 5374 2115 5429 po
2131 5361 2185 5411 et
2202 5357 2509 5411 universali
2529 5357 2773 5412 concilio
2789 5358 3196 5428 episcoporum
3214 5355 3405 5410 Gallia
3436 5355 3691 5410 conscri-

2046 5449 2518 5517 ptum;praterea
2542 5445 2838 5517 privilegia
2870 5446 3048 5500 beata
3072 5445 3363 5499 memoria
3396 5443 3690 5499 Benedicti

2048 5539 2104 5589 et
2126 5533 2343 5589 Nicolai
2368 5534 2859 5604 pradecessorum
2892 5533 3311 5603 nostrorum,in
3329 5532 3545 5604 quibus
3570 5549 3693 5589 om-

2049 5623 2225 5683 nibus
2256 5626 2539 5681 staiutum
2572 5625 2660 5680 est
2687 5627 2750 5683 ut
2779 5624 3085 5699 praefatum
3116 5619 3539 5682 monasterium
3556 5622 3695 5683 Cor-
