4040 6208
274 342 347 409 49
1312 343 1681 412 MONITUM
1727 346 1828 409 AD
1873 342 2280 409 COMMENT.
2327 342 2408 407 IN
2453 340 2631 408 GEN.
3596 336 3680 400 50
3747 373 3753 379 -

276 476 790 554 Thes._novissimo
811 480 1086 537 Anecdot.
1108 485 1251 537 tom.
1281 481 1372 546 IV,
1399 487 1545 554 part.
1578 483 1625 545 1,
1652 482 1762 554 sub
1786 481 1913 534 init.
1948 486 1999 549 Α

342 554 393 607 8.
440 550 734 606 Comment.
779 561 957 607 vastus
997 555 1053 608 in
1104 550 1455 623 Mattheeum,
1519 570 1628 608 ms.
1672 553 1920 607 habetur

278 623 558 679 Monachii
586 624 643 676 in
671 624 1023 678 bibliotheca
1049 626 1407 679 serenissimi
1443 624 1707 679 electoris
1740 624 1916 677 Bava-

279 695 547 767 riga3,teste
560 695 692 748 Rev.
712 694 752 747 B
777 712 875 748 -rn.
898 696 1056 749 Pezio
1072 696 1310 750 Dissert.
1334 697 1627 767 Isagogica
1641 697 1707 749 ad
1731 700 1869 748 tom.
1894 696 1915 748 1

274 766 552 821 Thesauri
587 768 714 820 novi
741 767 1190 829 Anecdotorum,
1218 784 1272 837 p.
1301 769 1370 821 23
1397 783 1408 820 :
1440 766 1499 821 in
1528 767 1673 821 Bibl.
1699 767 1915 820 Vindo-

283 837 524 892 honensi
557 841 613 890 et
643 837 699 891 S.
723 839 949 908 Georgii
977 839 1209 907 Majoris
1237 838 1513 903 Venetiis,
1544 844 1688 893 teste
1713 838 1919 892 Posse-

274 909 406 963 vino
437 910 764 977 Apparatus
798 916 954 963 tomo
993 910 1057 975 Il,
1093 927 1146 980 p.
1180 910 1304 963 320.

339 980 393 1051 9.
420 980 496 1033 De
517 980 910 1048 festivitatibus
934 980 1257 1034 Sanctorum
1276 981 1375 1035 lib.
1402 998 1439 1045 ι,
1466 981 1536 1034 ad
1564 980 1918 1051 Episcopum

280 1050 623 1115 Eduorum,
656 1056 942 1104 memorat
968 1051 1215 1105 Bulaeus.

344 1122 429 1175 10.
471 1121 751 1175 Sermones
799 1124 1035 1192 triginta
1089 1126 1404 1177 occurrunt
1458 1121 1512 1175 in
1556 1120 1919 1175 Lectionario

274 1193 613 1247 monasterii
644 1193 1036 1248 Medianensis
1066 1200 1198 1248 ante
1229 1209 1415 1247 annos
1443 1194 1551 1246 700
1576 1194 1817 1263 scripto,
1853 1210 1921 1246 ex

277 1264 490 1345 quibus
520 1263 773 1345 aliquot,
816 1266 1024 1345 quinad
1067 1264 1918 1345 sacramen‘tum'lﬂuch‘aristim

275 1334 1638 1417 specta'nt,.descripsit'Il‘yacint‘hus‘Alliot._IIzec
1662 1336 1918 1416 Theode-

274 1406 429 1459 ricus
463 1406 780 1460 Ruinartus
806 1407 864 1460 in
898 1407 1105 1461 Itinere
1132 1407 1384 1461 Alsatico
1407 1413 1462 1460 et
1492 1406 1915 1473 Letharingico,

272 1477 523 1548 tomslll
556 1477 808 1547 Operum
843 1479 1289 1548 posthumorum
1318 1476 1657 1531 *Mabillonii
1690 1482 1747 1531 et
1780 1476 1913 1548 Ruig

271 1547 466 1616 nartii,
500 1565 557 1618 p.
592 1549 715 1602 441.
752 1547 1002 1603 Αηίνρτο
1036 1549 1286 1604 Alliotus
1316 1549 1449 1603 illos
1480 1548 1747 1615 ediderit,
1774 1547 1915 1602 mihi

276 1636 387 1674 non
421 1623 667 1673 constat.
850 1644 851 1647 η

341 1689 427 1743 11.
454 1690 845 1745 Commentarii
870 1692 925 1743 in
950 1691 1288 1745 Martianum
1315 1689 1619 1761 Capellam,
1650 1690 1915 1743 Donatum

270 1765 319 1815 et
337 1763 689 1815 Priscianum
710 1761 913 1815 inediti
936 1761 989 1816 in
1020 1762 1194 1815 variis
1216 1761 1584 1816 bibliothecis
1602 1761 1912 1814 habentur.

270 1832 413 1886 Vide
430 1833 684 1887 Iudicem
710 1834 872 1886 Bern.
894 1833 964 1887 de
984 1833 1350 1887 Mont'aucon.
1376 1833 1699 1886 Videndum
1720 1848 1913 1886 annon

272 1902 362 1975 his
395 1904 586 1958 titulis
608 1903 1178 1975 comprehendantur
1197 1906 1427 1973 Remigii
1446 1904 1913 1975 Grammatzcalia,

270 1974 457 2028 colon.
494 1976 630 2029 1508
654 1974 753 2029 fol.
786 1975 960 2041 edita,
988 1980 1133 2030 teste
1154 1976 1463 2030 Maittairio
1488 1982 1630 2030 tom.
1665 1974 1914 2029 IAnnal.

269 2044 518 2117 Typogr.
558 2064 610 2116 p.
642 2048 768 2111 728,
805 2046 945 2100 edit.
981 2056 1195 2117 poster.

341 2116 911 2173 12.7(Iommentarius
956 2116 1015 2170 in
1052 2119 1314 2184 Regulam
1354 2118 1407 2171 S.
1452 2116 1735 2172 Benedicti
1775 2117 1921 2169 forte

267 2184 432 2242 illius
461 2194 567 2242 est.
626 2188 921 2242 Florentiae
954 2187 1011 2241 in
1048 2188 1196 2243 Bibl.
1231 2189 1486 2242 Medicea
1516 2194 1573 2241 et
1604 2185 1916 2242 Camaldu-

264 2255 440 2314 lensi.
476 2259 659 2323 Idem,
691 2276 749 2329 p.
783 2261 904 2313 413⁸
942 2260 1063 2313 430.

2106 480 2192 533 13.
2220 480 2507 549 Responsio
2525 479 2594 532 ad
2610 473 3293 549 Gualonem,Heduorum
3312 464 3675 549 episcopum,

2035 551 2104 605 de
2138 546 2333 620 pugna
2364 549 2660 605 Michaelis
2692 566 2823 604 cum
2858 547 3107 616 diabolo,
3141 549 3211 603 de
3243 546 3482 618 corpore
3502 546 3677 602 Mosis

2037 626 2093 676 et
2122 620 2191 676 de
2224 620 2563 690 Behemoth,
2598 638 2772 692 quam
2804 620 3153 675 Possevinus
3194 622 3497 692 memorat.

2108 694 2191 747 14.
2218 699 2292 747 De
2313 695 2533 747 ratione
2552 690 2933 760 gubemandee
2953 693 3213 747 Ecclesia:
3228 690 3483 761 scripsit,
3505 692 3681 760 prout

2032 763 2199 818 docet
2229 764 2686 835 Eisengreinius,
2713 764 2864 833 apud
2899 765 3171 817 eumdem
3200 761 3606 835 Posseviuum.

2108 837 2191 889 15.
2254 832 2635 906 Ιηίθνρνειαίίο
2692 832 2976 906 nominum
3036 835 3432 906 chraicorumg
3479 832 3681 906 ordine

2032 904 2420 976 alphabetico,
2456 924 2583 977 quas
2613 905 2785 976 vulgo
2821 906 2982 960 Bedes
3006 906 3393 977 tribuebatur,
3421 904 3481 977 in
3509 905 3682 977 cujus

2032 975 2247 1048 quippe
2287 975 2572 1059 Operibus
2613 975 2802 1057 exstat
2839 981 2979 1031 tom.
3026 977 3123 1046 III,
3256 976 3381 1057 871.
3415 975 3682 1058 Oudinus

2032 1054 2225 1101 autem
2268 1052 2517 1101 testatur
2557 1066 2611 1101 1n
2647 1053 2877 1101 ontimze
2909 1052 3055 1101 notae
3086 1064 3151 1101 co
3201 1048 3386 1101 lClbUS
3418 1048 3681 1101 Remigio

2031 1047 2225 1103 autem
2268 1047 2517 1120 testatur
2557 1049 2611 1101 in
2647 1047 2882 1120 optimis
2909 1052 3055 1120 notae
3086 1047 3386 1103 codicibus
3418 1047 3681 1120 Remigio

2032 1126 2230 1174 nostro
2288 1119 2487 1174 tribui.
2538 1119 2698 1173 Adde
2746 1119 2939 1173 Merici
2992 1120 3319 1174 Casauboni
3363 1119 3561 1174 adnot.
3594 1119 3677 1173 ’ad

2031 1190 2575 1272 Opta‘tum,p.4f3.Ad
2594 1190 2747 1272 hunc
2764 1190 3095 1272 Remigium
3108 1190 3678 1272 Antiss‘iodorensem

2031 1267 2291 1332 spectare
2315 1263 2485 1316 credo
2510 1261 2783 1316 homilias
2849 1261 3088 1316 uasdem
3114 1261 3464 1332 legendasin
3489 1262 3681 1316 Homi-

2029 1331 2195 1412 1_iari0
2219 1334 2472 1412 quodam
2497 1350 2606 1412 ms.
2626 1279 2990 1412 biblipctlheea:
3012 1331 3677 1412 canzmajorisecclesip

2031 1405 2332 1458 Lucensis.
2366 1408 2514 1458 Sunt
2545 1408 2736 1458 autem
2767 1402 3011 1475 homilia
3038 1403 3095 1459 S.
3132 1404 3377 1475 Remigii
3411 1404 3468 1457 in
3500 1402 3675 1458 illud:

2036 1476 2262 1545 Vigilate
2279 1491 2407 1544 ergo
2430 1476 2559 1546 quia
2581 1475 2831 1535 nescitis;
2853 1474 3057 1545 incipit
3078 1492 3089 1529 :
3111 1476 3209 1529 Hic
3230 1474 3355 1546 ergo
3368 1490 3675 1546 perspicue.

2028 1546 2225 1601 Altera
2254 1546 2312 1599 in
2344 1545 2489 1600 illud
2517 1563 2528 1599 :
2563 1551 2647 1601 De
2679 1546 2768 1601 die
2795 1554 2977 1617 autem
3008 1546 3145 1617 illa;
3184 1545 3425 1617 incipit:
3476 1545 3680 1601 Gaudet

2030 1619 2213 1671 Arius.
2232 1618 2426 1673 Altera
2444 1618 2708 1688 ejusdem
2729 1618 2785 1671 in
2806 1616 2949 1671 illud
2968 1634 2981 1672 :
3000 1616 3152 1671 Nihil
3168 1616 3525 1688 estapertum,
3542 1621 3676 1682 eto.;

2030 1688 2235 1760 incipit
2273 1706 2284 1742 :
2340 1690 2447 1744 Cur
2477 1687 2698 1760 debetis
2735 1690 2945 1743 timere.
2986 1687 3181 1760 Altera
3228 1687 3298 1742 in
3338 1688 3483 1742 illud
3520 1702 3554 1760 :7
3587 1688 3680 1743 Vos

2030 1758 2166 1814 estis
2182 1760 2264 1813 sal
2298 1763 2495 1823 terrm;
2525 1758 2731 1830 incipit
2756 1776 2767 1813 :
2806 1759 2949 1826 Quia
2978 1759 3195 1814 dixerat
3226 1761 3507 1813 Dominus.
3536 1759 3680 1830 Item

2032 1835 2315 1885 tractatus
2346 1832 2403 1885 in
2439 1831 2581 1885 illud
2611 1848 2623 1885 :
2649 1829 2816 1886 Scitis
2847 1832 2981 1901 quia
3006 1839 3126 1901 post
3151 1831 3411 1896 biduum;
3440 1829 3677 1900 incipit:

2034 1904 2099 1957 Et
2126 1904 2333 1972 factum
2364 1912 2463 1971 est,
2498 1907 2631 1965 etc.,
2664 1903 2764 1955 hac
2782 1903 2930 1955 enim
2952 1904 3242 1956 sententia.
3271 1904 3411 1956 Item
3436 1901 3682 1956 bomilia

2030 1974 2092 2028 in
2128 1972 2271 2027 illud
2310 1992 2321 2028 ε
2360 1975 2581 2044 Vespere
2620 1972 3088 2044 autemSabbati;
3118 1973 3322 2043 incipit
3354 1989 3367 2027 :
3401 1972 3684 2029 Mattheus

2029 2063 2059 2099 a
2092 2054 2269 2115 parte.
2306 2043 2458 2099 Item
2479 2044 2664 2099 altera
2694 2044 2752 2097 in
2784 2043 2925 2098 illud
2954 2060 2965 2097 :
3002 2045 3278 2115 Magister,
3309 2046 3476 2115 attuli
3500 2044 3683 2115 ﬁlium

2029 2113 2246 2177 meum;
2292 2116 2497 2186 incipit
2529 2134 2540 2170 :
2595 2119 2885 2187 Retorquet
2906 2116 3143 2187 culpam.
3180 2114 3375 2187 Altera
3404 2114 3464 2169 in
3495 2113 3635 2187 illud
3666 2130 3679 2169 ε

2040 2188 2252 2241 Dissere
2292 2185 2448 2242 nobis
2484 2185 3080 2257 parabolam;incipit
3112 2202 3124 2239 :
3175 2186 3276 2241 Sed
3307 2185 3679 2256 quaerendum.

2033 2258 2223 2312 Codex
2253 2262 2344 2312 est
2373 2257 2589 2326 saeculi,
2623 2262 2688 2311 ut
2717 2258 2989 2322 arbitror,
3019 2274 3119 2310 χιι.

922 2542 1508 2637 MONITUM
1576 2542 1708 2634 IN
1779 2541 2095 2634 OPUS
2170 2540 3014 2650 SUBSEQUENS.

1218 2746 1418 2817 (Apud
1452 2745 1599 2812 Pez.,
1630 2744 1966 2801 Thesaurus
2004 2745 2274 2801 Anecdot.
2310 2744 2722 2815 novissimus.)

331 3002 1428 3075 MagnispassimlaudihusRemigium
1446 3004 1630 3059 sancti
1647 3002 1913 3059 Germani
1949 3003 1991 3070 C
2029 3001 2276 3058 Marcum
2326 3013 2376 3059 et
2423 3005 2795 3059 eruditissimi
2848 3007 3312 3060 commentatoris.
3354 3009 3501 3060 Tum
3542 3004 3687 3061 sub-

262 3092 795 3146 Antissiodorensis
812 3092 1161 3146 monachum
1186 3094 1501 3147 affecerunt
1516 3097 1735 3147 veteres
1749 3093 1918 3162 juxta

261 3195 325 3234 ac
353 3180 710 3235 recentiores
733 3181 1064 3251 scriptores.
1100 3182 1439 3235 Audiendus
1472 3182 1542 3236 de
1572 3198 1636 3235 eo
1661 3198 1774 3253 prce
1800 3181 1914 3251 pri-

262 3268 373 3323 mis
412 3269 784 3324 Frodoardus
815 3271 874 3323 in
906 3269 1173 3325 Chronic.
1219 3269 1324 3324 lib.
1358 3287 1434 3336 ιν,
1469 3286 1596 3340 cap.
1628 3272 1681 3336 9,
1716 3270 1813 3323 ubi
1846 3269 1916 3323 de

260 3357 615 3411 restauratis
632 3362 687 3411 et
708 3357 1211 3412 reflorescentibus
1226 3357 1656 3411 Rhemensibus
1675 3356 1914 3419 scholis,

262 3442 520 3500 Fulcone
549 3445 1005 3517 archiepiscopo,
1033 3446 1112 3499 ita
1136 3445 1373 3499 scribit:
1401 3467 1427 3492 «
1456 3445 1737 3498 Praefatus
1761 3444 1917 3497 deni-

257 3547 366 3603 que
398 3533 624 3606 praaeul
656 3534 1013 3588 honorabilis
1048 3535 1289 3589 Fulco...
1326 3534 1472 3587 duas
1503 3531 1734 3587 scholas
1768 3531 1915 3586 Rhe-

258 3622 391 3686 mis,
418 3622 846 3677 canonicorum
869 3622 1091 3677 scilicet
1110 3622 1219 3677 loci
1244 3628 1420 3693 atque
1443 3622 1723 3676 ruralium
1751 3621 1914 3675 cleri-

256 3712 636 3782 corum,jam
664 3726 809 3781 pene
831 3710 1120 3781 delapsas,
1155 3711 1443 3777 restituit;
1478 3716 1533 3765 et
1553 3715 1785 3766 evocato
1811 3709 1917 3764 Re-

260 3799 435 3870 migio
468 3799 975 3854 Antissiodorensi
1011 3800 1313 3871 magistro,
1345 3798 1675 3853 liberalium
1702 3797 1914 3853 artium

261 3888 454 3943 studio
488 3886 894 3943 adolescentes
929 3886 1167 3942 clericos
1198 3887 1447 3942 exerceri
1483 3887 1635 3958 fecit,
1677 3888 1917 3958 ipseque

260 3990 392 4030 cum
422 3976 512 4031 eis
543 3976 782 4030 lectioni
816 3992 882 4030 ac
916 3975 1281 4029 meditationi
1314 3992 1549 4046 operam
1594 3975 1772 4029 dedit.
1808 3974 1915 4029 Sed

264 4067 317 4117 et
336 4064 716 4119 Hucbaldum
741 4063 799 4119 S.
817 4063 1065 4118 Amandi
1084 4064 1664 4131 monachum,virum
1688 4080 1919 4134 quoque

260 4151 598 4224 disciplinis
620 4152 955 4223 sophisticis
974 4152 1248 4207 nobiliter
1268 4153 1584 4215 eruditum,
1601 4152 1918 4217 accersivit,

261 4243 314 4291 et
343 4240 681 4296 Ecclesiam
716 4240 1103 4296 Rhemensem
1144 4240 1436 4311 praeclaris
1477 4240 1789 4295 illustravit
1819 4241 1919 4295 do-

2027 3092 2162 3145 dere
2191 3090 2495 3147 librarium
2526 3110 2536 3147 :
2569 3096 2639 3149 In
2669 3093 2921 3147 omnibus
2952 3098 3136 3147 autem
3174 3109 3373 3149 nomen
3402 3110 3563 3148 suum
3593 3101 3684 3149 ta-

2025 3182 2158 3248 cuit,
2192 3189 2252 3235 ut
2280 3198 2405 3237 cum
2436 3184 2713 3252 sapientia
2742 3183 2958 3236 culmen
2987 3198 3196 3252 quoque
3226 3181 3563 3237 humilitatis
3595 3190 3683 3236 at-

2031 3271 2281 3339 tingeret.
2338 3269 2581 3324 Silentio
2624 3274 2899 3341 praetereo
2940 3268 3263 3324 honoriﬁca
3304 3270 3375 3325 de
3415 3268 3677 3341 Remigio

2026 3357 2364 3411 testimonia
2392 3358 2669 3429 Sigeberti
2702 3357 3163 3424 Gemblacensis,
3197 3357 3507 3412 Trithemii
3540 3356 3678 3411 alio-

2028 3460 2296 3514 rumque,
2339 3462 2485 3515 quos
2527 3448 2697 3516 longo
2738 3445 2971 3517 agmine
3018 3450 3348 3516 sequuntur
3385 3445 3676 3501 Antonius

2027 3533 2379 3587 Possevinus
2411 3534 2469 3587 in
2502 3539 2799 3604 Apparatu
2833 3550 3029 3598 sacro,
3079 3539 3222 3589 tom.
3257 3534 3333 3601 II,
3369 3550 3500 3607 pag.
3534 3534 3672 3601 319;

2029 3620 2413 3675 Bellarminus
2443 3627 2500 3676 et
2530 3622 2794 3676 Labbeus
2826 3623 2882 3675 in
2925 3623 3201 3692 operibus
3240 3640 3366 3694 qua
3398 3624 3571 3678 ambo
3602 3624 3675 3678 de

2028 3710 2421 3781 Scriptoribus
2453 3710 2860 3766 ecclesiasticis
2883 3710 3190 3764 ediderunt
3215 3728 3228 3777 ;
3266 3711 3346 3764 Du
3370 3710 3474 3765 Pin
3500 3711 3560 3764 in
3582 3710 3676 3765 Bi-

2029 3797 2317 3854 bliotheca
2346 3798 2740 3855 ecclesiastica
2764 3816 2777 3867 ;
2810 3801 3031 3855 Caveus
3060 3798 3120 3853 in
3155 3798 3408 3854 Historia
3437 3798 3677 3854 Littera-

2028 3887 2153 3954 ria;
2186 3888 2510 3944 Gottfridus
2540 3888 2823 3955 Olearius,
2876 3892 2995 3943 tom
3037 3887 3087 3942 II
3131 3886 3496 3945 Bibliotheca:
3522 3886 3679 3941 Scri-

2031 3980 2262 4047 ptorum
2305 3976 2857 4042 ecclesiasticarum,
2898 3993 2965 4031 ac
3006 3976 3320 4033 novissime
3358 3976 3680 4033 Casimirus

2031 4064 2319 4132 Oudinus,
2354 4070 2619 4135 apostata
2650 4066 3243 4132 Praamonstratensis,
3278 4070 3422 4121 tom.
3447 4067 3495 4121 II
3519 4064 3681 4122 Com-

2032 4152 2449 4207 mentariorum
2478 4155 2549 4208 de
2570 4154 2967 4225 Scriptoribus
2987 4159 3043 4210 et
3063 4155 3308 4226 Scriptis
3329 4153 3681 4210 ecclesiasti-

2032 4240 2137 4304 cis,
2171 4241 2282 4295 col.
2314 4242 2421 4294 329
2448 4248 2504 4295 et
2534 4259 2682 4313 seq.,
2727 4243 2825 4314 qui
2860 4242 3035 4298 etiam
3069 4243 3334 4298 omnium
3366 4242 3681 4297 accuratis-

260 4328 491 4385 ctrinis.
522 4352 554 4380 ››
601 4330 817 4384 Auctor
847 4329 987 4382 Vitae
1023 4334 1081 4382 Β.
1113 4328 1358 4384 Joannis
1388 4330 1733 4394 Gorziensis,
1769 4330 1921 4399 apud
1956 4367 2002 4430 Β
2033 4328 2261 4383 simede
2276 4328 2492 4385 relictis
2507 4330 2831 4400 Remigiani
2846 4330 3063 4402 ingenii
3084 4329 3686 4402 monumentisegisse

263 4414 575 4473 Labbeum
608 4422 755 4471 tom.
790 4418 810 4471 Ι
846 4417 1209 4472 Bibliotheca;
1242 4418 1408 4472 Novze
1440 4434 1611 4483 mss.,
1645 4434 1773 4490 pag.
1798 4420 1923 4488 744,

264 4505 521 4561 celebrat
553 4498 996 4572 Hildeboldum,
1032 4506 1132 4577 qui
1166 4523 1235 4561 ea;
1263 4506 1551 4577 discipulis
1583 4508 1799 4561 Domini
1830 4508 1927 4562 Re-

262 4596 441 4663 migii,
465 4596 791 4651 doctissimi
811 4610 873 4649 ea
894 4598 1069 4661 aetate,
1093 4594 1151 4648 id
1176 4598 1262 4649 est
1285 4595 1437 4649 circa
1460 4612 1679 4649 annum
1705 4596 1928 4649 Domini

262 4679 382 4751 890,
416 4685 690 4755 magistri
717 4684 928 4739 scholas
960 4684 1015 4737 in
1052 4682 1427 4754 Lotharingia
1453 4685 1687 4738 habetat.
1722 4685 1928 4738 Necro-

264 4766 487 4840 legium
526 4771 891 4826 cathedralis
922 4770 1178 4826 ecclesiae
1200 4771 1750 4837 Antissiodorensis,
1781 4772 1934 4826 circa

266 4874 491 4915 annum
532 4862 682 4915 1100
712 4865 1033 4924 exaratum,
1076 4864 1133 4914 et
1164 4861 1459 4930 quondam
1491 4859 1547 4913 in
1585 4860 1937 4915 bibliotheca

266 4946 575 5004 Thuanaea
592 4949 990 5013 adversatum,
1007 4948 1099 5002 his
1122 4948 1312 5002 verbis
1330 4947 1573 5019 Remigii
1598 4948 1821 5003 obitum
1846 4965 1933 5005 se-

266 5037 461 5091 cunda
495 5037 645 5092 Maii
678 5037 1025 5091 annuntiat:
1066 5037 1217 5091 Obiit
1248 5038 1527 5104 Remigius
1556 5039 1859 5092 monachus
1888 5043 1938 5092 et

266 5128 519 5194 egregius
541 5127 756 5181 doctor.
783 5125 1089 5196 Singulare
1110 5130 1199 5179 est
1219 5131 1275 5180 et
1296 5130 1497 5179 notatu
1517 5125 1761 5197 dignum
1783 5127 1936 5197 quod

268 5208 337 5265 de
370 5212 641 5285 Remigii
676 5214 946 5267 doctrina
975 5213 1150 5268 simul
1187 5219 1244 5269 et
1274 5212 1561 5268 modestia
1610 5214 1941 5271 Bernardus

270 5300 775 5357 Montet‘alconius
818 5319 884 5356 ex
916 5318 1100 5356 coasvo
1135 5302 1252 5357 fere
1281 5302 1477 5357 codice
1509 5304 1846 5359 monasterii
1880 5305 1934 5359 S.

272 5385 578 5445 Benedicti
614 5389 1091 5445 Padolironensis
1134 5406 1310 5460 prope
1340 5390 1624 5446 Mutinam
1658 5392 1714 5445 in
1749 5392 1941 5447 Diario

273 5491 379 5532 suo
422 5478 642 5533 Italico
686 5495 811 5550 cap.
852 5479 886 5532 3
926 5479 1216 5533 observat.
1268 5479 1534 5549 Namque
1575 5480 1631 5533 in
1676 5479 1771 5535 illo
1813 5486 1945 5551 post

274 5567 553 5635 quadam
588 5568 653 5623 S.
688 5567 993 5623 Ambrosio
1024 5566 1303 5621 attributa
1351 5568 1652 5637 opuscula,
1683 5570 1836 5639 sequi
1867 5570 1947 5623 ait

276 5659 585 5712 tractatum
646 5656 860 5712 domini
916 5657 1150 5724 Remigii
1194 5656 1522 5711 venerabilis
1572 5659 1831 5712 monachi
1885 5660 1947 5712 in

2038 4417 2285 4481 videtur,
2320 4419 2553 4472 tametsi
2590 4418 2747 4473 nullo
2778 4419 2950 4473 verbo
2985 4418 3319 4473 meminerit
3347 4422 3687 4475 Commenta-

2039 4507 2115 4559 rii
2162 4507 2221 4559 in
2280 4505 2612 4569 Matthazum,
2656 4507 2808 4576 quod
2854 4507 2911 4559 in
2952 4506 3285 4561 Monacensi
3325 4505 3687 4562 serenissimi

2041 4593 2305 4648 electoris
2336 4594 2587 4648 Bavariaa
2623 4594 2972 4649 bibliotheca
3002 4598 3229 4649 exstare
3261 4594 3319 4649 in
3348 4595 3558 4651 Itinere
3587 4595 3690 4650 Ba-

2036 4682 2257 4753 joarico
2290 4684 2512 4748 monui,
2544 4700 2609 4737 ac
2642 4687 2917 4754 praeterea
2946 4681 3179 4737 Vienna:
3210 4682 3268 4737 in
3298 4684 3557 4750 Austria,
3579 4683 3692 4739 uti-

2045 4788 2157 4841 que
2190 4771 2247 4825 in
2293 4772 2729 4842 Augustissima
2758 4771 3197 4827 Vindohonensi
3226 4772 3600 4839 bibliotheca,
3636 4776 3693 4827 et

2044 4859 2300 4915 Venetiis
2325 4859 2610 4915 asservari
2637 4877 2703 4915 ex
2729 4877 3017 4932 anonymo
3045 4865 3278 4916 auctore
3298 4859 3692 4930 intellexi,qui

2047 4949 2397 5018 opusculum
2429 4950 2497 5003 de
2527 4948 2859 5003 Traditions
2900 4949 3162 5003 Ecclesiae
3200 4947 3695 5003 Autissidorensis

2048 5038 2200 5092 circa
2238 5037 2670 5108 Propositiones
2711 5036 3173 5101 Quesnellianas,
3215 5053 3248 5090 a
3285 5035 3575 5090 Clemente
3614 5034 3690 5090 XI

2050 5127 2110 5180 P.
2148 5125 2223 5180 M.
2258 5126 2629 5181 anathemate
2660 5126 2940 5190 conﬁxus,
2976 5139 3161 5194 nuper
3192 5124 3509 5179 admodum
3535 5124 3593 5180 in
3615 5123 3702 5180 lu-

2051 5231 2176 5270 cem
2200 5214 2417 5269 emisit.
2435 5216 2549 5270 Nec
2572 5214 2741 5285 plura
2762 5213 2916 5284 apud
2936 5213 3206 5267 eumdem
3227 5212 3523 5268 Oudinum
3547 5229 3704 5284 repe-

2053 5304 2167 5357 rias
2189 5303 2260 5357 de
2284 5303 2530 5373 Remigii
2556 5302 2959 5357 Commentario
2979 5302 3038 5355 in
3064 5300 3332 5369 Gcnesim,
3348 5316 3523 5373 quem
3547 5317 3704 5356 nunc

2056 5390 2311 5462 primum
2331 5407 2361 5445 e
2376 5389 2795 5460 manuscriptis
2814 5388 3115 5445 codicibus
3133 5389 3497 5461 evulgamus.
3517 5391 3707 5461 Hujus

2056 5484 2249 5533 tamen
2285 5479 2479 5550 operis
2510 5478 2724 5532 diserte
2754 5476 3383 5550 meminitAnonymus
3414 5477 3707 5535 Mellicen-

2057 5569 2160 5635 sis,
2186 5568 2283 5638 qui
2311 5567 2522 5622 saeculo
2545 5567 2889 5622 duodecimo
2911 5568 2981 5623 de
3003 5566 3400 5638 Scriptoribus
3431 5566 3708 5624 ecclesia-

2059 5656 2225 5713 sticis
2249 5660 2685 5713 commentatus
2706 5660 2813 5713 est.
2839 5656 2935 5713 Sic
2957 5659 3155 5713 autem
3177 5656 3305 5727 ejus
3326 5661 3503 5729 caput
3522 5654 3594 5715 66
3612 5657 3712 5715 ha-
