4040 6208
326 367 397 431 δι
889 373 1192 438 REMlGlI
1241 373 1992 438 ANTISSIODORENSIS
2038 376 2211 439 opp.
2258 376 2486 440 PARS.
2531 373 3180 438 I.—EXEGETICA.
3669 357 3750 443 5'2

326 503 460 558 bet:
497 527 524 554 «
551 488 874 579 Remigius,
907 509 994 562 vir
1025 508 1238 577 clarus,
1271 513 1389 564 tam
1422 509 1635 564 divinis
1667 525 1839 582 quem
1866 527 1970 565 saa-
2003 513 2056 578 Α
2085 509 2415 582 exemplum
2439 495 3369 582 subgessit,Tegernseensilonge
3388 507 3714 582 castigatiu

330 591 630 650 cularibus
668 596 874 652 litteris
916 598 1278 652 sufficienter
1308 599 1650 666 instructus,
1687 599 1839 653 inter
1871 598 1984 653 alia

331 681 811 754 Explanationem
853 686 910 740 in
955 686 1225 741 Genesim
1270 686 1522 758 scripsit.
1567 688 1677 742 Sed
1717 693 1774 742 et
1807 705 1985 758 super

333 769 678 828 Psalterium
698 780 1029 830 commenta
1042 793 1094 829 m
1125 774 1355 846 insigne
1369 765 1492 830 com
1505 777 1983 846 posuit.Habetur

332 859 720 916 nihilominus
735 866 792 916 et
810 862 965 917 aliud
986 864 1112 933 ejus
1131 872 1549 928 commentum,
1569 865 1722 935 quod
1743 865 1979 935 scripsit

332 966 508 1021 super
531 950 842 1005 Donatum.
874 974 900 999 η
927 956 1068 1006 Cum
1093 955 1395 1021 Anonymo
1419 952 1732 1019 Mellicensi
1761 954 1980 1008 faciunt

330 1040 557 1094 codices
589 1041 1037 1111 Tegcrnseensis
1069 1045 1123 1095 et
1156 1041 1508 1106 Garstensis,
1542 1059 1790 1112 quorum
1827 1046 1978 1096 uter-

333 1143 447 1199 que
478 1127 672 1182 saeculi
698 1129 810 1182 fere
836 1129 1166 1183 duodecimi
1189 1133 1297 1184 est.
1334 1130 1514 1184 Iidem
1547 1131 1774 1186 codices
1806 1131 1979 1186 etiam

333 1216 442 1270 sub
458 1215 702 1286 Remigii
731 1217 965 1271 nomine
989 1217 1455 1272 Commentarium
1476 1219 1536 1271 in
1557 1219 1982 1274 Pentateuchum

345 1309 646 1360 ostentant
684 1305 790 1360 hoc
831 1305 996 1360 initio
1049 1324 1061 1361 :
1121 1309 1583 1362 Deuterononium
1623 1309 1712 1363 lea:
1747 1309 1984 1364 secunda

337 1396 572 1454 dicitur;
603 1398 745 1454 etc.;
779 1393 835 1447 id
869 1395 1021 1464 quod
1052 1395 1109 1448 in
1143 1397 1834 1467 Paumgartenbergensis
1861 1413 1983 1452 mo-

334 1481 577 1536 nasterii
606 1482 730 1536 ord.
775 1481 1013 1537 Cisterc.
1050 1483 1109 1536 in
1143 1482 1376 1537 Austria
1406 1483 1622 1549 codice,
1656 1484 1866 1540 szeculo
1899 1491 1981 1540 ta-

335 1586 467 1625 men
497 1587 591 1625 x1v
621 1570 712 1624 vix
744 1570 1092 1642 antiquiore,
1131 1587 1365 1642 quoque
1395 1573 1852 1629 observavimus.
1877 1574 1982 1629 Ve-

334 1674 466 1713 rum
491 1659 549 1712 in
572 1675 720 1730 opus
742 1676 855 1713 non
881 1658 1130 1730 Remigii
1157 1660 1704 1727 Antissiodorensis,
1739 1662 1839 1716 sed
1872 1663 1982 1717 Ra-

332 1746 668 1802 baniMauri
694 1748 1117 1819 archiepiscopi
1138 1748 1692 1820 Monguntini,inter
1709 1752 1878 1821 cujus
1897 1768 1984 1806 ex-

2093 602 2415 662 exaratum,
2451 599 2520 653 ad
2551 599 2720 669 cujus
2743 598 2917 652 etiam
2947 597 3121 652 fidem
3144 601 3404 652 nostram
3429 597 3745 653 editionem

2095 687 2384 758 praecipue
2424 678 2859 742 adornavimus.
2903 687 3185 740 Caeterum
3236 686 3432 756 ipsum
3495 685 3741 758 Remigii

2095 793 2243 848 opus
2275 792 2466 847 grave,
2501 777 2866 831 succinctum
2898 791 2963 829 ac
2995 773 3231 846 elegans
3254 777 3363 839 est,
3388 774 3748 847 omninoque

2097 865 2168 918 ad
2209 882 2341 919 eum
2377 866 2613 919 modum
2649 862 3038 934 compositum
3071 879 3246 934 quem
3279 863 3335 916 in
3369 863 3747 918 Commenta-

2101 953 2186 1007 rio
2248 953 2492 1025 Remigii
2553 954 2608 1007 in
2669 953 2932 1007 Psalmos
2989 952 3214 1006 dudum
3273 951 3470 1012 Sixtus
3531 953 3753 1007 Senen-

2096 1042 2178 1096 sis
2203 1043 2547 1110 observavit,
2565 1059 2772 1113 nempe
2797 1041 2852 1094 in
2880 1041 3032 1112 quod
3060 1039 3360 1112 Remigius
3385 1039 3467 1094 ita
3487 1045 3750 1096 veterum

2097 1132 2334 1186 Patrum
2362 1149 2535 1186 sensa
2555 1130 2941 1198 transtulerit,
2971 1134 3036 1184 ut
3059 1134 3252 1184 tamen
3278 1127 3454 1183 etiam
3481 1130 3749 1201 quaedam

2094 1220 2165 1274 de
2204 1237 2309 1274 suo
2351 1219 2651 1289 adjecerit,
2695 1219 2868 1290 idque
2910 1234 3010 1289 pro
3054 1234 3214 1271 more
3254 1216 3447 1271 saeculi
3480 1217 3595 1285 sui,
3630 1235 3748 1290 quo

2095 1325 2236 1364 usus
2261 1308 2661 1379 antiquiorum
2689 1307 3038 1377 scriptorum
3064 1305 3486 1360 commentaria
3500 1305 3754 1377 expilau-

2093 1397 2150 1450 di
2173 1396 2286 1451 late
2307 1396 2626 1452 obtinebat.
2648 1394 2992 1450 Nuntiatum
3017 1411 3133 1448 non
3159 1393 3240 1448 ita
3259 1393 3486 1464 pridem
3515 1393 3746 1464 publica

2094 1485 2204 1538 fuit
2226 1501 2353 1540 esse
2382 1485 2695 1557 quemdam
2722 1483 3016 1538 eruditum
3042 1483 3099 1537 in
3118 1481 3279 1536 Italia
3301 1481 3514 1552 virum,
3531 1483 3631 1554 qui
3651 1484 3756 1539 Re-

2096 1573 2255 1644 migii
2281 1573 2464 1628 nostri
2490 1571 2922 1628 Commentaria
2943 1572 2998 1625 in
3026 1570 3332 1642 plerosque
3362 1587 3566 1626 omnes
3596 1571 3746 1626 divi-

2093 1679 2180 1717 nae
2200 1662 2564 1716 auctoritatis
2585 1661 2766 1715 libros
2792 1659 3036 1714 feliciter
3053 1660 3277 1714 detecta
3298 1658 3458 1730 prelo
3481 1665 3753 1731 apparet;

2094 1752 2248 1822 quod
2275 1755 2338 1805 ut
2357 1768 2557 1805 verum
2587 1751 2662 1805 sit
2687 1766 2754 1803 ex
2777 1748 2972 1803 animo
2996 1752 3290 1818 optamus.
3325 1747 3472 1803 Illud
3508 1748 3748 1804 omnino

335 1851 476 1891 cusa
505 1836 786 1908 opuscula
819 1837 993 1892 etiam
1021 1842 1260 1908 prostat,
1286 1854 1413 1892 esse
1436 1843 1636 1908 postea
1658 1840 1983 1910 deprehen-
2016 1873 2062 1937 B
2095 1840 2490 1895 certissimum
2514 1843 2602 1894 est
2627 1840 2784 1893 adm.
2816 1838 2881 1892 R.
2907 1837 2968 1891 P.
2999 1836 3247 1892 Felicem
3274 1836 3750 1909 Wyrtenberger,

335 1923 553 1978 dimus.
589 1926 810 1996 Itaque,
843 1942 908 1980 eo
941 1924 1350 1996 praetermisso,
1379 1927 1446 1979 ad
1478 1927 1768 1982 edendum
1792 1929 1983 1983 solum
2016 1923 2062 1937 "
2094 1929 2502 1984 doctissimum
2525 1945 2590 1984 ex
2611 1929 2814 1982 ordine
2843 1928 3157 1982 Servorum
3183 1926 3569 1982 beataeMarim
3593 1927 3749 2002 Virg.

335 2011 585 2083 Remigii
611 2014 1172 2068 Commentariorum
1198 2014 1255 2068 in
1282 2013 1550 2069 Genesim
1575 2032 1811 2086 Operam
1845 2033 1980 2071 con-

2091 2017 2278 2072 virum
2293 2021 2667 2083 ,nunctotum
2691 2015 2748 2070 in
2765 2015 3043 2071 eruendis
3061 2014 3425 2086 gravissimis
3446 2020 3503 2070 et
3520 2014 3757 2088 elegan-

338 2101 487 2156 ferre
511 2100 700 2156 visum
725 2102 853 2156 fuit.
887 2104 1008 2167 Quo
1029 2102 1088 2156 in
1111 2101 1305 2156 labore
1328 2103 1578 2158 maxime
1601 2104 1742 2158 mihi
1768 2105 1985 2176 profuit
2093 2107 2342 2161 tissimis
2373 2105 2588 2161 Herrici
2625 2104 2893 2160 monachi
2925 2103 3461 2160 Antissiodorensis
3493 2103 3758 2160 homiliis

339 2191 497 2246 adm.
523 2190 639 2245 RR.
668 2190 773 2244 PP.
797 2189 1091 2244 Adalberti
1122 2191 1280 2245 Diistl
1308 2195 1508 2245 ascetze
1534 2193 1983 2264 Tegernseensis
2091 2195 2330 2250 versarii
2362 2213 2374 2261 ;
2419 2195 2571 2266 quod
2603 2211 2668 2249 eo
2702 2194 2980 2249 libentius
3013 2193 3123 2247 hoc
3163 2193 3289 2247 loco
3329 2207 3755 2264 commemoro,

344 2282 403 2333 et
417 2278 1609 2349 PetriOberhuebersuperiorisGarstensis
1627 2281 1983 2340 humanitas.
2096 2283 2250 2354 quod
2282 2284 2546 2353 ejusdem
2580 2281 2799 2337 Herrici
2830 2280 3085 2352 diligens
3117 2281 3417 2351 quondam
3441 2279 3672 2335 auditor
3692 2285 3757 2336 et

339 2383 456 2438 qua
485 2366 581 2422 ille
611 2366 906 2440 integrum
939 2384 1087 2438 epus
1119 2384 1186 2421 ex
1220 2367 1466 2438 eleganti
1511 2369 1599 2424 sui
1646 2370 1983 2425 monasterii
2096 2370 2308 2426 nobilis
2326 2370 2654 2442 discipulus
2670 2369 2970 2441 Remigius
2986 2369 3358 2424 exstitit.Sed
3382 2367 3564 2423 dehis
3588 2368 3759 2440 plura

327 2443 537 2510 codice
558 2455 887 2526 exscripsit,
914 2455 1008 2509 hic
1031 2472 1159 2509 vero
1182 2455 1426 2509 alterum
1457 2473 1486 2510 e
1508 2474 1616 2511 sua
1637 2457 1988 2512 bibliotheca
2097 2458 2156 2513 in
2181 2460 2439 2514 medium
2466 2459 2743 2513 afferendi
2768 2457 3134 2513 occasionem
3159 2455 3298 2510 alibi
3324 2455 3752 2511 nanciscemur.

1656 2649 2485 2784 REMIGII

744 2822 1093 2884 MONACHI
1143 2827 1206 2884 S.
1257 2824 1614 2883 GERMANI
1671 2824 2446 2898 ANTISSIODORENSIS,
2494 2825 2810 2886 ORDINIS
2855 2827 2917 2885 S.
2966 2826 3387 2887 BENEDICTI

569 2967 1231 3124 OPERUM
1300 2968 1714 3126 PARS
1774 2968 2337 3201 ΡΨ.
2403 3045 2541 3054 —
2597 2967 3530 3132 EXEGE’I‘ICA.

807 3278 2188 3396 COMMENTARIUS
2288 3284 2460 3393 ΙΝ
2563 3281 3315 3397 GENESIM

351 3471 591 3553 Erutus
633 3489 711 3553 esi
763 3489 867 3530 ms.
913 3469 1108 3553 codice
1155 3471 1390 3553 ιηείῃίί⁸
1422 3472 1768 3553 monasterii
1817 3470 2145 3553 Garsteusis
2174 3471 2424 3553 ordinis
2465 3471 2552 3553 β.
2587 3473 2927 3553 -Βθηεᾴίςζί
2975 3473 3036 3532 in
3092 3473 3337 3535 Austria
3397 3493 3435 3534 a
3598 3471 3753 3553 Ber-

433 3549 621 3611 nardo
662 3549 803 3624 Pez,
852 3550 1064 3610 collato
1107 3570 1235 3611 cum
1279 3549 1474 3613 codice
1526 3552 1934 3632 Tegernseensi
1976 3550 2050 3611 ab
2106 3549 2265 3611 adm.
2319 3551 2390 3610 Β.
2444 3552 2523 3613 D.
2570 3551 2648 3613 P.
2697 3552 3026 3613 Adalberto
3091 3553 3287 3622 Dustl,
3335 3551 3599 3632 ejusdem
3644 3552 3762 3614 loci

431 3639 622 3692 ascela
663 3630 1070 3692 Benedictino.
2324 3636 2338 3642 ’

1839 3717 2264 3730 —-—-

1711 3792 1810 3853 IN
1857 3791 2021 3853 DEI
2056 3790 2401 3852 NOMINE'

849 3939 1240 4086 INCIPIT
1311 3939 1862 4087 EXPOSITIO
1913 3942 2318 4088 REMIGII
2379 3939 2712 4088 SUPER
2782 3941 3259 4108 BlllISlTH.

1563 4157 1644 4214 lD
1668 4155 1842 4227 EST,
1897 4157 2152 4218 SUPER
2197 4157 2564 4217 GENESIM.

417 4309 495 4412 (ὰ)
520 4341 1735 4416 Desideriusvocabaturepiscopusquidam
1754 4345 1999 4400 familia—
2029 4345 2071 4410 C
2179 4346 2604 4416 Suggillatione,
2655 4345 2710 4399 id
2761 4348 2849 4401 est
2887 4344 3356 4418 reprehensione.
3397 4344 3562 4400 Tunc
3599 4345 3763 4400 enim

349 4430 431 4486 ris
454 4435 510 4486 et
530 4430 756 4486 amicus
779 4431 932 4486 beati
957 4431 1318 4504 Hieronymi,
1334 4433 1405 4486 ad
1429 4449 1602 4503 quem
1628 4433 1831 4489 scribit
1852 4435 2004 4490 hanc

345 4519 767 4590 praefationem.

421 4609 680 4676 Praefatio
706 4608 925 4679 Latine,
951 4611 1214 4680 prologus
1236 4609 1320 4665 vel
1344 4613 1682 4681 prowlmium
1702 4611 1894 4666 Graece
1917 4611 2001 4666 di-

347 4695 526 4761 citur,
580 4697 635 4750 id
689 4703 775 4752 est
824 4699 1106 4754 breviatio.
1168 4701 1326 4754 Ymen
1377 4700 1590 4768 Graec,
1619 4699 1816 4754 Latine
1855 4701 2002 4756 dici-

351 4788 449 4840 tur
475 4786 586 4839 via.

417 4873 717 4943 Prwsagio,
766 4873 822 4928 id
855 4879 964 4940 est,
1000 4873 1479 4946 praedivinatione
1523 4875 1611 4931 vel
1645 4877 1812 4950 signo
1841 4878 2001 4932 futu-

350 4979 570 5018 rerum.

419 5051 656 5108 Sortitus
691 5056 775 5108 est
813 5068 1010 5108 nomen
1050 5069 1172 5108 cum
1217 5054 1462 5119 Daniele,
1514 5054 1614 5126 qui
1660 5058 1716 5109 et
1753 5053 1879 5127 ipse
1917 5057 2004 5110 vir

346 5139 745 5196 desideriorum
765 5142 1092 5214 appellatus
1113 5147 1228 5208 est;
1264 5147 1322 5197 et
1342 5142 1494 5197 sicut
1521 5142 1614 5198 ille
1636 5143 2002 5199 desiderabat

348 5227 618 5299 praescire
639 5229 854 5297 futura,
871 5230 953 5286 sic
977 5232 1086 5288 iste
1106 5230 1476 5288 desiderabat
1499 5231 1764 5286 notitiam
1789 5231 2000 5287 habere

346 5317 466 5373 Scri
476 5321 575 5389 ptu
586 5333 805 5372 rarum.

413 5406 864 5462 Pentateuc/ium.
897 5408 1088 5470 Penta,
1119 5410 1403 5480 quinque,
1429 5409 1679 5463 teuchum
1711 5407 1994 5478 [librum],

343 5495 402 5550 id
437 5500 546 5560 est,
579 5494 842 5565 quinque
876 5495 1054 5550 libros
1088 5497 1288 5569 Moysi.

420 5583 872 5648 Obtrectatorum,
904 5582 960 5637 id
996 5589 1102 5653 est,
1137 5584 1489 5640 invidorum.

2114 4451 2322 4488 omnes
2359 4433 2491 4488 LXX
2524 4433 2812 4505 legebant,
2845 4437 2902 4488 et
2933 4450 3147 4507 magna
3177 4431 3544 4490 veneratione
3574 4433 3771 4488 susci-

2115 4522 2371 4594 piebant.

2187 4615 2341 4667 Nova
2372 4626 2472 4682 pro
2501 4610 2769 4666 veteribus
2798 4610 3009 4681 cudere,
3051 4611 3106 4665 id
3141 4614 3251 4672 est,
3305 4609 3645 4665 Hebraicam
3674 4625 3771 4665 ve-

2115 4699 2349 4756 ritatem
2386 4716 2489 4770 pro
2520 4699 2834 4765 veteribus,
2870 4699 2924 4753 id
2957 4704 3048 4754 est
3078 4698 3217 4754 LXX
3248 4697 3687 4769 lnterpretibus.

2192 4791 2273 4845 Ila
2312 4790 2601 4860 ingenium
2638 4789 2798 4859 quasi
2831 4789 3025 4841 vinum
3058 4788 3366 4850 probantes.
3408 4787 3572 4843 Sicut
3608 4785 3766 4841 enim

2111 4879 2312 4933 vinum
2355 4878 2636 4949 probatur
2675 4892 2812 4931 nare
2853 4875 2936 4930 vel
2969 4879 3168 4948 gustu,
3203 4876 3286 4930 sic
3317 4875 3402 4930 illi
3437 4874 3766 4947 probabant

2111 4967 2439 5040 ingenium,
2473 4981 2605 5019 cum
2629 4964 2900 5018 dicebant
2920 4962 3336 5036 Hieronymum
3362 4963 3421 5019 in
3443 4961 3759 5035 reprehen-

2112 5057 2274 5112 sione
2307 5055 2439 5110 LXX
2475 5054 2584 5108 hoc
2613 5053 2819 5108 facere.

2180 5147 2454 5208 Portione,
2490 5143 2547 5197 id
2578 5145 2666 5197 est
2698 5157 2800 5213 pro
2829 5141 2946 5194 vili.

2181 5236 2286 5289 Pro
2317 5235 2643 5303 paupertate
2670 5246 2810 5286 mea.
2849 5231 2909 5284 In
2941 5229 3055 5285 alia
3076 5231 3230 5286 enim
3255 5228 3597 5302 praefatione
3617 5229 3762 5285 dicit

2110 5321 2263 5390 quod
2295 5319 2354 5373 in
2391 5316 2767 5372 tabernaculo
2798 5315 2893 5372 Dei
2926 5317 3020 5372 alii
3055 5320 3328 5373 offerrent
3355 5333 3589 5387 aurum,
3610 5315 3757 5388 lapi-

2109 5410 2210 5462 des
2241 5405 2578 5478 onychinos,
2614 5404 2877 5477 byssum,
2905 5422 3139 5461 coccum
3167 5411 3224 5460 et
3253 5420 3610 5476 purpuram;
3641 5403 3754 5460 sibi

2108 5513 2240 5550 vero
2283 5495 2574 5559 sufﬁcere,
2627 5493 2674 5548 si
2717 5492 2924 5550 saltem
2966 5493 3116 5565 pilos
3155 5509 3465 5565 caprarum
3503 5493 3754 5549 offerret.

2111 5584 2266 5640 Hanc
2290 5583 2433 5639 dicit
2452 5581 2622 5639 vilem
2657 5582 2978 5654 portionem
3013 5580 3358 5637 humilando
3386 5580 3636 5652 se,icum
3666 5584 3755 5636 ta-

417 5680 494 5748 (a)
526 5679 698 5736 Deest
720 5679 778 5736 in
802 5681 1000 5736 codice
1023 5697 1133 5752 ms,
1159 5685 1354 5738 textus
1375 5677 1728 5753 praefationis
1752 5680 1808 5734 S.
1836 5681 2167 5755 Hieronymi
2194 5682 2265 5740 ad
2289 5681 2770 5754 Pentateucbum,
2794 5696 2922 5753 quae
2943 5679 3252 5752 exponitur
3270 5679 3329 5736 in
3350 5679 3756 5752 sequentibnr
