4040 6208
323 315 399 380 53
1449 309 2077 380 COMMENTARIUS
2121 308 2200 378 IN
2245 306 2617 378 GENESIM.
3659 305 3740 374 84

319 465 456 508 men
485 449 613 522 ipse
643 464 855 523 magna
883 447 1081 506 offeret
1110 449 1167 506 in
1198 449 1572 506 tabernaculo
1604 450 1723 521 Dei,
1747 450 1854 505 hoc
1885 456 1974 506 est
1999 455 2056 518 Α
2083 451 2238 506 viros
2269 449 2677 521 peritissimos.
2728 446 2834 513 Qui
2889 442 3187 504 venientes
3238 443 3642 502 Alexandriam
3674 442 3735 499 in

319 542 377 595 in
409 538 693 595 Ecclesia.

391 630 648 686 Editwni
677 631 940 700 antiquae,
971 629 1027 682 id
1060 633 1166 699 est,
1199 627 1568 682 translationi
1605 628 1758 684 LXX.
1852 614 1856 618 ’

387 718 668 774 Theodotio
697 718 936 772 Judaaus
969 717 1204 788 fuit,qui
1226 716 1530 771 transtulit
1563 717 1789 771 divinas
1822 715 1973 771 Scri-

313 806 649 879 pturas,sed
672 807 732 860 in
757 805 958 860 multis
979 804 1706 876 erravitjudaizanlelius
1731 805 1980 859 translau

313 896 536 950 tionem
564 895 840 968 Origenes
863 894 1190 949 immiscuit
1210 893 1578 948 translationi
1614 894 1772 948 LXX.

382 987 680 1055 Proprium
707 989 1019 1053 syntagma,
1054 984 1108 1038 id
1139 988 1227 1037 est
1258 984 1762 1052 compositionem.

381 1073 463 1137 Si,
496 1073 707 1144 inquit,
733 1073 922 1127 omnia
942 1073 1256 1140 colligerem
1285 1089 1404 1142 qua:
1439 1075 1496 1126 in
1527 1072 1844 1142 Evangeliis
1877 1072 1964 1125 vel

312 1163 572 1233 Epistolis
593 1164 980 1226 inveniuntur,
1011 1170 1064 1215 et
1111 1177 1229 1232 quae
1257 1171 1384 1216 sunt
1430 1164 1486 1214 in
1518 1163 1658 1222 LXX,
1691 1163 1975 1231 proprium

312 1251 523 1304 librum
551 1266 758 1321 possem
790 1252 1076 1320 conﬁcere.
1106 1250 1264 1304 Multi
1293 1252 1606 1318 ignorantes
1637 1249 1750 1304 haec
1780 1252 1842 1305 in
1874 1251 1974 1304 He-

313 1340 504 1395 braica
530 1341 735 1410 scripta
767 1355 877 1393 non
937 1355 1052 1393 esse
1110 1341 1352 1405 veritate,
1411 1347 1716 1394 secetantur
1770 1338 1973 1392 delira-

311 1431 500 1482 menta
527 1429 983 1498 apocryphorum.
1039 1428 1403 1498 Apocryphon
1442 1427 1645 1481 dicunt
1675 1427 1856 1481 Graeci
1884 1442 1967 1481 se-

309 1519 541 1571 cretum.
576 1517 717 1571 Inde
775 1516 1088 1588 apocryphi
1120 1515 1396 1570 dicuntur
1425 1515 1557 1570 libri
1602 1515 1704 1586 qui
1750 1514 1974 1570 nullam

310 1605 534 1660 habent
564 1603 968 1659 auctoritatem
999 1609 1055 1658 et
1085 1621 1200 1660 non
1222 1608 1360 1659 sunt
1381 1604 1438 1657 in
1464 1602 1696 1675 publico
1719 1602 1971 1675 legendi.

311 1692 453 1748 Inde
489 1692 1204 1764 apocryph-arius,legatus
1233 1693 1972 1748 secretorum.Deliramen-

307 1781 447 1848 ια,ἰᾶ
471 1781 986 1850 est,vanitates,vel
1011 1781 1271 1836 insanias
1293 1786 1350 1836 et
1373 1781 1785 1853 ineptias.Lira
1807 1780 1973 1852 quip-

309 1887 383 1943 pe
419 1870 622 1927 sulcus
649 1869 863 1925 dicitur
892 1871 1242 1926 aratri.Hinc
1275 1871 1522 1925 delirare
1551 1870 1830 1924 dicuntur
1862 1871 1966 1925 bo-

308 1976 410 2015 ves
440 1977 573 2014 cum
607 1961 954 2015 exorbitant.
991 1961 1129 2015 Inde
1165 1960 1420 2014 dicimus
1451 1958 1664 2014 deliros
1697 1958 1969 2014 homines

309 2048 574 2115 insanos,
606 2049 1000 2105 exorbitantes
1031 2067 1065 2104 a
1097 2050 1321 2103 ratione
1353 2053 1410 2104 et
1439 2065 1636 2103 sensu.

381 2137 614 2193 Hiberas
641 2140 881 2206 naenius,
915 2137 970 2191 id
1001 2142 1091 2192 est
1122 2136 1468 2208 Hispanicae
1489 2136 1797 2191 vanitates.
1829 2136 1966 2190 Pro-

309 2226 435 2297 prie
465 2228 669 2282 nmnize
730 2231 890 2291 sunt,
924 2243 1051 2295 quae
1104 2242 1280 2296 super
1310 2227 1571 2279 tumulos
1603 2229 1969 2278 mortuorum

313 2315 681 2379 scribuntur,
719 2314 935 2383 quibus
968 2313 1112 2367 nihil
1145 2312 1372 2367 vanius.

385 2402 570 2455 Libris
596 2402 951 2467 authentieis,
986 2401 1044 2455 id
1077 2407 1165 2456 est
1193 2401 1504 2455 autoritate
1535 2399 1745 2470 plenis.

379 2490 713 2545 Ptolomaeus
767 2505 864 2544 rex
929 2489 1178 2560 Egypti.
1240 2489 1340 2543 Hic
1399 2489 1574 2542 unius
1632 2488 1733 2542 Dei
1785 2486 1973 2542 cultor

306 2577 628 2643 exstiterat,
657 2576 897 2632 edoctus
924 2578 996 2630 ab
1021 2573 1262 2631 Aristaeo
1286 2574 1628 2646 philosopho
1651 2574 1966 2628 Platonico.

311 2665 520 2720 Dicunt
549 2681 684 2737 ergo
726 2664 908 2719 Judaei
968 2665 1094 2720 ideo
1158 2664 1290 2718 LXX
1320 2664 1572 2718 tacuisse
1622 2662 1964 2734 mysterium

312 2759 525 2809 sanctze
557 2753 963 2819 Trinitatis,ne
998 2753 1471 2824 Ptolomzeus,qui
1502 2752 1677 2807 unius
1710 2752 1810 2806 Dei
1843 2751 1966 2806 cul-

314 2847 408 2898 tor
438 2847 580 2912 crat,
613 2841 1076 2915 deprehenderet
1104 2842 1466 2897 divinitatem
1499 2841 1683 2896 Patris
1712 2848 1769 2896 ct
1801 2840 1964 2909 Filii;

321 2937 380 2988 et
416 2932 546 2988 ideo
577 2949 692 2987 non
726 2931 994 2997 errando,
1027 2931 1118 2986 sed
1151 2931 1416 3001 prudenti
1441 2931 1670 2984 consilio
1702 2931 1798 2985 hoc
1825 2932 1969 2994 fece-

315 3026 447 3077 runt

2086 556 2204 594 una
2231 537 2475 594 basilica
2499 534 3287 610 congregati,transtulerunt
3313 533 3644 605 Scripturas
3665 531 3739 588 de

2085 628 2320 683 Hebraeo
2373 627 2431 682 in
2463 628 2747 691 Graecum,
2801 626 3163 682 conferentes
3212 624 3283 679 ad
3322 623 3590 678 invicem.
3623 621 3736 678 Sed

2084 717 2170 772 illi
2201 715 2301 789 qui
2328 717 2470 772 LXX
2492 716 2739 771 nimium
2763 715 3212 781 venerabantur,
3243 713 3608 769 conﬁxerunt
3635 726 3740 783 per

2086 805 2350 878 singulas
2381 805 2556 861 cellas
2589 805 2806 860 divisos
2841 804 3042 872 fuisse,
3075 808 3134 859 et
3163 802 3383 875 Spiritu
3415 805 3618 857 sancto
3648 799 3737 856 di-

2085 901 2278 950 ctante
2306 896 2510 950 eadem
2553 894 2936 965 scriptitasse.

2153 983 2467 1054 Yllepictec
2495 982 2655 1054 (a),id
2688 986 2777 1038 est
2803 984 3090 1053 protector
3118 982 3315 1052 ﬁdelis,
3348 981 3447 1053 qui
3479 983 3741 1052 protege-

2086 1074 2184 1128 bat
2210 1071 2591 1126 Ptolomaeum
2616 1071 2914 1142 sapientiae
2944 1087 3062 1125 suae
3092 1075 3280 1126 scuto.

2156 1161 2277 1216 Nisi
2325 1163 2465 1231 forte
2515 1160 2799 1232 putandus
2850 1163 2928 1215 est
2981 1160 3187 1215 Tullius
3242 1159 3646 1225 meonemicum,
3678 1157 3736 1212 id

2084 1255 2172 1306 est
2201 1249 2716 1321 dispensatorium,
2751 1249 2891 1320 quia
2919 1264 3252 1304 mconomos
3282 1247 3489 1302 diciter
3516 1246 3739 1319 dispen-

2081 1348 2232 1395 sator
2263 1357 2275 1394 :
2311 1355 2486 1410 quem
2517 1338 2734 1393 librum
2769 1337 3075 1393 transtulit
3097 1335 3326 1392 Tullius
3357 1337 3429 1391 de
3451 1337 3648 1392 Graco
3680 1336 3736 1391 in

2086 1427 2374 1495 Latinum,
2407 1443 2522 1482 non
2555 1432 2750 1483 tamen
2808 1425 3195 1499 prophetavit,
3261 1424 3399 1497 quia
3428 1424 3736 1496 interpres,

2085 1534 2201 1573 non
2234 1520 2396 1572 vates
2428 1515 2555 1571 fuit.

2156 1606 2403 1661 Platonis
2433 1604 2806 1676 Pythagoram
2835 1604 3262 1676 [Protagoram].
3314 1603 3472 1659 Plato
3503 1602 3741 1675 scripsit

2084 1694 2301 1749 librum
2322 1710 2495 1765 quem
2521 1693 2910 1766 Pythagoram
2934 1691 3412 1766 appellavit,quia
3430 1692 3503 1748 ad
3524 1691 3740 1764 Pytha—

2085 1799 2284 1856 goram
2314 1782 2728 1854 philosophum
2751 1785 2807 1837 et
2827 1782 3083 1837 amicum
3106 1798 3283 1838 suum
3310 1779 3740 1853 scripsit.llunc

2081 1872 2383 1928 transtulit
2407 1871 2681 1928 similiter
2707 1871 2951 1926 Tullius.

2149 1963 2212 2016 Et
2225 1961 2594 2017 Demosthenis
2605 1976 2702 2032 pro
2717 1960 3138 2032 Ctesiphonle(b)
3147 1958 3587 2016 .Demosthenes
3598 1963 3744 2014 Gre).

2078 2066 2183 2105 cus
2215 2050 2412 2105 rhetor
2440 2050 2574 2114 fuit,
2609 2050 2710 2120 qui
2739 2049 2976 2120 scripsit
3007 2048 3224 2104 librum
3255 2065 3360 2120 pro
3391 2047 3740 2120 Ctesiphon-

2079 2143 2156 2207 te,
2188 2155 2254 2193 eo
2277 2140 2432 2210 quod
2465 2142 2601 2194 ante
2633 2137 3072 2208 Ctesiphontem
3105 2155 3240 2193 eum
3268 2137 3588 2210 scripserit.

2153 2228 2410 2282 Historia.
2473 2227 2731 2281 Historia
2777 2226 2995 2280 dicitur
3023 2242 3125 2296 apo
3156 2229 3217 2281 tu
3247 2226 3510 2293 historia,
3541 2225 3599 2280 id
3649 2229 3741 2281 est

2085 2332 2118 2370 a
2146 2315 2416 2370 videndo.
2442 2315 2632 2370 Distat
2658 2314 2808 2369 inter
2837 2313 3112 2369 historias
3141 2319 3198 2368 et
3228 2312 3636 2384 annales,quia
3650 2313 3738 2370 hi-

2085 2403 2279 2458 storiae
2309 2410 2445 2458 sunt
2476 2419 2677 2458 earum
2713 2418 2907 2457 rerum
2939 2418 3085 2472 quas
3115 2402 3384 2457 videmus
3425 2400 3513 2457 vel
3544 2400 3740 2457 videre

2084 2491 2680 2562 possumus,annales
2699 2506 2832 2545 vero
2853 2505 3057 2545 earum
3089 2506 3237 2561 quas
3263 2506 3378 2546 non
3415 2489 3699 2546 videmus.

2150 2580 2297 2635 Inter
2325 2581 2620 2650 spiritalia
2647 2579 3001 2644 charismata,
3051 2577 3108 2632 id
3168 2581 3257 2634 est
3286 2579 3441 2634 dona
3486 2578 3572 2635 vel
3603 2594 3737 2651 gra-

2079 2668 2227 2722 tiam
2253 2668 2504 2740 Spiritus
2536 2668 2741 2723 sancti.

2149 2758 2212 2812 In
2263 2757 2535 2827 Apostolo,
2595 2756 2862 2812 videlicet
2914 2755 3118 2824 Paulo,
3179 2755 3280 2812 ubi
3319 2758 3740 2812 commemorat

2079 2832 2742 2914 dona'Spiritus,dicens
2767 2859 2779 2897 :
2807 2842 3078 2912 Quosdam
3104 2843 3332 2916 quidem
3358 2841 3494 2898 dicit
3519 2849 3740 2913 aposto-

2081 2933 2322 2997 los,alios
2347 2932 2658 3004 prophetas,
2691 2937 2799 2988 etc.
2835 2933 2897 2986 In
2921 2931 3140 3002 quibus
3169 2929 3626 2986 charismatibus
3653 2929 3739 2985 ul-

2075 3022 2288 3076 timum
2322 3037 2465 3092 pene
2495 3021 2743 3093 gradum
2774 3021 3122 3092 interpretes
3162 3023 3503 3086 tenuerunt;
3536 3023 3596 3074 et
3628 3017 3738 3074 hoc

387 3112 578 3166 Nescio
609 3114 728 3181 quis
761 3125 976 3180 primus
1029 3095 1218 3164 auctor
1269 3113 1636 3164 construxerit
1687 3108 1973 3164 mendacio
2083 3111 2142 3165 in
2174 3111 2436 3180 ejusdem
2462 3109 2625 3164 Pauli
2647 3109 2895 3181 apostoli
2917 3107 3189 3180 Epostola
3212 3105 3738 3179 reperitur,ubidi-

309 3215 408 3254 suo
437 3201 785 3269 septuaginta
807 3199 1038 3253 cellulas
1077 3197 1818 3252 .4lexandriae.Alexandria
1849 3214 1968 3252 me-
2001 3182 2044 3248 C
2083 3199 2162 3254 cit
2194 3216 2206 3253 :
2242 3199 2357 3252 Alii
2385 3198 2547 3252 datur
2590 3214 2690 3269 per
2748 3197 3018 3268 Spiritum
3047 3211 3226 3252 sermo
3254 3197 3565 3267 sapientiae,
3625 3198 3733 3251 etc.

307 3287 556 3358 tropolis
588 3293 676 3341 est
715 3287 964 3358 .Egypti.
1009 3287 1204 3340 Refert
1234 3292 1430 3341 autem
1479 3286 1771 3356 Josephus
1811 3286 1965 3356 quod

307 3375 660 3430 Ptolomaeus
694 3392 791 3429 rex
823 3375 1049 3429 miserit
1080 3374 1316 3428 nuntios
1341 3390 1474 3427 cum
1508 3374 1739 3444 magnis
1770 3389 1969 3426 mune-

309 3464 478 3518 ribus
495 3463 565 3517 ad
594 3463 953 3517 sacerdotem
985 3463 1409 3526 Judaeorum,et
1431 3462 1718 3532 rogaverit
1746 3477 1880 3516 eum
1906 3463 1972 3514 ut

307 3551 494 3607 libros
525 3551 854 3605 divinarum
875 3551 1308 3622 Scripturarum
1333 3551 1547 3606 faceret
1575 3549 1876 3605 transferri
1899 3550 1969 3603 de

309 3641 556 3696 Hebraeo
587 3639 645 3694 in
682 3640 967 3707 Grecum,
999 3641 1138 3711 quia
1168 3641 1291 3711 ipse
1321 3639 1555 3695 Graecus
1585 3643 1726 3706 erat,
1761 3644 1818 3695 et
1859 3643 1969 3693 He-

309 3730 530 3783 braeam
561 3727 824 3799 linguam
870 3729 1200 3800 ignorabat.
1233 3730 1396 3784 Tunc
1427 3728 1522 3783 ille
1553 3728 1714 3783 misit
1742 3727 1793 3783 ei
1830 3727 1968 3783 LXX

385 3870 468 4012 g3;
496 3871 868 4012 fitnhhdcodu
904 3941 1436 4013 Prothesiphontem,
1471 3940 1564 3996 hic
1594 3946 1650 3997 et
1679 3942 1850 3996 intra.

2079 3304 2265 3358 usque
2286 3287 2428 3341 dum
2450 3284 2752 3341 concludit
2781 3285 2980 3341 dicens
3007 3301 3020 3341 :
3047 3285 3158 3340 Alii
3175 3300 3377 3356 genera
3394 3285 3734 3354 linguarum,

2078 3376 2186 3430 alii
2217 3376 2562 3445 intepretatio
2590 3390 2926 3429 sermonum.

2153 3465 2217 3517 Et
2246 3460 2620 3516 emendationi
2639 3471 2767 3517 sunt
2795 3463 3136 3532 exemplaria
3155 3463 3354 3518 Latina
3383 3476 3557 3533 quam
3587 3458 3734 3516 Gre-

2077 3568 2160 3619 ca,
2199 3550 2386 3606 Graeca
2413 3567 2578 3621 quam
2623 3551 2873 3606 Hebrma.
2911 3550 3282 3622 Unaquaeque
3329 3550 3486 3605 enim
3511 3549 3583 3621 (c)
3614 3565 3728 3616 res,

2080 3657 2195 3711 quo
2228 3639 2594 3709 frequentius
2646 3638 3017 3704 transfertur,
3077 3655 3142 3692 eo
3174 3637 3402 3692 ﬁrmius
3455 3637 3730 3692 emenda-

2081 3730 2260 3785 bitur.

2152 3871 2222 3941 (c)
2251 3872 2314 3925 in
2340 3869 2468 3926 cod.
2500 3871 2691 3926 Garst.
2725 3870 2890 3925 deest
2917 3869 3086 3924 enim.

1239 4229 1647 4315 INCIPIT
1707 4228 2169 4315 TEXTUS
2252 4229 2825 4316 BRESITH‘.

860 4511 1092 4566 CAPUT
1131 4511 1438 4568 PRIMUM.

388 4598 681 4654 Vers.t.In
709 4601 985 4671 principio
1014 4603 1217 4656 creavit
1249 4606 1391 4657 Deus
1419 4604 1613 4656 caelum
1642 4611 1692 4656 et
1739 4610 1963 4656 terram.

323 4691 542 4743 Auctor
574 4687 754 4758 h’ujus
785 4689 995 4760 operis,
1019 4690 1172 4744 sicut
1200 4690 1383 4744 sancti
1415 4691 1679 4745 doctores
1708 4691 1969 4753 tradunt,

323 4776 696 4848 cognoscitur
724 4775 905 4830 fuisse
926 4777 1148 4849 Moyses
1166 4777 1267 4848 qui
1298 4794 1400 4850 per
1428 4776 1838 4833 revelationem
1871 4777 1971 4832 Dei

323 4863 531 4919 mundi
563 4864 915 4919 creationem
950 4867 1234 4938 cognovit,
1269 4867 1369 4938 qui
1400 4870 1594 4920 tamen
1628 4883 1788 4921 more
1819 4866 1976 4921 Scri-

322 4957 509 5024 ptura:
531 4952 600 5006 de
623 4968 684 5006 se
708 4953 877 5023 quasi
900 4954 970 5008 de
992 4955 1108 5009 alio
1124 4955 1471 5026 loquitur.ln
1493 4954 1777 5026 principio
1798 4955 1978 5024 hujus

324 5040 645 5096 voluminis
663 5041 992 5113 philosophi
1008 5045 1238 5098 conl'uta
1250 5043 1512 5113 ntur,qui
1531 5043 1600 5098 de
1613 5043 1817 5098 mundi
1831 5059 1982 5098 crea-

2003 4516 2049 4580 D
2083 4527 2216 4566 esse
2239 4511 2858 4582 principia,materiam
2890 4510 3114 4566 scilicet
3133 4515 3191 4564 et
3216 4508 3470 4581 speciem
3481 4510 3741 4577 ,tertium

2079 4600 2359 4672 quiddam
2385 4600 2578 4656 nescio
2608 4601 2744 4671 quid
2776 4599 2974 4654 volens
2995 4599 3186 4654 dicere
3215 4598 3608 4669 operatorium
3639 4615 3742 4672 ap-

2082 4688 2602 4761 pellavit.Quorum
2631 4687 2928 4744 erroribus
2959 4688 3202 4744 obvians
3223 4688 3451 4762 Moyses
3482 4691 3685 4760 utpote
3709 4705 3743 4743 a

2083 4779 2199 4834 Deo
2230 4778 2449 4833 electus
2479 4778 2779 4832 veritatem
2811 4777 3026 4831 dicitur
3054 4777 3512 4844 demonstrasse,
3543 4781 3742 4832 osten-

2088 4867 2233 4920 dens
2264 4866 2447 4920 Deum
2483 4870 2692 4920 cuncta
2723 4864 2898 4920 simul
2959 4881 3030 4920 ex
3071 4864 3256 4921 nihilo
3289 4866 3593 4933 formasse,
3626 4879 3742 4918 non

2090 4954 2326 5026 quidem
2362 4954 2420 5008 in
2457 4955 2842 5026 tempore,sed
2894 4954 2951 5008 in
2983 4953 3150 5009 initio
3180 4952 3463 5024 temporis
3491 4951 3694 5008 dicens
3727 4966 3741 5006 :

2090 5043 2150 5098 In
2180 5045 2472 5114 principio,
2531 5048 2588 5099 et
2617 5043 2970 5098 subauditur
3003 5059 3016 5096 :
3051 5043 3325 5117 temporis,
3357 5043 3517 5112 patet
3544 5037 3746 5112 procul

325 5129 485 5185 tione
541 5129 730 5184 conati
780 5130 1102 5202 disputare,
1133 5133 1284 5186 sicut
1325 5131 1504 5199 Plato,
1568 5130 1668 5202 qui
1699 5132 1814 5187 tria
1841 5130 1986 5186 dixit
2093 5131 2268 5187 dubio
2324 5137 2466 5186 tunc
2525 5136 2759 5205 tempus
2809 5130 3055 5202 coepisse
3111 5129 3266 5199 quod
3305 5133 3476 5185 antea
3504 5127 3747 5184 minime

327 5234 456 5273 esse
512 5218 822 5290 principia,
858 5225 1038 5275 Deum
1073 5220 1355 5292 videlicet,
1389 5221 1684 5292 exemplar
1713 5226 1770 5275 et
1803 5226 1982 5275 mate-

330 5306 567 5372 riam,et
597 5306 779 5362 Deum
807 5325 920 5363 non
954 5308 1121 5380 quasi
1153 5314 1446 5364 auctorem
1479 5326 1547 5364 ex
1569 5309 1749 5365 nihilo
1779 5313 1989 5364 cuncta

330 5396 693 5463 creasse,sed
719 5397 884 5468 quasi
905 5398 1094 5469 opiﬁci
1113 5398 1174 5452 in
1198 5399 1371 5453 rebus
1389 5397 1657 5453 creandis
1680 5398 1987 5453 materiam

330 5485 695 5558 adjutorium
723 5487 1084 5557 praestitisse.
1147 5485 1419 5542 Aristoles
1468 5490 1662 5542 autem
1693 5487 1807 5542 duo
1839 5487 1956 5540 dixx

406 5630 485 5703 (α)
522 5628 624 5687 Hic
653 5628 863 5688 titulus
891 5630 1110 5690 ibidem
1147 5628 1532 5688 desideratur.

2093 5224 2235 5277 erat.

2171 5311 2387 5366 Creavit
2417 5309 2572 5382 enim
2603 5310 2795 5364 catum
2847 5316 2897 5363 et
2927 5316 3121 5363 teram.
3181 5306 3400 5364 Caelum
3441 5323 3556 5361 non
3585 5304 3744 5361 istud

2099 5399 2327 5456 visibile
2358 5400 2796 5454 firmamentum
2828 5396 3088 5469 accipere
3137 5396 3439 5463 debemus,
3466 5395 3568 5452 sed
3600 5393 3745 5450 illud

2103 5504 2466 5559 empyreum,
2498 5485 2554 5541 id
2585 5488 2675 5541 est
2705 5488 2964 5558 igneum,
2987 5485 3075 5542 vel
3105 5483 3494 5542 intellectuale
3532 5481 3746 5540 cmlum
