4040 6208
306 346 387 419 85
476 312 479 317 ⁵
869 319 1176 418 REMIGII
1220 354 1977 419 ANTISSIODORENSIS
2022 356 2198 419 OPP.
2245 356 2449 421 PARS
2488 356 2543 419 l.
2581 386 2659 403 -
2685 353 3157 421 EXEGETICA.
3641 354 3731 419 56

309 481 464 573 quod
489 498 605 538 non
631 483 703 539 ab
725 485 1061 551 ardore,sed
1083 505 1116 542 a
1135 488 1444 573 splendore
1467 488 1703 561 igneum
1727 488 1961 556 dicitur,
1994 491 2048 557 Α
2077 490 2252 545 corda
2281 490 2588 545 hominum
2622 491 2934 561 ferebatur,
2971 490 3292 562 praevidens
3323 492 3382 546 et
3410 488 3733 563 disponens

310 571 465 641 quod
490 574 689 629 statim
716 575 1001 646 repletum
1026 582 1114 631 est
1135 577 1414 649 angelicis
1433 578 1736 649 spiritibus
1751 580 1819 633 de
1839 578 1962 649 qui-

308 658 422 716 bus
454 660 512 716 in
541 662 651 717 Job
683 663 899 719 dicitur
958 682 970 720 :
1028 666 1163 720 Cum
1182 684 1268 722 me
1298 668 1589 722 laudarent
1617 669 1782 722 simul
1814 677 1964 723 astra

311 751 586 804 matutina
617 759 667 805 et
687 753 1001 821 jubilarent
1030 770 1217 825 omnes
1271 757 1380 825 ﬁlii
1410 758 1514 811 Dei
1553 756 1692 828 (Job.
1726 773 1960 821 XXXVIII,

312 838 388 909 7).
421 842 490 892 Et
518 844 655 894 nota
684 841 796 897 tria
825 842 917 897 hic
947 842 1237 899 elementa
1266 845 1731 899 commemorari.
1766 845 1964 900 Nomi-

314 942 387 980 ne
416 928 573 983 enim
597 928 722 983 cceli
745 946 936 986 aerem
958 931 1430 1003 collige,nomine
1452 937 1613 987 terrae
1638 934 1826 1003 ipsam
1850 937 1964 987 ter-

314 1021 525 1083 ram,et
548 1018 741 1088 ignem
767 1020 864 1090 qui
886 1019 947 1075 in
974 1021 1102 1091 ejus
1125 1020 1443 1076 visceribus
1466 1021 1625 1075 latet.
1659 1021 1859 1084 Quarti
1879 1038 1967 1076 ve-

315 1119 378 1159 ro
408 1104 763 1174 elementi,id
796 1113 884 1163 est
915 1109 1167 1180 aquai,in
1200 1109 1585 1181 sequentibus
1614 1109 1679 1164 ﬁt
1709 1124 1963 1165 comme-

315 1195 580 1251 moratio.

385 1283 545 1339 Vers.
578 1287 632 1339 2.
670 1288 833 1341 Terru
859 1290 1041 1343 autem
1096 1288 1279 1343 inanis
1326 1296 1377 1343 et
1408 1304 1597 1343 vacua.
1633 1288 1692 1341 Id
1742 1290 1850 1352 est,
1878 1286 1967 1341 in-

315 1373 499 1439 utilis,
532 1374 895 1431 infructuosa
926 1385 975 1432 el
1008 1376 1640 1448 incomposita.0mnia
1671 1375 1825 1431 enim
1850 1376 1967 1431 ele-

316 1469 509 1520 menta
532 1466 842 1521 commista
862 1471 1028 1522 erant
1050 1472 1104 1521 et
1125 1469 1453 1533 confusa,et
1472 1472 1659 1522 totum
1680 1467 1790 1522 hoc
1818 1467 1968 1522 aeris

315 1554 571 1626 spatium
606 1555 757 1626 quod
788 1562 878 1610 est
908 1574 940 1611 a
970 1560 1125 1611 terra
1154 1573 1341 1627 usque
1372 1556 1443 1610 ad
1475 1555 1686 1612 cretum
1720 1555 1964 1629 plenum

314 1647 434 1698 erat
458 1643 784 1715 aquis,quze
803 1649 1000 1700 tamen
1024 1663 1139 1700 non
1158 1650 1323 1700 erant
1352 1646 1641 1714 ejusmodi
1664 1644 1968 1717 qualitatis

314 1734 484 1804 cujus
514 1750 670 1788 nunc
717 1738 875 1800 sunt,
939 1735 1039 1790 sed
1088 1734 1148 1788 in
1180 1735 1419 1789 modum
1454 1734 1701 1789 nubium
1735 1740 1965 1804 tenues,

314 1838 492 1893 quam
516 1821 857 1892 qualitatem
881 1823 948 1877 ad
960 1822 1072 1877 huc
1097 1822 1206 1877 illa:
1229 1822 1669 1894 superccelestes
1694 1839 1859 1895 aquae
1883 1839 1966 1878 re-

313 1908 521 1964 tinent.
578 1911 820 1980 Spiritus
877 1911 978 1964 Dei
1030 1912 1311 1980 ferebatur
1364 1926 1529 1981 super
1558 1926 1744 1981 aquas.
1804 1910 1968 1965 Sicut

316 1997 579 2054 mensve]
603 1999 888 2070 sapientia
900 1998 1149 2069 alicujus
1171 1998 1413 2054 artiﬁcis
1430 1999 1793 2069 superfertur
1814 1999 1977 2069 operi

317 2087 473 2159 quod
497 2087 760 2143 facturus
791 2092 970 2158 est,ut
1001 2088 1293 2159 quomodo
1324 2087 1446 2142 vult
1466 2088 1551 2142 ita
1578 2086 1723 2141 illud
1760 2087 1934 2142 faciat
1962 2107 1976 2145 :

317 2177 477 2232 itaet
504 2176 758 2249 Spiritus
788 2181 1027 2232 sanctus
1057 2176 1550 2248 superferebatur,
1577 2176 1978 2248 praeordinans

319 2270 379 2322 et
408 2266 576 2338 quasi
610 2265 925 2337 disponens
956 2264 1376 2337 quid,qualiter
1408 2267 1595 2320 facere
1626 2265 1813 2320 vellet.

389 2371 550 2427 Vers.
611 2373 664 2427 3.
712 2374 861 2427 Dixit
894 2374 1047 2428 Deus.
1081 2372 1205 2427 Non
1237 2389 1372 2428 voce
1413 2389 1643 2442 carnea,
1678 2388 1783 2427 nec
1816 2375 1972 2426 motu

322 2458 635 2527 labiorum,
668 2461 768 2515 sed
799 2462 965 2527 dixit,
999 2461 1056 2515 id
1098 2466 1204 2526 est,
1234 2460 1435 2515 voluit.
1471 2460 1630 2515 Velle
1660 2461 1815 2514 enim
1848 2461 1977 2529 ejus

321 2546 514 2604 dicere
544 2553 651 2604 est.
684 2549 847 2604 Unde
878 2549 1163 2619 scriptum
1196 2554 1285 2603 est
1318 2566 1331 2602 :
1369 2550 1543 2613 Dixit,
1578 2553 1630 2602 et
1675 2551 1822 2618 facta
1851 2552 1979 2602 sunt

322 2635 552 2707 (Psalm.
585 2653 813 2701 CXLVIII,
843 2637 918 2707 5).
954 2637 1056 2691 Vel
1115 2636 1293 2691 etiam
1322 2636 1488 2701 dixit,
1521 2636 1577 2690 id
1625 2639 1732 2700 est,
1765 2634 1975 2690 Filium

320 2724 526 2795 genuit
556 2741 657 2796 per
676 2741 852 2796 quem
885 2725 1087 2779 omnia
1118 2725 1269 2779 facta
1299 2724 1585 2778 sunt.Fiat
1613 2718 1867 2778 lux.Lux
1896 2722 1978 2777 di-

321 2812 474 2868 citur
501 2829 535 2867 a
564 2812 798 2880 luendo,
858 2812 913 2866 id
973 2816 1064 2867 est
1101 2829 1134 2867 a
1163 2812 1468 2884 purgando
1503 2812 1796 2867 tenebras.
1859 2813 1976 2867 Lux

323 2905 519 2956 autem
552 2899 653 2956 illa
683 2918 796 2957 non
828 2900 1116 2971 eiusmodi
1142 2905 1266 2956 erat
1288 2918 1413 2973 quae
1438 2917 1590 2955 nunc
1610 2906 1701 2956 est
1732 2901 1852 2955 sole
1875 2918 1972 2956 su-

325 2989 749 3063 perposito,sed
773 2989 966 3061 qualis
987 3006 1115 3045 esse
1146 2989 1295 3045 solet
1312 2989 1398 3044 vel
1423 2997 1553 3045 ante
1586 2989 1727 3046 solis
1759 2998 1973 3059 orlum,

325 3076 417 3134 vel
446 3082 579 3150 post
604 3080 732 3150 ejus
764 3078 1118 3134 occubitum.

399 3187 564 3241 Vers.
597 3187 648 3241 Δ.
681 3185 913 3287 Etpidit
935 3187 1079 3287 Deus
1101 3186 1304 3287 lucem,
1328 3185 1467 3257 quod
1493 3194 1631 3241 esset
1661 3187 1818 3286 bona.
1849 3185 1973 3240 Non
2007 3220 2049 3287 Ο

333 3276 490 3348 quod
521 3279 662 3330 tunc
680 3274 869 3347 primo
898 3274 1105 3329 viderit
1124 3275 1180 3329 in
1214 3275 1382 3345 cujus
1406 3275 1712 3347 praesentia
1744 3291 1977 3346 semper

332 3365 443 3421 hoc
474 3364 582 3419 fuit
613 3381 626 3418 :
661 3364 763 3420 sed
793 3362 1016 3430 vidit,id
1047 3367 1135 3419 est
1166 3363 1335 3418 nobis
1366 3363 1543 3418 videri
1573 3363 1755 3418 voluit
1783 3362 1975 3419 lucem

332 3468 460 3510 esse
480 3454 717 3509 bonam.
750 3455 815 3508 Et
840 3453 1027 3508 divisit
1058 3453 1233 3508 lucem
1261 3470 1294 3507 a
1324 3453 1583 3507 tenebris.
1642 3453 1912 3507 Tenebrae
1944 3469 1977 3507 a

329 3543 581 3598 tenendo
611 3542 775 3597 dictae
808 3546 966 3606 sunt,
991 3541 1128 3613 quia
1156 3546 1356 3596 tenent
1384 3541 1584 3597 oculos
1614 3558 1685 3596 ne
1716 3541 1971 3597 videant.

329 3629 658 3702 Utrumque
703 3634 895 3686 autem
950 3630 1083 3687 fecit
1111 3630 1263 3687 Deus
1294 3635 1351 3686 et
1382 3630 1566 3686 lucem
1598 3635 1653 3686 et
1683 3632 1971 3698 tenebras,

329 3712 548 3775 soilicet
570 3724 633 3774 u‘.
662 3719 721 3773 in
752 3717 881 3775 luce
909 3724 1288 3792 cperarentur
1316 3720 1604 3790 homines,
1629 3724 1684 3774 et
1716 3720 1773 3774 in
1807 3725 1974 3776 nocte

326 3808 777 3880 requiescerent.
797 3809 946 3881 Ergo
978 3815 1033 3865 et
1059 3810 1309 3865 tenebraz
1341 3825 1486 3880 opus
1517 3808 1616 3863 Dei
1648 3808 1973 3865 sunt.Unde

323 3896 385 3952 in
406 3897 624 3967 hymno
644 3898 825 3952 trium
847 3914 1157 3969 puerorum
1181 3896 1241 3953 in
1260 3912 1375 3967 quo
1398 3896 1590 3951 omnis
1612 3900 1879 3951 creatura
1900 3897 1971 3951 ad

323 3985 787 4041 benedicendum
820 3986 1002 4041 Deum
1026 3986 1321 4050 invitatur,
1357 3984 1534 4038 etiam
1567 3985 1817 4039 tenebrae
1837 4001 1972 4040 cum

322 4072 452 4128 luce
468 4073 1109 4145 ponuntur.Allegorice
1139 4073 1294 4145 quod
1325 4073 1543 4128 dictum
1578 4078 1666 4128 est
1697 4089 1710 4129 :
1744 4074 1800 4127 in
1820 4076 1973 4144 prin-

321 4162 467 4229 cipio
494 4161 633 4235 fecit
663 4163 800 4217 Deus
828 4162 1031 4217 coetum
1086 4172 1135 4216 et
1179 4169 1398 4227 terram,
1434 4161 1672 4216 nomine
1703 4160 1967 4233 principii

323 4247 534 4305 Filium
556 4249 657 4305 Dei
688 4267 801 4305 non
836 4251 1154 4321 incongrue
1187 4265 1502 4321 possumus
1532 4249 1971 4321 accipere,sicut

322 4338 448 4410 ipse
476 4339 547 4394 de
577 4356 638 4394 se
668 4339 885 4394 Judaeis
902 4338 1045 4393 dixit
1068 4355 1080 4391 :
1104 4354 1197 4408 ego
1213 4338 1556 4409 principium
1575 4340 1670 4408 qui
1689 4340 1740 4394 et
1773 4340 1972 4410 loquor

320 4427 468 4483 vobis
496 4433 660 4485 Joan.
692 4433 836 4497 (VIII,
876 4428 989 4496 28).
1022 4432 1200 4482 Deum
1234 4427 1389 4481 enim
1425 4431 1594 4481 Pater
1614 4427 1965 4499 principium

320 4520 428 4588 est,
460 4517 561 4572 sed
590 4533 705 4572 non
737 4517 809 4571 de
838 4515 1143 4589 principio,
1205 4514 1342 4587 quia
1367 4533 1400 4570 a
1430 4519 1598 4571 Patre
1631 4534 1747 4572 non
1780 4518 1967 4573 factus

320 4620 427 4660 nec
456 4609 703 4672 creatus,
739 4605 837 4660 sed
871 4588 1102 4677 genitus
1132 4609 1257 4661 est:
1292 4621 1394 4676 per
1423 4605 1577 4676 quod
1613 4604 1966 4677 principium
2000 4588 2045 4651 D

317 4696 469 4749 Deus
498 4696 670 4747 Pater
698 4692 908 4748 ccelum
942 4697 999 4748 et
1049 4697 1264 4750 terram
1296 4693 1530 4762 creavit,
1580 4693 1638 4747 id
1684 4698 1774 4749 est
1804 4694 1969 4751 coele-

317 4784 437 4837 stes
467 4786 524 4837 et
553 4783 948 4837 terrenosPer
978 4782 1187 4837 coelum
1219 4782 1375 4837 enim
1406 4781 1668 4837 caelestes
1700 4781 1818 4837 sive
1847 4799 1962 4838 cce-

314 4869 522 4927 lestem
564 4871 741 4926 vitam
776 4858 1104 4926 ducentes“:
1136 4887 1238 4942 per
1289 4875 1502 4925 terram
1555 4886 1688 4925 vero
1718 4870 1964 4927 terrenis

315 4960 564 5034 negotiis
596 4959 891 5016 inhiantes
923 4959 1251 5031 signantur.
1275 4958 1381 5024 Qui
1416 4959 1650 5030 utrique
1682 4975 1782 5032 per
1810 4961 1965 5031 prin-

313 5048 533 5121 cipium
566 5049 741 5105 creati
773 5051 929 5114 sunt,
961 5046 1100 5120 quia
1145 5051 1278 5101 nato
1334 5046 1471 5101 Jesu
1518 5047 1744 5103 Christo
1776 5049 1966 5120 patuit

311 5137 413 5209 qui
443 5143 637 5193 essent
664 5138 947 5204 caelestes,
982 5136 1199 5208 quique
1231 5135 1464 5190 terreni.
1501 5136 1660 5190 Terra
1689 5153 1812 5193 vero
1847 5142 1966 5193 erat

311 5227 499 5282 inanis
529 5229 580 5281 et
604 5243 794 5281 vacua.
830 5227 890 5281 Id
923 5231 1032 5293 est,
1082 5241 1292 5295 corpus
1344 5223 1674 5279 humanum
1702 5225 1876 5281 inane
1933 5244 1963 5282 a

312 5315 687 5373 meditatione
718 5314 955 5382 cmlesti,
987 5330 1235 5369 vacuum
1283 5331 1315 5367 a
1350 5313 1538 5368 fructu
1571 5314 1732 5369 bona:
1762 5332 1965 5387 opera-

309 5406 506 5463 tionis.
550 5407 615 5460 Et
645 5404 878 5459 tenebrae
934 5407 1091 5458 erant
1136 5419 1298 5472 super
1323 5403 1524 5472 [aciem
1550 5405 1757 5476 abyssi.
1817 5404 1965 5469 Quia

306 5495 651 5571 nﬁdelitatis
673 5493 921 5548 tenebrze
945 5497 1001 5546 et
1023 5492 1271 5563 ignoran
1294 5492 1382 5546 tiae
1408 5492 1683 5563 abyssum
1718 5490 1961 5550 humani

311 5585 503 5640 cordis
527 5581 1134 5655 opericbant.Spiritus
1150 5582 1247 5635 Dei
1274 5582 1555 5650 ferebatur
1574 5598 1737 5653 super
1764 5598 1959 5652 aquas.

306 5672 453 5738 Quia
483 5673 679 5729 divina
709 5669 1069 5744 praascicntia
1098 5686 1273 5741 super
1302 5669 1482 5724 ﬂuida
1512 5675 1568 5726 et
1597 5670 1960 5727 infructuosa

2071 596 2322 650 quorum
2355 584 2530 634 corda
2563 580 2734 652 digne
2784 584 2983 652 posset
3035 579 3384 635 inhabitare.
3445 581 3581 636 Fiat
3606 579 3731 649 ιυω,

2076 669 2198 723 Lux
2229 668 2507 724 vocabulo
2543 669 2687 724 ﬁdes
2718 668 3022 740 accipitur.
3064 669 3214 724 Bene
3245 685 3381 740 ergo
3413 668 3513 723 lux
3545 669 3735 740 prima

2074 757 2165 812 die
2196 757 2345 811 facta
2364 761 2474 828 est,
2509 757 2649 828 quia
2680 756 2867 828 primo
2914 757 3193 812 mandato
3224 756 3368 830 legis
3399 757 3543 812 ﬁdes
3573 773 3731 813 com-

2075 848 2390 901 mendatur
2417 862 2550 901 cum
2582 846 2801 901 dicitur
2825 863 2837 900 :
2860 845 3242 913 Audi,lsrael,
3276 846 3559 902 Dominus
3583 852 3736 903 Deus

2074 939 2213 989 tuus
2250 939 2400 989 Deus
2433 951 2589 990 unus
2618 938 2727 990 est.

2147 1022 2311 1078 Vers.
2343 1024 2399 1079 5.
2426 1026 2663 1078 factum
2720 1028 2798 1079 est
2855 1038 3070 1095 vespere
3125 1030 3177 1078 et
3222 1040 3392 1079 mane
3419 1024 3535 1080 dies
3563 1041 3724 1081 unus.

2076 1115 2184 1166 Per
2202 1128 2365 1166 mane
2396 1112 2631 1167 initium
2659 1113 2796 1167 ﬁdei
2822 1128 2834 1166 :
2861 1129 2965 1184 per
2985 1129 3263 1184 vesperam
3292 1129 3424 1168 vero
3458 1114 3732 1185 perfectio

2076 1200 2240 1255 bona:
2263 1200 2618 1272 Operationis
2641 1200 3194 1274 intelligitur.Cujus
3216 1201 3329 1258 diei
3354 1218 3525 1258 mane
3552 1203 3609 1258 in
3641 1219 3737 1259 ve-

2077 1305 2307 1360 speram
2359 1290 2672 1344 deducitur
2730 1307 2861 1345 cum
2913 1290 3148 1347 initium
3182 1291 3315 1346 ﬁdei
3351 1291 3737 1363 completione

2079 1377 2243 1433 bonas
2275 1378 2633 1450 operationis
2665 1378 2983 1450 perﬁcitur.

2149 1485 2304 1539 Vers.
2353 1486 2406 1538 6.
2458 1485 2579 1539 Fiat
2638 1485 3044 1555 ﬁrmamentum
3103 1486 3165 1540 in
3192 1486 3371 1542 medio
3428 1503 3721 1559 aquarum.

2078 1575 2202 1638 Quo
2216 1572 2441 1628 scilicet
2456 1574 2829 1629 ﬁrmamento
2847 1590 3011 1644 aquae
3027 1574 3358 1646 superiores
3377 1575 3574 1632 divisa
3597 1580 3740 1631 sunt

2077 1663 2149 1716 ab
2181 1660 2350 1733 aquis
2371 1660 2830 1733 inferioribus,et
2850 1662 2949 1716 illa
2975 1679 3110 1734 pars
3131 1663 3396 1734 superior
3418 1664 3477 1719 in
3496 1665 3738 1720 modum

2076 1749 2399 1822 crystallini
2430 1750 2643 1822 lapidis
2683 1750 2982 1823 congelata
3003 1755 3324 1821 est,ca3tera
3345 1769 3475 1807 vero
3502 1753 3742 1809 inferior

1994 1860 2042 1925 Β
2074 1856 2141 1910 in
2193 1855 2354 1894 mare
2414 1840 2645 1894 redacta
2693 1844 2800 1895 est.
2834 1840 2904 1895 Et
2933 1839 3044 1895 hoc
3088 1839 3326 1911 quidem
3358 1842 3616 1898 secunda
3645 1842 3740 1898 die

2089 1932 2283 1982 actum
2313 1931 2417 1993 est,
2456 1929 2625 1999 cujus
2674 1928 2786 1982 diei
2817 1945 2992 2001 opera
3022 1928 3263 1985 minime
3294 1930 3434 1985 bona
3485 1947 3614 1987 esse
3646 1930 3740 1986 di-

2089 2019 2321 2081 cuntur,
2343 2017 2497 2071 sicut
2520 2020 2864 2072 caeterdrum
2898 2018 3126 2072 dierum
3158 2018 3256 2072 ubi
3291 2018 3543 2074 dicitur:
3578 2019 3740 2075 Vidit

2074 2106 2245 2169 Deus,
2278 2106 2426 2175 quod
2451 2108 2584 2160 esset
2618 2105 2836 2170 bonum,
2871 2120 2986 2160 non
3020 2105 3148 2161 ideo
3183 2106 3337 2178 quod
3363 2107 3584 2162 bonum
3620 2124 3737 2163 non

2087 2193 2160 2249 sit
2193 2193 2343 2265 quod
2377 2194 2592 2248 factum
2642 2197 2748 2258 est,
2794 2199 2850 2248 et
2881 2192 3215 2265 pulchrum,
3248 2195 3349 2250 sed
3381 2199 3613 2266 propter
3647 2195 3737 2250 bi-

2086 2283 2318 2337 narium
2349 2298 2684 2350 numerum,
2719 2282 2819 2354 qui
2865 2287 2954 2338 est
2983 2284 3371 2354 transgressio
3404 2283 3649 2340 unitatis
3680 2288 3740 2341 et

2088 2370 2303 2426 malam
2338 2370 2512 2426 habet
2553 2370 3063 2443 signiﬁcationem.
3099 2371 3260 2427 Unde
3290 2376 3347 2428 et
3385 2388 3519 2427 eum
3551 2373 3737 2429 sancti

2085 2464 2285 2514 Patres
2307 2459 2607 2514 discordia:
2634 2459 3208 2533 dedicaverunt.1pse
3224 2460 3400 2516 etiam
3421 2460 3738 2533 bigamiam

2086 2547 2467 2620 signiﬁcat.ln
2491 2548 2618 2617 ejus
2638 2548 2813 2602 etiam
2846 2548 3273 2620 signiﬁcatione
3294 2550 3434 2604 bina
3462 2549 3743 2606 animalia

2086 2634 2155 2689 de
2184 2634 2510 2689 immundis
2542 2634 2723 2689 missa
2753 2639 2894 2690 sunt
2923 2641 2983 2690 in
3013 2652 3230 2691 arcam.
3714 2654 3719 2659 θ

2153 2722 2317 2778 Vers.
2352 2724 2437 2778 11.
2473 2723 2744 2779 Germinet
2798 2734 2951 2779 terra
3008 2724 3233 2781 herbam
3285 2727 3554 2783 virentem
3579 2732 3637 2782 et
3669 2727 3745 2782 li-

2081 2829 2252 2883 gnum
2304 2814 2664 2885 pomiferum.
2724 2812 2937 2869 Omnia
2967 2814 3286 2885 perfectaa
3345 2819 3457 2871 Deo
3511 2815 3747 2889 cognita

2085 2905 2241 2956 sunt.
2276 2901 2436 2957 Unde
2466 2901 2641 2957 homo
2671 2901 2731 2957 in
2765 2902 3018 2975 perfecta
3047 2908 3214 2959 aetate
3255 2909 3486 2961 creatus
3511 2907 3626 2973 est,
3688 2909 3749 2960 et

2085 2990 2323 3045 arbores
2353 3006 2485 3045 cum
2531 2990 2682 3047 foliis
2718 2991 2844 3047 suis
2875 2990 3052 3047 simul
3079 2996 3137 3047 et
3167 2992 3380 3048 fructu.
3412 2992 3558 3048 Hinc
3588 2996 3647 3048 et
3666 2992 3740 3047 1i-

2085 3094 2268 3150 gnum
2301 3079 2651 3150 pomiferum
2684 3079 2827 3134 dicit
2854 3080 3056 3135 habens
3087 3081 3502 3153 unumquodque
3526 3097 3741 3137 semen-

2086 3170 2212 3222 tem.
2246 3167 2376 3221 Haac
2435 3167 2714 3222 sementis
2772 3171 2861 3222 est
2918 3167 3153 3240 frugum
3203 3173 3261 3224 et
3291 3170 3566 3225 arborum
3603 3186 3615 3225 :
3649 3184 3740 3225 se-

2087 3270 2221 3309 men
2250 3270 2384 3309 vero
2406 3254 2798 3323 hominum,et
2819 3256 3163 3312 animalium
3195 3257 3509 3313 seminium
3539 3254 3628 3313 vel
3650 3260 3743 3314 se-

2087 3347 2349 3399 mentum
2382 3343 2684 3399 exordium
2716 3345 3125 3417 cuiuscunque
3153 3346 3257 3401 rei.

2154 3451 2318 3506 Vers.
2372 3452 2457 3505 14.
2520 3452 2682 3506 Fiant
2739 3452 3045 3507 luminaria
3100 3454 3163 3506 in
3189 3452 3535 3521 ﬁrmamento
3592 3454 3737 3509 caeli.

2056 3528 2416 3596 .Luminaria
2448 3539 2653 3607 solem,
2678 3544 2734 3595 et
2753 3539 2978 3608 lunam,
3012 3545 3071 3596 et
3099 3546 3336 3597 caeteras
3366 3539 3566 3597 stellas
3596 3540 3741 3598 acci-

2085 3628 2301 3701 pimus.
2353 3628 2567 3683 Verum
2601 3628 2687 3683 sol
2719 3633 2775 3683 et
2803 3628 2945 3683 luna
3007 3634 3063 3685 et
3092 3634 3315 3702 septem
3349 3629 3593 3702 planetae
3620 3648 3738 3687 non

2082 3720 2218 3773 sunt
2246 3716 2303 3770 in
2334 3717 2701 3771 ﬁrmamento
2736 3717 2934 3789 positae
2978 3719 3079 3773 sed
3110 3718 3169 3773 in
3190 3717 3402 3775 aethere
3433 3719 3689 3791 pendent
3722 3737 3735 3775 :

2081 3805 2210 3861 ideo
2240 3805 2298 3859 in
2332 3806 2700 3861 ﬁrmamento
2748 3806 2971 3878 positas,
3035 3807 3328 3862 dicuntur.
3386 3809 3452 3862 Et
3479 3806 3730 3864 dividant

2080 3895 2229 3950 diem
2257 3910 2321 3948 ae
2350 3902 2576 3949 noctem.
2640 3893 2737 3950 Sol
2797 3894 2906 3950 diei
2959 3901 3188 3967 praeest,
3233 3894 3375 3952 luna
3402 3896 3578 3952 nocti.
3613 3897 3737 3952 Sint

2081 3985 2140 4037 in
2191 3984 2371 4054 signa.
2421 3982 2560 4049 Hoc,
2613 3982 2700 4038 vel
2742 3988 2978 4056 propter
3025 3984 3344 4039 terminum
3393 3983 3737 4041 Paschalem

2080 4071 2464 4143 dicitur,quia
2490 4071 2628 4126 luna
2658 4072 2896 4145 signum
2928 4077 3017 4129 est
3048 4072 3340 4129 Paschalis
3372 4073 3608 4128 termini
3636 4075 3738 4146 qui

2080 4177 2195 4215 non
2222 4154 2334 4215 nisi
2354 4163 2485 4230 post
2507 4159 3269 4230 quatuordecimamlunam
3297 4160 3735 4227 celebratur,vel

2079 4247 2218 4321 quia
2250 4247 2443 4303 sidera
2464 4247 2632 4321 signa
2652 4252 2792 4303 sunt
2809 4249 3181 4321 navigatibus
3204 4266 3308 4321 per
3338 4265 3496 4305 mare
3516 4248 3605 4305 vel
3626 4249 3739 4305 iter

2079 4336 2386 4409 agentibus
2436 4352 2539 4407 per
2588 4336 2826 4409 Libyam
2883 4337 2982 4392 ubi
3040 4337 3349 4410 vestigium
3403 4338 3630 4394 itineris
3663 4340 3735 4395 ad

2079 4429 2302 4481 motum
2330 4425 2485 4479 venti
2507 4424 3025 4497 dissipatur.Luna
3046 4427 3201 4497 apud
3230 4427 3518 4483 Hebraeos
3543 4427 3735 4484 tribus

2078 4514 2419 4570 nominibus
2452 4519 2847 4586 nuncupatur,
2884 4519 3044 4580 Lare,
3080 4515 3735 4586 Lavana,Mavors.Lara

2076 4607 2311 4658 vocatur
2344 4620 2376 4656 a
2410 4619 2653 4658 numero
2684 4603 2913 4659 dierum
2945 4603 3166 4660 mensis
3193 4621 3205 4660 ε
3231 4605 3450 4660 Lavana
3479 4621 3515 4660 a
3543 4604 3739 4661 candi-

2076 4692 2259 4747 ditate
2294 4709 2305 4746 :
2336 4696 2553 4749 Mavors
2584 4708 2617 4746 a
2641 4691 2895 4771 defectu,
2923 4693 3063 4764 qula
3092 4691 3285 4748 deﬁcit
3305 4692 3554 4767 singulis
3579 4709 3738 4751 men—

2076 4781 2264 4836 sibus.

2145 4873 2309 4926 Vers.
2340 4870 2435 4936 20,
2480 4868 2571 4925 21.
2635 4870 2841 4941 Reptite
2898 4871 3112 4926 animae
3168 4870 3422 4925 viventis.
3483 4868 3736 4942 Reptilia

2074 4959 2262 5033 pisces
2307 4959 2416 5015 hoc
2445 4958 2571 5015 loco
2602 4959 2817 5029 accipe.
2872 4958 3187 5014 Mutabitem
3231 4958 3479 5014 animam
3507 4956 3729 5032 [Vulg.,

2074 5049 2384 5105 motabitem
2416 5049 2534 5118 tua}
2567 5046 2707 5102 dicit
2746 5044 3090 5102 animalium
3132 5047 3205 5103 ad
3234 5047 3733 5120 comparationem

2075 5137 2352 5194 hominis.
2387 5135 2533 5202 Quia
2563 5135 2699 5190 licet
2729 5135 2992 5191 mortalis
3024 5134 3099 5190 sit
3130 5135 3304 5193 homo
3331 5136 3401 5192 ad
3424 5152 3732 5209 compara-

2072 5226 2288 5282 tionem
2324 5226 2446 5294 Dei,
2488 5229 2685 5280 tamen
2725 5224 3076 5281 immortalis
3106 5231 3195 5282 est
3223 5225 3294 5280 ad
3340 5225 3723 5298 comparatio-

2073 5332 2204 5371 nem
2228 5318 2565 5369 caeterorum
2589 5311 3081 5386 animaliam,qua
3103 5318 3262 5388 parte
3285 5313 3604 5387 imaginem
3627 5313 3732 5370 Dei

2079 5403 2306 5459 retinet.

2147 5490 2311 5546 Vers.
2343 5491 2432 5544 26.
2466 5491 2752 5548 Faciamus
2817 5493 3089 5550 hominem
3146 5493 3216 5549 ad
3246 5494 3545 5564 imaginem
3571 5495 3625 5548 et
3651 5493 3728 5547 si-

2073 5579 2447 5636 militudinem
2474 5584 2736 5636 nostram.
2796 5583 2940 5639 Cum
2986 5587 3190 5638 caetera
3212 5581 3474 5652 jubendo
3505 5578 3726 5650 fecerit,

2075 5667 2240 5740 quasi
2274 5670 2591 5727 maximam
2623 5688 2746 5728 rem
2779 5672 3037 5728 facturus
3064 5670 3222 5727 Dens
3250 5674 3313 5726 et
3335 5668 3563 5726 cunctis
3595 5682 3725 5742 quo
