4040 6208
301 288 382 357 59
872 287 1179 353 REMlGlI
1224 285 1976 353 ANTISSIODORENSIS
2021 284 2194 359 OPP.
2240 283 2441 350 PARS
2485 288 2643 350 1.-
2670 285 3131 354 EXEGETICA.
3536 378 3543 384 .
3598 249 3705 351 ’ϐο

302 422 582 482 Sedechia
609 403 785 494 quem
818 438 913 478 rex
944 422 1252 493 Babylonis
1282 422 1549 477 multavit
1574 421 1945 487 oculis,ever-
1976 427 2030 486 Α
2130 419 2291 475 Vers.
2316 422 2369 475 6.
2398 422 2508 477 Sed
2524 424 2646 493 fons
2675 423 2966 478 ascendens
2994 440 3022 478 e
3051 430 3200 479 terra
3238 436 3552 479 universam
3587 424 3705 491 eius

303 531 370 569 sa
388 513 718 569 Jerusalem
732 516 791 568 et
811 512 1106 568 destructo
1120 508 1668 584 templo,transtulit
1687 508 1745 563 in
1770 508 1947 580 Baby-

303 602 522 659 Ionem.

374 692 587 757 Quinta
618 690 710 746 die
738 707 803 745 ex
856 690 1027 762 aquis
1087 691 1369 762 producta
1425 695 1563 743 sunt
1619 685 1940 742 animalia:

307 781 448 853 quia
475 780 585 835 hac
613 784 778 835 atate
809 778 1061 851 pepulus
1089 779 1425 834 Judaeorum
1448 777 1602 832 inter
1622 781 1822 849 gentes
1850 791 1945 829 ve-

302 868 393 924 lut
420 868 479 923 in
513 868 681 940 aquis
711 868 974 938 captivus
1004 867 1423 927 versabalur,et
1454 871 1646 920 tamen
1696 882 1729 918 a
1786 862 1945 918 cultu

304 958 404 1013 Dei
428 974 539 1012 non
568 958 889 1012 recedebat.
922 954 1169 1010 Multum
1207 956 1378 1009 etiam
1406 955 1532 1025 jam
1558 953 1742 1007 sancti
1776 951 1944 1023 quasi

302 1064 433 1103 aves
465 1062 564 1118 per
595 1044 1140 1116 contemplationem
1176 1044 1245 1097 ad
1283 1043 1537 1098 ccelestia
1566 1042 1946 1098 sublevaban-

300 1136 573 1205 tur,sicut
601 1135 906 1199 Jeremias,
941 1132 1221 1196 Ezechiel,
1254 1133 1542 1196 Neemias,
1598 1137 1706 1184 etc.
1767 1129 1945 1200 Cujus

296 1240 538 1296 vespera
570 1223 678 1276 fuit
705 1221 1022 1277 infidelitas
1052 1227 1108 1276 et
1142 1222 1463 1276 maximum
1496 1225 1794 1291 peccatum
1847 1234 1941 1272 co-

296 1330 428 1369 rum
461 1312 558 1385 qui
583 1311 877 1368 Christum
913 1310 1023 1366 sibi
1056 1311 1475 1382 repromissum
1510 1309 1767 1363 videntes
1800 1304 1942 1362 reci-

299 1418 434 1475 pere
469 1400 801 1457 noluerunt.

374 1491 548 1547 Sexta
578 1490 671 1544 die
704 1490 879 1544 homo
911 1489 1096 1544 factus
1127 1492 1234 1543 est.
1270 1491 1393 1542 Hac
1431 1491 1596 1541 astate
1628 1489 1801 1539 natus
1858 1488 1947 1538 est

294 1579 564 1636 Christus
599 1595 699 1650 per
736 1578 1040 1650 virginem.
1099 1576 1206 1640 Qui
1264 1574 1535 1646 praelatus
1593 1579 1683 1629 est
1740 1572 1945 1627 bestiis

300 1673 469 1724 terra:
501 1672 557 1722 et
589 1666 848 1739 piscibus
881 1665 1061 1721 maris
1093 1670 1150 1720 et
1206 1664 1540 1720 volatilibus
1598 1661 1722 1717 cmli
1749 1680 1760 1716 :
1808 1660 1946 1733 quia

302 1772 509 1812 omnes
539 1759 742 1828 gentes
765 1756 911 1826 jugo
945 1753 1074 1808 fidei
1099 1770 1218 1808 sua:
1248 1752 1515 1823 subjecit.
1546 1751 1725 1822 Cujus
1759 1751 1945 1804 aetatis
1974 1791 2021 1855 Β

294 1862 539 1915 vespera
570 1844 703 1900 finis
726 1845 838 1898 erit
870 1843 1086 1898 smeuli.

364 1932 626 2005 Septima
645 1933 738 1988 die
762 1931 1046 2003 requievit
1062 1931 1213 1986 Deus
1236 1930 1396 2002 :quia
1419 1929 1671 2000 septima
1684 1931 1822 1981 aetas
1854 1930 1943 1981 est

291 2021 623 2078 animarum
655 2021 1146 2092 requiescentium
1176 2020 1233 2073 in
1265 2018 1493 2074 Christo
1523 2021 1581 2072 et
1610 2020 1942 2087 exspectan-

290 2111 440 2166 tium
473 2109 806 2183 generalem
839 2124 1149 2179 corporum
1183 2106 1687 2163 resurrectionem.

967 2196 1199 2253 CAPUT
1232 2197 1299 2251 II.

364 2287 522 2343 Vers.
556 2288 604 2342 4.
637 2289 766 2344 Ista:
792 2289 1171 2359 generationes
1199 2287 1324 2341 creti
1351 2292 1402 2340 et
1429 2291 1612 2340 terrae.
1641 2283 1942 2355 Recapitu-

293 2374 435 2432 latio
466 2380 556 2431 est
586 2378 863 2430 creaturae
889 2374 1010 2428 Dei.
1034 2372 1446 2429 Generationes
1478 2371 1606 2427 coeli
1663 2376 1717 2427 et
1776 2375 1940 2425 terrae

292 2462 551 2535 appellat
581 2462 1319 2518 ornatuseorum.0rnatus
1346 2460 1472 2515 coeli
1507 2462 1646 2515 sunt
1676 2458 1863 2530 angeli
1888 2462 1943 2512 et

294 2551 520 2607 sidera:
552 2558 795 2605 ornatus
824 2555 991 2605 terra
1005 2549 1271 2604 homines
1304 2552 1359 2603 et
1405 2549 1716 2619 jumenta;
1774 2547 1940 2601 arbo-

298 2655 431 2696 rum
462 2644 519 2695 et
547 2639 760 2694 ﬂorum
791 2637 1117 2695 varietates.
1141 2639 1204 2692 In
1257 2636 1365 2691 die.
1428 2637 1485 2690 Id
1540 2639 1629 2691 est
1685 2635 1743 2690 in
1794 2639 1941 2690 tem-

299 2744 457 2801 pore.
481 2727 647 2783 Diem
670 2726 763 2782 hic
789 2726 986 2798 posuit
1006 2742 1109 2798 pro
1139 2730 1399 2797 tempore
1428 2724 1579 2779 sicut
1605 2722 1938 2795 Apostolus:

298 2817 442 2873 Ecce
471 2831 629 2871 nunc
660 2821 895 2887 tempus
925 2812 1296 2886 acceptabile,
1328 2829 1459 2868 ecce
1517 2811 1643 2867 dies
1690 2811 1899 2867 salutis
1925 2812 1936 2866 l

298 2905 417 2961 Hoc
447 2905 505 2960 in
539 2903 662 2960 loco
693 2902 985 2959 evanescit
1031 2918 1191 2957 error
1247 2900 1729 2974 philosophorum
1764 2918 1777 2956 :
1841 2901 1940 2972 qui

303 2991 875 3049 dixeruntmundum
909 2991 1025 3046 Deo
1052 3006 1180 3046 esse
1209 2988 1675 3052 coaeternum,vel
1709 2988 1941 3043 etiamsi

299 3099 334 3138 a
361 3082 477 3137 Deo
507 3084 564 3136 et
584 3080 709 3137 sine
732 3078 898 3134 initio
917 3080 1104 3134 factus
1124 3082 1368 3145 est,eum
1394 3083 1590 3132 tamen
1614 3093 1676 3133 ex
1700 3076 1944 3132 materia

2055 509 2397 580 superﬁciem
2424 511 2717 580 irrigabat.
2744 512 2895 568 Fons
2925 516 3119 567 autem
3149 511 3269 577 ille,
3320 511 3405 567 vel
3461 526 3563 583 per
3607 528 3701 569 oc-

2056 596 2241 652 cultos
2271 605 2498 654 meatus
2529 604 2692 655 terrae
2723 601 3040 657 decurrens
3072 601 3421 656 ascendebat
3453 601 3523 654 ad
3573 600 3703 655 irri-

2056 687 2307 758 gandam
2331 693 2493 742 terra:
2526 690 2914 760 superﬁciem,
2950 706 3108 744 more
3141 688 3252 742 Nili
3285 688 3546 743 ﬂuminis
3596 690 3701 760 qui

2056 774 2199 831 alvei
2224 776 2313 830 sui
2337 781 2523 831 nfetas
2541 778 2915 848 progrediens
2937 778 3140 849 irrigat
3152 777 3323 848 plana
3336 778 3581 849 {Egyptiz
3611 777 3703 833 vel

2056 864 2231 919 etiam
2257 864 2508 936 irrigans
2542 866 2870 920 universam
2906 867 3275 938 superﬁciem
3336 872 3525 935 terrae,
3586 883 3701 922 non

2056 969 2171 1023 quo
2203 970 2433 1008 omnem
2468 960 2629 1008 terra:
2665 954 3031 1025 superficiem
3065 955 3442 1026 operiret,sed
3470 954 3700 1010 rivatim

2055 1058 2216 1097 more
2247 1042 2557 1097 ﬂuminum
2594 1060 2691 1113 per
2737 1044 2961 1098 diversa
3009 1044 3133 1098 loca
3181 1044 3548 1099 dirivaretur.
3605 1043 3701 1099 Vel

2055 1131 2208 1201 quod
2236 1130 2447 1186 melius
2472 1131 2658 1202 placet
2689 1149 2847 1186 more
2880 1149 3055 1186 sacrae
3088 1131 3696 1203 Scripturm,singula-

2057 1237 2177 1274 rem
2211 1220 2406 1290 posuit
2437 1237 2538 1291 pro
2569 1220 2800 1292 plurali,
2834 1220 2919 1275 vel
2974 1222 3189 1275 fontem
3250 1237 3352 1291 pro
3412 1221 3697 1291 fontibus,

2054 1307 2495 1363 sicutmuscam
2531 1325 2633 1380 pro
2666 1310 2905 1373 muscis,
2951 1326 3153 1364 ranam
3214 1325 3315 1378 pro
3367 1308 3543 1372 ranis,
3594 1314 3704 1364 Aut

2055 1396 2229 1451 etiam
2257 1398 2476 1452 fontem
2504 1402 2738 1468 propter
2758 1397 3194 1453 universitatem
3219 1398 3487 1452 omnium
3520 1415 3702 1469 aqua-

2057 1502 2186 1539 rum
2218 1502 2345 1557 quae
2378 1485 2554 1541 simul
2588 1490 2726 1541 sunt
2749 1491 2803 1542 et
2833 1487 3002 1557 quasi
3026 1503 3179 1541 unus
3213 1486 3344 1542 fons
3368 1486 3422 1540 in
3460 1486 3702 1542 matrice

2056 1572 2290 1644 abysso.

2124 1660 2285 1717 Vers.
2317 1664 2371 1716 7.
2420 1664 2695 1719 Formavit
2723 1665 2862 1718 Deus
2886 1663 3455 1719 hominem.Cavenda
3486 1667 3575 1718 est
3602 1663 3697 1719 hic

2057 1756 2369 1822 paupertas
2402 1751 2727 1806 intellectus
2748 1751 2991 1807 humani
3024 1756 3087 1806 ut
3134 1752 3459 1822 cogitemus
3520 1758 3699 1808 Deum

2052 1840 2326 1895 manibus
2347 1846 2651 1910 operatum
2677 1840 2855 1896 fuisse
2877 1840 3176 1895 hominem
3202 1844 3258 1895 et
3281 1839 3455 1896 labiis
3473 1841 3699 1897 carneis

2050 1926 2441 1997 locutum,aut
2463 1928 2577 1983 tale
2608 1926 3012 2000 aliquid,quod
3047 1930 3211 1984 nefas
3241 1934 3331 1984 est
3358 1930 3430 1984 de
3461 1935 3571 1985 Deo
3601 1946 3701 1985 co-

2050 2015 2241 2088 gitari.
2277 2016 2429 2073 Deus
2452 2016 2606 2071 enim
2640 2017 2884 2087 spiritus
2901 2021 3076 2087 est,et
3102 2017 3231 2073 ideo
3255 2034 3370 2073 non
3388 2014 3702 2088 distingui-

2051 2108 2150 2158 tur
2170 2105 2449 2160 membris
2484 2121 2587 2160 nec
2619 2111 2895 2175 gravatur
2926 2105 3075 2161 mole
3094 2106 3375 2178 corporis,
3404 2112 3465 2161 ut
3495 2107 3565 2161 de
3597 2106 3699 2162 illo

2051 2192 2272 2264 aliquid
2305 2209 2580 2248 carneum
2614 2193 2940 2265 cogitemus
2970 2193 3054 2248 vel
3113 2193 3530 2265 intelligamus.
3583 2195 3698 2250 Sed

2051 2282 2206 2354 quod
2237 2281 2378 2336 dicit
2412 2300 2426 2337 :
2457 2282 2720 2355 formavit
2749 2282 3045 2337 hominem
3076 2300 3143 2336 ex
3176 2281 3336 2349 limo,
3371 2283 3428 2337 id
3459 2288 3548 2339 est
3596 2300 3695 2339 vo-

2049 2371 2222 2427 lendo
2244 2375 2300 2425 et
2320 2371 2584 2442 jubendo
2606 2376 2766 2426 extra
2798 2370 3089 2443 produxit.
3122 2372 3187 2426 Et
3216 2372 3693 2442 inspiravit.Quod

2051 2459 2229 2514 dicit:
2261 2461 2514 2530 spiravit,
2548 2475 2661 2514 non
2695 2458 3140 2532 intelligendum
3168 2465 3275 2527 est,
3337 2461 3489 2532 quod
3540 2460 3697 2517 hunc

2052 2547 2459 2620 corpulentum
2483 2564 2675 2603 aerem
2698 2547 2921 2602 homini
2940 2539 3364 2605 su'fﬂaveritvel
3386 2549 3701 2605 immiserit

2052 2637 2149 2692 sed
2174 2637 2489 2707 inspiravit,
2523 2635 2580 2690 id
2614 2641 2722 2706 est,
2751 2637 3033 2693 animavit
3063 2654 3199 2692 eum
3245 2637 3362 2693 vita
3408 2638 3698 2703 rationali,

2052 2726 2207 2797 quod
2237 2724 2298 2780 in
2332 2724 2711 2795 sequentibus
2731 2726 3071 2795 spiraculum.
3092 2728 3222 2783 vitae
3260 2725 3593 2798 appellavit.
3613 2728 3700 2783 Ad

2052 2812 2544 2885 comparationem
2563 2812 2719 2867 enim
2735 2819 3076 2870 caaterorum
3091 2814 3432 2870 animalium
3447 2832 3701 2886 quorum

2051 2903 2258 2957 animae
2275 2901 2803 2968 moriuntur,homo
2824 2903 3166 2958 rationalem
3181 2904 3438 2959 animam
3459 2905 3702 2961 sortitus

2052 2990 2328 3046 est.Unde
2359 2993 2417 3045 et
2442 2988 2622 3044 Graeci
2642 2989 3031 3045 differentiam
3050 2991 3325 3047 facientes
3354 2991 3700 3047 animalium

2051 3096 2179 3151 quae
2203 3083 2430 3133 tantum
2449 3079 2576 3132 sine
2603 3077 2822 3134 ratione
2836 3078 3036 3134 vivunt
3064 3096 3168 3135 zoa
3196 3080 3571 3151 vocant,quia
3597 3096 3701 3137 zoe

298 3186 416 3226 non
446 3186 482 3224 a
507 3172 619 3224 Deo
645 3173 901 3223 creatum
925 3172 1189 3221 constare
1210 3165 1501 3231 dixerunt,
1545 3164 1699 3236 quod
1745 3171 1941 3220 tamen
1975 3154 2016 3221 C
2053 3167 2171 3223 vita
2201 3166 2447 3221 dicitur:
2481 3183 2607 3237 quae
2639 3183 2769 3222 vero
2802 3166 3046 3223 rationis
3093 3168 3523 3241 participantur
3573 3187 3701 3242 psy-

297 3262 615 3329 utrumque
635 3256 981 3321 efﬂuit,cum
1014 3255 1228 3310 dicitur
1255 3270 1268 3310 :
1295 3256 1358 3309 In
1388 3254 1479 3309 die
1505 3256 1639 3326 fecit
1666 3256 1859 3309 caelum
1887 3262 1940 3310 et

298 3350 525 3402 terram.
557 3346 704 3401 Cum
733 3344 889 3400 enim
911 3343 1054 3398 dicit
1084 3361 1102 3397 :
1134 3345 1192 3398 in
1222 3342 1330 3409 die,
1363 3343 1619 3397 ostendit
1640 3359 1774 3397 eum
1825 3360 1939 3398 non

297 3451 427 3491 esse
455 3440 809 3490 corsternum
833 3431 1120 3487 Deo.Cum
1132 3447 1268 3486 vero
1289 3430 1454 3485 addit
1479 3447 1490 3484 :
1523 3432 1654 3501 fecit
1673 3432 1866 3486 cretum
1890 3436 1943 3487 et

297 3530 523 3587 terram,
557 3520 846 3576 mundum
877 3536 910 3575 a
942 3524 1053 3574 Deo
1097 3519 1396 3574 conditum
1453 3520 1813 3575 manifestat.
1882 3520 1941 3575 Si

297 3627 433 3667 vero
464 3610 620 3666 diem
651 3626 752 3681 pro
776 3625 895 3663 una
924 3608 1017 3663 die
1037 3607 1432 3680 acceperimus
1456 3609 1940 3678 positam,secun-

300 3700 442 3756 dum
464 3697 631 3754 illum
648 3713 888 3753 sensum
902 3696 1344 3769 intelligendum
1356 3701 1446 3752 est
1464 3711 1639 3767 quem
1663 3696 1944 3768 propheta

303 3788 479 3845 dicit:
513 3788 622 3856 Qui
650 3788 787 3843 vivit
815 3788 877 3841 in
903 3787 1176 3843 aeternum
1201 3788 1412 3841 creavit
1429 3787 1617 3839 omnia
1635 3786 1803 3839 simul
1816 3786 1942 3856 (Ec-

298 3878 574 3943 cti.xvm,
610 3876 684 3946 1).
707 3876 885 3931 Juxta
917 3891 1095 3946 quem
1127 3872 1490 3928 intellectum
1526 3873 1588 3927 B.
1632 3872 1945 3945 Gregorius

300 3964 736 4020 dicitzuRerum
766 3967 979 4017 natura
1008 3978 1112 4034 per
1142 3961 1534 4017 substantiam
1558 3961 1735 4016 simul
1757 3964 1945 4017 creata

299 4057 410 4118 est,
442 4053 543 4107 sed
577 4066 680 4123 per
710 4050 964 4123 speciem
987 4049 1167 4104 simul
1199 4054 1391 4105 creata
1409 4066 1524 4104 non
1556 4054 1664 4105 est.
1702 4071 1728 4098 n

373 4144 538 4197 Vers.
566 4141 621 4195 5.
647 4139 817 4195 Omne
876 4138 1196 4209 virgultum,
1248 4146 1536 4209 antequam
1591 4140 1846 4206 oriretur,
1895 4143 1945 4194 et

302 4244 515 4286 omnem
542 4227 786 4292 herbam,
820 4235 1116 4298 antequam
1136 4227 1492 4296 germinaret.
1554 4227 1716 4292 Quod
1767 4226 1941 4283 dicit:

302 4321 597 4391 antequam
636 4318 971 4388 germinaret
1017 4320 1118 4371 aut
1173 4317 1429 4381 oriretur,
1477 4320 1637 4386 patet
1678 4316 1943 4387 profecto

302 4424 419 4464 non
450 4423 517 4463 eo
550 4405 867 4477 modo,quo
890 4420 1046 4459 nunc
1063 4402 1306 4459 arbusta
1325 4408 1384 4459 et
1412 4403 1605 4458 herbas
1634 4420 1703 4459 ex
1724 4404 1946 4460 semine

300 4497 389 4553 vel
410 4512 480 4551 ex
510 4494 705 4551 radice
735 4494 1134 4565 proferuntur,
1186 4497 1289 4547 aut
1338 4491 1598 4548 humana
1653 4493 1947 4548 industria
1978 4517 2023 4582 Β

300 4583 816 4655 proveniunt,tunc
846 4584 1146 4653 procreata
1176 4579 1433 4647 esse,sed
1468 4579 1664 4634 subito
1700 4581 1771 4634 ad
1831 4596 1944 4634 nu-

302 4677 427 4727 tum
460 4675 518 4726 et
537 4670 871 4742 jussionem
902 4669 1002 4724 Dei
1033 4669 1296 4739 erupisse
1327 4684 1458 4722 cum
1484 4667 1636 4722 foliis
1667 4671 1722 4722 et
1753 4669 1942 4724 fructu

304 4760 582 4831 omnique
612 4757 982 4829 perfectione.
1010 4762 1129 4814 Non
1154 4755 1382 4828 pluerat
1408 4772 1570 4827 super
1599 4757 1947 4811 terram.Hoc

303 4848 377 4905 ad
407 4846 709 4920 superiora
737 4846 1001 4900 refertur.
1035 4844 1159 4899 Non
1192 4844 1415 4915 pluerat
1474 4844 1711 4916 quidem
1761 4849 1827 4899 ut
1881 4862 1950 4900 ex

305 4940 576 5011 provectu
603 4934 828 4992 scilicet
857 4932 1186 5005 pluviarum
1214 4938 1596 4988 nascerentur
1624 4932 1863 4990 frutices
1894 4938 1952 4988 et

304 5023 825 5089 herbae.Quomodo
837 5029 894 5077 et
914 5021 1072 5077 enim
1098 5019 1484 5092 plueret,cum
1501 5036 1672 5075 omne
1695 5022 1949 5092 spatium

306 5114 458 5171 aeris
489 5113 728 5186 plenum
746 5115 900 5168 esset
930 5110 1100 5183 aquis
1122 5108 1489 5165 tenuissimis
1506 5109 1565 5163 in
1587 5111 1826 5164 modum
1852 5127 1950 5166 ne-

306 5201 777 5273 bulas,sicutjam
800 5217 982 5272 supra
1002 5198 1224 5255 dictum
1246 5197 1381 5253 est?
1411 5197 1512 5251 sed
1544 5214 1614 5253 ex
1643 5214 1757 5269 quo
1790 5215 1953 5271 aqua).

306 5289 422 5346 illas
451 5289 704 5347 collecta:
736 5293 876 5343 sunt
897 5289 956 5342 in
989 5292 1259 5356 unum,et
1288 5287 1560 5359 apparuit
1580 5285 1954 5358 arida,usque

308 5380 383 5436 ad
414 5379 700 5437 diluvium
734 5377 940 5449 pluviae
973 5376 1214 5432 minime
1243 5376 1520 5449 leguntur
1548 5374 1749 5432 fuisse.

2050 3254 2464 3327 ehica(a),quia
2478 3254 2692 3328 psyche
2706 3256 2994 3311 anima.In
3014 3257 3220 3312 faciem
3234 3261 3426 3312 autem
3445 3258 3697 3315 hominis

2052 3344 2305 3416 spirasse
2336 3343 2614 3415 (dicitur),
2649 3344 2789 3416 quia
2839 3345 2898 3399 in
2958 3346 3146 3417 capite
3189 3345 3442 3401 maxime
3490 3363 3696 3403 omnes

2052 3449 2258 3488 sensus
2287 3431 2719 3505 vigent,horum
2754 3448 2891 3500 uno,
2916 3431 2975 3486 id
3019 3437 3109 3488 est
3160 3437 3340 3502 tactu,
3365 3449 3469 3505 per
3522 3451 3696 3490 omne

2052 3537 2262 3592 corpus
2292 3520 2523 3575 diﬂ‘uso.

2121 3612 2285 3663 Vers.
2316 3609 2369 3662 8.
2393 3609 2749 3664 Ptantaverat
2776 3610 3109 3682 paradisum
3139 3612 3438 3683 voluptatis
3463 3629 3498 3667 a
3532 3614 3696 3684 prin-

2050 3698 2212 3768 cipio.
2249 3696 2309 3751 Id
2340 3701 2429 3751 est
2460 3696 2693 3752 hortum
2724 3696 3055 3770 voluptatis.
3075 3699 3269 3756 Grates
3289 3701 3446 3757 enim
3475 3701 3701 3772 paradi-

2053 3802 2157 3840 sus
2186 3785 2391 3840 hortus.
2425 3786 2701 3841 Hebraice
2731 3787 2883 3843 Eden
2911 3792 3169 3844 vocatur.
3220 3790 3260 3844 A
3293 3791 3587 3862 principio,
3638 3789 3696 3844 id

2052 3877 2142 3929 est
2170 3873 2229 3927 in
2259 3872 2692 3945 initio,remotis
2723 3877 2892 3947 aquis
2920 3893 2954 3933 a
2983 3876 3292 3948 superﬁcie
3340 3883 3506 3933 terra
3537 3882 3594 3934 et
3635 3878 3695 3933 in

2053 3978 2238 4018 unum
2261 3961 2652 4018 collectis.Ubi
2676 3968 2873 4020 autem
2894 3981 3001 4020 nos
3020 3965 3307 4022 habemus
3332 3982 3345 4021 :
3369 3967 3701 4022 Paradisum

2052 4050 2397 4123 aprincipio,
2422 4050 2663 4123 quidam
2694 4051 2924 4107 codices
2949 4052 3164 4108 habent
3190 4078 3204 4121 ;
3236 4053 3385 4110 Eden
3414 4053 3484 4110 ad
3518 4058 3699 4110 ortum

2052 4155 2121 4195 ex
2151 4155 2265 4210 quo
2294 4154 2613 4209 possumus
2642 4138 2926 4210 conjicere
2956 4140 3300 4212 paradisum
3346 4140 3408 4196 in
3464 4140 3699 4197 Oriente

2053 4227 2255 4284 situm.
2292 4228 2354 4282 In
2386 4243 2734 4300 quacunque
2763 4232 2959 4284 autem
2992 4227 3150 4284 orbis
3185 4234 3346 4300 parte
3372 4229 3700 4301 sit,scimus

2053 4332 2187 4372 eum
2206 4319 2502 4371 terrenum
2524 4320 2736 4385 esse,et
2751 4315 3052 4388 interjecto
3075 4310 3300 4374 Oceano
3322 4322 3380 4374 et
3400 4319 3700 4375 montibus

2054 4404 2337 4476 oppositis
2367 4421 2402 4459 a
2426 4409 2625 4460 nostro
2654 4406 2792 4461 orbe
2817 4404 2990 4479 longe
3047 4406 3536 4463 remotissimum.
3597 4409 3701 4465 Est

2054 4492 2209 4549 enim
2234 4494 2293 4548 in
2324 4492 2612 4548 altissimo
2634 4492 2758 4548 loco
2791 4494 2939 4551 situs
2986 4495 3323 4567 pertingens
3380 4513 3570 4569 usque
3626 4497 3700 4553 ad

2040 4580 2320 4637 lunarem
2353 4580 2658 4637 circulum.
2697 4582 2857 4639 Unde
2885 4588 2942 4639 et
2962 4583 3099 4640 illuc
3124 4601 3289 4657 aquae
3339 4585 3540 4640 diluvii
3591 4584 3700 4641 mi-

2055 4670 2213 4725 nime
2245 4668 2578 4742 pervenisse
2608 4669 2904 4726 dicuntur.
2936 4673 2995 4728 In
3022 4688 3125 4743 quo
3168 4674 3360 4745 posuit
3405 4674 3702 4743 hominem,

2055 4759 2136 4814 Ex
2164 4775 2280 4829 quo
2314 4758 2489 4829 quod,
2516 4758 2739 4830 positus
2778 4759 2837 4813 in
2869 4760 3206 4831 paradisum
3238 4759 3414 4816 homo
3469 4760 3701 4826 dicitur,

2058 4848 2235 4903 datur
2258 4845 2505 4919 intelligi
2537 4863 2653 4902 non
2682 4845 2763 4901 ibi
2796 4846 2978 4903 fulsse
3008 4848 3335 4915 conditum,
3372 4849 3472 4905 sed
3504 4849 3564 4905 in
3595 4848 3705 4905 hac

2058 4939 2259 4991 nostra
2284 4934 2515 4990 mortali
2536 4935 2880 5006 terra,quia,
2913 4934 3110 4992 divina
3138 4936 3703 5008 prmscientiajllum

2061 5027 2435 5097 peccaturum
2465 5027 2521 5078 et
2537 5023 2610 5078 ob
2633 5022 2742 5079 hoc
2772 5024 2846 5079 ab
2872 5023 2973 5079 illa
2992 5033 3196 5081 sancta
3240 5031 3397 5082 terra
3446 5026 3505 5081 in
3556 5026 3704 5083 hanc

2062 5110 2382 5168 convallem
2415 5110 2664 5166 miseriae
2696 5110 3162 5184 propellendum.

2133 5204 2297 5255 Vers.
2330 5201 2459 5254 9.-
2487 5199 2860 5272 Ρνοάαίείιᾳαε
2884 5200 3705 5275 dehumo.Subauditurpara-
3771 5255 3783 5267 ,

2066 5287 2200 5343 disi.
2232 5289 2468 5357 Lignum
2496 5289 2627 5344 vitae
2657 5292 2715 5343 et
2746 5287 2989 5361 reliqua.
3024 5291 3276 5364 Lignum
3308 5290 3440 5347 vitae
3481 5291 3706 5363 species

2067 5374 2292 5432 arboris
2311 5374 2923 5450 tuititavocato,quod
2954 5380 3296 5437 naturaliter
3326 5378 3474 5437 hanc
3526 5379 3708 5436 virtu-

383 5592 462 5663 (a)
494 5591 634 5649 Cod.
670 5591 862 5648 Garst.
888 5586 983 5645 th
1015 5587 1229 5646 Psiche.
1263 5589 1380 5663 Cop
1407 5589 1962 5664 Teg.partic.Psiche
1999 5590 2153 5667 quia,
2184 5592 2295 5648 etc.
