  <div class='ocr_page' id='page_1' title='image "/cluster/home/n/w/nwhite01/storage/ocr_20150623/131/hvd.32044054759923/038.png"; bbox 0 0 4040 6208; ppageno 0'>
   <div class='ocr_carea' id='block_1_1' title="bbox 366 367 3768 461">
    <p class='ocr_par' dir='ltr' id='par_1_1' title="bbox 366 367 3768 461">
     <span class='ocr_line' id='line_1_1' title="bbox 366 367 3768 461; baseline 0.001 -31"><span class='ocrx_word' id='word_1_1' title='bbox 366 367 437 431; x_wconf 80' lang='grc'>61</span> <span class='ocrx_word' id='word_1_2' title='bbox 676 448 691 461; x_wconf 38' lang='grc' dir='ltr'><strong><em>ο</em></strong></span> <span class='ocrx_word' id='word_1_3' title='bbox 1486 371 2109 436; x_wconf 70' lang='lat' dir='ltr'>COMMENTARIUS</span> <span class='ocrx_word' id='word_1_4' title='bbox 2158 372 2237 434; x_wconf 88' lang='lat' dir='ltr'>IN</span> <span class='ocrx_word' id='word_1_5' title='bbox 2284 372 2647 436; x_wconf 82' lang='lat' dir='ltr'>GENESIM.</span> <span class='ocrx_word' id='word_1_6' title='bbox 3690 370 3768 436; x_wconf 71' lang='lat' dir='ltr'>se</span> 
     </span>
    </p>
   </div>
   <div class='ocr_carea' id='block_1_2' title="bbox 372 493 3766 580">
    <p class='ocr_par' dir='ltr' id='par_1_2' title="bbox 372 493 3766 580">
     <span class='ocr_line' id='line_1_2' title="bbox 372 493 3766 580; baseline 0.001 -21"><span class='ocrx_word' id='word_1_7' title='bbox 372 507 491 559; x_wconf 82' lang='lat' dir='ltr'>tem</span> <span class='ocrx_word' id='word_1_8' title='bbox 525 503 797 561; x_wconf 87' lang='lat' dir='ltr'>sortitum</span> <span class='ocrx_word' id='word_1_9' title='bbox 824 510 931 572; x_wconf 91' lang='lat' dir='ltr'>est,</span> <span class='ocrx_word' id='word_1_10' title='bbox 964 510 1027 561; x_wconf 91' lang='lat' dir='ltr'>ut</span> <span class='ocrx_word' id='word_1_11' title='bbox 1048 507 1095 562; x_wconf 99' lang='lat' dir='ltr'>si</span> <span class='ocrx_word' id='word_1_12' title='bbox 1121 507 1255 580; x_wconf 84' lang='lat' dir='ltr'>quis</span> <span class='ocrx_word' id='word_1_13' title='bbox 1285 493 1446 563; x_wconf 41' lang='lat' dir='ltr'>ex&#39;eo</span> <span class='ocrx_word' id='word_1_14' title='bbox 1476 509 1727 563; x_wconf 88' lang='lat' dir='ltr'>fructum</span> <span class='ocrx_word' id='word_1_15' title='bbox 1752 508 2015 562; x_wconf 91' lang='lat' dir='ltr'>comede-</span> <span class='ocrx_word' id='word_1_16' title='bbox 2045 511 2097 577; x_wconf 79' lang='grc' dir='ltr'><strong>Α</strong></span> <span class='ocrx_word' id='word_1_17' title='bbox 2130 506 2349 562; x_wconf 91' lang='lat' dir='ltr'>malum</span> <span class='ocrx_word' id='word_1_18' title='bbox 2383 508 2535 577; x_wconf 90' lang='lat' dir='ltr'>quod</span> <span class='ocrx_word' id='word_1_19' title='bbox 2590 511 2781 563; x_wconf 85' lang='lat' dir='ltr'>mente</span> <span class='ocrx_word' id='word_1_20' title='bbox 2831 506 3045 578; x_wconf 78' lang='lat' dir='ltr'>cogitat</span> <span class='ocrx_word' id='word_1_21' title='bbox 3093 503 3365 578; x_wconf 80' lang='lat' dir='ltr'>operibus</span> <span class='ocrx_word' id='word_1_22' title='bbox 3410 505 3766 577; x_wconf 79' lang='lat' dir='ltr'>exsequitur.</span> 
     </span>
    </p>
   </div>
   <div class='ocr_carea' id='block_1_3' title="bbox 374 594 2016 665">
    <p class='ocr_par' dir='ltr' id='par_1_3' title="bbox 374 594 2016 665">
     <span class='ocr_line' id='line_1_3' title="bbox 374 594 2016 665; baseline 0.002 -18"><span class='ocrx_word' id='word_1_23' title='bbox 374 597 461 648; x_wconf 85' lang='lat' dir='ltr'>ret</span> <span class='ocrx_word' id='word_1_24' title='bbox 491 594 1077 665; x_wconf 87' lang='lat' dir='ltr'>perpetuasoliditate</span> <span class='ocrx_word' id='word_1_25' title='bbox 1100 597 1501 652; x_wconf 89' lang='lat' dir='ltr'>ﬁrmareturet</span> <span class='ocrx_word' id='word_1_26' title='bbox 1530 598 1697 651; x_wconf 89' lang='lat' dir='ltr'>beata</span> <span class='ocrx_word' id='word_1_27' title='bbox 1718 597 2016 651; x_wconf 89' lang='lat' dir='ltr'>immorta-</span> 
     </span>
    </p>
   </div>
   <div class='ocr_carea' id='block_1_4' title="bbox 373 680 2016 757">
    <p class='ocr_par' dir='ltr' id='par_1_4' title="bbox 373 680 2016 757">
     <span class='ocr_line' id='line_1_4' title="bbox 373 680 2016 757; baseline 0.002 -22"><span class='ocrx_word' id='word_1_28' title='bbox 373 680 538 736; x_wconf 78' lang='lat' dir='ltr'>litate</span> <span class='ocrx_word' id='word_1_29' title='bbox 569 683 897 749; x_wconf 89' lang='lat' dir='ltr'>vestiretur,</span> <span class='ocrx_word' id='word_1_30' title='bbox 932 684 1109 740; x_wconf 88' lang='lat' dir='ltr'>nullis</span> <span class='ocrx_word' id='word_1_31' title='bbox 1142 686 1415 757; x_wconf 87' lang='lat' dir='ltr'>deinceps</span> <span class='ocrx_word' id='word_1_32' title='bbox 1458 686 1898 740; x_wconf 90' lang='lat' dir='ltr'>inﬁrmitatibus</span> <span class='ocrx_word' id='word_1_33' title='bbox 1929 685 2016 740; x_wconf 88' lang='lat' dir='ltr'>vel</span> 
     </span>
    </p>
   </div>
   <div class='ocr_carea' id='block_1_5' title="bbox 376 770 2016 843">
    <p class='ocr_par' dir='ltr' id='par_1_5' title="bbox 376 770 2016 843">
     <span class='ocr_line' id='line_1_5' title="bbox 376 770 2016 843; baseline 0.002 -19"><span class='ocrx_word' id='word_1_34' title='bbox 376 770 767 826; x_wconf 82' lang='lat' dir='ltr'>anxietatibus</span> <span class='ocrx_word' id='word_1_35' title='bbox 789 772 1390 843; x_wconf 84' lang='lat' dir='ltr'>deprimendus,nulla</span> <span class='ocrx_word' id='word_1_36' title='bbox 1404 775 1545 829; x_wconf 90' lang='lat' dir='ltr'>senii</span> <span class='ocrx_word' id='word_1_37' title='bbox 1564 774 1908 829; x_wconf 85' lang='lat' dir='ltr'>lassitudine</span> <span class='ocrx_word' id='word_1_38' title='bbox 1929 774 2016 829; x_wconf 85' lang='lat' dir='ltr'>vel</span> 
     </span>
    </p>
   </div>
   <div class='ocr_carea' id='block_1_6' title="bbox 374 858 2021 932">
    <p class='ocr_par' dir='ltr' id='par_1_6' title="bbox 374 858 2021 932">
     <span class='ocr_line' id='line_1_6' title="bbox 374 858 2021 932; baseline 0.002 -19"><span class='ocrx_word' id='word_1_39' title='bbox 374 858 775 915; x_wconf 86' lang='lat' dir='ltr'>imbecillitate</span> <span class='ocrx_word' id='word_1_40' title='bbox 789 862 1401 932; x_wconf 86' lang='lat' dir='ltr'>deterendus.Lignum</span> <span class='ocrx_word' id='word_1_41' title='bbox 1422 868 1614 917; x_wconf 89' lang='lat' dir='ltr'>autem</span> <span class='ocrx_word' id='word_1_42' title='bbox 1631 866 1872 917; x_wconf 71' lang='lat' dir='ltr'>scientiae</span> <span class='ocrx_word' id='word_1_43' title='bbox 1894 865 2021 917; x_wconf 89' lang='lat' dir='ltr'>boni</span> 
     </span>
    </p>
   </div>
   <div class='ocr_carea' id='block_1_7' title="bbox 372 948 2015 1022">
    <p class='ocr_par' dir='ltr' id='par_1_7' title="bbox 372 948 2015 1022">
     <span class='ocr_line' id='line_1_7' title="bbox 372 948 2015 1022; baseline 0.003 -20"><span class='ocrx_word' id='word_1_44' title='bbox 372 948 813 1003; x_wconf 84' lang='lat' dir='ltr'>etmalinullius</span> <span class='ocrx_word' id='word_1_45' title='bbox 827 950 1053 1004; x_wconf 90' lang='lat' dir='ltr'>arboris</span> <span class='ocrx_word' id='word_1_46' title='bbox 1080 955 1234 1006; x_wconf 89' lang='lat' dir='ltr'>certa</span> <span class='ocrx_word' id='word_1_47' title='bbox 1256 952 1475 1022; x_wconf 84' lang='lat' dir='ltr'>species</span> <span class='ocrx_word' id='word_1_48' title='bbox 1500 953 1786 1006; x_wconf 83' lang='lat' dir='ltr'>credenda</span> <span class='ocrx_word' id='word_1_49' title='bbox 1799 953 2015 1018; x_wconf 89' lang='lat' dir='ltr'>est,sed</span> 
     </span>
    </p>
   </div>
   <div class='ocr_carea' id='block_1_8' title="bbox 372 1035 2019 1111">
    <p class='ocr_par' dir='ltr' id='par_1_8' title="bbox 372 1035 2019 1111">
     <span class='ocr_line' id='line_1_8' title="bbox 372 1035 2019 1111; baseline 0.004 -21"><span class='ocrx_word' id='word_1_50' title='bbox 372 1035 427 1090; x_wconf 91' lang='lat' dir='ltr'>in</span> <span class='ocrx_word' id='word_1_51' title='bbox 478 1043 775 1108; x_wconf 90' lang='lat' dir='ltr'>posterum</span> <span class='ocrx_word' id='word_1_52' title='bbox 818 1045 1062 1093; x_wconf 85' lang='lat' dir='ltr'>ventura</span> <span class='ocrx_word' id='word_1_53' title='bbox 1107 1057 1315 1095; x_wconf 87' lang='lat' dir='ltr'>nomen</span> <span class='ocrx_word' id='word_1_54' title='bbox 1348 1042 1476 1111; x_wconf 84' lang='lat' dir='ltr'>ejus</span> <span class='ocrx_word' id='word_1_55' title='bbox 1507 1042 1759 1096; x_wconf 82' lang='lat' dir='ltr'>inditum</span> <span class='ocrx_word' id='word_1_56' title='bbox 1794 1043 1901 1096; x_wconf 89' lang='lat' dir='ltr'>fuit</span> <span class='ocrx_word' id='word_1_57' title='bbox 1952 1059 2019 1097; x_wconf 82' lang='lat' dir='ltr'>ex</span> 
     </span>
    </p>
   </div>
   <div class='ocr_carea' id='block_1_9' title="bbox 375 1125 2017 1203">
    <p class='ocr_par' dir='ltr' id='par_1_9' title="bbox 375 1125 2017 1203">
     <span class='ocr_line' id='line_1_9' title="bbox 375 1125 2017 1203; baseline 0.004 -24"><span class='ocrx_word' id='word_1_58' title='bbox 375 1125 667 1197; x_wconf 87' lang='lat' dir='ltr'>qualitase</span> <span class='ocrx_word' id='word_1_59' title='bbox 698 1126 919 1181; x_wconf 85' lang='lat' dir='ltr'>scilicet</span> <span class='ocrx_word' id='word_1_60' title='bbox 952 1128 1289 1183; x_wconf 68' lang='lat' dir='ltr'>obedientia:</span> <span class='ocrx_word' id='word_1_61' title='bbox 1320 1130 1404 1185; x_wconf 89' lang='lat' dir='ltr'>vel</span> <span class='ocrx_word' id='word_1_62' title='bbox 1440 1130 1865 1196; x_wconf 65' lang='lat' dir='ltr'>inobedientiaa,</span> <span class='ocrx_word' id='word_1_63' title='bbox 1891 1149 2017 1203; x_wconf 71' lang='lat' dir='ltr'>quae</span> 
     </span>
    </p>
   </div>
   <div class='ocr_carea' id='block_1_10' title="bbox 369 1214 2014 1285">
    <p class='ocr_par' dir='ltr' id='par_1_10' title="bbox 369 1214 2014 1285">
     <span class='ocr_line' id='line_1_10' title="bbox 369 1214 2014 1285; baseline 0.004 -17"><span class='ocrx_word' id='word_1_64' title='bbox 369 1214 659 1269; x_wconf 86' lang='lat' dir='ltr'>obedienti</span> <span class='ocrx_word' id='word_1_65' title='bbox 694 1215 934 1269; x_wconf 88' lang='lat' dir='ltr'>scientia</span> <span class='ocrx_word' id='word_1_66' title='bbox 952 1216 1085 1271; x_wconf 89' lang='lat' dir='ltr'>boni</span> <span class='ocrx_word' id='word_1_67' title='bbox 1109 1218 1381 1273; x_wconf 81' lang='lat' dir='ltr'>existeret</span> <span class='ocrx_word' id='word_1_68' title='bbox 1408 1235 1419 1273; x_wconf 94' lang='lat'>:</span> <span class='ocrx_word' id='word_1_69' title='bbox 1454 1220 1845 1274; x_wconf 86' lang='lat' dir='ltr'>inobedientia</span> <span class='ocrx_word' id='word_1_70' title='bbox 1862 1237 2014 1285; x_wconf 90' lang='lat' dir='ltr'>vero,</span> 
     </span>
    </p>
   </div>
   <div class='ocr_carea' id='block_1_11' title="bbox 373 1301 2019 1375">
    <p class='ocr_par' dir='ltr' id='par_1_11' title="bbox 373 1301 2019 1375">
     <span class='ocr_line' id='line_1_11' title="bbox 373 1301 2019 1375; baseline 0.004 -19"><span class='ocrx_word' id='word_1_71' title='bbox 373 1301 513 1357; x_wconf 89' lang='lat' dir='ltr'>mali</span> <span class='ocrx_word' id='word_1_72' title='bbox 546 1320 612 1357; x_wconf 91' lang='lat' dir='ltr'>ac</span> <span class='ocrx_word' id='word_1_73' title='bbox 644 1320 745 1373; x_wconf 90' lang='lat' dir='ltr'>per</span> <span class='ocrx_word' id='word_1_74' title='bbox 774 1304 881 1359; x_wconf 92' lang='lat' dir='ltr'>hoc</span> <span class='ocrx_word' id='word_1_75' title='bbox 913 1306 1127 1375; x_wconf 84' lang='lat' dir='ltr'>peccati</span> <span class='ocrx_word' id='word_1_76' title='bbox 1161 1323 1399 1361; x_wconf 82' lang='lat' dir='ltr'>nervum</span> <span class='ocrx_word' id='word_1_77' title='bbox 1438 1308 1751 1363; x_wconf 79' lang='lat' dir='ltr'>incurrenti</span> <span class='ocrx_word' id='word_1_78' title='bbox 1776 1308 2019 1363; x_wconf 89' lang='lat' dir='ltr'>scientia</span> 
     </span>
    </p>
   </div>
   <div class='ocr_carea' id='block_1_12' title="bbox 373 1390 2018 1468">
    <p class='ocr_par' dir='ltr' id='par_1_12' title="bbox 373 1390 2018 1468">
     <span class='ocr_line' id='line_1_12' title="bbox 373 1390 2018 1468; baseline 0.004 -24"><span class='ocrx_word' id='word_1_79' title='bbox 373 1390 509 1445; x_wconf 90' lang='lat' dir='ltr'>mali</span> <span class='ocrx_word' id='word_1_80' title='bbox 558 1392 739 1446; x_wconf 90' lang='lat' dir='ltr'>ﬁeret.</span> <span class='ocrx_word' id='word_1_81' title='bbox 774 1392 1114 1448; x_wconf 72' lang='lat' dir='ltr'>Obedientiri</span> <span class='ocrx_word' id='word_1_82' title='bbox 1147 1400 1344 1450; x_wconf 89' lang='lat' dir='ltr'>autem</span> <span class='ocrx_word' id='word_1_83' title='bbox 1395 1396 1520 1451; x_wconf 90' lang='lat' dir='ltr'>sola</span> <span class='ocrx_word' id='word_1_84' title='bbox 1552 1396 1733 1451; x_wconf 90' lang='lat' dir='ltr'>virlus</span> <span class='ocrx_word' id='word_1_85' title='bbox 1775 1400 1862 1452; x_wconf 90' lang='lat' dir='ltr'>est</span> <span class='ocrx_word' id='word_1_86' title='bbox 1892 1414 2018 1468; x_wconf 62' lang='lat' dir='ltr'>qua</span> 
     </span>
    </p>
   </div>
   <div class='ocr_carea' id='block_1_13' title="bbox 371 1478 2017 1551">
    <p class='ocr_par' dir='ltr' id='par_1_13' title="bbox 371 1478 2017 1551">
     <span class='ocr_line' id='line_1_13' title="bbox 371 1478 2017 1551; baseline 0.004 -18"><span class='ocrx_word' id='word_1_87' title='bbox 371 1478 673 1534; x_wconf 86' lang='lat' dir='ltr'>hominem</span> <span class='ocrx_word' id='word_1_88' title='bbox 724 1484 836 1535; x_wconf 90' lang='lat' dir='ltr'>Deo</span> <span class='ocrx_word' id='word_1_89' title='bbox 885 1482 1174 1547; x_wconf 85' lang='lat' dir='ltr'>conciliat,</span> <span class='ocrx_word' id='word_1_90' title='bbox 1211 1483 1363 1538; x_wconf 89' lang='lat' dir='ltr'>sicut</span> <span class='ocrx_word' id='word_1_91' title='bbox 1394 1502 1424 1539; x_wconf 93' lang='lat' dir='ltr'>e</span> <span class='ocrx_word' id='word_1_92' title='bbox 1473 1490 1674 1539; x_wconf 88' lang='lat' dir='ltr'>contra</span> <span class='ocrx_word' id='word_1_93' title='bbox 1716 1490 1928 1551; x_wconf 91' lang='lat' dir='ltr'>tumor,</span> <span class='ocrx_word' id='word_1_94' title='bbox 1962 1486 2017 1539; x_wconf 87' lang='lat' dir='ltr'>id</span> 
     </span>
    </p>
   </div>
   <div class='ocr_carea' id='block_1_14' title="bbox 371 1567 2018 1643">
    <p class='ocr_par' dir='ltr' id='par_1_14' title="bbox 371 1567 2018 1643">
     <span class='ocr_line' id='line_1_14' title="bbox 371 1567 2018 1643; baseline 0.004 -21"><span class='ocrx_word' id='word_1_95' title='bbox 371 1572 458 1623; x_wconf 90' lang='lat' dir='ltr'>est</span> <span class='ocrx_word' id='word_1_96' title='bbox 502 1567 917 1635; x_wconf 90' lang='lat' dir='ltr'>inobedientia,</span> <span class='ocrx_word' id='word_1_97' title='bbox 952 1570 1120 1643; x_wconf 89' lang='lat' dir='ltr'>longe</span> <span class='ocrx_word' id='word_1_98' title='bbox 1153 1589 1185 1627; x_wconf 90' lang='lat' dir='ltr'>a</span> <span class='ocrx_word' id='word_1_99' title='bbox 1236 1574 1350 1628; x_wconf 92' lang='lat' dir='ltr'>Deo</span> <span class='ocrx_word' id='word_1_100' title='bbox 1381 1579 1629 1643; x_wconf 87' lang='lat' dir='ltr'>separat.</span> <span class='ocrx_word' id='word_1_101' title='bbox 1664 1574 1809 1637; x_wconf 87' lang='lat' dir='ltr'>Quid</span> <span class='ocrx_word' id='word_1_102' title='bbox 1863 1575 2018 1628; x_wconf 86' lang='lat' dir='ltr'>enim</span> 
     </span>
    </p>
   </div>
   <div class='ocr_carea' id='block_1_15' title="bbox 373 1655 2019 1732">
    <p class='ocr_par' dir='ltr' id='par_1_15' title="bbox 373 1655 2019 1732">
     <span class='ocr_line' id='line_1_15' title="bbox 373 1655 2019 1732; baseline 0.004 -20"><span class='ocrx_word' id='word_1_103' title='bbox 373 1655 529 1712; x_wconf 89' lang='lat' dir='ltr'>aliud</span> <span class='ocrx_word' id='word_1_104' title='bbox 563 1662 650 1713; x_wconf 89' lang='lat' dir='ltr'>est</span> <span class='ocrx_word' id='word_1_105' title='bbox 693 1657 1092 1715; x_wconf 89' lang='lat' dir='ltr'>inobedientia</span> <span class='ocrx_word' id='word_1_106' title='bbox 1140 1678 1314 1732; x_wconf 89' lang='lat' dir='ltr'>quam</span> <span class='ocrx_word' id='word_1_107' title='bbox 1352 1662 1502 1718; x_wconf 88' lang='lat' dir='ltr'>nolle</span> <span class='ocrx_word' id='word_1_108' title='bbox 1534 1663 1704 1719; x_wconf 89' lang='lat' dir='ltr'>subdi</span> <span class='ocrx_word' id='word_1_109' title='bbox 1751 1664 1889 1729; x_wconf 92' lang='lat' dir='ltr'>Deo,</span> <span class='ocrx_word' id='word_1_110' title='bbox 1920 1664 2019 1718; x_wconf 89' lang='lat' dir='ltr'>sed</span> 
     </span>
    </p>
   </div>
   <div class='ocr_carea' id='block_1_16' title="bbox 372 1745 1194 1818">
    <p class='ocr_par' dir='ltr' id='par_1_16' title="bbox 372 1745 1194 1818">
     <span class='ocr_line' id='line_1_16' title="bbox 372 1745 1194 1818; baseline 0.006 -20"><span class='ocrx_word' id='word_1_111' title='bbox 372 1761 490 1799; x_wconf 72' lang='lat' dir='ltr'>sua:</span> <span class='ocrx_word' id='word_1_112' title='bbox 516 1745 660 1800; x_wconf 86' lang='lat' dir='ltr'>velle</span> <span class='ocrx_word' id='word_1_113' title='bbox 684 1763 813 1802; x_wconf 89' lang='lat' dir='ltr'>esse</span> <span class='ocrx_word' id='word_1_114' title='bbox 845 1747 1148 1818; x_wconf 83' lang='lat' dir='ltr'>potestatis</span> <span class='ocrx_word' id='word_1_115' title='bbox 1167 1749 1194 1803; x_wconf 76' lang='lat' dir='ltr'>‘I</span> 
     </span>
    </p>
   </div>
   <div class='ocr_carea' id='block_1_17' title="bbox 442 1833 2022 1910">
    <p class='ocr_par' dir='ltr' id='par_1_17' title="bbox 442 1833 2022 1910">
     <span class='ocr_line' id='line_1_17' title="bbox 442 1833 2022 1910; baseline 0.003 -23"><span class='ocrx_word' id='word_1_116' title='bbox 442 1833 605 1889; x_wconf 89' lang='lat' dir='ltr'>Vers.</span> <span class='ocrx_word' id='word_1_117' title='bbox 644 1836 727 1889; x_wconf 91' lang='grc'>10.</span> <span class='ocrx_word' id='word_1_118' title='bbox 764 1838 822 1889; x_wconf 86' lang='lat' dir='ltr'>Et</span> <span class='ocrx_word' id='word_1_119' title='bbox 852 1837 1054 1906; x_wconf 81' lang='lat' dir='ltr'>ﬂuvius</span> <span class='ocrx_word' id='word_1_120' title='bbox 1084 1837 1479 1908; x_wconf 75' lang='lat' dir='ltr'>egrediebatur,</span> <span class='ocrx_word' id='word_1_121' title='bbox 1512 1842 1609 1910; x_wconf 88' lang='lat' dir='ltr'>qui</span> <span class='ocrx_word' id='word_1_122' title='bbox 1658 1840 1932 1895; x_wconf 83' lang='lat' dir='ltr'>dividitur</span> <span class='ocrx_word' id='word_1_123' title='bbox 1962 1840 2022 1893; x_wconf 85' lang='lat' dir='ltr'>in</span> 
     </span>
    </p>
   </div>
   <div class='ocr_carea' id='block_1_18' title="bbox 372 1926 2019 1999">
    <p class='ocr_par' dir='ltr' id='par_1_18' title="bbox 372 1926 2019 1999">
     <span class='ocr_line' id='line_1_18' title="bbox 372 1926 2019 1999; baseline 0.004 -23"><span class='ocrx_word' id='word_1_124' title='bbox 372 1929 612 1993; x_wconf 85' lang='lat' dir='ltr'>quatuor</span> <span class='ocrx_word' id='word_1_125' title='bbox 656 1927 855 1995; x_wconf 89' lang='lat' dir='ltr'>capita.</span> <span class='ocrx_word' id='word_1_126' title='bbox 890 1926 1093 1981; x_wconf 82' lang='lat' dir='ltr'>Nomen</span> <span class='ocrx_word' id='word_1_127' title='bbox 1126 1930 1227 1981; x_wconf 88' lang='lat' dir='ltr'>uni</span> <span class='ocrx_word' id='word_1_128' title='bbox 1276 1928 1503 1982; x_wconf 85' lang='lat' dir='ltr'>Phison.</span> <span class='ocrx_word' id='word_1_129' title='bbox 1539 1929 1645 1993; x_wconf 88' lang='lat' dir='ltr'>Qui</span> <span class='ocrx_word' id='word_1_130' title='bbox 1680 1929 2019 1999; x_wconf 87' lang='lat' dir='ltr'>interpreta-</span> 
     </span>
    </p>
   </div>
   <div class='ocr_carea' id='block_1_19' title="bbox 372 2014 2017 2088">
    <p class='ocr_par' dir='ltr' id='par_1_19' title="bbox 372 2014 2017 2088">
     <span class='ocr_line' id='line_1_19' title="bbox 372 2014 2017 2088; baseline 0.005 -24"><span class='ocrx_word' id='word_1_131' title='bbox 372 2015 468 2065; x_wconf 88' lang='lat' dir='ltr'>tur</span> <span class='ocrx_word' id='word_1_132' title='bbox 497 2014 607 2066; x_wconf 89' lang='lat' dir='ltr'>oris</span> <span class='ocrx_word' id='word_1_133' title='bbox 646 2016 903 2079; x_wconf 83' lang='lat' dir='ltr'>mutatio,</span> <span class='ocrx_word' id='word_1_134' title='bbox 938 2015 1037 2085; x_wconf 90' lang='lat' dir='ltr'>qui</span> <span class='ocrx_word' id='word_1_135' title='bbox 1086 2016 1282 2071; x_wconf 83' lang='lat' dir='ltr'>exiens</span> <span class='ocrx_word' id='word_1_136' title='bbox 1313 2018 1383 2071; x_wconf 90' lang='lat' dir='ltr'>de</span> <span class='ocrx_word' id='word_1_137' title='bbox 1415 2018 1685 2088; x_wconf 88' lang='lat' dir='ltr'>paradiso</span> <span class='ocrx_word' id='word_1_138' title='bbox 1716 2023 1772 2073; x_wconf 91' lang='lat' dir='ltr'>et</span> <span class='ocrx_word' id='word_1_139' title='bbox 1824 2019 1880 2071; x_wconf 90' lang='lat' dir='ltr'>in</span> <span class='ocrx_word' id='word_1_140' title='bbox 1916 2036 2017 2072; x_wconf 91' lang='lat' dir='ltr'>no-</span> 
     </span>
    </p>
   </div>
   <div class='ocr_carea' id='block_1_20' title="bbox 374 2102 2018 2175">
    <p class='ocr_par' dir='ltr' id='par_1_20' title="bbox 374 2102 2018 2175">
     <span class='ocr_line' id='line_1_20' title="bbox 374 2102 2018 2175; baseline 0.004 -22"><span class='ocrx_word' id='word_1_141' title='bbox 374 2104 560 2154; x_wconf 90' lang='lat' dir='ltr'>strum</span> <span class='ocrx_word' id='word_1_142' title='bbox 594 2102 792 2157; x_wconf 91' lang='lat' dir='ltr'>orbem</span> <span class='ocrx_word' id='word_1_143' title='bbox 818 2103 1154 2159; x_wconf 86' lang='lat' dir='ltr'>discurrens</span> <span class='ocrx_word' id='word_1_144' title='bbox 1177 2104 1670 2175; x_wconf 91' lang='lat' dir='ltr'>pulchritudinem</span> <span class='ocrx_word' id='word_1_145' title='bbox 1690 2112 1745 2161; x_wconf 91' lang='lat' dir='ltr'>et</span> <span class='ocrx_word' id='word_1_146' title='bbox 1775 2106 2018 2161; x_wconf 81' lang='lat' dir='ltr'>amceni-</span> 
     </span>
    </p>
   </div>
   <div class='ocr_carea' id='block_1_21' title="bbox 374 2190 2023 2267">
    <p class='ocr_par' dir='ltr' id='par_1_21' title="bbox 374 2190 2023 2267">
     <span class='ocr_line' id='line_1_21' title="bbox 374 2190 2023 2267; baseline 0.005 -26"><span class='ocrx_word' id='word_1_147' title='bbox 374 2190 552 2243; x_wconf 85' lang='lat' dir='ltr'>tatem</span> <span class='ocrx_word' id='word_1_148' title='bbox 586 2206 706 2244; x_wconf 68' lang='lat' dir='ltr'>suae</span> <span class='ocrx_word' id='word_1_149' title='bbox 738 2196 926 2246; x_wconf 85' lang='lat' dir='ltr'>mutat</span> <span class='ocrx_word' id='word_1_150' title='bbox 946 2193 1181 2262; x_wconf 88' lang='lat' dir='ltr'>speciei.</span> <span class='ocrx_word' id='word_1_151' title='bbox 1210 2195 1338 2264; x_wconf 89' lang='lat' dir='ltr'>Ipse</span> <span class='ocrx_word' id='word_1_152' title='bbox 1360 2198 1449 2249; x_wconf 91' lang='lat' dir='ltr'>est</span> <span class='ocrx_word' id='word_1_153' title='bbox 1472 2195 1625 2249; x_wconf 91' lang='lat' dir='ltr'>enim</span> <span class='ocrx_word' id='word_1_154' title='bbox 1651 2195 1899 2267; x_wconf 85' lang='lat' dir='ltr'>Ganges.</span> <span class='ocrx_word' id='word_1_155' title='bbox 1917 2197 2023 2263; x_wconf 81' lang='lat' dir='ltr'>Qui</span> 
     </span>
    </p>
   </div>
   <div class='ocr_carea' id='block_1_22' title="bbox 372 2278 2019 2349">
    <p class='ocr_par' dir='ltr' id='par_1_22' title="bbox 372 2278 2019 2349">
     <span class='ocr_line' id='line_1_22' title="bbox 372 2278 2019 2349; baseline 0.004 -18"><span class='ocrx_word' id='word_1_156' title='bbox 372 2278 573 2333; x_wconf 75' lang='lat' dir='ltr'>circuit</span> <span class='ocrx_word' id='word_1_157' title='bbox 602 2294 819 2332; x_wconf 85' lang='lat' dir='ltr'>omnem</span> <span class='ocrx_word' id='word_1_158' title='bbox 841 2283 1050 2334; x_wconf 89' lang='lat' dir='ltr'>terram</span> <span class='ocrx_word' id='word_1_159' title='bbox 1082 2282 1321 2336; x_wconf 84' lang='lat' dir='ltr'>Evilath.</span> <span class='ocrx_word' id='word_1_160' title='bbox 1349 2283 1408 2335; x_wconf 89' lang='lat' dir='ltr'>Id</span> <span class='ocrx_word' id='word_1_161' title='bbox 1444 2287 1550 2349; x_wconf 86' lang='lat' dir='ltr'>est,</span> <span class='ocrx_word' id='word_1_162' title='bbox 1576 2283 1750 2337; x_wconf 71' lang='lat' dir='ltr'>Indiae</span> <span class='ocrx_word' id='word_1_163' title='bbox 1781 2284 2019 2338; x_wconf 90' lang='lat' dir='ltr'>trahens</span> 
     </span>
    </p>
   </div>
   <div class='ocr_carea' id='block_1_23' title="bbox 375 2370 2022 2441">
    <p class='ocr_par' dir='ltr' id='par_1_23' title="bbox 375 2370 2022 2441">
     <span class='ocr_line' id='line_1_23' title="bbox 375 2370 2022 2441; baseline 0.003 -22"><span class='ocrx_word' id='word_1_164' title='bbox 375 2382 585 2420; x_wconf 89' lang='lat' dir='ltr'>aureas</span> <span class='ocrx_word' id='word_1_165' title='bbox 617 2382 844 2421; x_wconf 84' lang='lat' dir='ltr'>arenas.</span> <span class='ocrx_word' id='word_1_166' title='bbox 873 2370 1091 2422; x_wconf 79' lang='lat' dir='ltr'>Evilath</span> <span class='ocrx_word' id='word_1_167' title='bbox 1124 2386 1257 2439; x_wconf 87' lang='lat' dir='ltr'>pars</span> <span class='ocrx_word' id='word_1_168' title='bbox 1287 2374 1372 2423; x_wconf 90' lang='lat' dir='ltr'>est</span> <span class='ocrx_word' id='word_1_169' title='bbox 1402 2370 1602 2441; x_wconf 63' lang='lat' dir='ltr'>Indiae,</span> <span class='ocrx_word' id='word_1_170' title='bbox 1627 2371 1780 2426; x_wconf 89' lang='lat' dir='ltr'>dicta</span> <span class='ocrx_word' id='word_1_171' title='bbox 1810 2373 1879 2426; x_wconf 89' lang='lat' dir='ltr'>ab</span> <span class='ocrx_word' id='word_1_172' title='bbox 1905 2372 2022 2425; x_wconf 89' lang='lat' dir='ltr'>Evi-</span> 
     </span>
    </p>
   </div>
   <div class='ocr_carea' id='block_1_24' title="bbox 375 2451 2018 2527">
    <p class='ocr_par' dir='ltr' id='par_1_24' title="bbox 375 2451 2018 2527">
     <span class='ocr_line' id='line_1_24' title="bbox 375 2451 2018 2527; baseline 0.005 -22"><span class='ocrx_word' id='word_1_173' title='bbox 375 2451 472 2506; x_wconf 89' lang='lat' dir='ltr'>lah</span> <span class='ocrx_word' id='word_1_174' title='bbox 506 2452 625 2507; x_wconf 87' lang='lat' dir='ltr'>ﬁlio</span> <span class='ocrx_word' id='word_1_175' title='bbox 651 2454 853 2509; x_wconf 86' lang='lat' dir='ltr'>Jectan</span> <span class='ocrx_word' id='word_1_176' title='bbox 881 2454 982 2509; x_wconf 91' lang='lat' dir='ltr'>ﬁlii</span> <span class='ocrx_word' id='word_1_177' title='bbox 1014 2457 1271 2521; x_wconf 84' lang='lat' dir='ltr'>Heber,a</span> <span class='ocrx_word' id='word_1_178' title='bbox 1303 2474 1417 2527; x_wconf 90' lang='lat' dir='ltr'>quo</span> <span class='ocrx_word' id='word_1_179' title='bbox 1445 2459 1666 2513; x_wconf 66' lang='lat' dir='ltr'>Hebraei</span> <span class='ocrx_word' id='word_1_180' title='bbox 1689 2459 1827 2513; x_wconf 90' lang='lat' dir='ltr'>dicti</span> <span class='ocrx_word' id='word_1_181' title='bbox 1862 2462 2018 2514; x_wconf 89' lang='lat' dir='ltr'>sunt.</span> 
     </span>
    </p>
   </div>
   <div class='ocr_carea' id='block_1_25' title="bbox 374 2541 2021 2603">
    <p class='ocr_par' dir='ltr' id='par_1_25' title="bbox 374 2541 2021 2603">
     <span class='ocr_line' id='line_1_25' title="bbox 374 2541 2021 2603; baseline 0.004 -8"><span class='ocrx_word' id='word_1_182' title='bbox 374 2541 601 2596; x_wconf 81' lang='lat' dir='ltr'>Habent</span> <span class='ocrx_word' id='word_1_183' title='bbox 630 2546 825 2597; x_wconf 90' lang='lat' dir='ltr'>autem</span> <span class='ocrx_word' id='word_1_184' title='bbox 851 2544 968 2597; x_wconf 70' lang='lat' dir='ltr'>bazc</span> <span class='ocrx_word' id='word_1_185' title='bbox 1002 2544 1244 2599; x_wconf 90' lang='lat' dir='ltr'>ﬁumina</span> <span class='ocrx_word' id='word_1_186' title='bbox 1266 2551 1451 2601; x_wconf 90' lang='lat' dir='ltr'>certos</span> <span class='ocrx_word' id='word_1_187' title='bbox 1473 2552 1653 2601; x_wconf 91' lang='lat' dir='ltr'>ortus.</span> <span class='ocrx_word' id='word_1_188' title='bbox 1686 2547 1901 2603; x_wconf 88' lang='lat' dir='ltr'>Phison</span> <span class='ocrx_word' id='word_1_189' title='bbox 1926 2564 2021 2602; x_wconf 90' lang='lat' dir='ltr'>au-</span> 
     </span>
    </p>
   </div>
   <div class='ocr_carea' id='block_1_26' title="bbox 373 2629 2017 2705">
    <p class='ocr_par' dir='ltr' id='par_1_26' title="bbox 373 2629 2017 2705">
     <span class='ocr_line' id='line_1_26' title="bbox 373 2629 2017 2705; baseline 0.004 -21"><span class='ocrx_word' id='word_1_190' title='bbox 373 2632 490 2685; x_wconf 85' lang='lat' dir='ltr'>tem</span> <span class='ocrx_word' id='word_1_191' title='bbox 522 2629 582 2684; x_wconf 89' lang='lat' dir='ltr'>in</span> <span class='ocrx_word' id='word_1_192' title='bbox 615 2630 872 2686; x_wconf 84' lang='lat' dir='ltr'>Caucaso</span> <span class='ocrx_word' id='word_1_193' title='bbox 897 2637 1090 2687; x_wconf 91' lang='lat' dir='ltr'>monte</span> <span class='ocrx_word' id='word_1_194' title='bbox 1120 2633 1341 2687; x_wconf 90' lang='lat' dir='ltr'>oritur:</span> <span class='ocrx_word' id='word_1_195' title='bbox 1376 2634 1515 2689; x_wconf 85' lang='lat' dir='ltr'>Geon</span> <span class='ocrx_word' id='word_1_196' title='bbox 1540 2637 1710 2705; x_wconf 87' lang='lat' dir='ltr'>juxta</span> <span class='ocrx_word' id='word_1_197' title='bbox 1728 2635 2017 2692; x_wconf 87' lang='lat' dir='ltr'>Atlantem</span> 
     </span>
    </p>
   </div>
   <div class='ocr_carea' id='block_1_27' title="bbox 373 2718 1828 2793">
    <p class='ocr_par' dir='ltr' id='par_1_27' title="bbox 373 2718 1828 2793">
     <span class='ocr_line' id='line_1_27' title="bbox 373 2718 1828 2793; baseline 0.004 -20"><span class='ocrx_word' id='word_1_198' title='bbox 373 2718 730 2774; x_wconf 61' lang='lat' dir='ltr'>Mauritaniae</span> <span class='ocrx_word' id='word_1_199' title='bbox 765 2737 778 2774; x_wconf 93' lang='lat'><strong>:</strong></span> <span class='ocrx_word' id='word_1_200' title='bbox 812 2720 1020 2792; x_wconf 86' lang='lat' dir='ltr'>Tygris</span> <span class='ocrx_word' id='word_1_201' title='bbox 1052 2725 1107 2775; x_wconf 91' lang='lat' dir='ltr'>et</span> <span class='ocrx_word' id='word_1_202' title='bbox 1134 2721 1416 2793; x_wconf 87' lang='lat' dir='ltr'>Ephrates</span> <span class='ocrx_word' id='word_1_203' title='bbox 1446 2723 1503 2777; x_wconf 91' lang='lat' dir='ltr'>in</span> <span class='ocrx_word' id='word_1_204' title='bbox 1536 2724 1828 2779; x_wconf 80' lang='lat' dir='ltr'>Armenia.</span> 
     </span>
    </p>
   </div>
   <div class='ocr_carea' id='block_1_28' title="bbox 443 2808 2017 2879">
    <p class='ocr_par' dir='ltr' id='par_1_28' title="bbox 443 2808 2017 2879">
     <span class='ocr_line' id='line_1_28' title="bbox 443 2808 2017 2879; baseline 0.006 -20"><span class='ocrx_word' id='word_1_205' title='bbox 443 2808 603 2863; x_wconf 88' lang='lat' dir='ltr'>Vers.</span> <span class='ocrx_word' id='word_1_206' title='bbox 632 2811 717 2862; x_wconf 84' lang='lat'>12.</span> <span class='ocrx_word' id='word_1_207' title='bbox 741 2810 926 2879; x_wconf 79' lang='lat' dir='ltr'>Ibique</span> <span class='ocrx_word' id='word_1_208' title='bbox 950 2812 1235 2865; x_wconf 77' lang='lat' dir='ltr'>invenitur</span> <span class='ocrx_word' id='word_1_209' title='bbox 1251 2812 1533 2867; x_wconf 81' lang='lat' dir='ltr'>bdellium.</span> <span class='ocrx_word' id='word_1_210' title='bbox 1571 2812 1839 2868; x_wconf 88' lang='lat' dir='ltr'>Bdellium</span> <span class='ocrx_word' id='word_1_211' title='bbox 1862 2814 2017 2869; x_wconf 91' lang='lat' dir='ltr'>enim</span> 
     </span>
    </p>
   </div>
   <div class='ocr_carea' id='block_1_29' title="bbox 377 2896 2017 2971">
    <p class='ocr_par' dir='ltr' id='par_1_29' title="bbox 377 2896 2017 2971">
     <span class='ocr_line' id='line_1_29' title="bbox 377 2896 2017 2971; baseline 0.005 -20"><span class='ocrx_word' id='word_1_212' title='bbox 377 2896 549 2952; x_wconf 88' lang='lat' dir='ltr'>arbor</span> <span class='ocrx_word' id='word_1_213' title='bbox 576 2902 665 2952; x_wconf 87' lang='lat' dir='ltr'>est</span> <span class='ocrx_word' id='word_1_214' title='bbox 694 2898 1011 2953; x_wconf 89' lang='lat' dir='ltr'>aromatica</span> <span class='ocrx_word' id='word_1_215' title='bbox 1035 2900 1437 2971; x_wconf 88' lang='lat' dir='ltr'>magnitudine</span> <span class='ocrx_word' id='word_1_216' title='bbox 1469 2902 1649 2967; x_wconf 69' lang='lat' dir='ltr'>olivae,</span> <span class='ocrx_word' id='word_1_217' title='bbox 1686 2902 1819 2957; x_wconf 91' lang='lat' dir='ltr'>folio</span> <span class='ocrx_word' id='word_1_218' title='bbox 1852 2905 2017 2959; x_wconf 86' lang='lat' dir='ltr'>robo-</span> 
     </span>
    </p>
   </div>
   <div class='ocr_carea' id='block_1_30' title="bbox 377 2984 2020 3063">
    <p class='ocr_par' dir='ltr' id='par_1_30' title="bbox 377 2984 2020 3063">
     <span class='ocr_line' id='line_1_30' title="bbox 377 2984 2020 3063; baseline 0.005 -24"><span class='ocrx_word' id='word_1_219' title='bbox 377 2984 477 3051; x_wconf 88' lang='lat' dir='ltr'>ris,</span> <span class='ocrx_word' id='word_1_220' title='bbox 521 2986 697 3040; x_wconf 85' lang='lat' dir='ltr'>odore</span> <span class='ocrx_word' id='word_1_221' title='bbox 747 2988 1024 3058; x_wconf 83' lang='lat' dir='ltr'>capriﬁci,</span> <span class='ocrx_word' id='word_1_222' title='bbox 1060 2990 1187 3059; x_wconf 83' lang='lat' dir='ltr'>ejus</span> <span class='ocrx_word' id='word_1_223' title='bbox 1235 2988 1491 3061; x_wconf 85' lang='lat' dir='ltr'>lacryma</span> <span class='ocrx_word' id='word_1_224' title='bbox 1538 2990 1622 3046; x_wconf 90' lang='lat' dir='ltr'>vel</span> <span class='ocrx_word' id='word_1_225' title='bbox 1674 2993 1899 3063; x_wconf 80' lang='lat' dir='ltr'>gummi</span> <span class='ocrx_word' id='word_1_226' title='bbox 1930 2998 2020 3048; x_wconf 85' lang='lat' dir='ltr'>est</span> 
     </span>
    </p>
   </div>
   <div class='ocr_carea' id='block_1_31' title="bbox 378 3072 2015 3136">
    <p class='ocr_par' dir='ltr' id='par_1_31' title="bbox 378 3072 2015 3136">
     <span class='ocr_line' id='line_1_31' title="bbox 378 3072 2015 3136; baseline 0.005 -9"><span class='ocrx_word' id='word_1_227' title='bbox 378 3072 574 3129; x_wconf 85' lang='lat' dir='ltr'>lucida</span> <span class='ocrx_word' id='word_1_228' title='bbox 594 3080 651 3129; x_wconf 90' lang='lat' dir='ltr'>et</span> <span class='ocrx_word' id='word_1_229' title='bbox 671 3075 917 3130; x_wconf 87' lang='lat' dir='ltr'>subalba</span> <span class='ocrx_word' id='word_1_230' title='bbox 938 3076 1116 3131; x_wconf 82' lang='lat' dir='ltr'>veluti</span> <span class='ocrx_word' id='word_1_231' title='bbox 1138 3093 1294 3132; x_wconf 90' lang='lat' dir='ltr'>man.</span> <span class='ocrx_word' id='word_1_232' title='bbox 1313 3078 1472 3133; x_wconf 91' lang='lat' dir='ltr'>Unde</span> <span class='ocrx_word' id='word_1_233' title='bbox 1496 3080 1553 3134; x_wconf 90' lang='lat' dir='ltr'>in</span> <span class='ocrx_word' id='word_1_234' title='bbox 1572 3081 1759 3135; x_wconf 83' lang='lat' dir='ltr'>Exodo</span> <span class='ocrx_word' id='word_1_235' title='bbox 1781 3080 2015 3136; x_wconf 89' lang='lat' dir='ltr'>dicitur:</span> 
     </span>
    </p>
   </div>
   <div class='ocr_carea' id='block_1_32' title="bbox 374 3163 2019 3237">
    <p class='ocr_par' dir='ltr' id='par_1_32' title="bbox 374 3163 2019 3237">
     <span class='ocr_line' id='line_1_32' title="bbox 374 3163 2019 3237; baseline 0.005 -21"><span class='ocrx_word' id='word_1_236' title='bbox 374 3163 504 3217; x_wconf 83' lang='lat' dir='ltr'>Erat</span> <span class='ocrx_word' id='word_1_237' title='bbox 529 3168 714 3219; x_wconf 87' lang='lat' dir='ltr'>autem</span> <span class='ocrx_word' id='word_1_238' title='bbox 743 3182 875 3220; x_wconf 90' lang='lat' dir='ltr'>man</span> <span class='ocrx_word' id='word_1_239' title='bbox 904 3168 1062 3236; x_wconf 89' lang='lat' dir='ltr'>quasi</span> <span class='ocrx_word' id='word_1_240' title='bbox 1089 3181 1266 3221; x_wconf 86' lang='lat' dir='ltr'>semen</span> <span class='ocrx_word' id='word_1_241' title='bbox 1298 3168 1579 3222; x_wconf 87' lang='lat' dir='ltr'>coriandri</span> <span class='ocrx_word' id='word_1_242' title='bbox 1606 3168 1747 3237; x_wconf 88' lang='lat' dir='ltr'>albi,</span> <span class='ocrx_word' id='word_1_243' title='bbox 1788 3172 2019 3225; x_wconf 89' lang='lat' dir='ltr'>colorem</span> 
     </span>
    </p>
   </div>
   <div class='ocr_carea' id='block_1_33' title="bbox 2128 596 3766 668">
    <p class='ocr_par' dir='ltr' id='par_1_33' title="bbox 2128 596 3766 668">
     <span class='ocr_line' id='line_1_33' title="bbox 2128 596 3766 668; baseline 0 -17"><span class='ocrx_word' id='word_1_244' title='bbox 2128 597 2489 651; x_wconf 85' lang='lat' dir='ltr'>Menstruata</span> <span class='ocrx_word' id='word_1_245' title='bbox 2519 601 2754 668; x_wconf 73' lang='lat' dir='ltr'>estquae</span> <span class='ocrx_word' id='word_1_246' title='bbox 2776 596 3019 651; x_wconf 88' lang='lat' dir='ltr'>alienam</span> <span class='ocrx_word' id='word_1_247' title='bbox 3045 611 3277 650; x_wconf 89' lang='lat' dir='ltr'>carnem</span> <span class='ocrx_word' id='word_1_248' title='bbox 3303 612 3415 649; x_wconf 88' lang='lat' dir='ltr'>non</span> <span class='ocrx_word' id='word_1_249' title='bbox 3438 596 3645 667; x_wconf 87' lang='lat' dir='ltr'>tangit,</span> <span class='ocrx_word' id='word_1_250' title='bbox 3666 597 3766 651; x_wconf 91' lang='lat' dir='ltr'>sed</span> 
     </span>
    </p>
   </div>
   <div class='ocr_carea' id='block_1_34' title="bbox 2128 684 3767 758">
    <p class='ocr_par' dir='ltr' id='par_1_34' title="bbox 2128 684 3767 758">
     <span class='ocr_line' id='line_1_34' title="bbox 2128 684 3767 758; baseline -0.001 -18"><span class='ocrx_word' id='word_1_251' title='bbox 2128 686 2360 758; x_wconf 89' lang='lat' dir='ltr'>propria</span> <span class='ocrx_word' id='word_1_252' title='bbox 2418 687 2686 742; x_wconf 76' lang='lat' dir='ltr'>fcrdatur.</span> <span class='ocrx_word' id='word_1_253' title='bbox 2739 686 3037 757; x_wconf 85' lang='lat' dir='ltr'>Signiﬁcat</span> <span class='ocrx_word' id='word_1_254' title='bbox 3084 684 3463 755; x_wconf 83' lang='lat' dir='ltr'>peccatricem</span> <span class='ocrx_word' id='word_1_255' title='bbox 3510 684 3767 739; x_wconf 89' lang='lat' dir='ltr'>animam</span> 
     </span>
    </p>
   </div>
   <div class='ocr_carea' id='block_1_35' title="bbox 2128 772 3765 847">
    <p class='ocr_par' dir='ltr' id='par_1_35' title="bbox 2128 772 3765 847">
     <span class='ocr_line' id='line_1_35' title="bbox 2128 772 3765 847; baseline -0.001 -18"><span class='ocrx_word' id='word_1_256' title='bbox 2128 792 2255 846; x_wconf 68' lang='lat' dir='ltr'>quae</span> <span class='ocrx_word' id='word_1_257' title='bbox 2288 774 2507 829; x_wconf 87' lang='lat' dir='ltr'>malum</span> <span class='ocrx_word' id='word_1_258' title='bbox 2533 776 2679 842; x_wconf 82' lang='lat' dir='ltr'>quod</span> <span class='ocrx_word' id='word_1_259' title='bbox 2707 776 2921 847; x_wconf 83' lang='lat' dir='ltr'>cogitat</span> <span class='ocrx_word' id='word_1_260' title='bbox 2940 790 3307 845; x_wconf 82' lang='lat' dir='ltr'>nequaquam</span> <span class='ocrx_word' id='word_1_261' title='bbox 3332 774 3537 827; x_wconf 71' lang='lat' dir='ltr'>effectu</span> <span class='ocrx_word' id='word_1_262' title='bbox 3559 772 3765 844; x_wconf 83' lang='lat' dir='ltr'>explet.</span> 
     </span>
    </p>
   </div>
   <div class='ocr_carea' id='block_1_36' title="bbox 2129 862 3765 933">
    <p class='ocr_par' dir='ltr' id='par_1_36' title="bbox 2129 862 3765 933">
     <span class='ocr_line' id='line_1_36' title="bbox 2129 862 3765 933; baseline -0.002 -14"><span class='ocrx_word' id='word_1_263' title='bbox 2129 863 2288 919; x_wconf 90' lang='lat' dir='ltr'>Unde</span> <span class='ocrx_word' id='word_1_264' title='bbox 2320 881 2431 917; x_wconf 86' lang='lat' dir='ltr'>non</span> <span class='ocrx_word' id='word_1_265' title='bbox 2467 863 2827 918; x_wconf 75' lang='lat' dir='ltr'>extrinsecus</span> <span class='ocrx_word' id='word_1_266' title='bbox 2859 863 3023 933; x_wconf 89' lang='lat' dir='ltr'>quasi</span> <span class='ocrx_word' id='word_1_267' title='bbox 3059 862 3247 916; x_wconf 88' lang='lat' dir='ltr'>aliena</span> <span class='ocrx_word' id='word_1_268' title='bbox 3294 877 3466 917; x_wconf 87' lang='lat' dir='ltr'>carne</span> <span class='ocrx_word' id='word_1_269' title='bbox 3496 862 3765 931; x_wconf 77' lang='lat' dir='ltr'>fmdatur,</span> 
     </span>
    </p>
   </div>
   <div class='ocr_carea' id='block_1_37' title="bbox 2128 950 3767 1022">
    <p class='ocr_par' dir='ltr' id='par_1_37' title="bbox 2128 950 3767 1022">
     <span class='ocr_line' id='line_1_37' title="bbox 2128 950 3767 1022; baseline -0.001 -16"><span class='ocrx_word' id='word_1_270' title='bbox 2128 953 2226 1006; x_wconf 89' lang='lat' dir='ltr'>sed</span> <span class='ocrx_word' id='word_1_271' title='bbox 2261 951 2612 1007; x_wconf 83' lang='lat' dir='ltr'>intrinsecus</span> <span class='ocrx_word' id='word_1_272' title='bbox 2630 952 2781 1006; x_wconf 88' lang='lat' dir='ltr'>velut</span> <span class='ocrx_word' id='word_1_273' title='bbox 2800 952 3029 1022; x_wconf 89' lang='lat' dir='ltr'>propria</span> <span class='ocrx_word' id='word_1_274' title='bbox 3061 968 3232 1005; x_wconf 89' lang='lat' dir='ltr'>carne</span> <span class='ocrx_word' id='word_1_275' title='bbox 3255 951 3380 1005; x_wconf 89' lang='lat' dir='ltr'>suis</span> <span class='ocrx_word' id='word_1_276' title='bbox 3402 950 3767 1021; x_wconf 89' lang='lat' dir='ltr'>cogitationi-</span> 
     </span>
    </p>
   </div>
   <div class='ocr_carea' id='block_1_38' title="bbox 2128 1039 3772 1112">
    <p class='ocr_par' dir='ltr' id='par_1_38' title="bbox 2128 1039 3772 1112">
     <span class='ocr_line' id='line_1_38' title="bbox 2128 1039 3772 1112; baseline -0.001 -17"><span class='ocrx_word' id='word_1_277' title='bbox 2128 1042 2237 1095; x_wconf 88' lang='lat' dir='ltr'>bus</span> <span class='ocrx_word' id='word_1_278' title='bbox 2262 1041 2624 1111; x_wconf 84' lang='lat' dir='ltr'>inquinatur.</span> <span class='ocrx_word' id='word_1_279' title='bbox 2647 1042 2689 1094; x_wconf 89' lang='lat' dir='ltr'><strong>A</strong></span> <span class='ocrx_word' id='word_1_280' title='bbox 2714 1058 2827 1112; x_wconf 91' lang='lat' dir='ltr'>quo</span> <span class='ocrx_word' id='word_1_281' title='bbox 2851 1058 2966 1095; x_wconf 90' lang='lat' dir='ltr'>uno</span> <span class='ocrx_word' id='word_1_282' title='bbox 2988 1046 3045 1095; x_wconf 88' lang='lat' dir='ltr'>et</span> <span class='ocrx_word' id='word_1_283' title='bbox 3066 1039 3347 1111; x_wconf 82' lang='lat' dir='ltr'>singulari</span> <span class='ocrx_word' id='word_1_284' title='bbox 3368 1039 3523 1093; x_wconf 88' lang='lat' dir='ltr'>fonte</span> <span class='ocrx_word' id='word_1_285' title='bbox 3540 1044 3772 1109; x_wconf 86' lang='lat' dir='ltr'>quatuor</span> 
     </span>
    </p>
   </div>
   <div class='ocr_carea' id='block_1_39' title="bbox 2127 1127 3773 1199">
    <p class='ocr_par' dir='ltr' id='par_1_39' title="bbox 2127 1127 3773 1199">
     <span class='ocr_line' id='line_1_39' title="bbox 2127 1127 3773 1199; baseline 0 -16"><span class='ocrx_word' id='word_1_286' title='bbox 2127 1132 2369 1199; x_wconf 85' lang='lat' dir='ltr'>ﬂumina</span> <span class='ocrx_word' id='word_1_287' title='bbox 2400 1134 2729 1198; x_wconf 82' lang='lat' dir='ltr'>emergunt,</span> <span class='ocrx_word' id='word_1_288' title='bbox 2755 1130 2810 1183; x_wconf 89' lang='lat' dir='ltr'>id</span> <span class='ocrx_word' id='word_1_289' title='bbox 2845 1133 2955 1198; x_wconf 90' lang='lat' dir='ltr'>est,</span> <span class='ocrx_word' id='word_1_290' title='bbox 2978 1130 3049 1183; x_wconf 88' lang='lat' dir='ltr'>ab</span> <span class='ocrx_word' id='word_1_291' title='bbox 3082 1128 3207 1199; x_wconf 87' lang='lat' dir='ltr'>ipso</span> <span class='ocrx_word' id='word_1_292' title='bbox 3232 1127 3489 1199; x_wconf 81' lang='lat' dir='ltr'>procedit</span> <span class='ocrx_word' id='word_1_293' title='bbox 3510 1128 3773 1183; x_wconf 87' lang='lat' dir='ltr'>doctrina</span> 
     </span>
    </p>
   </div>
   <div class='ocr_carea' id='block_1_40' title="bbox 2128 1216 3773 1289">
    <p class='ocr_par' dir='ltr' id='par_1_40' title="bbox 2128 1216 3773 1289">
     <span class='ocr_line' id='line_1_40' title="bbox 2128 1216 3773 1289; baseline -0.001 -18"><span class='ocrx_word' id='word_1_294' title='bbox 2128 1221 2379 1289; x_wconf 88' lang='lat' dir='ltr'>quatuor</span> <span class='ocrx_word' id='word_1_295' title='bbox 2404 1217 2869 1287; x_wconf 82' lang='lat' dir='ltr'>Evangeliorum,</span> <span class='ocrx_word' id='word_1_296' title='bbox 2892 1216 2979 1270; x_wconf 88' lang='lat' dir='ltr'>vel</span> <span class='ocrx_word' id='word_1_297' title='bbox 3012 1221 3264 1287; x_wconf 90' lang='lat' dir='ltr'>quatuor</span> <span class='ocrx_word' id='word_1_298' title='bbox 3292 1216 3536 1270; x_wconf 87' lang='lat' dir='ltr'>virtutes</span> <span class='ocrx_word' id='word_1_299' title='bbox 3558 1217 3773 1287; x_wconf 90' lang='lat' dir='ltr'>quibus</span> 
     </span>
    </p>
   </div>
   <div class='ocr_carea' id='block_1_41' title="bbox 2130 1305 2729 1378">
    <p class='ocr_par' dir='ltr' id='par_1_41' title="bbox 2130 1305 2729 1378">
     <span class='ocr_line' id='line_1_41' title="bbox 2130 1305 2729 1378; baseline 0 -19"><span class='ocrx_word' id='word_1_300' title='bbox 2130 1305 2426 1378; x_wconf 70' lang='lat' dir='ltr'>praepollet</span> <span class='ocrx_word' id='word_1_301' title='bbox 2458 1305 2729 1360; x_wconf 88' lang='lat' dir='ltr'>Ecclesia.</span> 
     </span>
    </p>
   </div>
   <div class='ocr_carea' id='block_1_42' title="bbox 2201 1394 3775 1465">
    <p class='ocr_par' dir='ltr' id='par_1_42' title="bbox 2201 1394 3775 1465">
     <span class='ocr_line' id='line_1_42' title="bbox 2201 1394 3775 1465; baseline 0 -17"><span class='ocrx_word' id='word_1_302' title='bbox 2201 1399 2361 1449; x_wconf 85' lang='lat' dir='ltr'>Vers.</span> <span class='ocrx_word' id='word_1_303' title='bbox 2390 1397 2473 1449; x_wconf 89' lang='lat'>15.</span> <span class='ocrx_word' id='word_1_304' title='bbox 2501 1397 2687 1449; x_wconf 85' lang='lat' dir='ltr'>Posuit</span> <span class='ocrx_word' id='word_1_305' title='bbox 2719 1396 2997 1449; x_wconf 77' lang='lat' dir='ltr'>hominem</span> <span class='ocrx_word' id='word_1_306' title='bbox 3029 1396 3085 1447; x_wconf 90' lang='lat' dir='ltr'>in</span> <span class='ocrx_word' id='word_1_307' title='bbox 3115 1394 3395 1465; x_wconf 79' lang='lat' dir='ltr'>paradiso,</span> <span class='ocrx_word' id='word_1_308' title='bbox 3429 1398 3487 1447; x_wconf 87' lang='lat' dir='ltr'>ut</span> <span class='ocrx_word' id='word_1_309' title='bbox 3516 1410 3775 1463; x_wconf 87' lang='lat' dir='ltr'>operare-</span> 
     </span>
    </p>
   </div>
   <div class='ocr_carea' id='block_1_43' title="bbox 2130 1481 3772 1554">
    <p class='ocr_par' dir='ltr' id='par_1_43' title="bbox 2130 1481 3772 1554">
     <span class='ocr_line' id='line_1_43' title="bbox 2130 1481 3772 1554; baseline -0.001 -17"><span class='ocrx_word' id='word_1_310' title='bbox 2130 1493 2221 1537; x_wconf 88' lang='lat' dir='ltr'>tur</span> <span class='ocrx_word' id='word_1_311' title='bbox 2247 1488 2298 1537; x_wconf 92' lang='lat' dir='ltr'>et</span> <span class='ocrx_word' id='word_1_312' title='bbox 2322 1483 2643 1541; x_wconf 82' lang='lat' dir='ltr'>custodiret.</span> <span class='ocrx_word' id='word_1_313' title='bbox 2666 1488 2826 1554; x_wconf 85' lang='lat' dir='ltr'>Opus</span> <span class='ocrx_word' id='word_1_314' title='bbox 2862 1482 3004 1537; x_wconf 93' lang='lat' dir='ltr'>illud</span> <span class='ocrx_word' id='word_1_315' title='bbox 3027 1499 3140 1536; x_wconf 91' lang='lat' dir='ltr'>non</span> <span class='ocrx_word' id='word_1_316' title='bbox 3165 1484 3233 1536; x_wconf 90' lang='lat' dir='ltr'>ad</span> <span class='ocrx_word' id='word_1_317' title='bbox 3266 1482 3521 1537; x_wconf 89' lang='lat' dir='ltr'>laborem</span> <span class='ocrx_word' id='word_1_318' title='bbox 3543 1481 3631 1535; x_wconf 90' lang='lat' dir='ltr'>vel</span> <span class='ocrx_word' id='word_1_319' title='bbox 3655 1481 3772 1535; x_wconf 89' lang='lat' dir='ltr'>las-</span> 
     </span>
    </p>
   </div>
   <div class='ocr_carea' id='block_1_44' title="bbox 2131 1570 3777 1642">
    <p class='ocr_par' dir='ltr' id='par_1_44' title="bbox 2131 1570 3777 1642">
     <span class='ocr_line' id='line_1_44' title="bbox 2131 1570 3777 1642; baseline -0.002 -16"><span class='ocrx_word' id='word_1_320' title='bbox 2131 1572 2445 1627; x_wconf 87' lang='lat' dir='ltr'>situdinem</span> <span class='ocrx_word' id='word_1_321' title='bbox 2481 1573 2609 1641; x_wconf 85' lang='lat' dir='ltr'>luit,</span> <span class='ocrx_word' id='word_1_322' title='bbox 2643 1573 2738 1627; x_wconf 91' lang='lat' dir='ltr'>sed</span> <span class='ocrx_word' id='word_1_323' title='bbox 2776 1571 2971 1642; x_wconf 86' lang='lat' dir='ltr'>potius</span> <span class='ocrx_word' id='word_1_324' title='bbox 3003 1572 3072 1625; x_wconf 91' lang='lat' dir='ltr'>ad</span> <span class='ocrx_word' id='word_1_325' title='bbox 3106 1570 3549 1626; x_wconf 89' lang='lat' dir='ltr'>delectationem</span> <span class='ocrx_word' id='word_1_326' title='bbox 3582 1588 3594 1625; x_wconf 92' lang='lat'>:</span> <span class='ocrx_word' id='word_1_327' title='bbox 3622 1570 3777 1625; x_wconf 89' lang='lat' dir='ltr'>sicut</span> 
     </span>
    </p>
   </div>
   <div class='ocr_carea' id='block_1_45' title="bbox 2129 1659 3776 1732">
    <p class='ocr_par' dir='ltr' id='par_1_45' title="bbox 2129 1659 3776 1732">
     <span class='ocr_line' id='line_1_45' title="bbox 2129 1659 3776 1732; baseline -0.001 -17"><span class='ocrx_word' id='word_1_328' title='bbox 2129 1660 2395 1716; x_wconf 87' lang='lat' dir='ltr'>videmus</span> <span class='ocrx_word' id='word_1_329' title='bbox 2426 1661 2770 1732; x_wconf 91' lang='lat' dir='ltr'>plerumque</span> <span class='ocrx_word' id='word_1_330' title='bbox 2817 1660 3085 1715; x_wconf 87' lang='lat' dir='ltr'>homines</span> <span class='ocrx_word' id='word_1_331' title='bbox 3115 1660 3469 1731; x_wconf 87' lang='lat' dir='ltr'>quibusdam</span> <span class='ocrx_word' id='word_1_332' title='bbox 3501 1659 3776 1731; x_wconf 84' lang='lat' dir='ltr'>operibus</span> 
     </span>
    </p>
   </div>
   <div class='ocr_carea' id='block_1_46' title="bbox 2131 1748 3775 1821">
    <p class='ocr_par' dir='ltr' id='par_1_46' title="bbox 2131 1748 3775 1821">
     <span class='ocr_line' id='line_1_46' title="bbox 2131 1748 3775 1821; baseline -0.001 -18"><span class='ocrx_word' id='word_1_333' title='bbox 2131 1748 2424 1815; x_wconf 88' lang='lat' dir='ltr'>delectari,</span> <span class='ocrx_word' id='word_1_334' title='bbox 2442 1768 2475 1805; x_wconf 91' lang='lat' dir='ltr'>a</span> <span class='ocrx_word' id='word_1_335' title='bbox 2498 1750 2711 1821; x_wconf 89' lang='lat' dir='ltr'>quibus</span> <span class='ocrx_word' id='word_1_336' title='bbox 2735 1751 2781 1804; x_wconf 89' lang='lat' dir='ltr'>si</span> <span class='ocrx_word' id='word_1_337' title='bbox 2812 1750 3236 1804; x_wconf 89' lang='lat' dir='ltr'>interdicantur</span> <span class='ocrx_word' id='word_1_338' title='bbox 3256 1765 3367 1803; x_wconf 92' lang='lat' dir='ltr'>non</span> <span class='ocrx_word' id='word_1_339' title='bbox 3393 1748 3615 1804; x_wconf 90' lang='lat' dir='ltr'>modice</span> <span class='ocrx_word' id='word_1_340' title='bbox 3638 1764 3775 1802; x_wconf 88' lang='lat' dir='ltr'>con-</span> 
     </span>
    </p>
   </div>
   <div class='ocr_carea' id='block_1_47' title="bbox 2132 1837 3777 1908">
    <p class='ocr_par' dir='ltr' id='par_1_47' title="bbox 2132 1837 3777 1908">
     <span class='ocr_line' id='line_1_47' title="bbox 2132 1837 3777 1908; baseline -0.002 -15"><span class='ocrx_word' id='word_1_341' title='bbox 2132 1840 2457 1893; x_wconf 88' lang='lat' dir='ltr'>tristantur.</span> <span class='ocrx_word' id='word_1_342' title='bbox 2493 1842 2553 1893; x_wconf 84' lang='lat' dir='ltr'>Et</span> <span class='ocrx_word' id='word_1_343' title='bbox 2582 1839 2869 1894; x_wconf 77' lang='lat' dir='ltr'>custodiret</span> <span class='ocrx_word' id='word_1_344' title='bbox 2902 1840 3090 1893; x_wconf 89' lang='lat' dir='ltr'>illum.</span> <span class='ocrx_word' id='word_1_345' title='bbox 3125 1838 3245 1892; x_wconf 89' lang='lat' dir='ltr'>Non</span> <span class='ocrx_word' id='word_1_346' title='bbox 3300 1856 3333 1893; x_wconf 91' lang='lat' dir='ltr'>a</span> <span class='ocrx_word' id='word_1_347' title='bbox 3364 1838 3615 1902; x_wconf 89' lang='lat' dir='ltr'>furibus,</span> <span class='ocrx_word' id='word_1_348' title='bbox 3639 1837 3777 1908; x_wconf 90' lang='lat' dir='ltr'>quia</span> 
     </span>
    </p>
   </div>
   <div class='ocr_carea' id='block_1_48' title="bbox 2130 1926 3774 1999">
    <p class='ocr_par' dir='ltr' id='par_1_48' title="bbox 2130 1926 3774 1999">
     <span class='ocr_line' id='line_1_48' title="bbox 2130 1926 3774 1999; baseline -0.002 -16"><span class='ocrx_word' id='word_1_349' title='bbox 2130 1932 2270 1983; x_wconf 91' lang='lat' dir='ltr'>tunc</span> <span class='ocrx_word' id='word_1_350' title='bbox 2303 1929 2585 1999; x_wconf 87' lang='lat' dir='ltr'>temporis</span> <span class='ocrx_word' id='word_1_351' title='bbox 2608 1928 2754 1982; x_wconf 90' lang='lat' dir='ltr'>nulli</span> <span class='ocrx_word' id='word_1_352' title='bbox 2789 1933 2973 1993; x_wconf 87' lang='lat' dir='ltr'>erant,</span> <span class='ocrx_word' id='word_1_353' title='bbox 3000 1929 3101 1981; x_wconf 84' lang='lat' dir='ltr'>sed</span> <span class='ocrx_word' id='word_1_354' title='bbox 3136 1926 3247 1982; x_wconf 90' lang='lat' dir='ltr'>sibi</span> <span class='ocrx_word' id='word_1_355' title='bbox 3278 1926 3593 1982; x_wconf 82' lang='lat' dir='ltr'>custodiret</span> <span class='ocrx_word' id='word_1_356' title='bbox 3622 1931 3687 1980; x_wconf 89' lang='lat' dir='ltr'>ut</span> <span class='ocrx_word' id='word_1_357' title='bbox 3717 1926 3774 1979; x_wconf 90' lang='lat' dir='ltr'>in</span> 
     </span>
    </p>
   </div>
   <div class='ocr_carea' id='block_1_49' title="bbox 2127 2017 2626 2073">
    <p class='ocr_par' dir='ltr' id='par_1_49' title="bbox 2127 2017 2626 2073">
     <span class='ocr_line' id='line_1_49' title="bbox 2127 2017 2626 2073; baseline 0 -2"><span class='ocrx_word' id='word_1_358' title='bbox 2127 2034 2192 2073; x_wconf 89' lang='lat' dir='ltr'>eo</span> <span class='ocrx_word' id='word_1_359' title='bbox 2225 2017 2626 2072; x_wconf 88' lang='lat' dir='ltr'>delectaretur.</span> 
     </span>
    </p>
   </div>
   <div class='ocr_carea' id='block_1_50' title="bbox 2196 2104 3778 2175">
    <p class='ocr_par' dir='ltr' id='par_1_50' title="bbox 2196 2104 3778 2175">
     <span class='ocr_line' id='line_1_50' title="bbox 2196 2104 3778 2175; baseline 0 -17"><span class='ocrx_word' id='word_1_360' title='bbox 2196 2107 2357 2161; x_wconf 84' lang='lat' dir='ltr'>Vers.</span> <span class='ocrx_word' id='word_1_361' title='bbox 2402 2108 2480 2161; x_wconf 81' lang='grc'>17.</span> <span class='ocrx_word' id='word_1_362' title='bbox 2516 2107 2683 2161; x_wconf 71' lang='lat' dir='ltr'>Morte</span> <span class='ocrx_word' id='word_1_363' title='bbox 2713 2109 2987 2162; x_wconf 85' lang='lat' dir='ltr'>morieris.</span> <span class='ocrx_word' id='word_1_364' title='bbox 3023 2106 3150 2162; x_wconf 89' lang='lat' dir='ltr'>Non</span> <span class='ocrx_word' id='word_1_365' title='bbox 3182 2106 3253 2159; x_wconf 94' lang='lat' dir='ltr'>de</span> <span class='ocrx_word' id='word_1_366' title='bbox 3295 2108 3478 2159; x_wconf 89' lang='lat' dir='ltr'>morte</span> <span class='ocrx_word' id='word_1_367' title='bbox 3517 2104 3778 2175; x_wconf 90' lang='lat' dir='ltr'>corporis</span> 
     </span>
    </p>
   </div>
   <div class='ocr_carea' id='block_1_51' title="bbox 2130 2193 3777 2257">
    <p class='ocr_par' dir='ltr' id='par_1_51' title="bbox 2130 2193 3777 2257">
     <span class='ocr_line' id='line_1_51' title="bbox 2130 2193 3777 2257; baseline -0.001 -9"><span class='ocrx_word' id='word_1_368' title='bbox 2130 2194 2287 2257; x_wconf 88' lang='lat' dir='ltr'>dicit,</span> <span class='ocrx_word' id='word_1_369' title='bbox 2323 2196 2423 2250; x_wconf 91' lang='lat' dir='ltr'>sed</span> <span class='ocrx_word' id='word_1_370' title='bbox 2457 2196 2525 2250; x_wconf 94' lang='lat' dir='ltr'>de</span> <span class='ocrx_word' id='word_1_371' title='bbox 2550 2200 2732 2250; x_wconf 89' lang='lat' dir='ltr'>morte</span> <span class='ocrx_word' id='word_1_372' title='bbox 2765 2195 2994 2250; x_wconf 78' lang='lat' dir='ltr'>animae.</span> <span class='ocrx_word' id='word_1_373' title='bbox 3026 2194 3151 2251; x_wconf 88' lang='lat' dir='ltr'>Non</span> <span class='ocrx_word' id='word_1_374' title='bbox 3181 2193 3337 2249; x_wconf 89' lang='lat' dir='ltr'>enim</span> <span class='ocrx_word' id='word_1_375' title='bbox 3373 2194 3572 2248; x_wconf 90' lang='lat' dir='ltr'>statim</span> <span class='ocrx_word' id='word_1_376' title='bbox 3597 2198 3661 2247; x_wconf 91' lang='lat' dir='ltr'>ut</span> <span class='ocrx_word' id='word_1_377' title='bbox 3684 2210 3777 2247; x_wconf 88' lang='lat' dir='ltr'>co-</span> 
     </span>
    </p>
   </div>
   <div class='ocr_carea' id='block_1_52' title="bbox 2130 2282 3779 2353">
    <p class='ocr_par' dir='ltr' id='par_1_52' title="bbox 2130 2282 3779 2353">
     <span class='ocr_line' id='line_1_52' title="bbox 2130 2282 3779 2353; baseline 0 -17"><span class='ocrx_word' id='word_1_378' title='bbox 2130 2284 2313 2337; x_wconf 90' lang='lat' dir='ltr'>medit</span> <span class='ocrx_word' id='word_1_379' title='bbox 2346 2289 2612 2338; x_wconf 86' lang='lat' dir='ltr'>mortuus</span> <span class='ocrx_word' id='word_1_380' title='bbox 2633 2288 2722 2338; x_wconf 90' lang='lat' dir='ltr'>est</span> <span class='ocrx_word' id='word_1_381' title='bbox 2742 2300 3002 2353; x_wconf 91' lang='lat' dir='ltr'>corpore,</span> <span class='ocrx_word' id='word_1_382' title='bbox 3032 2282 3131 2337; x_wconf 84' lang='lat' dir='ltr'>sed</span> <span class='ocrx_word' id='word_1_383' title='bbox 3158 2282 3214 2335; x_wconf 90' lang='lat' dir='ltr'>in</span> <span class='ocrx_word' id='word_1_384' title='bbox 3242 2282 3435 2335; x_wconf 83' lang='lat' dir='ltr'>anima</span> <span class='ocrx_word' id='word_1_385' title='bbox 3458 2296 3562 2352; x_wconf 91' lang='lat' dir='ltr'>per</span> <span class='ocrx_word' id='word_1_386' title='bbox 3577 2297 3779 2352; x_wconf 88' lang='lat' dir='ltr'>pecca-</span> 
     </span>
    </p>
   </div>
   <div class='ocr_carea' id='block_1_53' title="bbox 2130 2369 3777 2442">
    <p class='ocr_par' dir='ltr' id='par_1_53' title="bbox 2130 2369 3777 2442">
     <span class='ocr_line' id='line_1_53' title="bbox 2130 2369 3777 2442; baseline -0.001 -19"><span class='ocrx_word' id='word_1_387' title='bbox 2130 2374 2278 2425; x_wconf 90' lang='lat' dir='ltr'>tum.</span> <span class='ocrx_word' id='word_1_388' title='bbox 2307 2372 2414 2425; x_wconf 89' lang='lat' dir='ltr'>Sed</span> <span class='ocrx_word' id='word_1_389' title='bbox 2451 2376 2685 2442; x_wconf 84' lang='lat' dir='ltr'>prepter</span> <span class='ocrx_word' id='word_1_390' title='bbox 2716 2376 2960 2425; x_wconf 90' lang='lat' dir='ltr'>mortem</span> <span class='ocrx_word' id='word_1_391' title='bbox 2995 2370 3223 2435; x_wconf 76' lang='lat' dir='ltr'>animus,</span> <span class='ocrx_word' id='word_1_392' title='bbox 3260 2369 3316 2423; x_wconf 89' lang='lat' dir='ltr'>id</span> <span class='ocrx_word' id='word_1_393' title='bbox 3342 2374 3430 2423; x_wconf 90' lang='lat' dir='ltr'>est</span> <span class='ocrx_word' id='word_1_394' title='bbox 3454 2374 3777 2439; x_wconf 89' lang='lat' dir='ltr'>peccatum,</span> 
     </span>
    </p>
   </div>
   <div class='ocr_carea' id='block_1_54' title="bbox 2131 2454 3769 2530">
    <p class='ocr_par' dir='ltr' id='par_1_54' title="bbox 2131 2454 3769 2530">
     <span class='ocr_line' id='line_1_54' title="bbox 2131 2454 3769 2530; baseline -0.001 -17"><span class='ocrx_word' id='word_1_395' title='bbox 2131 2454 2444 2515; x_wconf 83' lang='lat' dir='ltr'>subsecuta</span> <span class='ocrx_word' id='word_1_396' title='bbox 2463 2465 2551 2515; x_wconf 89' lang='lat' dir='ltr'>est</span> <span class='ocrx_word' id='word_1_397' title='bbox 2578 2464 2775 2530; x_wconf 86' lang='lat' dir='ltr'>postea</span> <span class='ocrx_word' id='word_1_398' title='bbox 2801 2476 2907 2513; x_wconf 89' lang='lat' dir='ltr'>suo</span> <span class='ocrx_word' id='word_1_399' title='bbox 2939 2464 3198 2529; x_wconf 90' lang='lat' dir='ltr'>tempore</span> <span class='ocrx_word' id='word_1_400' title='bbox 3227 2474 3386 2512; x_wconf 90' lang='lat' dir='ltr'>mors</span> <span class='ocrx_word' id='word_1_401' title='bbox 3408 2457 3691 2528; x_wconf 88' lang='lat' dir='ltr'>corporis,</span> <span class='ocrx_word' id='word_1_402' title='bbox 3712 2457 3769 2512; x_wconf 91' lang='lat' dir='ltr'>id</span> 
     </span>
    </p>
   </div>
   <div class='ocr_carea' id='block_1_55' title="bbox 2130 2550 2680 2618">
    <p class='ocr_par' dir='ltr' id='par_1_55' title="bbox 2130 2550 2680 2618">
     <span class='ocr_line' id='line_1_55' title="bbox 2130 2550 2680 2618; baseline 0 -17"><span class='ocrx_word' id='word_1_403' title='bbox 2130 2553 2218 2602; x_wconf 90' lang='lat' dir='ltr'>est</span> <span class='ocrx_word' id='word_1_404' title='bbox 2244 2565 2412 2618; x_wconf 84' lang='lat' dir='ltr'>pcena</span> <span class='ocrx_word' id='word_1_405' title='bbox 2441 2550 2680 2618; x_wconf 88' lang='lat' dir='ltr'>peccati.</span> 
     </span>
    </p>
   </div>
   <div class='ocr_carea' id='block_1_56' title="bbox 2200 2635 3778 2707">
    <p class='ocr_par' dir='ltr' id='par_1_56' title="bbox 2200 2635 3778 2707">
     <span class='ocr_line' id='line_1_56' title="bbox 2200 2635 3778 2707; baseline 0 -19"><span class='ocrx_word' id='word_1_406' title='bbox 2200 2641 2364 2691; x_wconf 86' lang='lat' dir='ltr'>Vers.</span> <span class='ocrx_word' id='word_1_407' title='bbox 2410 2638 2494 2691; x_wconf 89' lang='grc'>18.</span> <span class='ocrx_word' id='word_1_408' title='bbox 2550 2639 2842 2692; x_wconf 81' lang='lat' dir='ltr'>Faciamus</span> <span class='ocrx_word' id='word_1_409' title='bbox 2890 2639 2944 2691; x_wconf 92' lang='lat' dir='ltr'>ei</span> <span class='ocrx_word' id='word_1_410' title='bbox 2984 2636 3338 2707; x_wconf 87' lang='lat' dir='ltr'>adjutorium.</span> <span class='ocrx_word' id='word_1_411' title='bbox 3375 2635 3433 2689; x_wconf 92' lang='lat' dir='ltr'>Id</span> <span class='ocrx_word' id='word_1_412' title='bbox 3467 2639 3574 2699; x_wconf 91' lang='lat' dir='ltr'>est,</span> <span class='ocrx_word' id='word_1_413' title='bbox 3610 2635 3778 2690; x_wconf 89' lang='lat' dir='ltr'>femi-</span> 
     </span>
    </p>
   </div>
   <div class='ocr_carea' id='block_1_57' title="bbox 2129 2725 3774 2796">
    <p class='ocr_par' dir='ltr' id='par_1_57' title="bbox 2129 2725 3774 2796">
     <span class='ocr_line' id='line_1_57' title="bbox 2129 2725 3774 2796; baseline 0 -17"><span class='ocrx_word' id='word_1_414' title='bbox 2129 2742 2263 2780; x_wconf 90' lang='lat' dir='ltr'>nam</span> <span class='ocrx_word' id='word_1_415' title='bbox 2294 2726 2367 2780; x_wconf 89' lang='lat' dir='ltr'>ad</span> <span class='ocrx_word' id='word_1_416' title='bbox 2399 2727 2788 2796; x_wconf 87' lang='lat' dir='ltr'>procreandas</span> <span class='ocrx_word' id='word_1_417' title='bbox 2819 2726 3028 2780; x_wconf 87' lang='lat' dir='ltr'>herbas</span> <span class='ocrx_word' id='word_1_418' title='bbox 3055 2730 3113 2779; x_wconf 90' lang='lat' dir='ltr'>et</span> <span class='ocrx_word' id='word_1_419' title='bbox 3144 2725 3404 2795; x_wconf 89' lang='lat' dir='ltr'>arbusta,</span> <span class='ocrx_word' id='word_1_420' title='bbox 3438 2741 3552 2778; x_wconf 89' lang='lat' dir='ltr'>non</span> <span class='ocrx_word' id='word_1_421' title='bbox 3577 2728 3774 2779; x_wconf 88' lang='lat' dir='ltr'>autem</span> 
     </span>
    </p>
   </div>
   <div class='ocr_carea' id='block_1_58' title="bbox 2128 2813 3774 2886">
    <p class='ocr_par' dir='ltr' id='par_1_58' title="bbox 2128 2813 3774 2886">
     <span class='ocr_line' id='line_1_58' title="bbox 2128 2813 3774 2886; baseline 0 -19"><span class='ocrx_word' id='word_1_422' title='bbox 2128 2818 2193 2868; x_wconf 92' lang='lat' dir='ltr'>ut</span> <span class='ocrx_word' id='word_1_423' title='bbox 2213 2814 2314 2869; x_wconf 90' lang='lat' dir='ltr'>illa</span> <span class='ocrx_word' id='word_1_424' title='bbox 2338 2814 2593 2870; x_wconf 88' lang='lat' dir='ltr'>ﬁliorum</span> <span class='ocrx_word' id='word_1_425' title='bbox 2619 2814 3087 2886; x_wconf 87' lang='lat' dir='ltr'>procreatiotalis</span> <span class='ocrx_word' id='word_1_426' title='bbox 3108 2819 3257 2869; x_wconf 90' lang='lat' dir='ltr'>esset</span> <span class='ocrx_word' id='word_1_427' title='bbox 3280 2813 3469 2885; x_wconf 88' lang='lat' dir='ltr'>qualis</span> <span class='ocrx_word' id='word_1_428' title='bbox 3487 2829 3642 2867; x_wconf 89' lang='lat' dir='ltr'>nunc</span> <span class='ocrx_word' id='word_1_429' title='bbox 3666 2816 3774 2879; x_wconf 92' lang='lat' dir='ltr'>est,</span> 
     </span>
    </p>
   </div>
   <div class='ocr_carea' id='block_1_59' title="bbox 2128 2902 3774 2974">
    <p class='ocr_par' dir='ltr' id='par_1_59' title="bbox 2128 2902 3774 2974">
     <span class='ocr_line' id='line_1_59' title="bbox 2128 2902 3774 2974; baseline -0.002 -16"><span class='ocrx_word' id='word_1_430' title='bbox 2128 2903 2349 2958; x_wconf 88' lang='lat' dir='ltr'>scilicet</span> <span class='ocrx_word' id='word_1_431' title='bbox 2376 2908 2440 2958; x_wconf 91' lang='lat' dir='ltr'>ut</span> <span class='ocrx_word' id='word_1_432' title='bbox 2472 2904 2569 2958; x_wconf 92' lang='lat' dir='ltr'>ubi</span> <span class='ocrx_word' id='word_1_433' title='bbox 2602 2904 2707 2958; x_wconf 89' lang='lat' dir='ltr'>ﬁlii</span> <span class='ocrx_word' id='word_1_434' title='bbox 2732 2905 2981 2959; x_wconf 89' lang='lat' dir='ltr'>mortuis</span> <span class='ocrx_word' id='word_1_435' title='bbox 3014 2902 3354 2974; x_wconf 91' lang='lat' dir='ltr'>parentibus</span> <span class='ocrx_word' id='word_1_436' title='bbox 3379 2902 3774 2970; x_wconf 90' lang='lat' dir='ltr'>succederent,</span> 
     </span>
    </p>
   </div>
   <div class='ocr_carea' id='block_1_60' title="bbox 2129 2989 3777 3067">
    <p class='ocr_par' dir='ltr' id='par_1_60' title="bbox 2129 2989 3777 3067">
     <span class='ocr_line' id='line_1_60' title="bbox 2129 2989 3777 3067; baseline -0.002 -20"><span class='ocrx_word' id='word_1_437' title='bbox 2129 2992 2229 3047; x_wconf 92' lang='lat' dir='ltr'>sed</span> <span class='ocrx_word' id='word_1_438' title='bbox 2265 2993 2461 3063; x_wconf 89' lang='lat' dir='ltr'>potius</span> <span class='ocrx_word' id='word_1_439' title='bbox 2478 2997 2542 3047; x_wconf 90' lang='lat' dir='ltr'>ut</span> <span class='ocrx_word' id='word_1_440' title='bbox 2572 2997 2841 3064; x_wconf 88' lang='lat' dir='ltr'>parentes</span> <span class='ocrx_word' id='word_1_441' title='bbox 2862 2992 3125 3067; x_wconf 71' lang='lat' dir='ltr'>videntes</span> <span class='ocrx_word' id='word_1_442' title='bbox 3142 2990 3293 3045; x_wconf 90' lang='lat' dir='ltr'>ﬁlios</span> <span class='ocrx_word' id='word_1_443' title='bbox 3315 3007 3383 3045; x_wconf 84' lang='lat' dir='ltr'>ex</span> <span class='ocrx_word' id='word_1_444' title='bbox 3404 3007 3465 3045; x_wconf 88' lang='lat' dir='ltr'>se</span> <span class='ocrx_word' id='word_1_445' title='bbox 3487 2994 3655 3045; x_wconf 88' lang='lat' dir='ltr'>natos</span> <span class='ocrx_word' id='word_1_446' title='bbox 3678 2989 3777 3043; x_wconf 64' lang='lat' dir='ltr'>las-</span> 
     </span>
    </p>
   </div>
   <div class='ocr_carea' id='block_1_61' title="bbox 2128 3079 3779 3149">
    <p class='ocr_par' dir='ltr' id='par_1_61' title="bbox 2128 3079 3779 3149">
     <span class='ocr_line' id='line_1_61' title="bbox 2128 3079 3779 3149; baseline -0.002 -13"><span class='ocrx_word' id='word_1_447' title='bbox 2128 3086 2410 3148; x_wconf 89' lang='lat' dir='ltr'>tarentur,</span> <span class='ocrx_word' id='word_1_448' title='bbox 2427 3085 2483 3135; x_wconf 92' lang='lat' dir='ltr'>et</span> <span class='ocrx_word' id='word_1_449' title='bbox 2514 3098 2645 3136; x_wconf 91' lang='lat' dir='ltr'>cum</span> <span class='ocrx_word' id='word_1_450' title='bbox 2682 3081 2797 3134; x_wconf 89' lang='lat' dir='ltr'>illis</span> <span class='ocrx_word' id='word_1_451' title='bbox 2820 3082 2918 3135; x_wconf 87' lang='lat' dir='ltr'>diu</span> <span class='ocrx_word' id='word_1_452' title='bbox 2946 3080 3188 3134; x_wconf 86' lang='lat' dir='ltr'>feliciter</span> <span class='ocrx_word' id='word_1_453' title='bbox 3216 3079 3458 3133; x_wconf 89' lang='lat' dir='ltr'>vivendo</span> <span class='ocrx_word' id='word_1_454' title='bbox 3479 3083 3779 3149; x_wconf 81' lang='lat' dir='ltr'>exspecta-</span> 
     </span>
    </p>
   </div>
   <div class='ocr_carea' id='block_1_62' title="bbox 2129 3166 3777 3239">
    <p class='ocr_par' dir='ltr' id='par_1_62' title="bbox 2129 3166 3777 3239">
     <span class='ocr_line' id='line_1_62' title="bbox 2129 3166 3777 3239; baseline -0.002 -16"><span class='ocrx_word' id='word_1_455' title='bbox 2129 3175 2256 3225; x_wconf 90' lang='lat' dir='ltr'>rent</span> <span class='ocrx_word' id='word_1_456' title='bbox 2287 3169 2455 3223; x_wconf 91' lang='lat' dir='ltr'>illum</span> <span class='ocrx_word' id='word_1_457' title='bbox 2502 3170 2732 3224; x_wconf 91' lang='lat' dir='ltr'>beatum</span> <span class='ocrx_word' id='word_1_458' title='bbox 2768 3173 2986 3223; x_wconf 89' lang='lat' dir='ltr'>statum</span> <span class='ocrx_word' id='word_1_459' title='bbox 3015 3173 3071 3222; x_wconf 90' lang='lat' dir='ltr'>et</span> <span class='ocrx_word' id='word_1_460' title='bbox 3116 3167 3293 3222; x_wconf 88' lang='lat' dir='ltr'>vitam</span> <span class='ocrx_word' id='word_1_461' title='bbox 3324 3166 3670 3239; x_wconf 87' lang='lat' dir='ltr'>angelicam,</span> <span class='ocrx_word' id='word_1_462' title='bbox 3705 3167 3777 3221; x_wconf 91' lang='lat' dir='ltr'>ad</span> 
     </span>
    </p>
   </div>
   <div class='ocr_carea' id='block_1_63' title="bbox 358 3246 3777 3328">
    <p class='ocr_par' dir='ltr' id='par_1_63' title="bbox 358 3246 3777 3328">
     <span class='ocr_line' id='line_1_63' title="bbox 358 3246 3777 3328; baseline 0.001 -23"><span class='ocrx_word' id='word_1_463' title='bbox 358 3248 582 3307; x_wconf 71' lang='lat' dir='ltr'>habens</span> <span class='ocrx_word' id='word_1_464' title='bbox 633 3252 823 3307; x_wconf 81' lang='lat' dir='ltr'>bdellii</span> <span class='ocrx_word' id='word_1_465' title='bbox 870 3253 1061 3323; x_wconf 74' lang='lat' dir='ltr'>(Exod.</span> <span class='ocrx_word' id='word_1_466' title='bbox 1110 3270 1223 3323; x_wconf 77' lang='lat' dir='ltr'>XVI,</span> <span class='ocrx_word' id='word_1_467' title='bbox 1251 3255 1364 3324; x_wconf 90' lang='lat'>31).</span> <span class='ocrx_word' id='word_1_468' title='bbox 1400 3260 1464 3310; x_wconf 86' lang='lat' dir='ltr'>Et</span> <span class='ocrx_word' id='word_1_469' title='bbox 1512 3258 1650 3327; x_wconf 84' lang='lat' dir='ltr'>lapis</span> <span class='ocrx_word' id='word_1_470' title='bbox 1697 3260 2021 3328; x_wconf 84' lang='lat' dir='ltr'>onychinus.</span> <span class='ocrx_word' id='word_1_471' title='bbox 2054 3246 2097 3310; x_wconf 85' lang='lat' dir='ltr'>C</span> <span class='ocrx_word' id='word_1_472' title='bbox 2136 3274 2313 3327; x_wconf 87' lang='lat' dir='ltr'>quam</span> <span class='ocrx_word' id='word_1_473' title='bbox 2344 3258 2729 3312; x_wconf 88' lang='lat' dir='ltr'>transferendi</span> <span class='ocrx_word' id='word_1_474' title='bbox 2755 3262 2921 3312; x_wconf 89' lang='lat' dir='ltr'>erant</span> <span class='ocrx_word' id='word_1_475' title='bbox 2945 3257 3107 3311; x_wconf 91' lang='lat' dir='ltr'>ﬁnito</span> <span class='ocrx_word' id='word_1_476' title='bbox 3135 3257 3346 3311; x_wconf 73' lang='lat' dir='ltr'>saeculo</span> <span class='ocrx_word' id='word_1_477' title='bbox 3366 3273 3478 3310; x_wconf 90' lang='lat' dir='ltr'>non</span> <span class='ocrx_word' id='word_1_478' title='bbox 3508 3273 3609 3326; x_wconf 86' lang='lat' dir='ltr'>per</span> <span class='ocrx_word' id='word_1_479' title='bbox 3625 3272 3777 3309; x_wconf 90' lang='lat' dir='ltr'>mor-</span> 
     </span>
    </p>
   </div>
   <div class='ocr_carea' id='block_1_64' title="bbox 375 3338 2022 3416">
    <p class='ocr_par' dir='ltr' id='par_1_64' title="bbox 375 3338 2022 3416">
     <span class='ocr_line' id='line_1_64' title="bbox 375 3338 2022 3416; baseline 0.004 -23"><span class='ocrx_word' id='word_1_480' title='bbox 375 3338 639 3412; x_wconf 77' lang='lat' dir='ltr'>Onyches</span> <span class='ocrx_word' id='word_1_481' title='bbox 673 3341 865 3396; x_wconf 63' lang='lat' dir='ltr'>Graece</span> <span class='ocrx_word' id='word_1_482' title='bbox 913 3344 1141 3413; x_wconf 86' lang='lat' dir='ltr'>unguis.</span> <span class='ocrx_word' id='word_1_483' title='bbox 1191 3341 1334 3396; x_wconf 84' lang='lat' dir='ltr'>Hinc</span> <span class='ocrx_word' id='word_1_484' title='bbox 1386 3342 1660 3415; x_wconf 82' lang='lat' dir='ltr'>Onychius</span> <span class='ocrx_word' id='word_1_485' title='bbox 1705 3347 1845 3416; x_wconf 89' lang='lat' dir='ltr'>lapis</span> <span class='ocrx_word' id='word_1_486' title='bbox 1876 3346 2022 3400; x_wconf 89' lang='lat' dir='ltr'>albis</span> 
     </span>
    </p>
   </div>
   <div class='ocr_carea' id='block_1_65' title="bbox 372 3426 2023 3487">
    <p class='ocr_par' dir='ltr' id='par_1_65' title="bbox 372 3426 2023 3487">
     <span class='ocr_line' id='line_1_65' title="bbox 372 3426 2023 3487; baseline 0.003 -5"><span class='ocrx_word' id='word_1_487' title='bbox 372 3426 624 3483; x_wconf 86' lang='lat' dir='ltr'>maculis</span> <span class='ocrx_word' id='word_1_488' title='bbox 657 3429 1030 3484; x_wconf 88' lang='lat' dir='ltr'>intertinctus</span> <span class='ocrx_word' id='word_1_489' title='bbox 1060 3429 1130 3484; x_wconf 90' lang='lat' dir='ltr'>ad</span> <span class='ocrx_word' id='word_1_490' title='bbox 1164 3428 1612 3485; x_wconf 89' lang='lat' dir='ltr'>similitudinem</span> <span class='ocrx_word' id='word_1_491' title='bbox 1644 3432 1887 3486; x_wconf 89' lang='lat' dir='ltr'>humani</span> <span class='ocrx_word' id='word_1_492' title='bbox 1920 3451 2023 3487; x_wconf 91' lang='lat' dir='ltr'>un-</span> 
     </span>
    </p>
   </div>
   <div class='ocr_carea' id='block_1_66' title="bbox 372 3531 527 3587">
    <p class='ocr_par' dir='ltr' id='par_1_66' title="bbox 372 3531 527 3587">
     <span class='ocr_line' id='line_1_66' title="bbox 372 3531 527 3587; baseline 0 -18"><span class='ocrx_word' id='word_1_493' title='bbox 372 3531 527 3587; x_wconf 78' lang='lat' dir='ltr'>guis.</span> 
     </span>
    </p>
   </div>
   <div class='ocr_carea' id='block_1_67' title="bbox 439 3604 2019 3678">
    <p class='ocr_par' dir='ltr' id='par_1_67' title="bbox 439 3604 2019 3678">
     <span class='ocr_line' id='line_1_67' title="bbox 439 3604 2019 3678; baseline 0.003 -20"><span class='ocrx_word' id='word_1_494' title='bbox 439 3604 581 3659; x_wconf 83' lang='lat' dir='ltr'>Geon</span> <span class='ocrx_word' id='word_1_495' title='bbox 607 3604 734 3677; x_wconf 88' lang='lat' dir='ltr'>ipse</span> <span class='ocrx_word' id='word_1_496' title='bbox 762 3610 851 3661; x_wconf 91' lang='lat' dir='ltr'>est</span> <span class='ocrx_word' id='word_1_497' title='bbox 880 3605 1047 3661; x_wconf 88' lang='lat' dir='ltr'>Nilus</span> <span class='ocrx_word' id='word_1_498' title='bbox 1080 3607 1179 3678; x_wconf 91' lang='lat' dir='ltr'>qui</span> <span class='ocrx_word' id='word_1_499' title='bbox 1229 3623 1333 3678; x_wconf 90' lang='lat' dir='ltr'>per</span> <span class='ocrx_word' id='word_1_500' title='bbox 1378 3607 1788 3663; x_wconf 88' lang='lat' dir='ltr'>Mauritaniam</span> <span class='ocrx_word' id='word_1_501' title='bbox 1821 3609 2019 3664; x_wconf 91' lang='lat' dir='ltr'>currit.</span> 
     </span>
    </p>
   </div>
   <div class='ocr_carea' id='block_1_68' title="bbox 372 3694 2023 3768">
    <p class='ocr_par' dir='ltr' id='par_1_68' title="bbox 372 3694 2023 3768">
     <span class='ocr_line' id='line_1_68' title="bbox 372 3694 2023 3768; baseline 0.003 -21"><span class='ocrx_word' id='word_1_502' title='bbox 372 3694 799 3764; x_wconf 87' lang='lat' dir='ltr'>Interpretatur</span> <span class='ocrx_word' id='word_1_503' title='bbox 819 3700 1010 3750; x_wconf 87' lang='lat' dir='ltr'>autem</span> <span class='ocrx_word' id='word_1_504' title='bbox 1030 3704 1346 3768; x_wconf 68' lang='lat' dir='ltr'>praeruptus</span> <span class='ocrx_word' id='word_1_505' title='bbox 1373 3696 1459 3752; x_wconf 89' lang='lat' dir='ltr'>vel</span> <span class='ocrx_word' id='word_1_506' title='bbox 1478 3699 1801 3768; x_wconf 73' lang='lat' dir='ltr'>praeruptio,</span> <span class='ocrx_word' id='word_1_507' title='bbox 1835 3697 1934 3768; x_wconf 92' lang='lat' dir='ltr'>qui</span> <span class='ocrx_word' id='word_1_508' title='bbox 1956 3714 2023 3752; x_wconf 84' lang='lat' dir='ltr'>ex</span> 
     </span>
    </p>
   </div>
   <div class='ocr_carea' id='block_1_69' title="bbox 373 3779 2018 3855">
    <p class='ocr_par' dir='ltr' id='par_1_69' title="bbox 373 3779 2018 3855">
     <span class='ocr_line' id='line_1_69' title="bbox 373 3779 2018 3855; baseline 0.002 -18"><span class='ocrx_word' id='word_1_509' title='bbox 373 3779 681 3837; x_wconf 84' lang='lat' dir='ltr'>altissimis</span> <span class='ocrx_word' id='word_1_510' title='bbox 696 3783 949 3854; x_wconf 91' lang='lat' dir='ltr'>rupibus</span> <span class='ocrx_word' id='word_1_511' title='bbox 978 3784 1051 3855; x_wconf 92' lang='lat' dir='ltr'>(a)</span> <span class='ocrx_word' id='word_1_512' title='bbox 1078 3785 1469 3855; x_wconf 69' lang='lat' dir='ltr'>praecipitatus</span> <span class='ocrx_word' id='word_1_513' title='bbox 1490 3785 1632 3840; x_wconf 89' lang='lat' dir='ltr'>adeo</span> <span class='ocrx_word' id='word_1_514' title='bbox 1654 3784 1909 3841; x_wconf 87' lang='lat' dir='ltr'>validum</span> <span class='ocrx_word' id='word_1_515' title='bbox 1927 3803 2018 3841; x_wconf 90' lang='lat' dir='ltr'>so-</span> 
     </span>
    </p>
   </div>
   <div class='ocr_carea' id='block_1_70' title="bbox 375 3869 2018 3930">
    <p class='ocr_par' dir='ltr' id='par_1_70' title="bbox 375 3869 2018 3930">
     <span class='ocr_line' id='line_1_70' title="bbox 375 3869 2018 3930; baseline 0.004 -7"><span class='ocrx_word' id='word_1_516' title='bbox 375 3886 521 3924; x_wconf 89' lang='lat' dir='ltr'>num</span> <span class='ocrx_word' id='word_1_517' title='bbox 554 3869 742 3925; x_wconf 87' lang='lat' dir='ltr'>reddit</span> <span class='ocrx_word' id='word_1_518' title='bbox 772 3876 837 3925; x_wconf 91' lang='lat' dir='ltr'>ut</span> <span class='ocrx_word' id='word_1_519' title='bbox 866 3870 1087 3926; x_wconf 88' lang='lat' dir='ltr'>incolas</span> <span class='ocrx_word' id='word_1_520' title='bbox 1119 3888 1257 3927; x_wconf 91' lang='lat' dir='ltr'>suos</span> <span class='ocrx_word' id='word_1_521' title='bbox 1291 3873 1575 3928; x_wconf 87' lang='lat' dir='ltr'>surditate</span> <span class='ocrx_word' id='word_1_522' title='bbox 1607 3874 1862 3929; x_wconf 90' lang='lat' dir='ltr'>damnet.</span> <span class='ocrx_word' id='word_1_523' title='bbox 1916 3876 2018 3930; x_wconf 90' lang='lat' dir='ltr'>Lo-</span> 
     </span>
    </p>
   </div>
   <div class='ocr_carea' id='block_1_71' title="bbox 374 3959 1873 4033">
    <p class='ocr_par' dir='ltr' id='par_1_71' title="bbox 374 3959 1873 4033">
     <span class='ocr_line' id='line_1_71' title="bbox 374 3959 1873 4033; baseline 0.004 -21"><span class='ocrx_word' id='word_1_524' title='bbox 374 3974 481 4013; x_wconf 89' lang='lat' dir='ltr'>cus</span> <span class='ocrx_word' id='word_1_525' title='bbox 513 3962 707 4014; x_wconf 87' lang='lat' dir='ltr'>autem</span> <span class='ocrx_word' id='word_1_526' title='bbox 738 3975 772 4013; x_wconf 86' lang='lat' dir='ltr'>a</span> <span class='ocrx_word' id='word_1_527' title='bbox 800 3976 915 4031; x_wconf 92' lang='lat' dir='ltr'>quo</span> <span class='ocrx_word' id='word_1_528' title='bbox 951 3959 1219 4025; x_wconf 89' lang='lat' dir='ltr'>elabitur,</span> <span class='ocrx_word' id='word_1_529' title='bbox 1251 3962 1589 4033; x_wconf 86' lang='lat' dir='ltr'>Cataduppa</span> <span class='ocrx_word' id='word_1_530' title='bbox 1617 3968 1873 4018; x_wconf 90' lang='lat' dir='ltr'>vocatur.</span> 
     </span>
    </p>
   </div>
   <div class='ocr_carea' id='block_1_72' title="bbox 450 4048 2020 4124">
    <p class='ocr_par' dir='ltr' id='par_1_72' title="bbox 450 4048 2020 4124">
     <span class='ocr_line' id='line_1_72' title="bbox 450 4048 2020 4124; baseline 0.004 -22"><span class='ocrx_word' id='word_1_531' title='bbox 450 4048 658 4119; x_wconf 82' lang='lat' dir='ltr'>Tygris</span> <span class='ocrx_word' id='word_1_532' title='bbox 688 4064 788 4119; x_wconf 89' lang='lat' dir='ltr'>per</span> <span class='ocrx_word' id='word_1_533' title='bbox 816 4048 1150 4104; x_wconf 86' lang='lat' dir='ltr'>Armeniam</span> <span class='ocrx_word' id='word_1_534' title='bbox 1180 4050 1378 4105; x_wconf 90' lang='lat' dir='ltr'>currit.</span> <span class='ocrx_word' id='word_1_535' title='bbox 1413 4051 1481 4104; x_wconf 88' lang='lat' dir='ltr'>Et</span> <span class='ocrx_word' id='word_1_536' title='bbox 1511 4052 1723 4106; x_wconf 90' lang='lat' dir='ltr'>dicitur</span> <span class='ocrx_word' id='word_1_537' title='bbox 1752 4054 1957 4124; x_wconf 87' lang='lat' dir='ltr'>Tygris</span> <span class='ocrx_word' id='word_1_538' title='bbox 1987 4072 2020 4109; x_wconf 91' lang='lat' dir='ltr'>a</span> 
     </span>
    </p>
   </div>
   <div class='ocr_carea' id='block_1_73' title="bbox 376 4136 1944 4208">
    <p class='ocr_par' dir='ltr' id='par_1_73' title="bbox 376 4136 1944 4208">
     <span class='ocr_line' id='line_1_73' title="bbox 376 4136 1944 4208; baseline 0.004 -18"><span class='ocrx_word' id='word_1_539' title='bbox 376 4136 566 4191; x_wconf 88' lang='lat' dir='ltr'>bestia</span> <span class='ocrx_word' id='word_1_540' title='bbox 590 4136 958 4193; x_wconf 87' lang='lat' dir='ltr'>velocissima</span> <span class='ocrx_word' id='word_1_541' title='bbox 990 4154 1167 4208; x_wconf 91' lang='lat' dir='ltr'>quam</span> <span class='ocrx_word' id='word_1_542' title='bbox 1201 4138 1463 4193; x_wconf 89' lang='lat' dir='ltr'>imitatur</span> <span class='ocrx_word' id='word_1_543' title='bbox 1492 4139 1789 4195; x_wconf 89' lang='lat' dir='ltr'>velocitate</span> <span class='ocrx_word' id='word_1_544' title='bbox 1819 4159 1944 4196; x_wconf 91' lang='lat' dir='ltr'>sua.</span> 
     </span>
    </p>
   </div>
   <div class='ocr_carea' id='block_1_74' title="bbox 444 4224 2016 4300">
    <p class='ocr_par' dir='ltr' id='par_1_74' title="bbox 444 4224 2016 4300">
     <span class='ocr_line' id='line_1_74' title="bbox 444 4224 2016 4300; baseline 0.004 -22"><span class='ocrx_word' id='word_1_545' title='bbox 444 4224 772 4295; x_wconf 86' lang='lat' dir='ltr'>Euphrates</span> <span class='ocrx_word' id='word_1_546' title='bbox 802 4224 1219 4298; x_wconf 89' lang='lat' dir='ltr'>interpretatur</span> <span class='ocrx_word' id='word_1_547' title='bbox 1245 4229 1508 4297; x_wconf 81' lang='lat' dir='ltr'>frugifer,</span> <span class='ocrx_word' id='word_1_548' title='bbox 1532 4244 1597 4282; x_wconf 90' lang='lat' dir='ltr'>eo</span> <span class='ocrx_word' id='word_1_549' title='bbox 1628 4229 1781 4300; x_wconf 90' lang='lat' dir='ltr'>quod</span> <span class='ocrx_word' id='word_1_550' title='bbox 1805 4234 2016 4285; x_wconf 89' lang='lat' dir='ltr'>terram</span> 
     </span>
    </p>
   </div>
   <div class='ocr_carea' id='block_1_75' title="bbox 370 4313 1632 4387">
    <p class='ocr_par' dir='ltr' id='par_1_75' title="bbox 370 4313 1632 4387">
     <span class='ocr_line' id='line_1_75' title="bbox 370 4313 1632 4387; baseline 0.003 -21"><span class='ocrx_word' id='word_1_551' title='bbox 370 4328 550 4382; x_wconf 87' lang='lat' dir='ltr'>quam</span> <span class='ocrx_word' id='word_1_552' title='bbox 583 4313 1009 4385; x_wconf 67' lang='lat' dir='ltr'>praeterlabitur</span> <span class='ocrx_word' id='word_1_553' title='bbox 1039 4316 1375 4387; x_wconf 83' lang='lat' dir='ltr'>frugiferam</span> <span class='ocrx_word' id='word_1_554' title='bbox 1409 4316 1632 4371; x_wconf 90' lang='lat' dir='ltr'>reddat.</span> 
     </span>
    </p>
   </div>
   <div class='ocr_carea' id='block_1_76' title="bbox 444 4401 2019 4477">
    <p class='ocr_par' dir='ltr' id='par_1_76' title="bbox 444 4401 2019 4477">
     <span class='ocr_line' id='line_1_76' title="bbox 444 4401 2019 4477; baseline 0.004 -22"><span class='ocrx_word' id='word_1_555' title='bbox 444 4401 762 4474; x_wconf 85' lang='lat' dir='ltr'>Allegorice</span> <span class='ocrx_word' id='word_1_556' title='bbox 792 4408 985 4458; x_wconf 91' lang='lat' dir='ltr'>autem</span> <span class='ocrx_word' id='word_1_557' title='bbox 1019 4404 1323 4475; x_wconf 85' lang='lat' dir='ltr'>paradisus</span> <span class='ocrx_word' id='word_1_558' title='bbox 1354 4410 1695 4475; x_wconf 64' lang='lat' dir='ltr'>prmsentem</span> <span class='ocrx_word' id='word_1_559' title='bbox 1728 4407 2019 4477; x_wconf 83' lang='lat' dir='ltr'>signiﬁcat</span> 
     </span>
    </p>
   </div>
   <div class='ocr_carea' id='block_1_77' title="bbox 365 4489 2013 4562">
    <p class='ocr_par' dir='ltr' id='par_1_77' title="bbox 365 4489 2013 4562">
     <span class='ocr_line' id='line_1_77' title="bbox 365 4489 2013 4562; baseline 0.003 -18"><span class='ocrx_word' id='word_1_560' title='bbox 365 4489 706 4561; x_wconf 86' lang='lat' dir='ltr'>Ecclesiam,</span> <span class='ocrx_word' id='word_1_561' title='bbox 722 4508 847 4562; x_wconf 81' lang='lat' dir='ltr'>quae</span> <span class='ocrx_word' id='word_1_562' title='bbox 872 4497 1021 4547; x_wconf 89' lang='lat' dir='ltr'>recte</span> <span class='ocrx_word' id='word_1_563' title='bbox 1044 4492 1247 4548; x_wconf 89' lang='lat' dir='ltr'>hortus</span> <span class='ocrx_word' id='word_1_564' title='bbox 1268 4493 1609 4548; x_wconf 88' lang='lat' dir='ltr'>deliciarum</span> <span class='ocrx_word' id='word_1_565' title='bbox 1632 4494 1905 4561; x_wconf 88' lang='lat' dir='ltr'>dicitur,d</span> <span class='ocrx_word' id='word_1_566' title='bbox 1917 4512 2013 4549; x_wconf 93' lang='lat' dir='ltr'>um</span> 
     </span>
    </p>
   </div>
   <div class='ocr_carea' id='block_1_78' title="bbox 2130 3344 3775 3416">
    <p class='ocr_par' dir='ltr' id='par_1_78' title="bbox 2130 3344 3775 3416">
     <span class='ocr_line' id='line_1_78' title="bbox 2130 3344 3775 3416; baseline -0.002 -16"><span class='ocrx_word' id='word_1_567' title='bbox 2130 3348 2268 3408; x_wconf 88' lang='lat' dir='ltr'>tem,</span> <span class='ocrx_word' id='word_1_568' title='bbox 2304 3347 2403 3400; x_wconf 90' lang='lat' dir='ltr'>sed</span> <span class='ocrx_word' id='word_1_569' title='bbox 2428 3362 2530 3416; x_wconf 92' lang='lat' dir='ltr'>per</span> <span class='ocrx_word' id='word_1_570' title='bbox 2546 3347 2859 3416; x_wconf 89' lang='lat' dir='ltr'>quamdam</span> <span class='ocrx_word' id='word_1_571' title='bbox 2885 3346 3090 3399; x_wconf 69' lang='lat' dir='ltr'>divina:</span> <span class='ocrx_word' id='word_1_572' title='bbox 3116 3344 3498 3398; x_wconf 89' lang='lat' dir='ltr'>imitationem</span> <span class='ocrx_word' id='word_1_573' title='bbox 3520 3344 3775 3398; x_wconf 88' lang='lat' dir='ltr'>virtutis.</span> 
     </span>
    </p>
   </div>
   <div class='ocr_carea' id='block_1_79' title="bbox 2132 3431 3779 3505">
    <p class='ocr_par' dir='ltr' id='par_1_79' title="bbox 2132 3431 3779 3505">
     <span class='ocr_line' id='line_1_79' title="bbox 2132 3431 3779 3505; baseline -0.001 -18"><span class='ocrx_word' id='word_1_574' title='bbox 2132 3433 2371 3503; x_wconf 88' lang='lat' dir='ltr'>Impleto</span> <span class='ocrx_word' id='word_1_575' title='bbox 2388 3451 2639 3505; x_wconf 87' lang='lat' dir='ltr'>namque</span> <span class='ocrx_word' id='word_1_576' title='bbox 2659 3435 2919 3488; x_wconf 87' lang='lat' dir='ltr'>omnium</span> <span class='ocrx_word' id='word_1_577' title='bbox 2935 3434 3249 3489; x_wconf 90' lang='lat' dir='ltr'>electorum</span> <span class='ocrx_word' id='word_1_578' title='bbox 3266 3431 3636 3497; x_wconf 90' lang='lat' dir='ltr'>numero,ubi</span> <span class='ocrx_word' id='word_1_579' title='bbox 3653 3431 3779 3486; x_wconf 88' lang='lat' dir='ltr'>nul-</span> 
     </span>
    </p>
   </div>
   <div class='ocr_carea' id='block_1_80' title="bbox 2131 3519 3775 3593">
    <p class='ocr_par' dir='ltr' id='par_1_80' title="bbox 2131 3519 3775 3593">
     <span class='ocr_line' id='line_1_80' title="bbox 2131 3519 3775 3593; baseline 0.001 -19"><span class='ocrx_word' id='word_1_580' title='bbox 2131 3520 2225 3575; x_wconf 89' lang='lat' dir='ltr'>lus</span> <span class='ocrx_word' id='word_1_581' title='bbox 2255 3523 2537 3591; x_wconf 85' lang='lat' dir='ltr'>reprobus</span> <span class='ocrx_word' id='word_1_582' title='bbox 2569 3528 2923 3587; x_wconf 88' lang='lat' dir='ltr'>nasceretur,</span> <span class='ocrx_word' id='word_1_583' title='bbox 2947 3524 3251 3593; x_wconf 90' lang='lat' dir='ltr'>gustarent</span> <span class='ocrx_word' id='word_1_584' title='bbox 3280 3536 3483 3575; x_wconf 90' lang='lat' dir='ltr'>omnes</span> <span class='ocrx_word' id='word_1_585' title='bbox 3516 3520 3586 3574; x_wconf 91' lang='lat' dir='ltr'>de</span> <span class='ocrx_word' id='word_1_586' title='bbox 3614 3519 3775 3592; x_wconf 85' lang='lat' dir='ltr'>ligno</span> 
     </span>
    </p>
   </div>
   <div class='ocr_carea' id='block_1_81' title="bbox 2130 3606 3774 3675">
    <p class='ocr_par' dir='ltr' id='par_1_81' title="bbox 2130 3606 3774 3675">
     <span class='ocr_line' id='line_1_81' title="bbox 2130 3606 3774 3675; baseline -0.001 -14"><span class='ocrx_word' id='word_1_587' title='bbox 2130 3609 2282 3675; x_wconf 69' lang='lat' dir='ltr'>vitae,</span> <span class='ocrx_word' id='word_1_588' title='bbox 2315 3612 2373 3663; x_wconf 91' lang='lat' dir='ltr'>et</span> <span class='ocrx_word' id='word_1_589' title='bbox 2402 3608 2486 3663; x_wconf 92' lang='lat' dir='ltr'>sic</span> <span class='ocrx_word' id='word_1_590' title='bbox 2519 3609 2591 3662; x_wconf 93' lang='lat' dir='ltr'>ab</span> <span class='ocrx_word' id='word_1_591' title='bbox 2640 3608 2752 3662; x_wconf 89' lang='lat' dir='ltr'>isto</span> <span class='ocrx_word' id='word_1_592' title='bbox 2776 3610 2976 3665; x_wconf 87' lang='lat' dir='ltr'>medio</span> <span class='ocrx_word' id='word_1_593' title='bbox 3009 3612 3163 3662; x_wconf 91' lang='lat' dir='ltr'>statu</span> <span class='ocrx_word' id='word_1_594' title='bbox 3214 3607 3675 3663; x_wconf 87' lang='lat' dir='ltr'>transferrentur</span> <span class='ocrx_word' id='word_1_595' title='bbox 3715 3606 3774 3661; x_wconf 89' lang='lat' dir='ltr'>in</span> 
     </span>
    </p>
   </div>
   <div class='ocr_carea' id='block_1_82' title="bbox 2130 3694 3776 3767">
    <p class='ocr_par' dir='ltr' id='par_1_82' title="bbox 2130 3694 3776 3767">
     <span class='ocr_line' id='line_1_82' title="bbox 2130 3694 3776 3767; baseline -0.001 -16"><span class='ocrx_word' id='word_1_596' title='bbox 2130 3696 2297 3752; x_wconf 92' lang='lat' dir='ltr'>illum</span> <span class='ocrx_word' id='word_1_597' title='bbox 2322 3697 2554 3752; x_wconf 91' lang='lat' dir='ltr'>beatum</span> <span class='ocrx_word' id='word_1_598' title='bbox 2582 3700 2801 3751; x_wconf 88' lang='lat' dir='ltr'>statum</span> <span class='ocrx_word' id='word_1_599' title='bbox 2825 3696 3064 3767; x_wconf 90' lang='lat' dir='ltr'>ubijam</span> <span class='ocrx_word' id='word_1_600' title='bbox 3089 3712 3191 3750; x_wconf 90' lang='lat' dir='ltr'>nec</span> <span class='ocrx_word' id='word_1_601' title='bbox 3214 3694 3395 3749; x_wconf 89' lang='lat' dir='ltr'>velint</span> <span class='ocrx_word' id='word_1_602' title='bbox 3416 3712 3519 3750; x_wconf 91' lang='lat' dir='ltr'>nec</span> <span class='ocrx_word' id='word_1_603' title='bbox 3544 3696 3776 3766; x_wconf 88' lang='lat' dir='ltr'>possint</span> 
     </span>
    </p>
   </div>
   <div class='ocr_carea' id='block_1_83' title="bbox 2129 3802 2387 3857">
    <p class='ocr_par' dir='ltr' id='par_1_83' title="bbox 2129 3802 2387 3857">
     <span class='ocr_line' id='line_1_83' title="bbox 2129 3802 2387 3857; baseline -0.008 -15"><span class='ocrx_word' id='word_1_604' title='bbox 2129 3802 2387 3857; x_wconf 87' lang='lat' dir='ltr'>peccare.</span> 
     </span>
    </p>
   </div>
   <div class='ocr_carea' id='block_1_84' title="bbox 2196 3869 3775 3943">
    <p class='ocr_par' dir='ltr' id='par_1_84' title="bbox 2196 3869 3775 3943">
     <span class='ocr_line' id='line_1_84' title="bbox 2196 3869 3775 3943; baseline -0.001 -15"><span class='ocrx_word' id='word_1_605' title='bbox 2196 3875 2361 3930; x_wconf 86' lang='lat' dir='ltr'>Vers.</span> <span class='ocrx_word' id='word_1_606' title='bbox 2397 3877 2483 3930; x_wconf 84' lang='lat'>19.</span> <span class='ocrx_word' id='word_1_607' title='bbox 2515 3876 2782 3930; x_wconf 85' lang='lat' dir='ltr'>Formatis</span> <span class='ocrx_word' id='word_1_608' title='bbox 2812 3874 3009 3943; x_wconf 87' lang='lat' dir='ltr'>igitur,</span> <span class='ocrx_word' id='word_1_609' title='bbox 3043 3876 3147 3927; x_wconf 90' lang='lat' dir='ltr'>etc.</span> <span class='ocrx_word' id='word_1_610' title='bbox 3185 3872 3469 3939; x_wconf 89' lang='lat' dir='ltr'>Superius</span> <span class='ocrx_word' id='word_1_611' title='bbox 3497 3886 3567 3925; x_wconf 80' lang='lat' dir='ltr'>ex</span> <span class='ocrx_word' id='word_1_612' title='bbox 3607 3869 3775 3942; x_wconf 89' lang='lat' dir='ltr'>aquis</span> 
     </span>
    </p>
   </div>
   <div class='ocr_carea' id='block_1_85' title="bbox 2126 3958 3776 4035">
    <p class='ocr_par' dir='ltr' id='par_1_85' title="bbox 2126 3958 3776 4035">
     <span class='ocr_line' id='line_1_85' title="bbox 2126 3958 3776 4035; baseline -0.003 -18"><span class='ocrx_word' id='word_1_613' title='bbox 2126 3963 2383 4020; x_wconf 86' lang='lat' dir='ltr'>volatilia</span> <span class='ocrx_word' id='word_1_614' title='bbox 2404 3964 2708 4035; x_wconf 88' lang='lat' dir='ltr'>progenita</span> <span class='ocrx_word' id='word_1_615' title='bbox 2726 3963 2947 4018; x_wconf 91' lang='lat' dir='ltr'>dictum</span> <span class='ocrx_word' id='word_1_616' title='bbox 2969 3960 3251 4018; x_wconf 89' lang='lat' dir='ltr'>est.Nunc</span> <span class='ocrx_word' id='word_1_617' title='bbox 3269 3976 3402 4015; x_wconf 91' lang='lat' dir='ltr'>vero</span> <span class='ocrx_word' id='word_1_618' title='bbox 3424 3958 3564 4014; x_wconf 92' lang='lat' dir='ltr'>dicit</span> <span class='ocrx_word' id='word_1_619' title='bbox 3581 3963 3776 4013; x_wconf 89' lang='lat' dir='ltr'>eterra</span> 
     </span>
    </p>
   </div>
   <div class='ocr_carea' id='block_1_86' title="bbox 2127 4048 3775 4120">
    <p class='ocr_par' dir='ltr' id='par_1_86' title="bbox 2127 4048 3775 4120">
     <span class='ocr_line' id='line_1_86' title="bbox 2127 4048 3775 4120; baseline -0.004 -12"><span class='ocrx_word' id='word_1_620' title='bbox 2127 4052 2300 4108; x_wconf 88' lang='lat' dir='ltr'>simul</span> <span class='ocrx_word' id='word_1_621' title='bbox 2332 4052 2551 4107; x_wconf 66' lang='lat' dir='ltr'>caeteris</span> <span class='ocrx_word' id='word_1_622' title='bbox 2576 4052 2973 4107; x_wconf 87' lang='lat' dir='ltr'>animantibus</span> <span class='ocrx_word' id='word_1_623' title='bbox 2999 4067 3126 4107; x_wconf 92' lang='lat' dir='ltr'>esse</span> <span class='ocrx_word' id='word_1_624' title='bbox 3152 4050 3400 4104; x_wconf 88' lang='lat' dir='ltr'>formata</span> <span class='ocrx_word' id='word_1_625' title='bbox 3430 4065 3443 4103; x_wconf 89' lang='lat'><strong>:</strong></span> <span class='ocrx_word' id='word_1_626' title='bbox 3477 4049 3629 4120; x_wconf 89' lang='lat' dir='ltr'>quod</span> <span class='ocrx_word' id='word_1_627' title='bbox 3662 4048 3775 4102; x_wconf 92' lang='lat' dir='ltr'>du-</span> 
     </span>
    </p>
   </div>
   <div class='ocr_carea' id='block_1_87' title="bbox 2127 4136 3773 4212">
    <p class='ocr_par' dir='ltr' id='par_1_87' title="bbox 2127 4136 3773 4212">
     <span class='ocr_line' id='line_1_87' title="bbox 2127 4136 3773 4212; baseline -0.002 -17"><span class='ocrx_word' id='word_1_628' title='bbox 2127 4141 2259 4212; x_wconf 90' lang='lat' dir='ltr'>plici</span> <span class='ocrx_word' id='word_1_629' title='bbox 2291 4142 2460 4196; x_wconf 91' lang='lat' dir='ltr'>modo</span> <span class='ocrx_word' id='word_1_630' title='bbox 2483 4141 2625 4196; x_wconf 90' lang='lat' dir='ltr'>solvi</span> <span class='ocrx_word' id='word_1_631' title='bbox 2653 4146 2863 4212; x_wconf 86' lang='lat' dir='ltr'>potest,</span> <span class='ocrx_word' id='word_1_632' title='bbox 2888 4146 2952 4195; x_wconf 94' lang='lat' dir='ltr'>ut</span> <span class='ocrx_word' id='word_1_633' title='bbox 2987 4139 3073 4195; x_wconf 91' lang='lat' dir='ltr'>vel</span> <span class='ocrx_word' id='word_1_634' title='bbox 3096 4138 3569 4195; x_wconf 89' lang='lat' dir='ltr'>subaudiendum</span> <span class='ocrx_word' id='word_1_635' title='bbox 3592 4136 3773 4192; x_wconf 90' lang='lat' dir='ltr'>relin-</span> 
     </span>
    </p>
   </div>
   <div class='ocr_carea' id='block_1_88' title="bbox 2126 4226 3773 4300">
    <p class='ocr_par' dir='ltr' id='par_1_88' title="bbox 2126 4226 3773 4300">
     <span class='ocr_line' id='line_1_88' title="bbox 2126 4226 3773 4300; baseline -0.001 -17"><span class='ocrx_word' id='word_1_636' title='bbox 2126 4235 2360 4300; x_wconf 89' lang='lat' dir='ltr'>quatur,</span> <span class='ocrx_word' id='word_1_637' title='bbox 2393 4246 2526 4285; x_wconf 91' lang='lat' dir='ltr'>cum</span> <span class='ocrx_word' id='word_1_638' title='bbox 2556 4231 2694 4285; x_wconf 89' lang='lat' dir='ltr'>dicit</span> <span class='ocrx_word' id='word_1_639' title='bbox 2724 4248 2735 4285; x_wconf 93' lang='lat'>:</span> <span class='ocrx_word' id='word_1_640' title='bbox 2770 4229 3036 4285; x_wconf 89' lang='lat' dir='ltr'>formatis</span> <span class='ocrx_word' id='word_1_641' title='bbox 3059 4230 3129 4284; x_wconf 88' lang='lat' dir='ltr'>de</span> <span class='ocrx_word' id='word_1_642' title='bbox 3159 4229 3339 4283; x_wconf 92' lang='lat' dir='ltr'>humo</span> <span class='ocrx_word' id='word_1_643' title='bbox 3372 4226 3773 4282; x_wconf 89' lang='lat' dir='ltr'>animantibus</span> 
     </span>
    </p>
   </div>
   <div class='ocr_carea' id='block_1_89' title="bbox 2124 4316 3769 4387">
    <p class='ocr_par' dir='ltr' id='par_1_89' title="bbox 2124 4316 3769 4387">
     <span class='ocr_line' id='line_1_89' title="bbox 2124 4316 3769 4387; baseline -0.002 -16"><span class='ocrx_word' id='word_1_644' title='bbox 2124 4320 2288 4372; x_wconf 77' lang='lat' dir='ltr'>terrae</span> <span class='ocrx_word' id='word_1_645' title='bbox 2320 4322 2377 4372; x_wconf 92' lang='lat' dir='ltr'>et</span> <span class='ocrx_word' id='word_1_646' title='bbox 2404 4317 2736 4373; x_wconf 87' lang='lat' dir='ltr'>volatilibus</span> <span class='ocrx_word' id='word_1_647' title='bbox 2767 4318 2917 4387; x_wconf 75' lang='lat' dir='ltr'>caeli,</span> <span class='ocrx_word' id='word_1_648' title='bbox 2942 4317 3249 4379; x_wconf 89' lang='lat' dir='ltr'>subaudis,</span> <span class='ocrx_word' id='word_1_649' title='bbox 3276 4316 3345 4370; x_wconf 90' lang='lat' dir='ltr'>de</span> <span class='ocrx_word' id='word_1_650' title='bbox 3374 4332 3527 4387; x_wconf 88' lang='lat' dir='ltr'>aqua</span> <span class='ocrx_word' id='word_1_651' title='bbox 3558 4316 3769 4368; x_wconf 89' lang='lat' dir='ltr'>forma-</span> 
     </span>
    </p>
   </div>
   <div class='ocr_carea' id='block_1_90' title="bbox 2124 4401 3771 4473">
    <p class='ocr_par' dir='ltr' id='par_1_90' title="bbox 2124 4401 3771 4473">
     <span class='ocr_line' id='line_1_90' title="bbox 2124 4401 3771 4473; baseline -0.003 -14"><span class='ocrx_word' id='word_1_652' title='bbox 2124 4406 2199 4459; x_wconf 91' lang='lat' dir='ltr'>tis</span> <span class='ocrx_word' id='word_1_653' title='bbox 2234 4423 2247 4460; x_wconf 91' lang='lat'><strong>:</strong></span> <span class='ocrx_word' id='word_1_654' title='bbox 2282 4404 2367 4459; x_wconf 90' lang='lat' dir='ltr'>vel</span> <span class='ocrx_word' id='word_1_655' title='bbox 2403 4406 2808 4463; x_wconf 89' lang='lat' dir='ltr'>universaliter</span> <span class='ocrx_word' id='word_1_656' title='bbox 2838 4412 2999 4461; x_wconf 62' lang='lat' dir='ltr'>terrae</span> <span class='ocrx_word' id='word_1_657' title='bbox 3020 4404 3254 4459; x_wconf 90' lang='lat' dir='ltr'>nomine</span> <span class='ocrx_word' id='word_1_658' title='bbox 3276 4401 3771 4473; x_wconf 89' lang='lat' dir='ltr'>comprehendan-</span> 
     </span>
    </p>
   </div>
   <div class='ocr_carea' id='block_1_91' title="bbox 2123 4489 3768 4571">
    <p class='ocr_par' dir='ltr' id='par_1_91' title="bbox 2123 4489 3768 4571">
     <span class='ocr_line' id='line_1_91' title="bbox 2123 4489 3768 4571; baseline -0.003 -24"><span class='ocrx_word' id='word_1_659' title='bbox 2123 4497 2219 4548; x_wconf 92' lang='lat' dir='ltr'>tur</span> <span class='ocrx_word' id='word_1_660' title='bbox 2248 4498 2305 4548; x_wconf 92' lang='lat' dir='ltr'>et</span> <span class='ocrx_word' id='word_1_661' title='bbox 2336 4510 2500 4564; x_wconf 65' lang='lat' dir='ltr'>aquae</span> <span class='ocrx_word' id='word_1_662' title='bbox 2541 4512 2668 4565; x_wconf 65' lang='lat' dir='ltr'>qua:</span> <span class='ocrx_word' id='word_1_663' title='bbox 2700 4494 2758 4549; x_wconf 91' lang='lat' dir='ltr'>in</span> <span class='ocrx_word' id='word_1_664' title='bbox 2792 4500 2942 4549; x_wconf 89' lang='lat' dir='ltr'>terra</span> <span class='ocrx_word' id='word_1_665' title='bbox 2994 4498 3151 4554; x_wconf 92' lang='lat' dir='ltr'>sunt,</span> <span class='ocrx_word' id='word_1_666' title='bbox 3186 4490 3338 4545; x_wconf 89' lang='lat' dir='ltr'>sicut</span> <span class='ocrx_word' id='word_1_667' title='bbox 3367 4494 3423 4544; x_wconf 91' lang='lat' dir='ltr'>et</span> <span class='ocrx_word' id='word_1_668' title='bbox 3453 4490 3509 4543; x_wconf 88' lang='lat' dir='ltr'>in</span> <span class='ocrx_word' id='word_1_669' title='bbox 3539 4489 3768 4571; x_wconf 90' lang='lat' dir='ltr'>psalmo</span> 
     </span>
    </p>
   </div>
   <div class='ocr_carea' id='block_1_92' title="bbox 364 4577 3767 4668">
    <p class='ocr_par' dir='ltr' id='par_1_92' title="bbox 364 4577 3767 4668">
     <span class='ocr_line' id='line_1_92' title="bbox 364 4577 3767 4668; baseline -0.001 -35"><span class='ocrx_word' id='word_1_670' title='bbox 364 4580 609 4639; x_wconf 88' lang='lat' dir='ltr'>nobisin</span> <span class='ocrx_word' id='word_1_671' title='bbox 632 4596 699 4634; x_wconf 90' lang='lat' dir='ltr'>ea</span> <span class='ocrx_word' id='word_1_672' title='bbox 712 4580 1003 4651; x_wconf 90' lang='lat' dir='ltr'>spiritales</span> <span class='ocrx_word' id='word_1_673' title='bbox 1026 4581 1245 4637; x_wconf 66' lang='lat' dir='ltr'>delicia:</span> <span class='ocrx_word' id='word_1_674' title='bbox 1265 4582 2014 4654; x_wconf 81' lang='lat' dir='ltr'>udministrantur.Lignum</span> <span class='ocrx_word' id='word_1_675' title='bbox 2046 4606 2092 4668; x_wconf 65' lang='grc' dir='ltr'>ι)</span> <span class='ocrx_word' id='word_1_676' title='bbox 2128 4581 2413 4653; x_wconf 89' lang='lat' dir='ltr'>Propheta</span> <span class='ocrx_word' id='word_1_677' title='bbox 2444 4582 2621 4636; x_wconf 89' lang='lat' dir='ltr'>simul</span> <span class='ocrx_word' id='word_1_678' title='bbox 2644 4599 2777 4636; x_wconf 90' lang='lat' dir='ltr'>cum</span> <span class='ocrx_word' id='word_1_679' title='bbox 2802 4591 2953 4635; x_wconf 90' lang='lat' dir='ltr'>terra</span> <span class='ocrx_word' id='word_1_680' title='bbox 2974 4578 3413 4649; x_wconf 89' lang='lat' dir='ltr'>comprehendit</span> <span class='ocrx_word' id='word_1_681' title='bbox 3442 4577 3615 4632; x_wconf 90' lang='lat' dir='ltr'>etiam</span> <span class='ocrx_word' id='word_1_682' title='bbox 3640 4594 3767 4647; x_wconf 69' lang='lat' dir='ltr'>qua:</span> 
     </span>
    </p>
   </div>
   <div class='ocr_carea' id='block_1_93' title="bbox 362 4668 2013 4739">
    <p class='ocr_par' dir='ltr' id='par_1_93' title="bbox 362 4668 2013 4739">
     <span class='ocr_line' id='line_1_93' title="bbox 362 4668 2013 4739; baseline 0.004 -18"><span class='ocrx_word' id='word_1_683' title='bbox 362 4668 496 4724; x_wconf 67' lang='lat' dir='ltr'>vitae</span> <span class='ocrx_word' id='word_1_684' title='bbox 524 4670 585 4722; x_wconf 87' lang='lat' dir='ltr'>in</span> <span class='ocrx_word' id='word_1_685' title='bbox 612 4668 789 4723; x_wconf 86' lang='lat' dir='ltr'>medio</span> <span class='ocrx_word' id='word_1_686' title='bbox 816 4670 1079 4739; x_wconf 77' lang='lat' dir='ltr'>paradisi</span> <span class='ocrx_word' id='word_1_687' title='bbox 1110 4670 1377 4725; x_wconf 87' lang='lat' dir='ltr'>Christus</span> <span class='ocrx_word' id='word_1_688' title='bbox 1407 4675 1496 4725; x_wconf 87' lang='lat' dir='ltr'>est</span> <span class='ocrx_word' id='word_1_689' title='bbox 1518 4671 1574 4725; x_wconf 89' lang='lat' dir='ltr'>in</span> <span class='ocrx_word' id='word_1_690' title='bbox 1606 4672 1797 4726; x_wconf 90' lang='lat' dir='ltr'>medio</span> <span class='ocrx_word' id='word_1_691' title='bbox 1822 4671 2013 4727; x_wconf 85' lang='lat' dir='ltr'>Eccle-</span> 
     </span>
    </p>
   </div>
   <div class='ocr_carea' id='block_1_94' title="bbox 364 4755 2013 4828">
    <p class='ocr_par' dir='ltr' id='par_1_94' title="bbox 364 4755 2013 4828">
     <span class='ocr_line' id='line_1_94' title="bbox 364 4755 2013 4828; baseline 0.003 -18"><span class='ocrx_word' id='word_1_692' title='bbox 364 4755 485 4825; x_wconf 68' lang='lat' dir='ltr'>siae,</span> <span class='ocrx_word' id='word_1_693' title='bbox 502 4756 572 4811; x_wconf 90' lang='lat' dir='ltr'>de</span> <span class='ocrx_word' id='word_1_694' title='bbox 592 4774 705 4827; x_wconf 91' lang='lat' dir='ltr'>quo</span> <span class='ocrx_word' id='word_1_695' title='bbox 723 4774 825 4828; x_wconf 91' lang='lat' dir='ltr'>per</span> <span class='ocrx_word' id='word_1_696' title='bbox 844 4758 1159 4828; x_wconf 90' lang='lat' dir='ltr'>quemdam</span> <span class='ocrx_word' id='word_1_697' title='bbox 1175 4758 1496 4827; x_wconf 88' lang='lat' dir='ltr'>sapientem</span> <span class='ocrx_word' id='word_1_698' title='bbox 1520 4759 1761 4815; x_wconf 90' lang='lat' dir='ltr'>dicitur:</span> <span class='ocrx_word' id='word_1_699' title='bbox 1782 4762 2013 4828; x_wconf 85' lang='lat' dir='ltr'>Lignum</span> 
     </span>
    </p>
   </div>
   <div class='ocr_carea' id='block_1_95' title="bbox 364 4845 2005 4919">
    <p class='ocr_par' dir='ltr' id='par_1_95' title="bbox 364 4845 2005 4919">
     <span class='ocr_line' id='line_1_95' title="bbox 364 4845 2005 4919; baseline 0.002 -19"><span class='ocrx_word' id='word_1_700' title='bbox 364 4845 500 4901; x_wconf 65' lang='lat' dir='ltr'>vitae</span> <span class='ocrx_word' id='word_1_701' title='bbox 526 4850 605 4900; x_wconf 85' lang='lat' dir='ltr'>est</span> <span class='ocrx_word' id='word_1_702' title='bbox 633 4846 719 4899; x_wconf 87' lang='lat' dir='ltr'>his</span> <span class='ocrx_word' id='word_1_703' title='bbox 771 4848 867 4917; x_wconf 88' lang='lat' dir='ltr'>qui</span> <span class='ocrx_word' id='word_1_704' title='bbox 896 4846 1357 4917; x_wconf 82' lang='lat' dir='ltr'>apprehenderint</span> <span class='ocrx_word' id='word_1_705' title='bbox 1404 4863 1534 4902; x_wconf 83' lang='lat' dir='ltr'>eum</span> <span class='ocrx_word' id='word_1_706' title='bbox 1564 4849 1747 4916; x_wconf 91' lang='lat' dir='ltr'>(Prov.</span> <span class='ocrx_word' id='word_1_707' title='bbox 1780 4867 1861 4913; x_wconf 81' lang='lat' dir='ltr'>In,</span> <span class='ocrx_word' id='word_1_708' title='bbox 1898 4851 2005 4919; x_wconf 87' lang='lat'>18).</span> 
     </span>
    </p>
   </div>
   <div class='ocr_carea' id='block_1_96' title="bbox 367 4932 2011 5006">
    <p class='ocr_par' dir='ltr' id='par_1_96' title="bbox 367 4932 2011 5006">
     <span class='ocr_line' id='line_1_96' title="bbox 367 4932 2011 5006; baseline 0.002 -18"><span class='ocrx_word' id='word_1_709' title='bbox 367 4932 500 5004; x_wconf 88' lang='lat' dir='ltr'>Ipse</span> <span class='ocrx_word' id='word_1_710' title='bbox 530 4939 620 4989; x_wconf 89' lang='lat' dir='ltr'>est</span> <span class='ocrx_word' id='word_1_711' title='bbox 644 4934 822 4989; x_wconf 89' lang='lat' dir='ltr'>etiam</span> <span class='ocrx_word' id='word_1_712' title='bbox 839 4934 987 4998; x_wconf 83' lang='lat' dir='ltr'>fons,</span> <span class='ocrx_word' id='word_1_713' title='bbox 1010 4934 1109 5006; x_wconf 90' lang='lat' dir='ltr'>qui</span> <span class='ocrx_word' id='word_1_714' title='bbox 1130 4935 1201 4989; x_wconf 91' lang='lat' dir='ltr'>de</span> <span class='ocrx_word' id='word_1_715' title='bbox 1223 4935 1410 4989; x_wconf 90' lang='lat' dir='ltr'>Patris</span> <span class='ocrx_word' id='word_1_716' title='bbox 1431 4936 1763 4991; x_wconf 87' lang='lat' dir='ltr'>substantia</span> <span class='ocrx_word' id='word_1_717' title='bbox 1779 4937 2011 4992; x_wconf 78' lang='lat' dir='ltr'>descen-</span> 
     </span>
    </p>
   </div>
   <div class='ocr_carea' id='block_1_97' title="bbox 368 5022 2005 5095">
    <p class='ocr_par' dir='ltr' id='par_1_97' title="bbox 368 5022 2005 5095">
     <span class='ocr_line' id='line_1_97' title="bbox 368 5022 2005 5095; baseline 0.003 -19"><span class='ocrx_word' id='word_1_718' title='bbox 368 5022 514 5077; x_wconf 86' lang='lat' dir='ltr'>dens</span> <span class='ocrx_word' id='word_1_719' title='bbox 544 5024 613 5077; x_wconf 91' lang='lat' dir='ltr'>ad</span> <span class='ocrx_word' id='word_1_720' title='bbox 638 5022 999 5095; x_wconf 89' lang='lat' dir='ltr'>irrigandam</span> <span class='ocrx_word' id='word_1_721' title='bbox 1022 5040 1190 5078; x_wconf 91' lang='lat' dir='ltr'>suam</span> <span class='ocrx_word' id='word_1_722' title='bbox 1223 5024 1809 5079; x_wconf 87' lang='lat' dir='ltr'>Ecclesiamsanctam</span> <span class='ocrx_word' id='word_1_723' title='bbox 1832 5026 2005 5081; x_wconf 85' lang='lat' dir='ltr'>venit.</span> 
     </span>
    </p>
   </div>
   <div class='ocr_carea' id='block_1_98' title="bbox 367 5109 2009 5188">
    <p class='ocr_par' dir='ltr' id='par_1_98' title="bbox 367 5109 2009 5188">
     <span class='ocr_line' id='line_1_98' title="bbox 367 5109 2009 5188; baseline 0.003 -23"><span class='ocrx_word' id='word_1_724' title='bbox 367 5109 451 5165; x_wconf 87' lang='lat' dir='ltr'>De</span> <span class='ocrx_word' id='word_1_725' title='bbox 478 5127 594 5182; x_wconf 88' lang='lat' dir='ltr'>quo</span> <span class='ocrx_word' id='word_1_726' title='bbox 614 5128 718 5182; x_wconf 92' lang='lat' dir='ltr'>per</span> <span class='ocrx_word' id='word_1_727' title='bbox 742 5112 1433 5183; x_wconf 86' lang='lat' dir='ltr'>prophetamZachariam</span> <span class='ocrx_word' id='word_1_728' title='bbox 1467 5112 1681 5167; x_wconf 90' lang='lat' dir='ltr'>dicitur</span> <span class='ocrx_word' id='word_1_729' title='bbox 1704 5129 1715 5168; x_wconf 90' lang='lat'><strong>:</strong></span> <span class='ocrx_word' id='word_1_730' title='bbox 1746 5116 1864 5169; x_wconf 88' lang='lat' dir='ltr'>Erit</span> <span class='ocrx_word' id='word_1_731' title='bbox 1881 5116 2009 5188; x_wconf 82' lang='lat' dir='ltr'>fons</span> 
     </span>
    </p>
   </div>
   <div class='ocr_carea' id='block_1_99' title="bbox 357 5200 2007 5272">
    <p class='ocr_par' dir='ltr' id='par_1_99' title="bbox 357 5200 2007 5272">
     <span class='ocr_line' id='line_1_99' title="bbox 357 5200 2007 5272; baseline 0.004 -19"><span class='ocrx_word' id='word_1_732' title='bbox 357 5204 556 5270; x_wconf 83' lang='lat' dir='ltr'>patens</span> <span class='ocrx_word' id='word_1_733' title='bbox 586 5202 783 5255; x_wconf 87' lang='lat' dir='ltr'>domui</span> <span class='ocrx_word' id='word_1_734' title='bbox 812 5200 981 5255; x_wconf 84' lang='lat' dir='ltr'>David</span> <span class='ocrx_word' id='word_1_735' title='bbox 1010 5203 1070 5255; x_wconf 90' lang='lat' dir='ltr'>in</span> <span class='ocrx_word' id='word_1_736' title='bbox 1098 5201 1425 5256; x_wconf 87' lang='lat' dir='ltr'>oblationem</span> <span class='ocrx_word' id='word_1_737' title='bbox 1450 5206 1748 5272; x_wconf 87' lang='lat' dir='ltr'>peccatoris</span> <span class='ocrx_word' id='word_1_738' title='bbox 1776 5206 1825 5258; x_wconf 87' lang='lat' dir='ltr'>et</span> <span class='ocrx_word' id='word_1_739' title='bbox 1854 5221 2007 5259; x_wconf 88' lang='lat' dir='ltr'>men-</span> 
     </span>
    </p>
   </div>
   <div class='ocr_carea' id='block_1_100' title="bbox 360 5289 2007 5359">
    <p class='ocr_par' dir='ltr' id='par_1_100' title="bbox 360 5289 2007 5359">
     <span class='ocr_line' id='line_1_100' title="bbox 360 5289 2007 5359; baseline 0.004 -17"><span class='ocrx_word' id='word_1_740' title='bbox 360 5290 591 5345; x_wconf 78' lang='lat' dir='ltr'>struatae</span> <span class='ocrx_word' id='word_1_741' title='bbox 622 5290 802 5356; x_wconf 85' lang='lat' dir='ltr'>(Zaeh.</span> <span class='ocrx_word' id='word_1_742' title='bbox 830 5306 956 5355; x_wconf 83' lang='lat' dir='ltr'>xm,</span> <span class='ocrx_word' id='word_1_743' title='bbox 989 5292 1061 5359; x_wconf 93' lang='lat'>1).</span> <span class='ocrx_word' id='word_1_744' title='bbox 1096 5289 1314 5345; x_wconf 90' lang='lat' dir='ltr'>Domus</span> <span class='ocrx_word' id='word_1_745' title='bbox 1345 5290 1523 5345; x_wconf 88' lang='lat' dir='ltr'>David</span> <span class='ocrx_word' id='word_1_746' title='bbox 1558 5296 1760 5346; x_wconf 89' lang='lat' dir='ltr'>sancta</span> <span class='ocrx_word' id='word_1_747' title='bbox 1786 5298 1875 5347; x_wconf 90' lang='lat' dir='ltr'>est</span> <span class='ocrx_word' id='word_1_748' title='bbox 1904 5295 2007 5348; x_wconf 90' lang='lat' dir='ltr'>Ec-</span> 
     </span>
    </p>
   </div>
   <div class='ocr_carea' id='block_1_101' title="bbox 362 5374 2007 5450">
    <p class='ocr_par' dir='ltr' id='par_1_101' title="bbox 362 5374 2007 5450">
     <span class='ocr_line' id='line_1_101' title="bbox 362 5374 2007 5450; baseline 0.005 -19"><span class='ocrx_word' id='word_1_749' title='bbox 362 5374 560 5442; x_wconf 85' lang='lat' dir='ltr'>clesia,</span> <span class='ocrx_word' id='word_1_750' title='bbox 586 5378 699 5445; x_wconf 90' lang='lat' dir='ltr'>cui,</span> <span class='ocrx_word' id='word_1_751' title='bbox 723 5378 779 5432; x_wconf 91' lang='lat' dir='ltr'>id</span> <span class='ocrx_word' id='word_1_752' title='bbox 803 5383 912 5443; x_wconf 92' lang='lat' dir='ltr'>est,</span> <span class='ocrx_word' id='word_1_753' title='bbox 935 5378 1007 5432; x_wconf 90' lang='lat' dir='ltr'>ad</span> <span class='ocrx_word' id='word_1_754' title='bbox 1030 5379 1200 5448; x_wconf 90' lang='lat' dir='ltr'>cujus</span> <span class='ocrx_word' id='word_1_755' title='bbox 1222 5379 1472 5433; x_wconf 90' lang='lat' dir='ltr'>salutem</span> <span class='ocrx_word' id='word_1_756' title='bbox 1491 5382 1637 5450; x_wconf 89' lang='lat' dir='ltr'>patet</span> <span class='ocrx_word' id='word_1_757' title='bbox 1665 5384 1807 5450; x_wconf 82' lang='lat' dir='ltr'>fons,</span> <span class='ocrx_word' id='word_1_758' title='bbox 1842 5383 1896 5437; x_wconf 90' lang='lat' dir='ltr'>id</span> <span class='ocrx_word' id='word_1_759' title='bbox 1921 5388 2007 5439; x_wconf 87' lang='lat' dir='ltr'>est</span> 
     </span>
    </p>
   </div>
   <div class='ocr_carea' id='block_1_102' title="bbox 361 5464 2007 5543">
    <p class='ocr_par' dir='ltr' id='par_1_102' title="bbox 361 5464 2007 5543">
     <span class='ocr_line' id='line_1_102' title="bbox 361 5464 2007 5543; baseline 0.005 -23"><span class='ocrx_word' id='word_1_760' title='bbox 361 5464 649 5533; x_wconf 88' lang='lat' dir='ltr'>Christus,</span> <span class='ocrx_word' id='word_1_761' title='bbox 683 5467 740 5519; x_wconf 91' lang='lat' dir='ltr'>in</span> <span class='ocrx_word' id='word_1_762' title='bbox 770 5466 1101 5523; x_wconf 81' lang='lat' dir='ltr'>ablutionem</span> <span class='ocrx_word' id='word_1_763' title='bbox 1140 5469 1453 5537; x_wconf 86' lang='lat' dir='ltr'>peccatoris.</span> <span class='ocrx_word' id='word_1_764' title='bbox 1486 5472 1762 5526; x_wconf 87' lang='lat' dir='ltr'>Peccator</span> <span class='ocrx_word' id='word_1_765' title='bbox 1789 5476 1877 5527; x_wconf 90' lang='lat' dir='ltr'>est</span> <span class='ocrx_word' id='word_1_766' title='bbox 1907 5477 2007 5543; x_wconf 86' lang='lat' dir='ltr'>qut</span> 
     </span>
    </p>
   </div>
   <div class='ocr_carea' id='block_1_103' title="bbox 430 5679 1457 5753">
    <p class='ocr_par' dir='ltr' id='par_1_103' title="bbox 430 5679 1457 5753">
     <span class='ocr_line' id='line_1_103' title="bbox 430 5679 1457 5753; baseline 0.002 -18"><span class='ocrx_word' id='word_1_767' title='bbox 430 5679 507 5751; x_wconf 89' lang='lat' dir='ltr'>(a)</span> <span class='ocrx_word' id='word_1_768' title='bbox 539 5679 602 5737; x_wconf 90' lang='lat' dir='ltr'>In</span> <span class='ocrx_word' id='word_1_769' title='bbox 634 5680 761 5737; x_wconf 89' lang='lat' dir='ltr'>cod.</span> <span class='ocrx_word' id='word_1_770' title='bbox 795 5682 984 5737; x_wconf 89' lang='lat' dir='ltr'>Garst.</span> <span class='ocrx_word' id='word_1_771' title='bbox 1017 5680 1179 5739; x_wconf 87' lang='lat' dir='ltr'>deest</span> <span class='ocrx_word' id='word_1_772' title='bbox 1208 5680 1457 5753; x_wconf 82' lang='lat' dir='ltr'>rupibus.</span> 
     </span>
    </p>
   </div>
   <div class='ocr_carea' id='block_1_104' title="bbox 2124 4666 3767 4741">
    <p class='ocr_par' dir='ltr' id='par_1_104' title="bbox 2124 4666 3767 4741">
     <span class='ocr_line' id='line_1_104' title="bbox 2124 4666 3767 4741; baseline -0.002 -18"><span class='ocrx_word' id='word_1_773' title='bbox 2124 4670 2180 4724; x_wconf 88' lang='lat' dir='ltr'>in</span> <span class='ocrx_word' id='word_1_774' title='bbox 2216 4686 2346 4725; x_wconf 88' lang='lat' dir='ltr'>aere</span> <span class='ocrx_word' id='word_1_775' title='bbox 2376 4676 2432 4725; x_wconf 89' lang='lat' dir='ltr'>et</span> <span class='ocrx_word' id='word_1_776' title='bbox 2453 4670 2511 4725; x_wconf 89' lang='lat' dir='ltr'>in</span> <span class='ocrx_word' id='word_1_777' title='bbox 2544 4670 2713 4741; x_wconf 90' lang='lat' dir='ltr'>aquis</span> <span class='ocrx_word' id='word_1_778' title='bbox 2735 4673 3019 4733; x_wconf 88' lang='lat' dir='ltr'>constant,</span> <span class='ocrx_word' id='word_1_779' title='bbox 3049 4667 3244 4721; x_wconf 89' lang='lat' dir='ltr'>dicens</span> <span class='ocrx_word' id='word_1_780' title='bbox 3274 4684 3286 4721; x_wconf 89' lang='lat'><strong>:</strong></span> <span class='ocrx_word' id='word_1_781' title='bbox 3320 4666 3557 4721; x_wconf 87' lang='lat' dir='ltr'>Laudate</span> <span class='ocrx_word' id='word_1_782' title='bbox 3581 4667 3767 4721; x_wconf 89' lang='lat' dir='ltr'>Domi-</span> 
     </span>
    </p>
   </div>
   <div class='ocr_carea' id='block_1_105' title="bbox 2124 4755 3766 4827">
    <p class='ocr_par' dir='ltr' id='par_1_105' title="bbox 2124 4755 3766 4827">
     <span class='ocr_line' id='line_1_105' title="bbox 2124 4755 3766 4827; baseline -0.002 -15"><span class='ocrx_word' id='word_1_783' title='bbox 2124 4776 2255 4813; x_wconf 91' lang='lat' dir='ltr'>num</span> <span class='ocrx_word' id='word_1_784' title='bbox 2278 4759 2341 4815; x_wconf 90' lang='lat' dir='ltr'>de</span> <span class='ocrx_word' id='word_1_785' title='bbox 2368 4764 2536 4826; x_wconf 88' lang='lat' dir='ltr'>terra,</span> <span class='ocrx_word' id='word_1_786' title='bbox 2558 4760 2815 4813; x_wconf 84' lang='lat' dir='ltr'>dracones</span> <span class='ocrx_word' id='word_1_787' title='bbox 2834 4762 2888 4811; x_wconf 77' lang='lat' dir='ltr'>et</span> <span class='ocrx_word' id='word_1_788' title='bbox 2917 4773 3097 4812; x_wconf 89' lang='lat' dir='ltr'>omnes</span> <span class='ocrx_word' id='word_1_789' title='bbox 3120 4758 3320 4827; x_wconf 84' lang='lat' dir='ltr'>abyssi,</span> <span class='ocrx_word' id='word_1_790' title='bbox 3346 4757 3511 4824; x_wconf 88' lang='lat' dir='ltr'>ignis,</span> <span class='ocrx_word' id='word_1_791' title='bbox 3537 4755 3766 4825; x_wconf 87' lang='lat' dir='ltr'>grando,</span> 
     </span>
    </p>
   </div>
   <div class='ocr_carea' id='block_1_106' title="bbox 2120 4844 3763 4919">
    <p class='ocr_par' dir='ltr' id='par_1_106' title="bbox 2120 4844 3763 4919">
     <span class='ocr_line' id='line_1_106' title="bbox 2120 4844 3763 4919; baseline -0.005 -17"><span class='ocrx_word' id='word_1_792' title='bbox 2120 4850 2245 4913; x_wconf 76' lang='lat' dir='ltr'>nix,</span> <span class='ocrx_word' id='word_1_793' title='bbox 2268 4850 2493 4919; x_wconf 87' lang='lat' dir='ltr'>glacies,</span> <span class='ocrx_word' id='word_1_794' title='bbox 2516 4850 2747 4919; x_wconf 88' lang='lat' dir='ltr'>spiritus</span> <span class='ocrx_word' id='word_1_795' title='bbox 2771 4847 3138 4918; x_wconf 84' lang='lat' dir='ltr'>procellarum</span> <span class='ocrx_word' id='word_1_796' title='bbox 3160 4845 3330 4917; x_wconf 86' lang='lat' dir='ltr'>(Psal.</span> <span class='ocrx_word' id='word_1_797' title='bbox 3358 4861 3584 4907; x_wconf 70' lang='lat' dir='ltr'>cxcvm,</span> <span class='ocrx_word' id='word_1_798' title='bbox 3606 4844 3661 4907; x_wconf 89' lang='lat'>7,</span> <span class='ocrx_word' id='word_1_799' title='bbox 3683 4844 3763 4911; x_wconf 87' lang='lat'>8),</span> 
     </span>
    </p>
   </div>
   <div class='ocr_carea' id='block_1_107' title="bbox 2120 4932 3767 5002">
    <p class='ocr_par' dir='ltr' id='par_1_107' title="bbox 2120 4932 3767 5002">
     <span class='ocr_line' id='line_1_107' title="bbox 2120 4932 3767 5002; baseline -0.005 -11"><span class='ocrx_word' id='word_1_800' title='bbox 2120 4942 2226 4992; x_wconf 88' lang='lat' dir='ltr'>etc.</span> <span class='ocrx_word' id='word_1_801' title='bbox 2274 4969 2330 4977; x_wconf 90' lang='lat'><strong><em>—</em></strong></span> <span class='ocrx_word' id='word_1_802' title='bbox 2362 4940 2424 4993; x_wconf 87' lang='lat' dir='ltr'>Et</span> <span class='ocrx_word' id='word_1_803' title='bbox 2474 4938 2706 4992; x_wconf 74' lang='lat' dir='ltr'>adduxit</span> <span class='ocrx_word' id='word_1_804' title='bbox 2733 4952 2854 4991; x_wconf 89' lang='lat' dir='ltr'>eam</span> <span class='ocrx_word' id='word_1_805' title='bbox 2902 4936 2980 4989; x_wconf 88' lang='lat' dir='ltr'>ad</span> <span class='ocrx_word' id='word_1_806' title='bbox 3006 4936 3192 4989; x_wconf 80' lang='lat' dir='ltr'>Adam.</span> <span class='ocrx_word' id='word_1_807' title='bbox 3228 4934 3351 4988; x_wconf 86' lang='lat' dir='ltr'>Non</span> <span class='ocrx_word' id='word_1_808' title='bbox 3386 4932 3539 4986; x_wconf 90' lang='lat' dir='ltr'>sicut</span> <span class='ocrx_word' id='word_1_809' title='bbox 3570 4936 3767 5002; x_wconf 88' lang='lat' dir='ltr'>pastor</span> 
     </span>
    </p>
   </div>
   <div class='ocr_carea' id='block_1_108' title="bbox 2122 5021 3763 5097">
    <p class='ocr_par' dir='ltr' id='par_1_108' title="bbox 2122 5021 3763 5097">
     <span class='ocr_line' id='line_1_108' title="bbox 2122 5021 3763 5097; baseline -0.004 -19"><span class='ocrx_word' id='word_1_810' title='bbox 2122 5024 2353 5080; x_wconf 90' lang='lat' dir='ltr'>minans</span> <span class='ocrx_word' id='word_1_811' title='bbox 2384 5042 2618 5097; x_wconf 75' lang='lat' dir='ltr'>gregem</span> <span class='ocrx_word' id='word_1_812' title='bbox 2652 5042 2846 5091; x_wconf 77' lang='lat' dir='ltr'>suum,</span> <span class='ocrx_word' id='word_1_813' title='bbox 2872 5025 2970 5077; x_wconf 89' lang='lat' dir='ltr'>sed</span> <span class='ocrx_word' id='word_1_814' title='bbox 3004 5023 3252 5090; x_wconf 73' lang='lat' dir='ltr'>adduxit,</span> <span class='ocrx_word' id='word_1_815' title='bbox 3277 5021 3330 5074; x_wconf 90' lang='lat' dir='ltr'>id</span> <span class='ocrx_word' id='word_1_816' title='bbox 3362 5024 3449 5075; x_wconf 86' lang='lat' dir='ltr'>est</span> <span class='ocrx_word' id='word_1_817' title='bbox 3477 5024 3623 5072; x_wconf 89' lang='lat' dir='ltr'>nutu</span> <span class='ocrx_word' id='word_1_818' title='bbox 3646 5035 3763 5072; x_wconf 70' lang='lat' dir='ltr'>suae</span> 
     </span>
    </p>
   </div>
   <div class='ocr_carea' id='block_1_109' title="bbox 2120 5105 3764 5184">
    <p class='ocr_par' dir='ltr' id='par_1_109' title="bbox 2120 5105 3764 5184">
     <span class='ocr_line' id='line_1_109' title="bbox 2120 5105 3764 5184; baseline -0.005 -17"><span class='ocrx_word' id='word_1_819' title='bbox 2120 5113 2526 5184; x_wconf 89' lang='lat' dir='ltr'>dispositionis</span> <span class='ocrx_word' id='word_1_820' title='bbox 2560 5113 2750 5168; x_wconf 87' lang='lat' dir='ltr'>venire</span> <span class='ocrx_word' id='word_1_821' title='bbox 2775 5113 2924 5173; x_wconf 87' lang='lat' dir='ltr'>fecit,</span> <span class='ocrx_word' id='word_1_822' title='bbox 2949 5112 3101 5165; x_wconf 87' lang='lat' dir='ltr'>sicut</span> <span class='ocrx_word' id='word_1_823' title='bbox 3130 5115 3185 5163; x_wconf 91' lang='lat' dir='ltr'>et</span> <span class='ocrx_word' id='word_1_824' title='bbox 3214 5109 3270 5162; x_wconf 90' lang='lat' dir='ltr'>in</span> <span class='ocrx_word' id='word_1_825' title='bbox 3295 5106 3514 5161; x_wconf 88' lang='lat' dir='ltr'>diluvio</span> <span class='ocrx_word' id='word_1_826' title='bbox 3544 5123 3611 5160; x_wconf 85' lang='lat' dir='ltr'>ex</span> <span class='ocrx_word' id='word_1_827' title='bbox 3634 5105 3764 5161; x_wconf 89' lang='lat' dir='ltr'>uni-</span> 
     </span>
    </p>
   </div>
   <div class='ocr_carea' id='block_1_110' title="bbox 2116 5194 3764 5267">
    <p class='ocr_par' dir='ltr' id='par_1_110' title="bbox 2116 5194 3764 5267">
     <span class='ocr_line' id='line_1_110' title="bbox 2116 5194 3764 5267; baseline -0.004 -13"><span class='ocrx_word' id='word_1_828' title='bbox 2116 5203 2301 5257; x_wconf 90' lang='lat' dir='ltr'>versis</span> <span class='ocrx_word' id='word_1_829' title='bbox 2343 5203 2679 5257; x_wconf 87' lang='lat' dir='ltr'>amantibus</span> <span class='ocrx_word' id='word_1_830' title='bbox 2708 5202 2767 5255; x_wconf 88' lang='lat' dir='ltr'>in</span> <span class='ocrx_word' id='word_1_831' title='bbox 2800 5217 2993 5255; x_wconf 89' lang='lat' dir='ltr'>arcam</span> <span class='ocrx_word' id='word_1_832' title='bbox 3027 5196 3365 5267; x_wconf 89' lang='lat' dir='ltr'>congregari</span> <span class='ocrx_word' id='word_1_833' title='bbox 3399 5195 3551 5251; x_wconf 88' lang='lat' dir='ltr'>fecit.</span> <span class='ocrx_word' id='word_1_834' title='bbox 3597 5194 3764 5249; x_wconf 87' lang='lat' dir='ltr'>Omne</span> 
     </span>
    </p>
   </div>
   <div class='ocr_carea' id='block_1_111' title="bbox 2116 5283 3762 5362">
    <p class='ocr_par' dir='ltr' id='par_1_111' title="bbox 2116 5283 3762 5362">
     <span class='ocr_line' id='line_1_111' title="bbox 2116 5283 3762 5362; baseline -0.005 -16"><span class='ocrx_word' id='word_1_835' title='bbox 2116 5290 2256 5362; x_wconf 89' lang='lat' dir='ltr'>quod</span> <span class='ocrx_word' id='word_1_836' title='bbox 2289 5294 2493 5347; x_wconf 86' lang='lat' dir='ltr'>vocavit</span> <span class='ocrx_word' id='word_1_837' title='bbox 2533 5292 2723 5355; x_wconf 83' lang='lat' dir='ltr'>Adam,</span> <span class='ocrx_word' id='word_1_838' title='bbox 2756 5291 2939 5359; x_wconf 85' lang='lat' dir='ltr'>ipsum</span> <span class='ocrx_word' id='word_1_839' title='bbox 2985 5289 3059 5341; x_wconf 86' lang='lat' dir='ltr'>est</span> <span class='ocrx_word' id='word_1_840' title='bbox 3092 5302 3285 5339; x_wconf 85' lang='lat' dir='ltr'>nomen</span> <span class='ocrx_word' id='word_1_841' title='bbox 3317 5286 3450 5356; x_wconf 84' lang='lat' dir='ltr'>ejus.</span> <span class='ocrx_word' id='word_1_842' title='bbox 3485 5283 3762 5338; x_wconf 90' lang='lat' dir='ltr'>Hebraice</span> 
     </span>
    </p>
   </div>
   <div class='ocr_carea' id='block_1_112' title="bbox 2114 5372 3761 5446">
    <p class='ocr_par' dir='ltr' id='par_1_112' title="bbox 2114 5372 3761 5446">
     <span class='ocr_line' id='line_1_112' title="bbox 2114 5372 3761 5446; baseline -0.004 -13"><span class='ocrx_word' id='word_1_843' title='bbox 2114 5380 2299 5435; x_wconf 91' lang='lat' dir='ltr'>Adam</span> <span class='ocrx_word' id='word_1_844' title='bbox 2335 5381 2508 5434; x_wconf 89' lang='lat' dir='ltr'>rebus</span> <span class='ocrx_word' id='word_1_845' title='bbox 2557 5379 2831 5434; x_wconf 89' lang='lat' dir='ltr'>omnibus</span> <span class='ocrx_word' id='word_1_846' title='bbox 2864 5376 3103 5430; x_wconf 84' lang='lat' dir='ltr'>nomina</span> <span class='ocrx_word' id='word_1_847' title='bbox 3134 5374 3432 5446; x_wconf 86' lang='lat' dir='ltr'>imposuit.</span> <span class='ocrx_word' id='word_1_848' title='bbox 3466 5372 3575 5427; x_wconf 90' lang='lat' dir='ltr'>Sed</span> <span class='ocrx_word' id='word_1_849' title='bbox 3609 5372 3761 5427; x_wconf 85' lang='lat' dir='ltr'>facta</span> 
     </span>
    </p>
   </div>
   <div class='ocr_carea' id='block_1_113' title="bbox 2117 5462 3759 5538">
    <p class='ocr_par' dir='ltr' id='par_1_113' title="bbox 2117 5462 3759 5538">
     <span class='ocr_line' id='line_1_113' title="bbox 2117 5462 3759 5538; baseline -0.005 -15"><span class='ocrx_word' id='word_1_850' title='bbox 2117 5468 2401 5524; x_wconf 88' lang='lat' dir='ltr'>divisione</span> <span class='ocrx_word' id='word_1_851' title='bbox 2430 5468 2789 5538; x_wconf 89' lang='lat' dir='ltr'>linguarum,</span> <span class='ocrx_word' id='word_1_852' title='bbox 2804 5464 3047 5537; x_wconf 68' lang='lat' dir='ltr'>singula:</span> <span class='ocrx_word' id='word_1_853' title='bbox 3066 5468 3267 5537; x_wconf 85' lang='lat' dir='ltr'>gentes</span> <span class='ocrx_word' id='word_1_854' title='bbox 3288 5462 3609 5519; x_wconf 90' lang='lat' dir='ltr'>secundum</span> <span class='ocrx_word' id='word_1_855' title='bbox 3632 5477 3759 5534; x_wconf 82' lang='lat' dir='ltr'>pru-</span> 
     </span>
    </p>
   </div>
  </div>
