4040 6208
400 324 478 392 03
972 328 1273 399 REMIGII
1316 333 2069 407 ANTISBIODORENSIS
2114 343 2287 409 OPP.
2334 346 2532 415 PARS
2577 352 2739 416 1.-
2766 351 3233 424 EXEGETICA.
3718 368 3799 434 64

396 461 704 534 prietatem
734 468 792 520 et
828 463 1105 537 placitum
1130 485 1305 525 suum
1328 471 1600 528 universa
1621 474 2032 531 vocitaverunt.
2067 479 2119 544 Α
2151 478 2668 553 instigaretur.Sed
2693 488 2847 545 sient
2869 508 2975 546 nos
3002 493 3236 551 oculum
3259 495 3367 553 hac
3386 496 3524 555 illac
3543 498 3672 557 sine
3692 501 3796 560 lm-

394 550 530 608 Ideo
550 556 757 665 putem
791 554 1070 613 Dominus
1100 563 1307 614 cuncta
1336 559 1660 616 animantia
1690 563 1884 619 venire
1906 564 2038 621 fecit
2147 550 2323 626 sione
2340 572 2546 645 aliqua
2574 576 2660 631 vel
2682 579 3007 649 petulantia
3036 583 3440 654 volvimus,vel
3466 588 3622 645 sicut
3642 592 3795 665 digi-

395 640 461 665 -.Ι
508 643 529 665 Α
589 658 675 665 -..Α
719 646 781 665 --Δ
817 659 875 665 -_
912 662 1005 665 ___-
1051 646 1187 665 -,l,'.
1234 648 1244 658 ⁶
1342 648 1352 659 ·
1563 650 1573 659 ⁸
1691 651 1700 660 -
1995 659 2002 665 .
2150 662 2157 665 Α

392 640 465 695 ad
496 640 784 709 Adam,ut
811 659 880 699 ex
908 662 1014 700 suo
1045 646 1284 703 arbitrio
1305 648 1389 704 eis
1418 650 1658 705 nomina
1688 651 2030 722 imponeret,
2144 662 2269 713 tum
2305 640 2730 733 protendiinus,
2766 667 2846 722 ita
2876 672 3157 728 membris
3188 640 3542 745 genitalibus
3572 697 3685 736 non
3705 640 3792 738 id

390 733 466 834 ut
487 746 591 801 per
619 730 727 786 hoc
749 739 1128 834 cognosceret
1141 736 1279 807 quia
1305 737 1535 793 cbarior
1564 743 1619 793 et
1643 740 1873 812 dignior
1903 743 2032 798 aliis
2142 730 2605 819 delectationem,
2630 730 2729 809 sed
2756 757 2825 809 ad
2853 730 3790 834 gignendamuprolemvuteremu‘r:

387 818 563 874 rebus
596 822 906 877 haberetur
926 823 1019 877 cui
1051 823 1184 879 talis
1211 830 1462 895 potestas
1491 844 1525 882 a
1555 827 1799 884 Domino
1822 846 2030 886 conce-
2140 835 2287 890 Bene
2316 854 2451 910 ergo
2500 818 2713 897 dicitur
2746 860 2757 898 :
2796 818 3315 908 NanKerubescebant
3346 855 3499 925 quod
3525 858 3665 912 nudi
3698 875 3791 914 es-

387 906 652 1004 deb-atur.
725 999 734 1004 Δ
774 998 787 1004 μ
913 999 962 1004 μ
1027 999 1036 1004 ᾔ
1259 1000 1269 1004 ᾗ
1366 1002 1407 1004 ﬂ
2136 929 2288 993 sent,
2318 928 2415 998 qui
2451 929 2660 985 melius
2680 940 2837 988 veste
2868 936 3210 994 innocentiae
3241 947 3298 996 et
3326 906 3790 1004 immortalitatis

456 995 696 1069 Mystice
709 998 889 1053 Adam
905 999 1202 1056 Christum
1225 1000 1535 1073 signiﬁcat,
1555 1005 1653 1075 qui
1678 1004 1747 1059 de
1769 1006 1902 1060 sinu
1926 1023 2024 1077 pa-

381 1089 558 1140 ternae
574 1087 898 1157 majestatis
919 1088 1276 1144 descendens
1292 1090 1629 1148 hominibus
1642 1093 1915 1149 visendus
1929 1112 2025 1167 ap-

379 1176 593 1247 paruit.
627 1176 735 1242 Qui
779 1177 1059 1233 universae
1106 1185 1402 1246 creaturae,
1435 1181 1491 1235 id
1539 1186 1628 1236 est
1658 1182 2018 1251 hominibus,

380 1281 527 1336 quos
559 1266 953 1338 regenerando
991 1266 1049 1320 in
1084 1283 1291 1323 novam
1341 1269 1640 1324 transtulit
1670 1275 2015 1340 creaturam,

377 1353 904 1425 nomenimposuit,
920 1355 1056 1426 quia
1068 1372 1166 1411 eos
1184 1373 1251 1411 ex
1272 1374 1377 1412 suo
1402 1359 1636 1413 nomine
1657 1358 2017 1416 Christianos

373 1443 565 1497 vocari
587 1441 949 1507 voluit,sicut
970 1460 1070 1515 per
1091 1446 1435 1516 prophetam
1460 1447 1681 1501 dictum
1696 1452 1783 1503 est
1802 1449 2017 1505 :Servos

372 1547 496 1588 suos
521 1533 732 1588 vocabit
760 1534 981 1589 nomine
1009 1534 1119 1590 alio
1151 1534 1276 1605 (Isa.
1311 1554 1436 1603 va,
1471 1537 1577 1607 15).

442 1640 604 1693 Vers.
633 1639 724 1692 21.
775 1640 1010 1694 Immisit
1058 1642 1323 1696 Dominus
1368 1657 1612 1713 soporem
1641 1644 1702 1697 in
1740 1643 1930 1711 Adam,
1962 1651 2015 1701 et

371 1726 496 1781 tulit
524 1741 695 1781 unam
722 1727 786 1782 de
832 1729 991 1783 costis
1020 1730 1157 1795 eius.
1191 1729 1467 1801 Nunquid
1518 1730 1793 1802 vigilante
1826 1733 2009 1788 Adam

368 1814 497 1870 sine
512 1814 709 1871 dolore
731 1814 1016 1872 Dominus
1039 1822 1261 1872 costam
1285 1819 1411 1888 ejus
1431 1819 1658 1874 auferre
1683 1836 1796 1874 non
1824 1821 2010 1891 potuit
2038 1845 2085 1910 Β

367 1910 544 1975 quam
566 1912 632 1959 eo
658 1904 1304 1961 dormienteabstulisse
1319 1906 1561 1962 dicitur?
1574 1908 1765 1963 Potuit
1784 1910 2002 1980 utique.

365 1990 479 2049 Sed
508 1992 617 2048 hoc
639 1992 698 2047 in
721 1994 996 2065 mysterio
1019 1992 1209 2065 potius
1235 1995 1412 2050 fuisse
1434 1996 1789 2051 credendum
1816 2004 1923 2062 est,
1943 2003 2007 2053 ut

366 2077 425 2134 in
440 2080 724 2152 principio
744 2081 950 2136 mundi
975 2082 1818 2154 praeﬁguraretursacramentu
1830 2104 1882 2140 m
1899 2087 2004 2141 Do-

361 2168 587 2223 minicis
603 2169 894 2240 passionis
907 2170 1059 2241 quod
1084 2188 1190 2227 suo
1216 2176 1497 2244 tempore,
1523 2173 1579 2228 id
1602 2178 1710 2242 est,
1727 2174 1786 2229 in
1809 2175 1999 2231 novis-

359 2257 512 2314 sima
532 2258 722 2314 seaculi
744 2263 913 2314 aetate
936 2260 1199 2315 futurum
1220 2267 1363 2315 erat.
1389 2261 1534 2317 Nam
1557 2262 1830 2317 dormitio
1861 2263 2001 2319 Ade:

355 2351 602 2403 mortem
623 2347 833 2403 Christi
851 2348 1144 2421 significat
1167 2349 1226 2403 in
1249 2351 1567 2415 cruce.Quo
1591 2351 1650 2405 in
1675 2367 1844 2407 cruce
1866 2369 2000 2423 pen-

354 2437 546 2503 dente,
566 2435 844 2507 mysteria
863 2436 1167 2508 sanguinis
1185 2440 1242 2493 et
1260 2454 1423 2509 aquis
1440 2439 1510 2494 de
1531 2440 1659 2509 ejus
1680 2438 1857 2495 latere
1871 2457 1995 2511 pro-

354 2526 666 2593 ﬂuxerunt,
697 2524 912 2593 quibus
959 2529 1162 2580 sancta
1191 2530 1421 2581 constat
1468 2526 1726 2582 Ecclesia
1753 2531 1811 2582 et
1841 2529 1996 2585 unde

353 2611 850 2667 roboratur.Unde
868 2617 925 2667 et
942 2612 1091 2667 bene
1109 2613 1252 2667 dicit
1275 2631 1287 2668 :
1314 2630 1430 2669 non
1453 2615 1722 2670 formavit
1746 2621 1993 2685 costam,

351 2699 455 2755 sed
484 2699 812 2769 aediﬁcavit;
844 2702 1013 2771 quasi
1061 2701 1304 2756 domum
1336 2701 1600 2758 Ecclesia:
1632 2705 1992 2776 praesignans

350 2796 476 2859 quas
503 2800 571 2843 ex
592 2786 738 2843 vivis
758 2792 815 2843 et
843 2786 1044 2843 electis
1064 2787 1361 2861 lapidibus
1381 2789 1717 2847 mdificatur.
1745 2793 1814 2847 Et
1833 2794 1989 2864 quod

348 2875 619 2947 superius
649 2874 794 2931 dixit
822 2876 1073 2932 breviter
1097 2895 1109 2933 :
1133 2879 1443 2934 Masculum
1469 2887 1521 2935 et
1546 2883 1814 2951 feminam
1836 2896 1986 2937 crea-

344 2960 421 3020 vit
449 2980 556 3032 eos,
576 2980 733 3020 nunc
752 2965 1010 3037 apertius
1035 2966 1271 3038 exponit
1289 2968 1581 3038 quomodo
1604 2968 1792 3041 ipsam
1820 2968 1983 3024 femi-

346 3064 483 3108 nam
514 3051 795 3108 creaverit
826 3070 840 3107 :

415 3139 579 3197 Vers.
622 3141 711 3196 23.
744 3143 851 3197 Hoc
876 3158 1025 3197 nunc
1051 3158 1108 3198 os
1145 3159 1217 3199 ex
1243 3145 1451 3200 ossibus
1496 3147 1653 3200 meis.
1681 3147 1867 3201 Adam
1898 3147 1981 3200 vi-

347 3228 492 3285 dens
506 3229 814 3286 mulierem
827 3229 939 3286 sibi
952 3230 1315 3288 simillimam
1326 3250 1394 3288 ex
1406 3235 1679 3290 omnibus
1700 3235 1984 3291 creaturis
2013 3209 2055 3276 Ο

348 3318 679 3391 recognovit
698 3335 826 3374 eam
857 3332 926 3375 ex
942 3336 1058 3375 suae
1085 3321 1278 3377 carnis
1297 3323 1629 3378 substantia
1651 3323 1980 3391 formatam,

341 3406 429 3462 vel
460 3408 658 3474 etiam,
692 3413 757 3463 ut
785 3407 848 3462 B.
882 3409 1250 3481 Augustinus
1281 3410 1442 3481 dicit,
1471 3412 1662 3469 factus
1704 3412 1886 3468 Adam
1920 3412 1978 3467 in

341 3494 557 3551 exstasi
606 3496 819 3551 mentis
849 3500 907 3552 et
956 3497 1271 3569 prophetis:
1301 3500 1510 3571 spiritu
1556 3500 1790 3556 nlﬂatus
1816 3500 1982 3575 scivit

338 3588 564 3640 eostam
595 3584 709 3639 sibi
739 3585 1087 3641 subductam
1119 3592 1176 3643 et
1204 3586 1506 3647 mulierem
1539 3591 1868 3645 formatam.
1893 3592 1982 3646 Vo-

335 3673 549 3731 cabitur
575 3676 780 3747 virago.
813 3705 885 3718 —
916 3678 1128 3747 Virago
1157 3694 1190 3732 a
1217 3680 1335 3735 viro
1364 3683 1453 3735 est
1478 3679 1649 3751 dicta,
1671 3680 1823 3736 sicut
1842 3685 1898 3736 et
1918 3681 1977 3735 in

336 3762 590 3820 Hebraeis
620 3767 687 3832 is,
722 3767 807 3821 vir
836 3766 1067 3834 dicitur,
1094 3770 1149 3822 et
1179 3767 1390 3823 deinde
1420 3770 1529 3824 issa
1560 3768 1976 3836 derivatum,id

335 3857 426 3908 est
451 3855 673 3910 mulier.
709 3855 787 3909 Ex
817 3854 927 3910 hoc
956 3857 1125 3910 Israel
1152 3856 1331 3911 etiam
1361 3857 1751 3928 compositum
1782 3862 1888 3913 est.

404 3960 560 4015 Vers.
609 3961 698 4014 24.
753 3961 1116 4028 Quamobrem
1161 3963 1437 4033 relinquet
1481 3964 1638 4019 homo
1678 3969 1898 4035 patrem
1927 3974 1977 4020 et

329 4054 581 4102 matrem.
609 4036 774 4103 Hunc
796 4046 990 4103 locum
1013 4064 1307 4121 exponens
1332 4052 1642 4123 Apostolus
1663 4052 1806 4108 dicit
1835 4069 1847 4107 :
1871 4053 1972 4109 Sa-

330 4142 671 4190 cramentum
691 4134 789 4191 hoc
835 4153 1102 4206 magnum
1120 4142 1198 4194 est
1218 4157 1237 4195 :
1267 4156 1360 4211 ego
1380 4150 1558 4196 autem
1588 4142 1706 4198 dico
1737 4142 1797 4197 in
1815 4143 1971 4199 Chri-

326 4231 404 4279 sto
435 4226 485 4279 et
516 4225 575 4279 in
605 4224 843 4280 Ecclesia
866 4225 1021 4297 (Eph.
1048 4227 1227 4297 v,32).
1276 4229 1440 4284 Homo
1461 4230 1482 4265 τ
1491 4229 1758 4286 Christus
1797 4231 1970 4287 intel-

329 4310 533 4384 ligitur
548 4317 785 4385 propter
796 4319 1162 4386 assumptam
1178 4315 1604 4373 humanitatem
1616 4358 1628 4373 .
1644 4319 1752 4384 Qui
1770 4319 1968 4376 dereli-

327 4401 457 4474 quit
486 4405 728 4473 Patrem,
771 4403 1006 4474 quando
1037 4404 1108 4458 de
1154 4404 1287 4459 sinu
1318 4410 1558 4476 paterno
1610 4408 1969 4464 descendens

2131 1012 2201 1082 ju
2214 1017 2513 1072 cunditate
2543 1021 2955 1079 vestiebantur.

2776 1148 3012 1203 CAPUT
3044 1151 3139 1206 IIl.

2198 1227 2359 1283 Vere.
2386 1231 2435 1283 1.
2471 1230 2573 1285 Sed
2599 1237 2652 1285 et
2678 1250 2901 1305 serpens
2931 1242 3049 1292 erat
3076 1241 3351 1297 callidior.
3394 1244 3524 1300 Sive
3550 1250 3779 1320 sapien—

2126 1317 2255 1381 tior,
2277 1317 2428 1372 sicut
2456 1320 2815 1378 Theodotion
2848 1325 3008 1391 dicit,
3033 1345 3145 1383 non
3175 1331 3415 1401 quidem
3438 1349 3543 1403 per
3572 1317 3660 1390 sui
3683 1354 3782 1392 na-

2124 1409 2547 1478 turam,utpote
2569 1410 2667 1480 qui
2691 1411 2949 1469 animam
2965 1416 3306 1473 rationalem
3325 1438 3438 1476 non
3462 1421 3776 1496 habetquaa

2123 1508 2306 1564 capax
2323 1500 2411 1549 est
2434 1496 2750 1567 sapientiae,
2771 1501 2870 1555 sed
2890 1503 3029 1572 quia
3047 1503 3253 1575 plenus
3270 1511 3395 1562 erat
3417 1510 3775 1568 daemoniaco

2122 1582 2354 1672 spiritu,
2372 1584 2524 1655 quod
2558 1585 2781 1642 scilicet
2797 1589 2971 1645 veluti
2996 1593 3249 1662 quodam
3270 1610 3487 1666 organo
3503 1597 3628 1669 ipse
3653 1600 3774 1672 Spi-

2120 1668 2268 1724 ritus
2300 1687 2552 1743 nequam
2603 1676 2893 1731 utebatur.
2930 1680 3076 1750 Ergo
3110 1679 3209 1736 illa
3239 1668 3541 1741 calliditas
3557 1686 3643 1742 vel
3675 1668 3771 1743 sa-

2120 1758 2340 1829 pientia
2372 1777 2487 1815 non
2510 1767 2633 1817 erat
2654 1766 2963 1835 serpentis,
2981 1768 3083 1822 sed
3108 1769 3389 1827 daemonis
3410 1774 3509 1845 qui
3534 1792 3636 1846 per
3654 1794 3772 1832 ser-

2117 1852 2348 1916 pentem
2370 1848 2901 1919 loquebatur,sicut
2917 1854 3107 1911 solent
3127 1856 3287 1929 loqui
3310 1877 3412 1931 per
3430 1877 3769 1934 energume-

2115 1947 2223 1988 nos
2254 1934 2341 1990 vel
2374 1937 2656 1993 tanaticos
2688 1944 2745 1994 et
2786 1946 2942 1996 vates
2972 1943 3395 2004 daemoniorum
3430 1967 3443 2005 :
3477 1950 3601 2022 ipse
3630 1969 3765 2009 vero

2114 2037 2352 2092 serpens
2383 2040 2449 2079 ea
2473 2042 2600 2096 quae
2624 2026 2971 2099 loquebatur
2994 2032 3317 2103 ignorabat,
3339 2037 3491 2093 sicut
3514 2056 3763 2114 energu-

2114 2111 2267 2165 meni
2299 2128 2367 2167 ea
2396 2129 2524 2184 qua!
2556 2132 2660 2186 per
2689 2115 2822 2171 illos
2854 2119 3150 2191 malignus
3178 2123 3422 2194 spiritus
3451 2128 3534 2183 vel
3568 2111 3761 2187 hostis

2110 2197 2368 2269 loquitur
2388 2201 2678 2273 ignorant.
2694 2206 3002 2277 Proprium
3026 2214 3114 2265 est
3135 2211 3375 2285 maligni
3397 2216 3757 2287 spiritus,ut,

2110 2303 2520 2361 quemcunque
2540 2292 2836 2360 invaserit,
2852 2295 2933 2350 ita
2951 2313 3083 2353 eum
3103 2301 3357 2371 pendere
3378 2320 3494 2359 suae
3515 2306 3757 2364 infesta-

2107 2377 2282 2433 tionis
2314 2379 2703 2451 deprimat,ut
2727 2382 3088 2442 intellectum
3122 2405 3354 2446 omnem
3384 2397 3443 2448 et
3471 2395 3752 2454 rationem

2105 2466 2178 2519 ab
2204 2482 2271 2521 eo
2295 2467 2541 2534 auferat,
2559 2475 2615 2525 et
2634 2470 2845 2559 horum
2869 2490 2996 2545 quae
3020 2475 3283 2549 loquitur
3305 2481 3536 2552 penitus
3557 2501 3754 2559 exper-

2103 2557 2220 2609 tem
2251 2556 2475 2647 reddat.
2502 2559 2543 2612 E
2576 2563 2778 2616 contra
2808 2558 3064 2633 Spiritus
3095 2573 3336 2624 sanctus
3369 2556 3752 2647 quoscunque

2101 2659 2212 2735 sua
2240 2644 2576 2735 dignatione
2603 2646 2843 2706 idoneos
2872 2650 3073 2709 fecerit
3100 2661 3157 2710 et
3180 2657 3271 2712 sui
3293 2659 3482 2730 gratia
3501 2644 3751 2735 repleve-

2100 2730 2196 2797 rit,
2239 2731 2524 2802 videntes,
2555 2735 2666 2791 hoc
2716 2742 2805 2793 est
2855 2738 3249 2815 intelligentes
3297 2747 3490 2816 faciat,
3525 2730 3590 2807 ut
3633 2769 3745 2810 non

2097 2821 2269 2876 modo
2300 2824 2626 2893 praesentia,
2649 2841 2851 2883 verum
2882 2830 3058 2886 etiam
3090 2833 3287 2891 futura
3316 2852 3422 2909 per
3452 2838 3741 2911 Spiritum

2096 2915 2468 3002 cognoscant.
2499 2911 2663 2969 Unde
2691 2919 2748 2969 et
2774 2918 3085 2988 Apostolus
3117 2922 3257 2989 dicit
3290 2943 3304 2980 :
3337 2925 3584 3002 Spiritus
3607 2947 3745 3002 pro-

2093 2999 2384 3090 phetarum
2412 3004 2690 3073 prophetis
2736 3006 3013 3077 subjectus
3041 3019 3119 3065 est
3149 3014 3199 3080 (I
3228 3012 3347 3069 Cor.
3373 2996 3495 3082 ixiv,
3677 3052 3745 3063 —-

2094 3087 2205 3142 Cur
2226 3092 2491 3161 prmeepit
2531 3092 2675 3147 vobis
2720 3094 2857 3149 Deus
2877 3099 2902 3149 .9
2926 3101 2982 3152 et
3012 3099 3237 3171 reliqua
3267 3101 3526 3159 Callidus
3557 3087 3743 3165 hostis

2093 3176 2165 3231 ob
2198 3176 2308 3233 hoc
2338 3178 2643 3235 mulierem
2676 3181 3017 3256 interrogat,
3049 3203 3121 3242 ne
3150 3192 3282 3259 post
3312 3194 3741 3261 praevaricatio-

2092 3281 2224 3319 nem
2250 3265 2505 3337 aliquam
2531 3272 2724 3325 reatus
2739 3272 2829 3327 sui
2842 3275 3272 3333 excusationem
3289 3278 3503 3337 habere
3520 3263 3736 3354 posset.

2091 3352 2381 3411 Fortassis
2410 3354 2564 3411 enim
2596 3357 2786 3414 dicere
2815 3367 3045 3430 posset:
3080 3365 3271 3445 Oblita
3301 3369 3458 3423 enim
3489 3352 3737 3431 manda-

2090 3444 2284 3497 torum
2314 3444 2436 3515 Dei,
2468 3449 2525 3500 et
2555 3446 2683 3502 ideo
2715 3447 2952 3519 deliqui.
2977 3451 3161 3515 Quam
3182 3444 3539 3515 Omnimodis
3569 3478 3738 3519 excu-

2099 3531 2387 3587 sationem
2411 3550 2686 3590 amovens
2704 3538 3090 3595 mandataDei
3138 3546 3452 3613 repetendo
3480 3548 3735 3609 inculcat

2089 3623 2144 3674 et
2175 3620 2246 3674 ad
2281 3622 2624 3676 memoriam
2660 3624 2903 3679 reducit.

2155 3707 2313 3763 Vers.
2348 3709 2399 3762 4.
2434 3709 2786 3782 Nequaquam
2834 3716 3170 3772 moriemini.
3208 3719 3412 3778 Dolose
3464 3724 3733 3784 hortatur

2085 3795 2355 3852 diabolus
2383 3796 2678 3854 hominem
2703 3802 2775 3855 ad
2797 3807 3199 3874 contemptum
3232 3811 3499 3883 praecepti
3526 3816 3644 3886 Dei,
3666 3823 3729 3872 ut

2084 3884 2264 3939 nollet
2293 3885 2464 3940 subdi
2499 3891 2630 3955 Deo,
2665 3889 2762 3943 sed
2798 3890 2986 3962 magis
3018 3909 3137 3948 suae
3168 3911 3297 3952 esse
3327 3884 3652 3970 potestatis.

2153 3973 2317 4029 Vere.
2351 3976 2405 4029 5.
2440 3975 2553 4031 Scit
2581 3979 2733 4032 enim
2776 3979 2937 4045 Deus,
2967 3983 3137 4053 quod,
3171 3984 3231 4039 in
3278 4002 3602 4063 quacunque
3637 3992 3726 4050 die

2082 4063 2424 4118 comederitis
2455 4081 2525 4119 ex
2551 4081 2634 4137 eo,
2666 4068 2820 4122 eritis
2840 4069 2983 4124 sicut
3010 4070 3110 4126 dii.
3147 4074 3424 4138 Quaerunt
3457 4078 3727 4136 multi:8i

2081 4151 2235 4207 Deus
2276 4152 2624 4223 praevidebat
2667 4155 2966 4212 hominem
3017 4175 3189 4231 posse
3218 4163 3426 4236 decipi,
3461 4182 3565 4223 cur
3596 4185 3726 4240 per-

2082 4238 2407 4294 misiteum
2427 4242 2635 4295 tentari
2661 4246 2683 4296 Ρ
2711 4243 2840 4311 Sed,
2861 4249 2927 4299 ut
2949 4246 3156 4303 beatus
3177 4252 3541 4322 Augustinus
3562 4238 3725 4324 dicit,

2080 4343 2195 4381 non
2228 4343 2451 4399 magnae
2473 4326 2664 4384 laudis
2687 4336 2859 4398 esset,
2880 4332 2930 4388 si
2961 4334 3107 4390 bene
3137 4335 3196 4391 in
3223 4341 3491 4409 paradiso
3510 4344 3727 4401 viveret

2079 4414 2240 4471 nullo
2293 4418 2698 4487 persuadente.
2735 4420 2805 4475 Ut
2851 4421 3008 4478 enim
3055 4426 3371 4496 Apostolus
3417 4431 3579 4501 dicit,
3611 4451 3725 4490 non

326 4490 699 4547 novushomo
724 4492 944 4547 mundo
962 4490 1968 4591 visibilisapparuitmondescrendo
2004 4574 2040 4591 ἢ
2076 4505 2446 4575 coronabitur,
2478 4507 2595 4561 nisi
2643 4510 2739 4580 qui
2772 4508 3015 4580 legitime
3060 4490 3354 4573 certaverit
3383 4518 3459 4591 (II
3488 4490 3719 4580 Timoth.

325 4577 713 4648 Patrem,cum
736 4596 852 4652 quo
869 4581 1171 4653 semperin
1190 4580 1970 4655 divinitateinseparabiliter
1998 4574 2044 4638 D
2076 4609 2139 4660 ιι,
2171 4594 2249 4660 5),
2291 4596 2358 4647 Et
2404 4574 2555 4649 certe
2604 4574 2855 4653 liberum}
2904 4599 3156 4658 habebat
3194 4574 3724 4682 arbitrfuﬁm;

324 4668 560 4723 mansit.
598 4667 911 4741 Dereliquit
960 4675 1213 4736 matrem,
1246 4671 1302 4726 id
1334 4678 1441 4738 est,
1475 4672 1862 4744 Synagogam,
1894 4675 1965 4730 de

320 4770 438 4826 qua
467 4759 525 4811 et
552 4773 784 4812 carnem
817 4760 1157 4830 assumpsit.
1174 4760 1407 4815 Adhaesit
1427 4762 1591 4817 uxori
1616 4777 1754 4829 suae,
1779 4762 1836 4816 id
1855 4769 1960 4833 est,

319 4843 449 4915 conj
459 4843 1073 4902 unxitsibiEcclesiam
1100 4864 1212 4902 non
1233 4848 1541 4905 habentem
1558 4851 1847 4905 maculam
1864 4857 1965 4908 aut

319 4948 546 5005 rugam.
578 4934 644 4989 Et
671 4936 830 5005 factae
857 4938 986 4989 sunt
1013 4937 1122 4992 duo
1150 4938 1213 4992 in
1243 4953 1408 4992 carne
1436 4954 1569 5009 una,
1595 4939 1650 4992 id
1673 4944 1780 5005 est,
1804 4939 1961 4995 Chri-

320 5024 448 5077 stus
479 5022 578 5094 qui
624 5030 817 5094 caput,
848 5029 907 5079 et
937 5025 1203 5080 membra
1232 5024 1441 5095 ipsius,
1474 5026 1533 5080 id
1562 5030 1652 5081 est
1683 5027 1957 5098 Ecclesia,

317 5107 471 5163 sient
489 5108 857 5180 ipsePatrem
891 5117 1013 5167 orat
1034 5128 1135 5183 pro
1166 5112 1461 5185 primitiva
1482 5130 1591 5169 sua
1616 5115 1955 5183 Ecclesia,id

315 5199 405 5252 est
432 5198 711 5269 apostolis
763 5200 910 5269 suis,
943 5201 1143 5257 dicens
1174 5218 1187 5256 :
1228 5203 1347 5258 Volo
1377 5206 1437 5256 ut
1464 5205 1575 5258 sint
1602 5220 1776 5259 unum
1816 5208 1957 5262 sicut

315 5293 366 5340 et
394 5300 493 5341 nos
522 5302 694 5342 unum
723 5300 912 5344 sumus
938 5289 1114 5361 (Joan.
1148 5306 1286 5357 xvn,
1319 5291 1430 5362 21).

382 5374 547 5431 Vers.
569 5377 660 5431 25.
681 5376 812 5432 Erat
834 5381 1062 5449 uterque
1090 5379 1291 5448 nudus,
1321 5387 1373 5435 et
1404 5397 1513 5437 non
1545 5382 1951 5440 erubescebant.

312 5454 450 5526 Quae
478 5480 658 5520 causa
685 5466 1100 5522 erubescentiae
1129 5475 1285 5524 esset
1336 5469 1396 5524 in
1429 5468 1545 5525 illis
1577 5487 1723 5543 quos
1753 5472 1954 5529 nullus

313 5556 508 5608 motus
522 5552 889 5621 inhonestus,
904 5554 1067 5610 nulla
1083 5559 1276 5614 carnis
1288 5558 1541 5614 titillatio
1563 5561 1773 5634 agebat
1785 5561 1814 5615 ?
1830 5563 1952 5618 Nisi

311 5638 466 5696 enim
497 5641 672 5699 homo
702 5649 1017 5715 peccasset,
1051 5661 1355 5718 nunquam
1403 5646 1718 5722 voluptatis
1748 5648 1951 5709 ardore

2074 4680 2377 4749 voluisset,
2433 4684 2731 4741 resisteret
2782 4690 3077 4745 tentatori.
3140 4694 3301 4758 Quod
3360 4696 3409 4752 si
3468 4680 3719 4766 fecisset,

2073 4769 2246 4860 digne
2295 4770 2499 4842 utique
2549 4782 3040 4834 remuneraretur.
3074 4782 3379 4840 Artiﬁciali
3413 4790 3470 4841 et
3515 4792 3724 4860 arguta

2072 4858 2307 4928 quidem
2351 4860 2783 4920 machinatione
2831 4866 3100 4924 diabolus
3148 4886 3267 4925 suae
3322 4858 3722 4943 persuasionis

2070 4946 2235 5002 dolos
2266 4949 2596 5019 composuit
2628 4952 2831 5008 dicens
2866 4971 2878 5009 :
2912 4956 3080 5011 Erilis
3108 4960 3254 5015 sicut
3280 4962 3387 5030 dii,
3419 4968 3502 5032 ut,
3538 4964 3587 5020 si
3620 4982 3725 5038 per

2069 5035 2476 5092 inobedientiaa
2507 5043 2910 5112 contemptum
2934 5043 3233 5103 hominem
3256 5052 3591 5109 subvertere
3616 5035 3721 5111 ne-

2067 5125 2280 5195 quiret,
2305 5125 2519 5216 saltem
2536 5127 2593 5181 in
2625 5128 2733 5183 hoc
2758 5132 2912 5202 quod
2938 5132 3111 5191 ﬁdem
3142 5136 3202 5192 in
3227 5155 3293 5195 eo
3315 5147 3721 5216 corrumperet

2065 5215 2122 5268 et
2149 5226 2283 5268 eum
2308 5214 2381 5303 ad
2410 5215 2799 5274 idololatriam
2829 5223 3402 5297 suaderet,victorem
3426 5246 3487 5285 se
3506 5214 3721 5303 gloria-

2066 5305 2252 5392 retur.
2279 5302 2338 5357 Si
2371 5307 2567 5392 autem
2600 5306 2670 5361 ad
2715 5305 3175 5370 inobedientiam
3207 5320 3263 5371 et
3292 5302 3716 5392 comtemptum

2069 5389 2163 5444 Dei
2196 5389 2363 5447 illum
2394 5391 2745 5463 seduxisset,
2776 5394 2837 5452 in
2861 5402 3112 5473 utroque
3140 5401 3326 5475 victor
3352 5389 3643 5465 existeret.

2135 5478 2295 5534 Vers.
2335 5480 2390 5533 6.
2438 5480 2584 5537 Vidit
2628 5485 2804 5554 igitur
2861 5491 3065 5546 mulier
3118 5493 3269 5564 quod
3328 5495 3527 5551 bonum
3581 5505 3727 5555 esset

2061 5567 2273 5638 lignum
2302 5569 2377 5624 ad
2406 5572 2748 5629 vescendum.
2779 5575 2883 5632 Hic
2912 5583 3109 5649 aperte
3139 5583 3473 5640 ostenditur
3504 5585 3720 5642 mulier

2060 5655 2473 5715 inexcusabilis
2503 5675 2650 5718 esse.
2696 5662 2887 5721 Licuit
2903 5665 3059 5722 enim
3082 5666 3133 5724 si
3162 5669 3272 5727 sub
3302 5670 3404 5730 tali
3433 5672 3717 5731 delibera-
