4040 6208
298 352 380 417 65

1441 336 2068 407 COMMENTARIUS
2114 337 2193 400 IN
2239 335 2611 401 GENESI‘M.
3623 339 3702 403 ω

304 488 461 543 tione
485 485 653 541 dolos
692 484 987 540 advertere
1047 480 1288 536 inimici.
1344 476 1739 535 Consideravit
1792 474 1945 531 enim
1977 474 2031 540 Α
2061 472 2195 527 dine
2226 470 2490 543 privaris.
2513 468 2635 539 Vel,
2668 468 2815 524 sicut
2846 472 2906 523 Β.
2936 468 3248 541 Gregorius
3276 469 3702 539 dicit,interro-

305 572 803 648 pulchritudinem
824 570 967 644 ligni
999 574 1055 626 et
1084 569 1224 642 quia
1252 584 1426 623 suave
1460 570 1615 621 esset
1671 565 1740 619 ad
1800 580 1957 618 man-

306 663 665 723 ducandum.
699 662 864 717 Dedit
892 663 1009 716 viro
1055 675 1177 714 suo.
1243 657 1367 713 Non
1419 656 1656 727 quidem
1717 653 1953 718 dicitur,

308 753 460 826 quod
496 752 749 808 suaserit
777 750 826 805 ei
859 754 925 805 ut
955 748 1354 813 manducaret,
1388 745 1489 800 sed
1521 743 1579 797 in
1638 743 1745 797 hoc
1799 741 1954 813 quod

309 842 557 897 dicitur:
592 840 765 906 dedit,
787 837 1138 909 intelligitur
1166 835 1305 907 quia
1337 832 1522 889 suasit
1553 832 1623 887 ad
1648 829 1955 885 comeden-

308 931 475 994 dum,
500 944 840 1001 quanquam
873 943 990 981 non
1020 929 1175 981 esset
1195 940 1343 995 opus
1374 926 1439 976 ut
1468 920 1760 983 suaderet,
1819 918 1958 991 quia

307 1037 444 1077 cum
468 1018 612 1073 vidit
641 1033 769 1072 eam
794 1014 1120 1071 comedisse
1147 1017 1204 1069 et
1234 1010 1477 1066 minime
1506 1009 1958 1079 mori,ipsequo—

310 1125 427 1181 que
457 1123 699 1163 securus
730 1102 1002 1160 comedit.

382 1214 549 1270 Vers.
578 1216 632 1267 7.
663 1213 728 1267 Et
757 1212 936 1283 aperti
955 1212 1080 1264 sunt
1109 1209 1256 1265 oculi
1284 1223 1491 1263 eorum.
1518 1206 1705 1269 Quare
1736 1202 1957 1258 dictum

312 1308 422 1373 est,
455 1302 633 1374 aperti
650 1304 777 1355 sunt
824 1300 1012 1354 oculi?
1059 1297 1479 1376 Nunquidnam
1539 1293 1692 1348 Deus
1750 1308 1848 1347 eos
1896 1291 1957 1345 in

311 1391 655 1463 paradisum
691 1404 806 1443 non
838 1388 1098 1443 videntes
1138 1382 1557 1440 constituerat?
1574 1382 1698 1436 Non
1732 1379 1956 1451 utique.

314 1481 428 1536 Sed
455 1478 637 1551 aperti
670 1481 811 1532 sunt
838 1475 989 1531 oculi
1020 1490 1222 1530 eorum
1254 1473 1325 1528 ad
1358 1468 1961 1542 concupiscentiamet

315 1566 710 1641 cognitionem
742 1563 1005 1620 bestialis
1037 1551 1232 1618 motus
1263 1577 1437 1632 quem
1469 1558 1631 1631 prius
1660 1558 1720 1612 in
1755 1575 1817 1612 se
1850 1556 1957 1611 mi-

316 1658 475 1712 nime
505 1657 917 1727 cognoverunt.
953 1653 1051 1707 Est
1080 1654 1233 1707 enim
1267 1648 1559 1722 quoddam
1593 1662 1779 1720 genus
1805 1645 1962 1701 caeci-

317 1746 458 1801 tatis
489 1744 643 1817 quod
674 1742 865 1798 Graece
913 1742 1152 1805 aorasia,
1175 1740 1232 1794 id
1262 1743 1350 1794 est
1379 1738 1663 1793 avidentza
1721 1735 1957 1805 dicitur,

318 1850 439 1907 qua
469 1832 733 1905 quaedam
760 1831 1051 1900 videntur,
1077 1828 1342 1902 quaedam
1378 1842 1505 1882 vero
1537 1842 1671 1880 non.
1706 1827 1829 1889 Qua
1859 1840 1962 1879 caa-

319 1921 492 1978 citate
523 1922 873 1975 tenebantur
900 1918 979 1973 illi
1003 1920 1118 1973 duo
1133 1914 1403 1988 discipuli
1430 1931 1561 1970 cum
1579 1913 1824 1969 Domino
1847 1927 1971 1983 per-

323 2014 528 2083 gentes
556 2010 613 2063 in
648 2009 952 2073 Emmaus,
986 2008 1057 2062 de
1084 2006 1299 2079 quibus
1329 2004 1569 2060 dicitur:
1609 2002 1764 2059 Oculi
1776 2017 1969 2057 eorum

320 2099 673 2165 tenebantur,
704 2112 775 2151 ne
803 2112 925 2150 eum
957 2102 1308 2164 agnoscerent
1337 2094 1490 2165 (Luc.
1548 2109 1698 2162 xx1v,
1762 2092 1868 2159 16).
1902 2119 1971 2128 ——

326 2188 569 2260 Cumque
595 2187 973 2258 cognovissent
1000 2200 1058 2240 se
1086 2200 1199 2249 esse
1235 2184 1427 2237 nudos.
1460 2184 1867 2254 Cognovernnt
1910 2193 1972 2231 se

321 2294 456 2339 esse
484 2277 676 2331 nudos
702 2275 761 2328 in
783 2274 891 2328 hoc
911 2273 1066 2344 quod
1089 2270 1390 2326 bestialem
1415 2274 1638 2325 motum
1662 2270 1975 2324 senserunt

321 2382 508 2439 quem
540 2368 712 2418 antea
741 2378 856 2416 non
884 2364 1213 2416 senserunt.
1246 2358 1409 2413 Unde
1440 2362 1496 2414 et
1525 2358 1597 2412 ad
1632 2358 1809 2411 ﬁcum
1839 2372 1975 2409 con-

320 2455 608 2525 tigerunt,
645 2449 782 2522 quia
807 2449 1172 2511 fortassis,ut
1202 2448 1409 2503 beatus
1432 2445 1797 2518 Augustinus
1815 2443 1975 2513 dicit,

322 2541 483 2596 hanc
506 2538 776 2593 arborem
791 2537 1044 2608 primam
1063 2535 1736 2608 postpraevaricationem
1760 2548 1979 2603 repere-

328 2632 489 2696 runt,
520 2629 569 2683 et
590 2643 664 2681 ex
690 2627 844 2696 foliis
874 2627 1003 2696 ejus
1022 2626 1272 2695 fecerunt
1292 2624 1401 2679 sibi
1425 2625 1785 2695 perizomata,
1804 2621 1861 2675 id
1890 2624 1979 2675 est

330 2714 720 2774 succinctoria
749 2713 868 2769 sive
898 2713 1145 2779 bracas;
1191 2716 1248 2768 et
1304 2714 1701 2783 apposuerunt
1749 2709 1861 2765 sibi
1915 2708 1976 2763 in

334 2804 616 2862 membris
638 2800 1017 2876 genitalibus,
1051 2799 1457 2856 circalumbos
1479 2798 1747 2855 videlicet
1766 2799 1826 2853 in
1849 2796 1977 2870 qui-

333 2896 448 2950 bus
474 2890 799 2949 'scmentiva
826 2890 913 2946 vis
943 2906 1071 2945 esse
1102 2888 1757 2961 dignoscitur.Congrue
1784 2891 1979 2942 autem

337 2998 410 3038 ex
438 2980 593 3036 foliis
623 2978 716 3033 ﬁci
748 2978 956 3033 fecisse
986 2977 1097 3033 sibi
1130 2976 1486 3049 perizomata
1514 2976 1810 3041 dicuntur,
1852 2991 1979 3046 qua:

336 3068 627 3143 pruritum
649 3066 966 3139 quemdam
996 3067 1055 3121 in
1087 3081 1148 3121 se
1170 3066 1384 3121 habere
1414 3068 1753 3121 noscuntur.
1786 3062 1983 3135 Signi-

2064 566 2236 633 gatur
2264 577 2298 614 a
2328 558 2597 619 Domino.
2625 575 2737 613 non
2771 564 2832 612 ut
2865 562 3014 613 Deus
3048 557 3296 614 disceret
3326 560 3480 632 quod
3537 560 3705 631 igno-

2065 650 2250 715 rabat,
2285 648 2383 704 sed
2423 652 2485 702 ut
2514 648 2585 702 ad
2644 646 3036 703 humilitatem
3096 648 3486 705 confessionis
3534 649 3706 705 illum

2065 741 2402 809 provocaret
2424 740 2489 790 ut
2519 736 2672 807 quod
2700 736 3131 807 praevaricando
3192 737 3520 811 deliquerat
3571 756 3707 795 con-

2066 826 2283 880 fitendo
2314 824 2547 880 deleret.
2583 824 2691 878 Sed
2726 824 2823 879 ille
2854 832 3154 894 peccatum
3188 845 3363 883 suum
3407 829 3467 884 in
3525 827 3708 885 alium

2066 919 2402 984 retorquere
2433 911 2629 978 voluit,
2666 912 2865 968 dicens
2894 930 2906 967 :

2136 1002 2301 1058 Vere.
2338 1002 2421 1055 12.
2455 1002 2668 1072 Mulier,
2701 1019 2867 1072 quam
2885 1003 3100 1058 dedisti.
3122 1004 3296 1067 Quasi
3321 1007 3376 1061 in
3397 1006 3506 1063 hoc
3526 1007 3709 1064 Deum

2066 1090 2507 1161 infamaret,qui
2538 1090 2589 1144 ei
2618 1090 2854 1144 dederat
2878 1108 2978 1162 per
3009 1110 3182 1164 quam
3205 1096 3479 1168 deceptus
3503 1098 3709 1154 fuerat.

2068 1179 2348 1234 Similiter
2375 1183 2433 1234 et
2454 1178 2665 1233 mulier
2696 1178 3047 1251 interrogata
3069 1182 3123 1236 in
3147 1190 3471 1255 serpentem
3494 1187 3716 1245 reﬂexit

2070 1267 2326 1339 culpam,
2344 1267 2559 1322 'dicens
2588 1285 2600 1322 :
2634 1268 2862 1339 Serpens
2888 1268 3097 1340 decepit
3126 1288 3228 1327 me.
3256 1275 3378 1340 Quo
3402 1278 3603 1333 morbo
3625 1278 3709 1335 la-

2072 1358 2238 1412 borat
2259 1373 2441 1425 usque
2454 1356 2625 1411 hodie
2640 1356 2964 1411 humanum
2981 1361 3453 1435 genus.Denique
3475 1383 3716 1439 serpens

2074 1462 2189 1499 non
2220 1445 2630 1516 interrogatur,
2662 1445 2801 1516 quia
2830 1446 3118 1519 diabolus,
3142 1449 3237 1518 qui
3266 1468 3367 1522 per
3388 1462 3716 1525 serpentem

2072 1533 2302 1589 locutus
2336 1533 2541 1596 fuerat,
2563 1532 3087 1606 irrecuperabiliter
3106 1537 3449 1611 deliquerat.
3474 1545 3543 1599 Et
3573 1545 3720 1602 bene

2073 1623 2256 1677 Adam
2290 1622 2477 1694 primo
2507 1623 2897 1695 interrogatur
2939 1626 3031 1680 cui
3089 1635 3439 1702 praeceptum
3483 1634 3723 1691 dederat

2074 1710 2247 1776 Deus,
2280 1712 2432 1782 quod
2467 1717 2817 1784 praeceptum
2851 1731 2951 1785 per
2980 1716 3168 1771 virum
3200 1720 3358 1776 venit
3381 1722 3454 1777 ad
3513 1724 3722 1781 mulie-

2074 1815 2193 1853 rem
2226 1817 2239 1853 :
2274 1799 2427 1854 sicut
2455 1817 2485 1855 e
2516 1806 2717 1856 contra
2747 1819 2848 1873 per
2878 1811 3204 1876 serpentem
3238 1816 3538 1879 peccatum
3567 1814 3725 1871 venit

2077 1888 2147 1943 ad
2176 1887 2505 1953 mulierem,
2539 1893 2595 1943 et
2626 1906 2726 1961 per
2758 1890 3063 1947 mulierem
3097 1894 3167 1949 ad
3197 1895 3407 1954 virum.

2150 1994 2311 2049 Vers.
2350 1996 2434 2050 14,
2468 1996 2531 2050 Et
2591 1998 2678 2051 ait
2736 1999 2996 2053 Dominus
3051 2000 3122 2055 ad
3175 2014 3517 2075 serpentem:
3580 2010 3723 2077 Quia

2076 2084 2259 2153 [ecisti
2287 2084 2403 2154 hoc,
2436 2085 2758 2141 maledictus
2797 2091 2907 2142 eris
2959 2090 3105 2144 inter
3157 2094 3343 2148 omnia
3387 2098 3722 2153 animantia.

2081 2173 2243 2237 Quod
2284 2174 2537 2244 serpenti
2562 2174 2772 2229 dicitur
2802 2177 2873 2231 ad
2909 2177 3204 2235 diabolum
3225 2186 3312 2236 est
3332 2184 3722 2242 referendum.

2080 2265 2257 2332 Supra
2277 2265 2460 2331 pectus
2480 2266 2633 2316 tuum
2653 2264 2946 2331 gradieris.
3007 2267 3283 2324 Diabolus
3312 2287 3493 2343 supra
3524 2279 3727 2345 pectus

2084 2350 2367 2421 graditur,
2401 2351 2541 2421 quia
2561 2351 2723 2406 dolos
2756 2358 2813 2407 et
2843 2353 3090 2409 insidias
3124 2361 3365 2428 portans
3395 2359 3454 2415 in
3497 2368 3728 2433 pectore

2087 2437 2353 2493 homines
2383 2438 2649 2511 decipere
2681 2445 2946 2496 conatur.
2982 2442 3140 2498 Unde
3172 2449 3231 2499 et
3261 2448 3469 2504 merito
3505 2467 3730 2523 serpens

2084 2531 2340 2596 vocatur,
2368 2527 2507 2598 quia
2536 2528 2760 2584 occulte
2792 2530 2995 2601 serpit.
3031 2532 3249 2588 Terram
3275 2537 3530 2607 comedit,
3591 2541 3730 2613 quia

2085 2613 2331 2669 terrenis
2363 2614 2637 2685 operibus
2665 2619 2926 2687 pascitur
2954 2625 3006 2674 et
3033 2619 3369 2679 delectatur.

2157 2721 2320 2776 Vers.
2357 2721 2439 2774 15.
2471 2722 2799 2779 Inimicitias
2815 2741 3021 2790 ponam
3050 2729 3195 2784 inter
3243 2738 3295 2788 te
3338 2737 3393 2789 et
3442 2736 3732 2795 mulierem

2086 2814 2139 2866 et
2166 2825 2349 2865 semen
2381 2813 2555 2865 tuum.
2587 2812 2891 2869 Mulierem.
2931 2815 3026 2871 hic
3057 2817 3375 2877 Ecclesiam
3424 2823 3584 2893 dicit,
3638 2828 3733 2883 cui

2089 2898 2361 2954 dIabolus
2392 2900 2718 2957 contrarius
2743 2906 2847 2957 est.
2885 2904 3081 2960 Semen
3106 2923 3239 2963 vero
3269 2911 3521 2968 mulieris
3575 2915 3729 2972 bona

2089 3003 2265 3067 opera
2294 2992 2436 3043 sunt
2464 2988 2749 3056 Ecclesiae,
2774 3008 2958 3047 semen
3005 2998 3272 3065 serpentis
3311 3015 3488 3071 opera
3543 3004 3735 3062 omnis

2090 3075 2439 3146 iniquitatis.
2464 3075 2595 3131 Haec
2614 3082 2705 3133 est
2725 3079 2880 3135 enim
2904 3081 3322 3153 mulierilla,de
3342 3104 3460 3159 qua
3477 3090 3735 3150 Joannes

340 3161 477 3254 licet
505 3163 701 3254 auten}
731 3155 1024 3254 ριύτξῖυῐῑξ
1056 3154 1250 3254 carni?
1278 3159 1336 3210 et
1363 3154 1665 3254 inceptiva
1701 3151 1984 3254 “libi-(lini?
2015 3223 2055 3254 ρ
2092 3162 2152 3218 in
2183 3163 2513 3237 Apocalipsi
2536 3165 2697 3236 dicit,
2730 3169 2885 3241 quod
2913 3187 3040 3226 eam
3071 3151 3245 3230 draco
3267 3151 3713 3250 persequeretur

338 3247 631 3312 ardorem,
655 3245 727 3300 de
750 3261 867 3315 qua
886 3244 1095 3299 beatus
1116 3243 1465 3298 Ambrosius
1485 3242 1681 3297 dicit:«
1701 3238 1984 3330 Beati,qui
2014 3223 2057 3289 C
2094 3223 2297 3308 volel‘m
2326 3223 2454 3308 θεώ
2482 3223 2777 3327 demam"
2810 3223 3740 3330 ροείᾇξᾶὦᾶἷαὲ·

338 3336 527 3408 ligant
546 3349 728 3406 equos
750 3349 889 3388 suos
919 3333 991 3387 ad
1013 3332 1193 3387 vitem
1218 3330 1473 3401 olivae,ad
1490 3331 1753 3385 arborem
1769 3328 1984 3383 laetitia:

338 3428 399 3481 et
429 3423 611 3496 pacis,
634 3438 752 3478 non
782 3422 854 3477 ad
886 3421 1088 3487 ficum,
1120 3437 1247 3492 quze
1277 3423 1367 3474 est
1395 3417 1637 3473 humilis
1668 3418 1739 3472 ad
1786 3416 1984 3472 altitu-

341 3530 500 3584 nem,
532 3511 729 3567 mollis
757 3510 829 3566 ad
855 3509 1138 3572 laborem,
1176 3507 1395 3564 sterilis
1430 3507 1501 3562 ad
1537 3506 1813 3561 fructum.
1851 3527 1878 3555 ››

413 3619 577 3675 Vers.
609 3619 662 3672 8.
700 3618 761 3672 Et
788 3634 910 3672 cum
936 3615 1220 3672 audissent
1240 3630 1417 3670 vocem
1439 3613 1660 3669 Domini
1688 3612 1805 3666 Dei.
1838 3610 1992 3666 Deus

345 3708 538 3781 primo
566 3705 790 3762 homini
812 3723 917 3778 per
944 3706 1270 3776 subjectam
1304 3707 1649 3766 creaturam,
1678 3700 1735 3755 id
1760 3703 1868 3765 est,
1892 3715 1994 3771 per

347 3795 623 3869 angelum
637 3795 746 3851 sub
762 3794 1021 3849 humana
1034 3793 1224 3865 specie
1237 3790 1990 3864 apparentemloquebatur:

348 3887 503 3941 unde
534 3890 591 3939 et
618 3900 815 3939 vocem
849 3882 1078 3937 Domini
1103 3882 1338 3957 audisse
1366 3880 1591 3935 dicitur.
1634 3879 1748 3934 Nec
1804 3881 1990 3943 vacat,

349 3974 503 4047 quod
533 3981 654 4045 post
677 3971 970 4027 meridiem
1000 3971 1262 4025 eamdem
1293 3986 1489 4025 vocem
1510 3967 1833 4041 percepisse
1855 3966 1995 4021 dici-

351 4066 449 4117 tur
477 4062 858 4133 quandojam
891 4059 1015 4115 dies
1047 4076 1079 4113 a
1104 4058 1295 4114 calore
1346 4075 1453 4113 suo
1512 4057 1805 4129 frigescit:
1858 4055 1996 4128 quia

343 4151 471 4222 jam
504 4149 563 4205 in
596 4166 661 4204 eo
686 4150 874 4204 fervor
894 4146 1194 4202 cbaritatis
1213 4151 1267 4201 et
1284 4145 1382 4200 lux
1404 4146 1665 4201 veritatis
1686 4146 1991 4201 defecerat.

356 4240 514 4296 Unde
536 4255 688 4305 nona
713 4237 856 4292 hora
903 4236 1176 4309 spiritum
1225 4235 1443 4300 emisit,
1494 4234 1594 4307 qui
1652 4240 1812 4289 sexta
1853 4234 1998 4290 hora

352 4327 543 4382 fuerat
572 4325 906 4382 crucifixus.
939 4325 1009 4379 Et
1039 4328 1189 4379 recte
1219 4323 1327 4379 hoc
1359 4323 1558 4379 ordine
1577 4327 1769 4378 actum
1797 4328 1903 4390 est,
1935 4327 2000 4377 ut

355 4432 472 4487 qua
503 4415 648 4471 hora
677 4414 854 4469 homo
871 4414 941 4468 de
973 4413 1244 4485 paradiso
1275 4413 1492 4483 eiectus
1508 4416 1596 4467 est
1624 4412 1825 4467 eadem
1859 4410 1997 4466 illuc

354 4504 782 4559 restitueretur.

2095 3356 2193 3395 ore
2222 3357 2329 3395 suo
2350 3341 2546 3397 emisit
2576 3343 2759 3414 (Apoc.
2793 3362 2893 3400 xu.
2930 3347 3039 3420 13),
3090 3350 3229 3421 quia
3272 3356 3736 3424 persecutionem

2096 3428 2359 3499 gentium
2390 3434 2590 3485 contra
2611 3432 2925 3489 Ecclesiam
2970 3439 3288 3496 suscitavit.
3329 3443 3454 3514 Ipsa
3506 3450 3741 3503 conteret

2096 3520 2255 3586 caput
2288 3526 2461 3572 tuum.
2493 3521 2555 3575 Id
2585 3526 2694 3585 est,
2746 3523 3001 3591 Ecclesia
3053 3534 3292 3586 conteret
3345 3537 3509 3604 caput
3563 3541 3738 3604 tuum,

2100 3604 2157 3659 id
2180 3610 2288 3671 est,
2320 3605 2552 3661 initium
2586 3608 2750 3664 malae
2779 3611 3114 3670 voluntatis.
3147 3622 3462 3690 antequam
3492 3623 3566 3678 ad
3592 3641 3741 3697 opus

2101 3699 2463 3767 prorumpat.
2500 3695 2661 3752 Unde
2682 3704 2739 3752 et
2768 3699 2825 3752 in
2858 3701 3084 3771 psalmo
3132 3705 3319 3761 beatus
3374 3710 3587 3765 dicitur
3633 3695 3740 3783 qui

2099 3783 2366 3852 parvulas
2394 3785 2690 3857 Babylonis
2744 3792 3002 3860 tenuerit,
3038 3799 3090 3847 et
3116 3792 3188 3848 ad
3235 3800 3454 3865 petram
3501 3799 3744 3855 alliserit

2102 3872 2279 3943 (Psal.
2314 3891 2537 3943 cxxxvx,
2580 3876 2656 3947 9).
2717 3877 2945 3933 Parvuli
3003 3880 3312 3954 Babylonis
3358 3889 3449 3941 est
3505 3886 3741 3944 initium

2104 3962 2325 4034 peccati
2352 3968 2407 4018 et
2437 3964 2597 4037 origo
2622 3965 2787 4021 malas
2836 3969 3169 4027 voluntatis.
3194 3971 3264 4027 Hi
3322 3979 3463 4030 sunt
3518 3976 3743 4048 parvuli

2103 4054 2441 4123 confusionis
2464 4053 2563 4124 qui
2574 4096 2588 4117 ,
2618 4060 2933 4128 antequam
2958 4060 3282 4130 proficiant,
3303 4062 3582 4121 allideudi
3603 4071 3745 4124 sunt

2104 4141 2173 4195 ad
2211 4146 2452 4212 petram,
2485 4143 2543 4197 id
2574 4147 2663 4198 est
2690 4144 3005 4203 Christum.

2174 4229 2336 4285 Vers.
2374 4232 2457 4284 16.
2488 4232 2549 4285 Et
2570 4236 2630 4286 tu
2648 4234 2997 4291 insidiaberis
3027 4239 3288 4296 calcaneo
3318 4243 3453 4309 eius.
3516 4243 3579 4299 In
3626 4245 3744 4300 cal-

2105 4334 2269 4373 caneo
2308 4317 2442 4373 finis
2493 4326 2583 4374 est
2639 4324 2918 4395 corporis.
2983 4324 3245 4383 Calcaneo
3291 4345 3428 4401 ergo
3478 4330 3746 4388 diabolus

2107 4408 2425 4462 insidiatur.
2460 4410 2599 4480 quia
2628 4412 2880 4467 maxime
2911 4412 2970 4467 in
3003 4413 3116 4470 ﬁne
3143 4415 3269 4470 vult
3298 4417 3566 4474 homines
3594 4419 3749 4475 deci-

2110 4512 2263 4568 pere.
2297 4497 2520 4552 Mutieri
2550 4515 2760 4570 quoque
2778 4501 2965 4556 dixit:
3021 4504 3401 4575 Multiplicabo
3452 4520 3737 4563 aerumnas

426 4596 592 4649 Vers.
629 4594 713 4648 10.
750 4590 946 4646 Audivi
973 4607 1157 4647 vocem
1176 4593 1327 4645 tuam
1351 4598 1402 4645 et
1420 4589 1677 4645 abscondi
1703 4606 1807 4646 me.
1841 4589 2003 4645 Sicut
2033 4579 2079 4644 D
2111 4589 2251 4652 tuas,
2278 4590 2339 4640 in
2367 4586 2550 4641 dolore
2574 4590 2759 4657 paries
2787 4590 2952 4659 ﬁlios.
2988 4590 3135 4653 Quia
3164 4591 3282 4663 illa,
3341 4594 3393 4649 si
3452 4611 3569 4651 non
3621 4611 3751 4668 pec-

355 4698 561 4737 amens
584 4685 640 4736 et
659 4680 842 4735 nimio
868 4680 1079 4735 timore
1100 4678 1786 4750 perterritus.Abscondit
1806 4684 2002 4732 autem

356 4785 419 4825 se
452 4786 566 4823 non
601 4773 664 4822 ut
692 4770 820 4839 ejus
853 4767 1073 4823 scelera
1092 4767 1371 4823 Dominus
1405 4784 1522 4821 non
1554 4767 1793 4829 videret.
1817 4767 1914 4821 sed
1942 4770 2006 4821 ut

356 4857 741 4929 seindignum
767 4857 983 4912 factum
998 4856 1124 4926 ejus
1147 4854 2005 4927 aspectuiostenderet.Duplici

356 4949 556 5002 autem
587 4945 936 5002 verecundia
962 4945 1371 4999 arctabantur:
1406 4943 1493 4999 vel
1515 4944 1652 5015 quia
1683 4943 1848 4998 illum
1901 4944 2002 4998 ob—

357 5051 596 5090 scenum
633 5040 856 5089 motum
888 5033 946 5088 in
978 5032 1258 5089 membris
1289 5032 1427 5088 suis-
1461 5033 1793 5087 sentiebant
1831 5048 2000 5102 quem

358 5129 530 5179 antea
559 5139 861 5196 nunquam
893 5122 1107 5192 experti
1136 5122 1385 5191 fuerant,
1416 5121 1504 5175 vel
1535 5121 1673 5192 quia
1719 5119 2005 5192 intellige—

358 5213 502 5267 bant
531 5214 602 5267 ob
624 5211 1149 5283 transgressionem
1182 5210 1281 5265 Dei
1306 5211 1573 5283 praecepti
1600 5210 1707 5265 hoc
1737 5209 1847 5265 sibi
1871 5226 2005 5264 con-

356 5299 583 5374 tigisse.
608 5301 778 5357 Adam
807 5301 904 5355 ubi
923 5317 977 5355 es
1000 5303 1025 5352 .9
1042 5299 1165 5356 Non
1189 5299 1355 5371 quasi
1380 5300 1614 5355 neecius
1638 5298 2010 5371 interrogavit

361 5406 535 5460 quem
564 5388 711 5444 nihil
744 5389 916 5444 latere
950 5392 1157 5458 potest,
1185 5388 1283 5442 sed
1317 5387 1613 5444 miseriam
1672 5387 2006 5460 praevarica-

357 5477 540 5543 tionis
559 5477 645 5532 illi
676 5476 967 5550 exprimit,
993 5492 1125 5531 cum
1150 5475 1321 5530 dicit:
1348 5477 1539 5544 Adam,
1562 5477 1657 5531 ubi
1686 5493 1742 5532 es
1760 5479 1785 5530 Ρ
1816 5476 1876 5532 Id
1916 5479 2011 5531 est

360 5582 540 5639 quam
573 5566 755 5622 miser
784 5566 1026 5631 effectus
1059 5562 1159 5620 es!
1194 5562 1299 5629 Qui
1331 5562 1683 5621 immortalis
1739 5564 2010 5621 conditus

357 5653 581 5730 fueras,
604 5654 813 5715 mortis
830 5655 1045 5713 damno
1056 5651 1716 5724 teneris,etinnooentim
1753 5653 2009 5713 beatitu-

2114 4679 2323 4745 casset,
2357 4674 2480 4729 sine
2510 4674 2709 4731 dolore
2738 4676 2996 4747 paritura
3024 4684 3184 4735 erat:
3217 4679 3432 4739 idcirco
3463 4688 3597 4756 post
3618 4702 3752 4757 pec-

2114 4768 2306 4819 catum
2336 4765 2389 4819 ci
2409 4763 2529 4819 haec
2562 4781 2731 4835 poena
2760 4764 3065 4837 irrogatur,
3099 4772 3163 4823 ut
3190 4770 3249 4826 in
3307 4771 3506 4828 dolore
3563 4775 3753 4846 pariat

2105 4853 2232 4923 jam
2257 4852 2426 4907 tilios.
2459 4855 2524 4907 Et
2554 4855 2655 4908 sub
2688 4856 2796 4909 viri
2817 4859 3080 4926 potestate
3106 4860 3239 4928 eris,
3269 4863 3323 4914 et
3344 4862 3459 4932 ipse
3498 4862 3749 4918 domina-

2116 4943 2261 4997 bitur
2293 4944 2395 4996 tui.
2430 4943 2669 4997 Etiamsi
2702 4960 2815 4998 non
2847 4951 3165 5015 peccasset,
3197 4948 3307 5002 sub
3340 4954 3623 5020 potestate
3644 4950 3754 5007 viri

2115 5029 2311 5085 futura
2340 5036 2479 5085 erat.
2518 5031 2626 5087 Sed
2660 5031 2761 5087 illa
2789 5033 3072 5104 subjectio
3095 5035 3293 5090 minus
3314 5037 3558 5106 pcenalis
3579 5042 3753 5105 esset,

2116 5120 2215 5193 qui
2247 5136 2315 5175 ex
2346 5119 2650 5176 dilectione
2673 5123 3007 5193 procederet
3035 5139 3162 5192 quas
3194 5140 3350 5179 nunc
3369 5123 3421 5179 ei
3451 5141 3554 5196 pro
3584 5143 3756 5197 paana

2114 5208 2438 5281 imponitur
2462 5215 2524 5263 ut
2553 5210 2726 5265 etiam
2758 5210 2961 5265 nolens
2983 5211 3103 5266 viro
3132 5212 3436 5268 subdatur.
3461 5214 3757 5273 Moraliter

2117 5299 2228 5354 sub
2260 5302 2542 5369 potestate
2571 5298 2676 5353 viri
2708 5298 2919 5353 mulier
2947 5299 3322 5355 constituitur
3342 5304 3502 5374 :quia
3521 5303 3755 5375 spiritui

2118 5404 2248 5443 caro
2279 5387 2585 5443 subdenda
2613 5391 2719 5455 est,
2752 5404 2823 5442 ne
2851 5391 3151 5460 repugnet,
3176 5390 3278 5446 sed
3306 5392 3494 5464 magis
3523 5392 3753 5449 obtem-

2118 5481 2297 5549 peret.

2188 5564 2349 5621 Vers.
2385 5565 2470 5619 17.
2506 5564 2639 5622 Adae
2694 5579 2819 5621 vero
2875 5564 3055 5623 dicit:
3114 5568 3258 5637 Quia
3310 5568 3519 5637 audisti
3572 5588 3756 5639 uocem

2118 5657 2462 5727 uxoristu'a’,
2484 5652 2795 5714 maledicta
2807 5658 2961 5717 terra
2977 5658 3038 5718 in
3058 5670 3217 5734 apere
3247 5660 3359 5719 tuo.
3403 5658 3582 5730 Terra
3623 5638 3774 5729 ιη..
