4040 6208
333 305 407 364 67
897 298 1200 363 REMIGII
1245 293 2002 359 ANTISSIODORENSIS
2049 295 2221 354 OPP.
2271 295 2471 353 PARS
2522 295 2564 352 Ι.
2599 325 2676 336 —
2707 293 3175 354 EXEGETICA.
3660 289 3744 350 68

340 433 578 499 leditur,
606 448 720 486 non
745 431 869 502 ipse
890 431 1097 498 Adam,
1127 435 1191 484 ut
1205 429 1473 484 videlicet
1493 427 1706 493 caeteri,
1742 429 1978 496 propter
2005 427 2059 491 Α
2091 424 2212 478 bita
2241 428 2349 490 est,
2385 441 2456 478 ne
2492 430 2688 496 posset
2718 423 2964 479 ulterius
2987 424 3213 496 lignum
3231 423 3357 478 viiaa
3376 423 3736 494 contingere.

338 539 485 595 quos
519 521 631 576 ista
661 519 972 575 scribenda
1002 523 1188 586 erant,
1226 521 1585 573 terrerentur
1642 531 1712 569 ne
1762 512 1979 567 similia

333 612 588 666 facerent
611 613 668 664 et
687 607 865 662 simili
897 625 1060 679 pmna
1082 604 1634 679 plecterentur.Cain
1660 619 1817 666 vero,
1843 601 1981 674 quia

335 699 535 770 primae
587 696 1044 768 praevaricationi
1105 694 1480 764 parricidium
1541 691 1803 757 adduxit,
1861 692 1982 760 ipse

336 787 734 852 maledicetur,
768 787 861 840 cui
891 785 1112 839 dictum
1147 789 1264 838 est:
1307 783 1621 837 Maledictus
1651 781 1759 834 eris
1817 795 1984 849 super

333 881 538 932 terram
569 875 719 946 (Gen.
758 892 833 942 1v,
871 874 978 942 11).
1033 874 1196 927 Terra
1255 880 1346 926 tua
1402 873 1587 942 spinas
1641 873 1691 924 et
1751 869 1983 922 tribulos

334 965 690 1037 germinabit.
724 964 912 1034 Spinc'e
943 979 1072 1016 vero
1104 966 1274 1016 antea
1301 964 1486 1026 erant,
1520 959 1659 1030 quia
1682 959 1831 1012 inter
1851 956 1984 1011 reli-

337 1071 484 1126 quas
516 1053 750 1108 arbores
779 1058 837 1106 et
866 1051 1116 1122 virgulta
1144 1050 1344 1121 spinas
1409 1050 1556 1102 Deus
1604 1048 1838 1112 creavit,
1881 1046 1981 1100 sed

337 1160 452 1198 non
485 1143 557 1197 ad
579 1142 687 1196 hoc
719 1148 781 1195 ut
811 1139 1032 1194 homini
1062 1139 1316 1192 laborem
1347 1138 1643 1202 inferrent,
1678 1154 1804 1208 qua:
1855 1137 1986 1206 post

336 1237 632 1304 peccatum
653 1231 722 1285 ad
747 1229 1005 1284 laborem
1038 1226 1485 1281 etal'flictionem
1511 1226 1768 1280 humano
1787 1224 1984 1296 generi

336 1321 479 1375 datae
515 1323 656 1374 sunt
684 1335 696 1371 :
732 1317 883 1371 sicut
913 1317 1086 1371 etiam
1121 1317 1421 1385 serpentes
1453 1319 1510 1368 ct
1542 1313 1710 1368 noxia
1741 1329 1984 1384 quaeque

335 1413 468 1463 ante
502 1411 800 1479 peccatum
833 1409 1001 1460 erant
1031 1403 1284 1458 innoxia.
1313 1402 1556 1472 Mystice
1585 1403 1772 1472 spinas
1797 1405 1848 1456 et
1877 1403 1981 1455 tri-

337 1498 494 1552 bulos
526 1505 672 1550 terra
698 1496 973 1564 germinat
995 1493 1156 1564 :quia
1185 1507 1319 1546 caro
1343 1497 1540 1544 nostra
1565 1491 1909 1560 punctiones
1930 1492 1987 1542 et
2019 1557 2029 1566 μ

337 1584 569 1639 aculeos
599 1583 870 1638 vitiorum
902 1582 1138 1654 gignere
1169 1597 1281 1634 non
1305 1578 1552 1633 desistit.
1579 1578 1645 1631 Et
1670 1577 1774 1631 hoc
1807 1583 1985 1631 atten-

337 1675 589 1728 dendum
623 1671 776 1743 quod
811 1671 946 1724 Adae
995 1669 1355 1724 extrinsecus
1414 1683 1582 1738 pmna
1640 1666 1980 1737 imponitur,

334 1779 469 1817 cum
504 1761 753 1816 dicitur:
782 1758 1070 1814 Maledicta
1102 1763 1247 1812 terra
1281 1758 1341 1811 iu
1371 1771 1531 1827 opere
1578 1759 1669 1810 tuo
1691 1772 1709 1814 ;
1751 1753 1980 1808 mulieri
2018 1793 2063 1856 Β

330 1851 710 1916 intrinsecus,
733 1865 865 1903 cum
882 1848 1095 1902 dicitur
1118 1845 1506 1917 :Multiplicabo
1535 1861 1813 1898 :erumuas
1839 1851 1978 1913 tuas,

334 1942 466 2006 etc.,
494 1938 632 2009 quia
655 1937 866 1991 mulier
886 1936 1129 1991 seducta
1151 1933 1374 2004 decepit
1395 1932 1740 1999 virum,ideo
1755 1931 1985 2003 gravior

335 2026 388 2080 ei
422 2043 592 2098 pmna
621 2025 930 2097 irrogatur.

406 2131 571 2186 Vers.
606 2133 691 2185 21.
717 2133 864 2185 Fecit
891 2131 1152 2184 Dominus
1184 2130 1320 2184 Deus
1349 2128 1478 2182 Adm
1528 2136 1578 2181 et
1643 2127 1808 2181 uxori
1862 2127 1982 2197 ejus

336 2223 553 2275 tunicas
572 2219 1046 2288 petliceas.Pelles
1064 2236 1131 2273 ex
1156 2217 1402 2272 mortuis
1425 2214 1778 2270 animalibus
1791 2215 1979 2269 detra-

335 2310 572 2364 buntur.
613 2309 942 2364 Perlunicas
957 2324 1091 2379 ergo
1113 2307 1372 2377 pelliceas
1393 2305 1812 2360 ostendebatur
1844 2303 1983 2374 quia

333 2397 609 2453 mortales
639 2399 758 2469 jam
790 2396 926 2451 tacti
955 2401 1120 2450 erant
1148 2412 1215 2450 ex
1246 2393 1702 2460 immortalibus,
1750 2398 1807 2447 et
1867 2408 1980 2447 non

333 2486 520 2542 solum
537 2486 861 2540 amiserunt
878 2485 1112 2538 beatum
1136 2487 1354 2536 statum
1373 2482 1430 2536 in
1451 2499 1626 2552 quem
1652 2498 1704 2533 m
1717 2480 1866 2534 utari
1879 2495 1981 2550 po-

331 2573 597 2640 terant,si
614 2590 727 2628 non
754 2576 1319 2644 peccassent,verum
1341 2569 1719 2640 etiamipsam
1751 2567 1978 2622 felicem

332 2661 506 2716 vitam
519 2678 654 2732 ,qua
671 2661 728 2715 in
756 2659 1026 2732 paradiso
1040 2660 1205 2713 beate
1217 2657 1403 2712 vivere
1420 2654 1979 2728 poterant,perdide-

332 2755 485 2804 runt.
513 2749 629 2820 Ipsi
652 2748 886 2820 quidem
925 2748 1183 2801 fecerunt
1213 2745 1324 2800 sibi
1356 2745 1728 2816 perizomata,
1762 2747 1826 2796 ut
1857 2759 1982 2813 pec-

333 2843 531 2894 catum
563 2854 736 2892 suum
769 2841 879 2892 Deo
910 2835 1347 2891 absconderant.
1387 2834 1539 2888 Deus
1567 2849 1696 2888 vero
1717 2833 1846 2902 fecit
1867 2831 1982 2886 illis

334 2929 546 2984 tunicas
563 2927 820 2999 pelliceas
848 2924 1064 2996 quibus
1094 2927 1281 2978 totum
1314 2939 1524 2994 corpus
1545 2938 1746 2976 eorum
1769 2919 1978 2986 induit,

335 3017 474 3088 quia
502 3016 562 3070 in
596 3031 832 3085 corpore
861 3019 918 3070 et
949 3014 1008 3068 in
1026 3011 1635 3082 animajustojudicio
1657 3009 1977 3065 damnavit.

335 3107 396 3161 In
430 3104 626 3159 anima
641 3103 878 3175 quidem
893 3106 1128 3175 propter
1147 3105 1446 3172 peccatum
1465 3097 1976 3171 praevaricationis.

338 3193 397 3248 in
426 3209 663 3264 corpore
689 3207 822 3247 vero
854 3195 1090 3263 propter
1123 3206 1349 3262 poenam
1385 3186 1828 3260 peccati.Stulta
1848 3202 1980 3241 vero

339 3279 580 3353 quaestio
611 3284 718 3348 est,
753 3279 886 3351 quis
915 3277 1053 3334 velit
1082 3278 1375 3350 requirere
1421 3275 1672 3347 qualiter
1719 3274 1807 3330 vel
1866 3291 1980 3347 quo

337 3373 611 3441 operante
643 3367 821 3440 pelles
852 3369 923 3423 ab
957 3365 1313 3422 animalibus
1345 3366 1642 3421 subductae
1675 3364 1811 3420 sint.
1874 3363 1980 3429 Qui

336 3459 494 3514 enim
525 3459 596 3512 de
627 3457 808 3512 nihilo
830 3456 1090 3512 condidit
1119 3455 1318 3510 omnia
1363 3459 1534 3522 Deus,
1585 3454 1692 3508 hoc
1751 3470 1984 3525 quoque

339 3547 631 3618 quomodo
664 3545 750 3600 vel
772 3545 1022 3616 qualiter
1045 3543 1228 3599 voluit
1259 3543 1412 3598 fecit.

409 3651 572 3707 Vers.
594 3652 685 3706 22.
719 3652 850 3706 Ecce
874 3650 1045 3706 Adam
1076 3651 1232 3722 quasi
1288 3647 1452 3704 unns’
1483 3667 1556 3704 ex
1602 3651 1756 3705 nobis
1809 3651 1984 3719 factus

339 3746 452 3798 est!
480 3741 779 3796 Irridendo
801 3757 1001 3795 eorum
1025 3739 1360 3811 superbiam
1375 3737 1618 3810 replicat
1639 3739 1794 3794 Deus
1814 3739 1986 3793 verba

339 3847 468 3902 quae
497 3845 706 3885 suasor
735 3828 959 3882 dixerat
988 3827 1046 3881 in
1077 3831 1254 3897 caput
1311 3825 1703 3880 damnationis
1759 3839 1985 3890 eorum,

338 3919 573 3974 dicens:
606 3919 780 3972 sciens
811 3916 1009 3971 bonum
1037 3919 1088 3970 et
1116 3915 1356 3970 malum.
1377 3913 1547 3979 Quasi
1581 3912 1836 3966 diceret:
1873 3928 1985 3966 non

339 4007 530 4063 solum
564 4021 679 4060 non
710 4006 900 4076 potuit
918 4005 1102 4058 Adam
1125 4002 1423 4074 pervenire
1442 4003 1514 4056 ad
1539 4001 1594 4055 id
1623 4001 1778 4072 quod
1798 4000 1986 4072 petiit,

341 4094 566 4150 scilicet
597 4098 661 4147 ut
691 4091 904 4147 similis
934 4091 1048 4146 Deo
1079 4091 1261 4160 ﬁeret,
1287 4091 1383 4146 sed
1400 4090 1574 4146 etiam
1598 4091 1654 4144 id
1687 4091 1840 4160 quod
1865 4094 1989 4144 erat

344 4181 563 4238 amisit.
597 4180 852 4252 Appetiit
873 4179 1084 4235 similis
1115 4196 1244 4234 esse
1260 4180 1517 4248 Deo,non
1538 4177 1834 4233 humiliter
1855 4178 1985 4232 imi-

344 4269 523 4325 tando
554 4274 754 4336 Deum,
789 4269 887 4323 sed
921 4267 1310 4339 superbiendo
1354 4274 1413 4323 et
1470 4269 1598 4338 ejus
1663 4267 1986 4322 dominium

345 4359 689 4430 respuendo.
723 4357 884 4421 Quod
917 4361 1109 4411 autem
1160 4356 1446 4426 sequitur,
1509 4358 1668 4426 quasi
1723 4373 1868 4410 unus
1922 4373 1991 4412 ea:

344 4451 520 4518 nobis,
553 4451 766 4505 sanctae
787 4445 1091 4501 Trinitatis
1125 4445 1340 4500 mentio
1374 4445 1882 4500 inculcatur.Nu-nc
1901 4462 1988 4501 er-

2162 513 2304 568 V'ers
2334 515 2428 567 24.
2472 513 2761 568 Collocavit
2791 523 2979 568 autem
3025 517 3154 568 ante
3205 511 3528 584 paradisum
3587 511 3740 567 volu-

2088 603 2258 672 ptatis
2301 603 2585 656 cherubim
2639 611 2688 656 et
2741 603 3060 671 ﬂammeum
3087 601 3358 672 gladium.
3396 601 3450 654 Id
3485 605 3595 666 est,
3639 615 3743 671 per

2097 690 2488 745 ministerium
2505 689 2832 761 angelicum
2850 691 3078 762 igneam
3096 689 3424 744 custodiam
3439 687 3745 744 constituit

2091 777 2410 834 Flammeus
2442 779 2655 850 gladius
2687 779 3097 834 tribulationes
3119 783 3175 833 et
3203 777 3431 834 labores
3452 778 3748 850 signiﬁcat

2092 867 2273 938 hujus
2307 867 2522 936 saeculi,
2556 867 2774 938 quibus
2805 868 2992 922 sancti
3028 868 3084 922 in
3118 867 3386 940 praesenti
3418 866 3534 922 vita
3569 883 3746 930 exer-

2095 959 2319 1022 centur;
2346 956 2465 1011 sive
2489 973 2590 1028 per
2608 959 2930 1026 ﬂammeum
2949 956 3204 1029 gladium
3217 956 3583 1028 significatur
3608 973 3743 1012 sen-

2096 1043 2277 1099 tentia
2298 1045 2473 1114 justze
2507 1043 2898 1100 damnationis
2930 1063 3053 1116 qua:
3087 1045 3311 1100 homini
3335 1045 3470 1100 data
3501 1050 3606 1100 est.
3628 1045 3740 1110 Qui

2093 1136 2288 1187 tamen
2324 1134 2402 1186 ita
2433 1135 2744 1188 damnatus
2777 1138 2884 1200 est,
2919 1138 2982 1188 ut
3013 1141 3204 1206 posset
3237 1133 3507 1206 passione
3529 1133 3746 1190 Christi

2095 1221 2324 1277 redimi.
2361 1222 2521 1277 Unde
2552 1228 2606 1276 et
2636 1227 2787 1278 recte
2812 1222 3042 1294 gladius
3067 1224 3187 1295 ipse
3212 1225 3484 1278 versatilis
3525 1222 3743 1277 dicitur

2096 1310 2194 1380 qui
2217 1315 2414 1381 posset
2443 1310 2757 1382 aliquando
2789 1312 3091 1368 removeri.
3127 1313 3409 1367 Remotus
3439 1315 3527 1367 est
3581 1310 3740 1368 enim

2097 1398 2352 1468 Henoch,
2385 1405 2441 1454 et
2470 1399 2625 1466 Elia),
2662 1405 2718 1455 et
2752 1400 2990 1456 Domino
3024 1401 3312 1472 baptizato
3342 1400 3738 1472 omnibusque

2095 1487 2354 1557 quotidie
2380 1489 2670 1554 fidelibus,
2706 1506 2838 1544 cum
2871 1490 2938 1545 de
2962 1489 3069 1545 hac
3099 1490 3216 1544 vita
3245 1490 3317 1544 ad
3341 1488 3498 1544 illam
3536 1505 3746 1559 super-

2096 1593 2232 1630 nam
2257 1581 2564 1630 transeunt
2585 1577 3024 1632 beatitudinem.
3050 1579 3117 1632 Et
3140 1594 3254 1633 non
3277 1577 3438 1632 dicit:
3461 1580 3745 1648 ﬂammam

2094 1667 2142 1718 et
2174 1665 2442 1735 gladium,
2475 1665 2573 1719 sed
2606 1667 3222 1736 ﬂammeumgladium:
3246 1666 3387 1737 quia
3408 1666 3744 1737 quicunque

2098 1754 2166 1808 ad
2201 1753 2537 1824 paradisum
2572 1754 2757 1809 redire
2789 1754 3056 1826 cupiunt,
3088 1771 3322 1810 necesse
3353 1760 3442 1810 est
3498 1759 3561 1810 ut
3607 1755 3742 1827 igne

2095 1839 2350 1912 Spiritus
2381 1840 2567 1895 sancti
2597 1857 2799 1896 omnes
2831 1841 3334 1914 concupiscentiae
3374 1843 3552 1914 hujus
3611 1844 3740 1898 vita:

2094 1933 2356 1996 cxurant,
2393 1933 2449 1983 et
2476 1928 2673 2001 gladio
2707 1931 2860 1985 vorbi
2887 1930 2985 1986 Dei
3019 1933 3332 2002 praecidant
3363 1931 3649 2004 quidquid
3680 1933 3739 1986 in

2095 2033 2155 2072 se
2187 2017 2425 2072 noxium
2455 2023 2512 2072 et
2543 2017 2746 2072 inutile
2778 2020 3202 2090 conspexerint.
3252 2019 3384 2075 Alia
3437 2019 3740 2076 translatio

2095 2105 2306 2161 habet:
2337 2109 2524 2161 contra
2542 2107 3169 2178 paradisum;quoniam
3188 2108 3500 2165 vehemens
3513 2113 3744 2165 contra-

2098 2195 2274 2250 rietas
2309 2196 2438 2250 Δάαι
2471 2196 2731 2267 conligit.
2767 2197 2892 2251 Non
2926 2198 3080 2252 enim
3107 2214 3281 2269 parvo
3298 2198 3584 2253 contraria
3601 2202 3744 2252 sunt

2094 2285 2392 2341 beatitudo
2407 2291 2462 2341 et
2475 2286 3038 2357 miseria.Siquidem
3056 2287 3153 2357 qui
3177 2287 3339 2356 prius
3354 2287 3744 2352 beatus,t'actu

2092 2375 2391 2442 estmiser,
2415 2379 2472 2430 et
2502 2375 2600 2446 qui
2630 2374 3160 2430 anteaimmortalis
3182 2374 3745 2441 conditus,mortalis

2092 2464 2332 2518 elfectus
2347 2464 2755 2518 est.Cherubim
2765 2463 3048 2535 plenitudo
3060 2465 3302 2519 scientia
3325 2465 3745 2536 interpretatur

2095 2551 2412 2607 Cherubim
2445 2567 2580 2622 ergo
2603 2553 2979 2607 etﬂammeus
2996 2551 3228 2624 gladius
3248 2557 3380 2608 ante
3401 2552 3742 2624 paradisum

2091 2639 2425 2706 collocatur,
2459 2644 2524 2693 ut
2552 2640 2722 2694 detur
2779 2640 3026 2712 intelligi
3083 2641 3224 2712 quia
3275 2658 3376 2713 per
3432 2641 3739 2698 scientiam

2091 2728 2414 2800 disciplinae
2447 2727 2696 2782 caelestis
2721 2733 2778 2783 et
2811 2745 2913 2800 per
2941 2728 3345 2786 tribulationes
3397 2735 3451 2784 et
3507 2729 3736 2786 labores

2090 2817 2216 2872 vitae
2262 2818 2566 2889 prmsentis
2597 2818 2667 2872 ad
2701 2817 3038 2889 paradisum
3073 2835 3391 2890 possumus
3424 2818 3627 2874 redire.

2739 2985 2971 3042 CAPUT
3007 2989 3079 3040 ιν

2161 3118 2322 3175 Vers.
2359 3121 2407 3174 1.
2451 3119 2624 3174 Adam
2677 3135 2801 3175 vero
2860 3121 3110 3188 cognovit
3154 3135 3382 3176 uxorem
3436 3136 3613 3176 suam.
3670 3121 3734 3175 In

2094 3209 2364 3279 paradiso
2398 3209 2624 3280 positus
2653 3225 2766 3263 non
2823 3208 3037 3280 legitur
3093 3209 3434 3282 cognovisse
3489 3224 3732 3265 uxorem

2091 3313 2280 3367 suam,
2313 3299 2410 3352 sed
2442 3301 2752 3368 postquam
2788 3299 3007 3368 ejectus
3037 3302 3126 3353 est
3156 3299 3228 3352 de
3258 3297 3548 3370 paradiso.
3587 3297 3738 3363 Quid

2091 3385 2246 3439 enim
2270 3389 2614 3456 peccaturus
2635 3391 2759 3440 erat
2775 3390 2832 3441 et
2848 3385 3125 3441 mortales
3144 3385 3295 3442 ﬁlios
3325 3391 3735 3458 generaturus,

2093 3474 2219 3529 ideo
2247 3473 2447 3528 nullus
2477 3490 2546 3528 ex
2574 3475 2701 3544 ejus
2732 3475 2913 3546 stirpe
2936 3475 2992 3528 in
3026 3475 3294 3546 paradiso
3328 3478 3503 3530 natus
3527 3479 3615 3531 est
3636 3475 3740 3546 qui

2094 3563 2255 3618 locus
2278 3567 2366 3618 est
2378 3562 2659 3629 vitae.qu
2683 3563 2926 3633 concepit
2953 3567 3003 3617 et
3020 3565 3236 3634 peperit
3292 3563 3508 3618 dicens:
3564 3579 3744 3634 posse-

2093 3651 2152 3706 di
2172 3652 2446 3706 hominem
2466 3666 2568 3721 per
2583 3651 2991 3706 Deum.Cainiti
3007 3651 3281 3707 Hebraice
3319 3651 3598 3708 Possidere
3649 3652 3739 3707 di-

2094 3740 2262 3795 citur.
2294 3738 2438 3802 Quia
2495 3754 2631 3810 ergo
2681 3744 2870 3794 mater
2934 3739 3112 3795 dixit:
3176 3741 3394 3797 Possedi
3441 3742 3735 3812 hominem,

2095 3833 2334 3883 vocatus
2364 3831 2454 3882 est
2475 3826 2616 3881 Cain
2645 3830 2932 3897 possessio.

2167 3915 2328 3970 Vers.
2360 3915 2415 3969 2.
2475 3916 2812 3988 Rursumque
2863 3918 3082 3988 peperit
3135 3919 3254 3985 eius
3301 3919 3539 3988 fratrem
3586 3917 3739 3972 Abel.

2094 4003 2234 4059 Abel
2262 4007 2474 4075 fructus
2501 4002 2589 4059 vel
2622 4019 2789 4076 vapor
2815 4004 3242 4076 interpretatur.
3279 4006 3408 4061 Fuit
3433 4007 3609 4061 luctus
3631 4020 3743 4077 pa-

2097 4093 2361 4148 rentibus
2386 4093 2707 4148 exstinctus
2737 4110 2771 4147 a
2796 4081 2990 4162 fratre,
3025 4098 3082 4148 et
3111 4098 3394 4165 tanquam
3423 4109 3594 4166 uapor
3622 4095 3738 4150 cito

2096 4181 2359 4253 disperiit
2384 4181 2472 4238 vel
2503 4182 2811 4254 disparuit.

2133 4309 2135 4311 ι
2172 4271 2335 4326 Vers.
2369 4271 2420 4324 4.
2459 4271 2713 4340 Respexit
2747 4271 3006 4325 Dominus
3035 4269 3106 4325 ad
3136 4271 3266 4326 Abel
3314 4279 3364 4327 et
3387 4271 3456 4327 ad
3511 4286 3744 4327 munera

2098 4361 2233 4432 ejus.
2272 4365 2331 4413 In
2364 4374 2477 4430 quo
2510 4358 2762 4430 respexit
2806 4358 3086 4414 Dominus
3144 4359 3216 4413 ad
3261 4375 3509 4414 numera
3556 4356 3746 4413 Abel?

2100 4449 2299 4520 Ignem
2323 4446 2590 4502 videlicet
2620 4446 2850 4502 cmlitus
2882 4447 3166 4503 mittendo
3211 4464 3326 4518 quo
3385 4446 3740 4504 sacriﬁcium

342 4554 408 4610 go
436 4555 505 4593 ne
533 4539 672 4608 forte
701 4539 883 4590 mittat
913 4551 1142 4590 manum
1169 4550 1346 4588 suam.
1371 4533 1532 4596 Quod
1565 4534 1851 4588 V'crodicit
1879 4551 1891 4588 :
1919 4549 1987 4588 ne
2021 4523 2063 4585 Ι)
2095 4535 3476 4599 consumebatur.QuodTheodotionistranslatio
3490 4534 3748 4592 ostendit

345 4632 485 4699 forte
508 4628 692 4680 mittat
721 4641 947 4679 manum
975 4640 1179 4690 suam,
1207 4622 1380 4678 verba
1402 4623 1494 4677 Dei
1517 4627 1676 4678 sunt.
1710 4622 1870 4688 Quod
1891 4623 1990 4677 de-

347 4715 524 4784 ni‘que
555 4712 823 4783 sequitur
849 4729 860 4767 :

418 4803 580 4857 Vers.
613 4802 702 4854 23.
735 4801 1052 4865 Eiecit-eum
1079 4801 1146 4855 de
1172 4801 1448 4872 paradiso.
1483 4804 1662 4853 Actus
1711 4798 1836 4870 ipse
1880 4805 1989 4867 est,

347 4895 405 4947 et
433 4895 522 4946 est
549 4889 828 4945 defectiva
858 4888 1070 4942 locutio
1100 4888 1246 4942 irato
1279 4888 1364 4942 vel
1388 4889 1723 4960 perturbato
1778 4904 1990 4943 conve-

348 4980 538 5050 niens,
573 4995 685 5033 non
719 4976 875 5048 quod
905 4975 963 5029 in
999 4981 1176 5029 Deum
1206 4974 1360 5029 ullus
1391 4976 1484 5029 ira
1503 4975 1584 5030 vel
1613 4977 1994 5046 perturbatio.

351 5069 442 5125 nis
476 5075 668 5123 motus
699 5066 866 5120 cadat
895 5065 993 5136 qui
1025 5069 1114 5119 est
1135 5080 1378 5118 summae
1403 5062 1866 5134 tranquillitatis,
1891 5065 1991 5118 sed

350 5173 512 5213 more
543 5172 721 5209 sacra:
750 5153 1062 5224 Scriptura;
1094 5151 1202 5206 hoc
1231 5151 1454 5206 dictum
1486 5157 1592 5215 est,
1628 5168 1756 5222 quae
1788 5152 1858 5206 de
1881 5156 1992 5207 Deo

351 5247 738 5317 loquensquaa
757 5248 894 5296 sunt
912 5241 1218 5298 hominum
1243 5240 1353 5311 ipsi
1382 5239 1495 5293 Deo
1519 5239 1996 5296 attribuit.Sumat

351 5336 417 5392 de
453 5333 607 5403 ligno
624 5333 812 5387 vitaeet
835 5333 996 5386 vivat.
1029 5331 1332 5400 Sicutjam
1347 5327 1866 5400 diximus,impleto
1882 5347 1994 5384 nu-

355 5439 513 5479 mero
543 5421 849 5476 electorem
881 5416 1643 5491 gustaturierantomnesde
1666 5417 1822 5488 ligno
1844 5418 1993 5486 vita),

355 5516 414 5568 et
443 5513 515 5566 ad
548 5508 715 5565 illum
746 5512 963 5563 statum
997 5508 1230 5563 beatum
1263 5505 1591 5578 migraturi.
1627 5505 1715 5571 Et,
1747 5504 1886 5576 quia
1935 5523 1998 5564 se

359 5599 670 5677 indignum
701 5598 914 5659 fecerat
943 5595 1044 5654 illo
1075 5599 1251 5668 statu,
1288 5598 1440 5654 recte
1467 5593 1732 5654 custodia
1761 5594 1812 5652 ei
1831 5595 1997 5656 adhi-

2099 4627 2343 4682 dicens:
2405 4625 2773 4693 Inﬂammavit
2826 4625 3089 4679 Dominus
3135 4642 3301 4696 super
3348 4624 3526 4680 Abel:
3583 4639 3747 4695 super

2103 4716 2240 4770 Cain
2270 4724 2456 4770 autem
2469 4729 2574 4768 non
2607 4714 2993 4782 inﬂammavit.
3016 4713 3140 4768 Tall
3174 4713 3332 4770 enim
3377 4713 3552 4769 modo
3612 4728 3745 4784 pro-

2102 4806 2274 4859 batur
2294 4802 2486 4857 hostia
2512 4805 2622 4857 Deo
2647 4801 2954 4873 placuisse.

2171 4891 2281 4947 Sed
2305 4891 2481 4961 quaeri
2507 4895 2697 4962 potest
2719 4907 2896 4961 quare
2916 4897 3065 4945 Deus
3100 4890 3352 4962 respexit
3395 4891 3467 4946 ad
3502 4904 3746 4945 munera

2101 4980 2261 5050 Abel,
2295 4980 2364 5035 ad
2398 4979 2535 5034 Cain
2565 4995 2696 5034 vero
2729 4995 2972 5033 munera
2995 4995 3109 5033 non
3141 4978 3437 5051 respexit?
3467 4977 3744 5050 Nunquid

2101 5069 2256 5125 enim
2295 5067 2424 5140 plus
2448 5069 2632 5138 placet
2655 5065 2964 5139 peculiaris
2983 5066 3172 5122 hostia
3193 5084 3371 5140 quam
3390 5066 3745 5122 sacrificium

2103 5158 2219 5212 Deo
2250 5157 2320 5210 de
2352 5153 2814 5210 l‘ructibus?8ed
2850 5154 3151 5210 sciendum
3200 5156 3340 5227 quia
3400 5156 3553 5210 Deus
3611 5153 3747 5226 plus

2104 5251 2330 5300 mentes
2353 5242 2925 5312 oll'erentium,quam
2943 5243 2999 5298 id
3024 5245 3753 5315 quodoli‘erebatur,atten-

2104 5333 2274 5399 dit,et
2303 5331 2432 5386 ideo
2453 5332 2712 5402 respexit,
2747 5330 2800 5384 id
2835 5336 2943 5396 est,
2970 5337 3270 5404 acceptum
3305 5331 3514 5387 habuit
3544 5335 3602 5387 et
3622 5329 3750 5402 pla-

2105 5422 2225 5477 cuit
2252 5419 2337 5475 illi
2370 5435 2587 5474 munus
2617 5419 2964 5490 eius.Potest
2991 5426 3046 5476 et
3071 5421 3228 5477 aliud
3256 5421 3538 5493 dici,quia
3559 5417 3750 5475 avari-

2107 5511 2243 5567 tiam
2277 5511 2596 5566 detestatus
2627 5513 2715 5565 est
2744 5509 2803 5564 in
2836 5509 3030 5566 labore
3052 5510 3211 5566 Cain.
3239 5515 3382 5565 Sunt
3407 5509 3567 5565 enim
3617 5506 3752 5580 qui-

2107 5600 2245 5662 dam
2275 5598 2374 5677 qui
2393 5597 2698 5678 plusjusto
2725 5598 3015 5662 denudent
3033 5597 3450 5673 inlaborando,
3474 5612 3592 5657 non
3619 5599 3759 5659 tan-
