4040 6208
329 334 409 393 69
1455 332 1999 397 COMMENTARH

2126 331 2203 396 1N
2250 330 2620 413 GENESIM.
3470 326 3475 333 ‘
3659 337 3742 402 7o

330 468 461 520 tum
495 467 560 518 ut
590 464 844 521 habeant
863 465 1409 534 sufﬁcientiam,sed
1434 467 1811 538 utsuperﬂua
1830 476 1981 537 qute-
2008 471 2062 531 Α
2084 468 2207 536 jam
2236 467 2492 521 diximus
2523 464 2998 521 terramaledicta
3017 469 3250 532 est,non
3271 467 3487 538 ipse.In
3506 478 3741 541 peccato

337 570 450 627 que
475 558 534 608 et
565 554 763 609 minus
795 556 1510 628 necessariacongregent.
1530 558 1690 612 llunc
1725 557 1982 618 laborem

337 642 705 714 superfluum
737 643 879 699 vidit
909 644 1060 700 Deus
1092 645 1150 700 in
1201 646 1336 700 Cain
1366 652 1424 700 et
1480 645 1609 700 ideo
1641 646 1710 701 ad
1772 661 1989 699 munus

337 732 467 804 ejus
498 747 613 785 non
647 732 1038 804 respexit.Ars
1059 751 1193 789 vero
1214 733 1526 806 pastoralis
1557 733 1804 805 simplex
1825 738 1912 789 est
1932 738 1990 789 et

337 820 799 892 innocua,quam
831 828 966 893 post
996 822 1136 877 Abel
1174 822 1362 878 sancti
1388 827 1586 878 Patres
1617 822 1893 877 habuisse
1915 822 1989 878 le-

340 912 589 982 guntur.

407 997 573 1054 Vers.
608 999 665 1064 5,
695 1000 750 1066 6,
786 1004 850 1055 Et
878 1000 1113 1055 concidit
1142 1002 1327 1056 vultus
1362 1003 1481 1073 ejus
1512 1004 1572 1056 in
1628 1009 1852 1056 terram.
1890 1003 1988 1056 Di-

338 1088 536 1157 xitque
563 1088 825 1143 Dominus
853 1088 923 1142 ad
952 1105 1078 1144 cum
1106 1108 1125 1142 :
1156 1106 1325 1160 quare
1354 1092 1527 1145 iratus
1566 1106 1643 1154 es,
1674 1094 1728 1143 et
1757 1090 1992 1145 concidit

340 1176 515 1245 facies
543 1182 643 1229 tua
663 1174 691 1228 ?
721 1175 781 1230 Id
814 1176 1238 1245 est,Curlivore
1268 1179 1586 1250 torqueris:
1613 1182 1669 1233 et
1700 1194 1813 1232 non
1844 1179 1993 1233 bona

339 1263 692 1321 verecundia
723 1264 1090 1341 perfunderis
1118 1267 1146 1320 ?
1176 1267 1247 1323 Ut
1275 1266 1430 1322 enim
1479 1265 1773 1338 Sapientia
1801 1265 1941 1321 dicit
1975 1282 1988 1320 :

344 1356 437 1409 Est
463 1355 715 1425 confusio
744 1354 1015 1409 adducens
1041 1364 1341 1427 peccatum,
1376 1365 1434 1411 et
1484 1358 1562 1411 est
1616 1356 1865 1426 confusio
1894 1358 1993 1409 ad-

345 1444 546 1499 ducens
570 1443 809 1513 gloriam
840 1444 1025 1515 (Eccli.
1059 1461 1134 1514 ιν,
1166 1446 1280 1516 25).

420 1531 576 1588 Vers.
607 1533 663 1585 7.
693 1534 894 1588 Statim
924 1534 983 1587 in
1012 1535 1227 1603 foribus
1252 1542 1531 1605 peccatum
1554 1534 1754 1590 aderit.
1790 1535 1851 1588 Id
1882 1538 1992 1599 est,

345 1620 568 1692 patebit
597 1620 873 1676 omnibus
894 1625 953 1676 et
984 1621 1092 1677 hoc
1116 1622 1285 1693 quasi
1310 1622 1563 1693 janitore
1595 1622 1990 1678 eomitaberis.

347 1708 448 1764 Sed
475 1710 577 1764 sub
605 1718 658 1763 te
683 1711 808 1776 erit,
839 1709 898 1764 id
928 1714 1036 1776 est,
1070 1712 1181 1766 sub
1203 1717 1303 1765 tua
1334 1714 1618 1781 potestate
1675 1711 1786 1766 erit
1826 1726 1994 1781 appe-

346 1799 477 1853 titus
501 1799 637 1867 eius,
675 1807 725 1853 et
757 1802 814 1853 tu
845 1799 1219 1854 dominaberis
1258 1800 1433 1854 illius.
1493 1800 1562 1853 Et
1618 1806 1706 1855 est
1734 1816 1944 1855 sensus
1977 1815 1991 1853 :

350 1887 494 1952 Quia
525 1886 772 1943 rationis
802 1903 986 1958 capax
1014 1904 1098 1952 es,
1131 1896 1182 1943 et
1228 1889 1382 1942 nosti
1430 1889 1576 1959 quid
1639 1889 1716 1944 sit
1751 1890 1993 1954 bonum,

351 1975 559 2047 quidve
590 1977 812 2031 malum
844 1976 1023 2031 debes
1044 1976 1333 2031 dominari
1367 1983 1693 2048 peccato,ut
1727 1977 1998 2033 voluntas

353 2064 507 2119 mala
538 2081 652 2120 non
685 2081 874 2135 usque
895 2065 966 2120 ad
990 2065 1183 2136 operis
1202 2066 1521 2136 nequitiam
1546 2067 2001 2137 perducatur.Et

352 2152 461 2208 hoc
496 2158 606 2221 est,
640 2155 791 2224 quod
829 2154 962 2209 LXX
1021 2154 1224 2209 dicunt
1257 2171 1268 2208 :
1304 2157 1544 2209 Peccasti
1586 2155 1614 2209 ‘2
1643 2158 1874 2226 quiesce.
1936 2156 1998 2210 Id

352 2246 460 2307 est,
503 2243 759 2297 Peccasti
789 2242 1083 2297 voluntate
1110 2242 1139 2295 ?
1165 2243 1400 2313 quiesce
1432 2261 1466 2298 a
1495 2243 1649 2298 malo
1680 2244 2003 2315 opere.Alia

352 2330 663 2385 translatio
696 2330 871 2384 habet
904 2348 917 2383 :
953 2330 1013 2383 Si
1039 2340 1182 2385 recte
1228 2333 1423 2401 offeras
1478 2334 1619 2386 recte
1678 2338 1865 2387 autem
1894 2349 2004 2388 non

352 2418 574 2473 dividas
603 2417 736 2472 dicit
764 2419 1025 2473 Dominus
1055 2435 1073 2471 :
1102 2420 1359 2490 peccasti.
1411 2420 1481 2474 Et
1510 2420 1647 2475 Cain
1703 2424 1853 2475 recte
1904 2422 2004 2477 ob-

354 2505 517 2573 lulit,
554 2507 691 2577 quia
721 2507 923 2578 utique
954 2507 1069 2562 Deo
1102 2507 1202 2577 qui
1236 2508 1401 2563 solus
1448 2513 1537 2563 est
1566 2510 1918 2578 adorandus,
1951 2515 2007 2565 et

353 2593 459 2665 qui
491 2598 581 2648 est
609 2593 1083 2649 sacrificandum.
1117 2596 1224 2649 Sed
1267 2612 1380 2649 non
1436 2601 1590 2651 recte
1648 2597 1864 2663 divisit,
1898 2615 2006 2652 sua

353 2681 470 2736 Deo
502 2681 695 2736 dando
745 2697 806 2736 se
867 2686 1063 2735 autem
1096 2682 1206 2737 sibi
1241 2699 1374 2738 cum
1436 2685 1585 2739 Deus
1649 2686 1842 2756 potius
1898 2701 2004 2741 nos

358 2784 539 2840 quam
570 2773 774 2824 nostra
803 2769 1327 2826 desideret.0mnis
1357 2771 1512 2827 enim
1546 2772 1645 2843 qui
1675 2773 1895 2845 aliquid
1920 2774 2021 2830 σι’-π

358 2857 471 2912 fert
498 2857 871 2912 considerare
903 2857 1075 2913 debet
1103 2859 1195 2912 cui
1254 2859 1456 2913 offerat
1509 2864 1566 2915 et
1623 2878 1737 2932 quo
1781 2862 2003 2931 offerat,

356 2949 415 3000 et
442 2945 678 3015 quando
706 2948 764 3000 et
793 2945 927 3016 quis
956 2946 1035 3000 sit
1062 2946 1187 3017 ipse
1213 2946 1312 3018 qui
1343 2947 1531 3003 offert.

428 3033 592 3089 Ners.
623 3033 678 3087 8.
712 3034 969 3105 Dicitque
1015 3034 1152 3089 Cain
1206 3035 1279 3089 ad
1334 3036 1464 3091 Abel
1513 3042 1745 3107 fratrem
1794 3056 1957 3094 suum
1985 3058 2004 3094 .-

357 3121 469 3177 Sed
501 3122 577 3193 (a)
605 3121 893 3193 hoc,quod
927 3139 960 3176 a
990 3123 1106 3179 Deo
1140 3124 1440 3180 audierat:
1467 3128 1829 3198 superﬂuum
1844 3128 2004 3184 enim

2098 561 2293 611 autem
2326 555 2463 611 Cain
2496 560 2625 627 tpse
2656 554 3044 621 maledicitur,
3106 556 3245 629 quia
3300 557 3491 612 sciens
3514 564 3736 616 reatum

2097 645 2300 716 prima:
2314 644 2927 715 praevaricationisnon
2944 643 3266 709 timuit,sed
3288 644 3530 717 insuper
3549 648 3743 705 scelus

2098 732 2396 787 homicidii
2426 732 2512 787 vel
2551 732 2851 787 iratricidii
2873 731 3429 805 adjecit.Allegorice
3458 737 3730 806 superius

2098 822 2358 875 diximus
2386 821 2526 877 Cain
2581 822 2814 877 Judmns
2863 821 3212 891 signiﬁcare,
3247 822 3385 878 Abel
3418 823 3737 881 Christum.

2101 912 2259 965 Terra
2292 927 2421 965 vero
2444 910 2552 964 hoc
2580 910 2703 965 loco
2727 909 3044 964 Ecclesiam
3076 910 3521 984 significatque:
3547 912 3745 970 fusum

2099 999 2310 1053 Christi
2338 1000 2682 1069 sanguinem
2708 1003 2906 1069 aperto
2928 998 3110 1064 ore,id
3129 1004 3219 1053 est
3240 1016 3462 1071 magna;
3487 1001 3738 1058 devotio-
3816 1020 3827 1025 ‘

2102 1087 2194 1141 nis
2223 1086 2510 1142 desiderio
2541 1088 2612 1141 ad
2643 1092 2916 1141 mternam
2950 1088 3194 1157 suscipit
3225 1087 3499 1144 salutem.

2171 1176 2335 1230 Vers.
2372 1177 2454 1229 12.
2495 1177 2665 1246 Vagus
2694 1184 2743 1230 et
2768 1178 3030 1247 profugus
3058 1177 3169 1231 eris
3198 1193 3360 1248 super
3386 1178 3742 1236 terram.Hoe

2103 1265 2174 1319 de
2191 1264 2274 1319 eis
2307 1264 2681 1319 manifestum
2713 1269 2801 1320 est
2818 1266 2915 1335 qui
2941 1281 3043 1337 per
3062 1280 3296 1320 omnem
3321 1266 3565 1323 Romani
3587 1268 3748 1325 orbis

2103 1352 2417 1423 imperium
2452 1352 2578 1424 vagi
2611 1357 2667 1407 et
2698 1352 2925 1424 profugi
2958 1358 3097 1407 sunt
3125 1369 3231 1408 nec
3255 1370 3506 1425 usquam
3530 1355 3751 1412 habent

2104 1445 2289 1495 certas
2320 1441 2509 1496 sedes.

2174 1529 2336 1584 Vers.
2374 1530 2459 1583 13.
2495 1530 2751 1599 Dixitque
2783 1529 2942 1585 Cain:
2964 1531 3135 1601 Major
3164 1531 3567 1602 iniquitasmea
3585 1549 3751 1603 quam

2107 1620 2325 1673 veniam
2354 1617 2848 1673 merear.Peccatis
2871 1627 3099 1687 peccata
3128 1619 3409 1689 adjiciens
3426 1620 3757 1693 desperavit

2105 1723 2209 1762 nec
2240 1706 2489 1762 credidit
2512 1723 2572 1761 se
2605 1723 2773 1778 posse
2803 1706 3009 1762 salvari
3026 1707 3111 1763 vel
3141 1708 3366 1763 veniam
3400 1709 3643 1782 adipisci
3679 1712 3748 1767 Et

2106 1796 2329 1851 haecest
2346 1795 2711 1866 blasphemia
2732 1795 2788 1849 in
2816 1795 3097 1866 Spiritum
3122 1801 3390 1852 sanctum
3403 1814 3528 1869 quae
3542 1815 3641 1855 nec
3660 1800 3749 1854 hic

2104 1900 2204 1939 nec
2236 1886 2295 1937 in
2322 1886 2510 1954 futuro
2540 1884 2850 1937 remittetur
2870 1883 3017 1952 (Luc.
3051 1899 3149 1937 xu.
3186 1884 3292 1953 10).
3325 1885 3430 1949 Qui
3464 1885 3620 1940 enim
3652 1885 3747 1941 de-

2108 1976 2612 2044 sperat,autputat
2628 1971 2809 2026 Deum
2834 1970 2987 2027 nolle
3008 1971 3429 2039 dimittere,aut
3445 1990 3558 2029 non
3583 1991 3751 2047 posse

2107 2061 2162 2116 Si
2196 2078 2308 2115 non
2342 2065 2551 2132 potest,
2582 2078 2695 2115 non
2727 2060 3202 2132 onipotens,quia
3231 2066 3321 2116 est
3340 2060 3562 2134 aliquid
3595 2065 3751 2135 quod

2110 2167 2225 2205 non
2249 2153 2455 2220 potest.
2490 2150 2549 2204 Si
2583 2154 2777 2204 autem
2809 2166 2921 2204 non
2964 2148 3269 2221 vult.quod
3302 2151 3478 2205 etiam
3500 2152 3758 2224 cogitare

2111 2239 2274 2293 nefas
2305 2247 2409 2303 est,
2442 2238 2660 2291 invidet
2691 2237 2865 2291 saluti
2896 2237 3189 2292 humanae.

2186 2326 2441 2382 Vers.14.
2462 2328 2594 2380 Ecce
2617 2327 2773 2396 cjicis
2801 2342 2887 2380 me
2915 2325 3075 2380 hodie
3103 2343 3137 2380 a
3164 2328 3309 2395 facie
3339 2329 3591 2383 terramld
3624 2334 3750 2385 est:

2116 2417 2177 2470 In
2209 2418 2520 2486 conspectu
2554 2421 2654 2469 tuo
2690 2431 2781 2469 me
2811 2415 3119 2487 indignum
3142 2414 3400 2486 judieas.
3449 2419 3515 2471 Et
3556 2434 3592 2472 a
3614 2418 3760 2488 facie

2114 2509 2235 2569 tua,
2271 2505 2412 2575 quia
2440 2502 2708 2559 videlicet
2738 2503 2921 2574 ipsam
2958 2519 3149 2558 meam
3166 2503 3346 2559 vitam
3367 2505 3499 2560 odio
3533 2506 3756 2562 habens

2114 2591 2431 2664 praesentiae
2452 2595 2564 2646 tua;
2586 2608 2677 2646 me
2699 2591 3262 2646 subtraham.0mnis
3281 2594 3452 2662 igitur
3472 2596 3568 2665 qui
3596 2597 3757 2652 inve-

2111 2683 2262 2736 norit
2290 2696 2377 2735 me
2402 2681 2604 2735 occidet
2630 2680 2889 2745 me.Quia
2919 2696 2991 2734 ax
3020 2685 3272 2736 tremore
3302 2683 3563 2754 corporis
3585 2689 3643 2740 et
3664 2685 3754 2740 fu-

2112 2770 2269 2824 riataa
2300 2769 2514 2824 mentis
2540 2768 2925 2841 exagitatione
2955 2768 3292 2841 quicunque
3322 2787 3416 2827 me
3445 2773 3752 2846 invenerit,

2114 2863 2423 2929 cognoscet
2450 2874 2543 2913 me
2562 2858 2806 2929 dignum
2837 2875 2985 2925 esse,
3022 2858 3122 2929 qui
3154 2859 3408 2915 occidar.

2185 2947 2349 3002 Vers.
2383 2949 2469 3001 15.
2521 2948 2878 3019 Nequaquam
2907 2948 2988 3001 ita
3014 2948 3124 3017 ﬁet.
3186 2948 3247 3003 Id
3299 2956 3408 3014 est,
3467 2966 3582 3006 non
3642 2953 3756 3007 cito

2116 3036 2382 3092 morieris
2412 3036 2565 3090 sicut
2582 3035 2691 3091 vis.
2723 3035 3048 3106 Septuplum
3085 3038 3367 3107 punietur.
3422 3037 3483 3092 Id
3515 3042 3605 3095 est
3633 3038 3757 3111 ple-

2117 3125 2280 3181 narie
2308 3128 2364 3180 et
2394 3125 2661 3196 perfecte.
2693 3123 2850 3179 Solet
2879 3123 3035 3178 enim
3073 3125 3439 3195 septenarius
3470 3143 3754 3185 numerus

357 3210 843 3281 est.Egredimmur
868 3212 1036 3282 foras.
1052 3215 1249 3283 Neque
1279 3214 1435 3269 enim
1468 3215 1658 3270 adhuc
1683 3217 1895 3272 domus
1915 3216 2001 3272 vel
2033 3205 2075 3271 C
2114 3231 2217 3285 pro
2250 3212 2598 3285 perfectione
2629 3212 2764 3284 poni
2797 3212 2959 3268 Unde
2990 3229 3142 3283 saepe
3163 3213 3448 3270 Dominus
3471 3217 3750 3273 minatur:

356 3297 648 3370 templum
678 3304 801 3355 erat
831 3299 930 3354 ubi
966 3304 1077 3356 Deo
1137 3301 1491 3357 sacriﬁcium
1550 3304 1873 3360 offerretur.
1935 3308 2002 3360 Et

355 3389 708 3443 consurrexit
732 3387 867 3443 Cain
891 3388 1155 3443 adversus
1181 3390 1423 3459 fratrem
1460 3404 1700 3459 suum,et
1726 3393 2002 3463 interfecit

356 3491 503 3531 eum.
538 3475 712 3533 Retro
744 3480 809 3532 ut
841 3479 1055 3543 ferunt,
1080 3477 1358 3549 pastorali
1390 3479 1567 3551 virga.
1605 3479 1923 3551 Allegorice
1943 3481 2002 3536 in

359 3559 574 3621 scelere
604 3564 741 3621 Cain
773 3566 998 3622 malitia
1025 3567 1360 3623 Judaaorum
1385 3568 1892 3641 designatur.Cain
1911 3586 2002 3625 oc-

357 3652 501 3708 cidit
530 3653 817 3710 minorem
848 3654 1086 3710 fratrem
1120 3673 1295 3711 suum
1324 3656 1485 3723 Abel,
1515 3661 1572 3712 et
1597 3657 1784 3712 Judaei
1835 3657 2005 3712 Chri-

359 3745 522 3797 stum
553 3747 731 3814 caput
762 3743 1008 3800 minoris
1041 3744 1265 3815 p0puli,
1325 3745 1380 3800 id
1414 3749 1504 3801 est
1558 3746 1817 3817 gentilis,
1852 3747 2006 3802 sicut

359 3831 489 3903 ipse
517 3846 620 3902 per
648 3831 1019 3887 Psalmistam
1050 3834 1281 3888 dixerat
1310 3835 1463 3890 Patri
1495 3835 1823 3892 :(Jodstitues
1841 3852 1931 3891 me
1945 3838 2001 3891 in

359 3922 526 3990 caput
545 3922 789 3988 gentium
818 3921 987 3991 (Psal.
1018 3938 1157 3988 xvn,
1191 3922 1305 3993 44).

432 4006 594 4064 Vers.
628 4007 683 4063 9.
716 4009 782 4064 Et
807 4011 888 4064 ait
917 4010 1188 4065 Dominus
1243 4011 1314 4065 ad
1372 4013 1507 4067 Cain
1538 4030 1558 4067 :
1591 4013 1689 4069 Ubi
1742 4017 1821 4069 est
1876 4014 2006 4069 Abel

367 4099 551 4166 frater
576 4098 747 4152 tuus?
780 4099 1099 4171 Interrogat
1129 4103 1324 4155 autem
1355 4100 1663 4168 Dominus,
1706 4119 1820 4156 non
1850 4103 2003 4173 quod

358 4182 782 4256 disceretquod
812 4185 1119 4258 ignorabat
1152 4188 1252 4243 sed
1303 4193 1369 4243 ut
1396 4205 1530 4244 eum
1564 4189 1767 4245 saltem
1818 4190 1901 4245 sic
1933 4192 2001 4246 ad

353 4273 782 4328 confessionem
814 4280 1151 4346 provocaret
1206 4281 1307 4332 aut
1336 4283 1644 4350 negantem
1693 4279 1861 4350 justa
1913 4280 2006 4335 ul-

354 4359 515 4416 tione
544 4362 870 4418 damnaret.
904 4364 1013 4418 Sed
1046 4363 1144 4419 ille
1174 4371 1411 4436 peccata
1440 4367 1859 4439 congeminans
1906 4386 2005 4424 su-

351 4448 528 4519 perbe
586 4451 911 4522 respondit,
969 4452 1169 4507 dicens
1222 4454 1477 4509 :Nescio.
1509 4455 1768 4527 Nunquid
1824 4466 2007 4513 custos

347 4539 546 4607 fratris
579 4540 689 4632 mei
716 4556 840 4594 sum
868 4556 962 4610 ego
990 4540 1019 4594 ‘?
1050 4541 1225 4604 Quasi
1287 4542 1469 4597 Deum
1505 4542 1697 4599 scelus
1726 4546 1866 4616 ejus
1922 4546 2003 4601 la-
2034 4569 2081 4632 D

348 4630 471 4679 tere
500 4625 788 4697 potuisset
806 4629 900 4682 cui
918 4628 1070 4683 nuda
1097 4633 1152 4683 et
1191 4638 1379 4700 aperta
1427 4634 1555 4686 sunt
1585 4635 1772 4687 omnia
1818 4634 2002 4701 (Hebr.

367 4729 446 4777 γι,
478 4713 588 4784 13).

428 4800 590 4858 Vers.
626 4805 859 4860 10.Ecce
886 4822 992 4862 vox
1018 4811 1308 4875 sanguinis
1338 4812 1534 4873 fratris
1563 4813 1651 4865 tui
1679 4811 1883 4867 clamat
1920 4828 2007 4867 me

353 4890 425 4945 de
453 4893 773 4958 terra.Quia
798 4894 869 4948 ad
901 4897 1160 4951 conﬁteri
1194 4896 1398 4959 noluit,
1431 4899 1588 4968 iusta
1609 4900 2006 4971 jamlncrepa—

355 4978 516 5035 tione
554 4982 924 5053 redarguilur
954 5001 1085 5039 cum
1119 4986 1335 5040 dicitur
1366 5005 1379 5053 ;
1414 4988 1552 5055 Quid
1599 4990 1777 5060 fecisti
1806 4988 1834 5043 ?
1866 4993 2006 5044 Ecce

351 5083 463 5124 vox
488 5075 546 5124 et
574 5070 948 5142 reliqua.Vox
978 5074 1283 5145 sanguinis
1299 5076 1436 5129 Abel
1468 5081 1555 5130 est
1585 5079 2003 5149 magnmjusti-

355 5156 454 5212 tiae
474 5158 664 5214 virtus
686 5176 816 5230 qua
837 5162 1157 5218 vindictam
1191 5169 1248 5218 et
1268 5164 1549 5219 ultionem
1574 5168 1877 5236 expetebat
1899 5184 2001 5238 pro

352 5244 688 5303 innocentis
720 5249 1022 5318 sanguine.

427 5331 593 5400 Vers,
627 5335 713 5389 11.
744 5338 902 5393 Nunc
930 5340 1110 5407 igitur
1139 5341 1455 5397 maledictus
1484 5344 1593 5397 eris
1619 5353 2002 5413 superterram

361 5436 493 5494 quae
519 5427 743 5494 aperuit
771 5442 830 5482 os
855 5444 1033 5483 suum.
1068 5429 1130 5484 In
1192 5431 1607 5501 pravacatione
1664 5431 1820 5504 Ad‘aa,
1852 5432 2003 5489 sicut

427 5635 507 5719 (a)
535 5635 623 5698 Ita
653 5641 899 5717 uterque
928 5643 1080 5717 cod.,
1115 5642 1261 5703 forte
1291 5641 1604 5721 legendum
1635 5645 1864 5711 scilicet.

2107 3303 2433 3373 percutiam,
2465 3300 2759 3372 inquiens,
2810 3317 2903 3355 vos
2956 3303 3152 3372 septies
3199 3303 3392 3372 (Levit.
3452 3321 3606 3371 xxvx,
3635 3307 3751 3376 24),

2112 3390 2170 3444 id
2205 3394 2296 3445 est
2320 3390 2589 3460 perfecte.
2624 3389 2960 3444 Secundum
2982 3389 3163 3460 igitur
3193 3390 3327 3445 LXX
3347 3390 3562 3463 legitur
3593 3395 3751 3459 :Qui-

2114 3494 2366 3549 cumque
2394 3476 2652 3532 occiderit
2682 3478 2819 3532 Cain
2846 3481 3051 3548 septem
3096 3478 3367 3534 vindictas
3397 3481 3652 3538 exsolvet.
3688 3483 3756 3537 Et

2114 3572 2204 3622 est
2232 3582 2480 3621 sensus:
2516 3566 2640 3620 Non
2685 3565 2767 3620 ita
2812 3568 2911 3621 ﬁet
2960 3571 3027 3620 ut
3062 3567 3150 3622 vis
3197 3572 3261 3622 ut
3315 3568 3585 3626 videlicet
3629 3572 3747 3627 cita

2110 3659 2294 3711 morte
2308 3653 2491 3726 longae
2512 3654 2642 3708 vitea
2663 3654 2987 3710 cruciatum
3002 3654 3377 3726 elfugias,sed
3389 3657 3489 3713 diu
3506 3660 3751 3717 vivendo

2113 3761 2300 3815 usque
2321 3744 2392 3799 ad
2416 3742 2727 3815 septimam
2747 3742 3181 3814 generationem
3194 3745 3431 3800 tandem
3451 3747 3754 3819 quicunqu

2115 3839 2172 3889 te
2200 3832 2477 3889 occiderit
2505 3831 2781 3902 exsolvet,
2814 3830 2874 3886 id
2905 3834 3013 3901 est,
3041 3830 3205 3886 ﬁniet
3223 3836 3446 3903 septem
3467 3834 3757 3891 vindictas

2114 3940 2240 3996 quae
2270 3922 2330 3977 in
2362 3927 2418 3978 te
2449 3927 2589 3977 sunt
2621 3939 2633 3977 :
2668 3938 2782 3977 non
2815 3937 2930 3993 quo
2986 3919 3087 3976 ille
3143 3921 3244 3992 qui
3274 3937 3410 3977 eum
3440 3923 3755 3980 occidisset

2114 4011 2450 4084 septuplum
2462 4015 2617 4067 esset
2629 4010 3090 4083 puniendus,sed
3110 4011 3248 4083 quia
3262 4009 3426 4066 illum
3441 4011 3755 4069 occidendo

2116 4101 2310 4156 finiret
2337 4100 2470 4154 illas
2500 4105 2721 4170 septem
2751 4098 3125 4162 vindictas,id
3164 4104 3252 4155 est
3284 4100 3592 4170 perfectas,
3624 4100 3756 4173 qui-

2115 4190 2227 4244 bus
2255 4188 2391 4242 Cain
2425 4188 2524 4241 diu
2554 4187 2797 4242 viveudo
2828 4186 3216 4243 cruciabatur.
3265 4188 3384 4244 Hoc
3428 4189 3757 4246 secundum

2117 4277 2277 4332 LXX.
2329 4280 2610 4331 Caeterum
2671 4277 2996 4332 secundum
3058 4277 3400 4332 Hebraicam
3456 4277 3797 4334 veritatem°

2115 4366 2428 4437 septuplum
2470 4367 2758 4436 punietur,
2804 4363 2864 4419 id
2913 4369 3002 4419 est
3052 4364 3309 4435 plenarie
3362 4370 3418 4420 et
3448 4366 3749 4437 perfecte:

2115 4456 2175 4510 in
2209 4471 2323 4525 quo
2352 4455 2601 4508 deterret
2627 4470 2700 4508 ne
2732 4453 2864 4524 quis
2894 4452 3274 4507 homicidium
3308 4453 3520 4508 audeat
3547 4454 3759 4510 iterare

2118 4544 2305 4600 Posuit
2334 4543 2593 4597 Dominus
2621 4545 2842 4612 signum
2872 4542 2935 4595 in
2962 4540 3118 4607 Cain,
3152 4544 3212 4594 ut
3240 4557 3354 4594 non
3385 4557 3509 4595 eum
3538 4543 3756 4613 interﬁ-

2112 4635 2257 4687 ceret
2287 4634 2465 4685 omnis
2492 4632 2587 4701 qui
2616 4630 2909 4684 invenisset
2943 4644 3095 4682 eum.
3152 4629 3267 4683 Hoc
3295 4628 3562 4685 videlicet
3585 4629 3758 4702 ,quia

2114 4736 2299 4793 vagus
2338 4724 2395 4773 et
2424 4719 2707 4791 profugus
2737 4722 2863 4771 erat
2889 4732 3066 4787 super
3095 4723 3330 4784 terram,
3362 4716 3473 4789 vel,
3509 4722 3574 4774 ut
3597 4717 3753 4787 LXX,

2114 4826 2330 4878 gemens
2346 4812 2398 4864 et
2411 4804 3094 4877 contremens.Allegorice
3125 4807 3322 4878 posuit
3347 4813 3498 4864 Deus
3518 4808 3756 4879 signum

2114 4900 2172 4954 in
2202 4899 2461 4961 Judasos,
2482 4901 2547 4951 ut
2577 4912 2746 4950 nemo
2779 4912 2878 4950 eos
2919 4895 3210 4951 occideret
3237 4896 3428 4967 ipsam
3482 4896 3753 4951 videlicet

2112 4988 2295 5060 legem
2321 5003 2497 5058 quam
2521 4986 2831 5055 portabant
2847 4985 2917 5039 ad
2946 5002 3114 5040 suam
3136 4984 3571 5040 damnationem
3583 4988 3642 5038 et
3654 4999 3755 5040 no-

2112 5082 2292 5131 stram
2327 5077 2703 5145 ereptionem.
2738 5075 2976 5145 Propter
3022 5074 3131 5127 hoc
3189 5073 3424 5143 signum
3456 5087 3625 5126 nemo
3655 5087 3755 5128 eos

2111 5164 2545 5234 occidit.Neque
2575 5164 2728 5218 enim
2765 5178 2991 5233 pagana
3022 5160 3445 5231 persecutione,
3476 5159 3754 5217 veletiam

2112 5256 2223 5310 sub
2254 5251 2581 5307 Christiana
2603 5254 2727 5321 jam
2760 5248 3163 5320 tranquilitate
3184 5264 3282 5304 eos
3315 5248 3612 5321 prohibuit
3630 5250 3755 5307 suis

2110 5342 2339 5413 legibus
2373 5340 2454 5394 uti
2485 5344 2542 5394 et
2570 5357 2675 5395 suo
2708 5355 2868 5393 more
2897 5337 3188 5393 vivere.Et
3219 5337 3326 5394 hoc
3356 5343 3445 5393 est
3473 5338 3625 5410 quod
3650 5354 3754 5410 per

2110 5429 2488 5487 Psalmistam
2518 5427 2697 5484 Filius
2723 5425 2985 5499 loquitur
3022 5427 3094 5483 ad
3126 5430 3355 5484 Patrem
3382 5428 3494 5484 :Ne
3528 5426 3739 5485 occidas
