4040 6208
351 301 421 359 ’Π
909 296 1211 359 REMIGII
1255 295 2006 361 ANTISSIODORENSIS
2051 296 2222 359 OPP.
2269 298 2494 358 PARS.
2540 298 2589 357 Ι.
2625 327 2704 340 -
2732 296 3206 360 EXEGETICA.
3678 296 3762 358 ’22

347 447 455 501 eos,
488 446 557 487 ne
586 429 799 501 quando
855 429 1254 486 obliviscantur
1307 431 1503 502 populi
1542 431 1657 486 mei
1683 447 1701 484 :
1746 428 1996 501 disperge
2020 428 2078 496 Α
2107 435 2317 487 centem
2333 429 2388 483 in
2426 428 2659 485 livorem
2688 429 3063 487 meum.llune
3092 427 3286 485 locum
3317 428 3399 485 ita
3424 427 3648 485 Hehmi
3668 444 3762 486 ex-

350 519 479 575 illos
508 520 570 574 in
596 519 797 574 virtute
825 521 919 574 tua
944 519 1057 589 (Ps.
1092 536 1245 574 Lvm.
1282 520 1389 586 12).

418 608 584 663 Vere.
622 608 708 663 16.
743 610 1105 678 Egressusque
1129 608 1263 663 Cain
1296 625 1336 663 α
1365 610 1513 676 facie
1543 608 1760 663 Domini
1778 607 1995 662 habita-

347 697 426 752 vit
456 696 517 753 in
547 704 697 752 terra
750 697 1015 768 profugus
1068 697 1142 752 ad
1187 697 1508 752 orientalem
1560 696 1785 767 plagam
1843 696 1997 750 Eden

352 787 510 843 Eden
530 788 720 856 epulae
746 785 834 841 vel
864 785 1082 841 delicia:
1111 788 1551 857 interpretatur.
1611 783 1998 856 Septuaginta

347 875 556 932 dicunt
590 891 603 932 :
637 875 899 931 habitavit
928 875 990 929 in
1020 882 1167 930 terra
1193 874 1384 929 Naith.
1420 873 1531 929 Sed
1564 872 1736 928 Naith
1766 889 1879 927 non
1907 876 1997 927 est

353 965 464 1021 hoc
493 965 605 1022 loci
634 980 868 1020 nomen.
905 964 1327 1035 Interpretatur
1354 967 1551 1017 autem
1596 961 1879 1017 instabilis
1910 960 1994 1017 vel

345 1070 535 1125 vagus,
566 1057 623 1110 et
651 1053 780 1109 ideo
809 1052 868 1107 in
900 1058 1055 1107 terra
1085 1051 1255 1106 Naith
1303 1051 1574 1106 habitare
1621 1050 1997 1121 dicitur,quia

358 1141 650 1199 instabilis
677 1146 735 1196 et
765 1140 1058 1201 ﬂuctuans
1085 1141 1427 1211 vagabatur.

414 1231 581 1287 Vere.
623 1234 703 1284 l7.
740 1229 1002 1300 Cognovit
1029 1233 1210 1284 autem
1243 1245 1474 1284 umorem
1514 1244 1672 1283 suam
1720 1245 1838 1299 quae
1866 1244 1992 1284 con-

342 1323 484 1392 cepit
499 1322 550 1376 et
580 1321 791 1390 peperit
818 1318 1001 1374 Enoch
1030 1336 1047 1371 :
1080 1322 1132 1374 et
1167 1317 1464 1387 aediﬁcavit
1511 1318 1786 1372 civitatem
1839 1332 1994 1372 voca-

344 1411 526 1481 vitque
553 1424 756 1463 nomen
801 1408 918 1478 ejus
947 1423 1017 1461 ex
1045 1408 1268 1462 nomine
1322 1407 1432 1476 ﬁlii
1486 1408 1578 1460 sui
1613 1406 1812 1461 Enoch.
1848 1405 1996 1469 Quia

344 1497 403 1552 in
428 1498 638 1552 timore
666 1500 787 1551 erat
816 1500 873 1551 et
900 1503 1172 1564 tremore,
1205 1495 1334 1551 ideo
1385 1493 1652 1549 fortassis
1692 1493 1988 1549 civitatem

343 1584 658 1641 aedificavit
690 1587 754 1639 ut
781 1583 862 1638 ibi
892 1583 1275 1639 absconditus
1336 1586 1754 1654 protegeretur.
1805 1581 1995 1645 Quaeri

343 1677 539 1728 autem
574 1676 764 1743 potest
792 1688 926 1727 cum
957 1672 1175 1743 quibus
1208 1687 1337 1727 eam
1371 1669 1747 1726 aedificaverit
1777 1670 1828 1726 si
1861 1670 1993 1742 plus

2107 522 2334 588 ponunt
2365 517 2615 574 Lamech
2633 518 2731 572 diu
2746 516 2989 573 vivendo
3020 516 3329 590 caliginem
3351 515 3654 573 oculorum
3673 516 3761 575 in-

2107 609 2386 672 currerat,
2421 623 2527 661 nec
2556 606 2748 661 videre
2780 609 3024 677 poterat.
3057 606 3320 663 Habebat
3338 610 3528 661 autem
3552 621 3758 676 quem-

2108 696 2243 750 dam
2274 694 2699 751 adolescentem
2736 693 2837 765 qui
2868 710 3108 765 gressus
3136 694 3266 764 ejus
3321 695 3577 766 regebat.
3609 694 3759 751 Cum

2106 784 2361 854 quadam
2390 784 2484 840 die
2513 783 2817 839 venatione
2846 785 3228 849 exerceretur,
3263 781 3401 837 illuc
3427 780 3630 852 jacula
3658 782 3749 837 di-

2106 873 2301 945 rigens
2332 890 2446 944 quo
2478 871 2817 928 adolescens
2848 871 3181 941 indicasset,
3214 887 3354 926 casu
3417 870 3559 927 Cain
3606 870 3761 928 inter

2105 962 2318 1018 fruteta
2337 961 2660 1017 latitantem
2693 960 2884 1016 indice
2915 960 3304 1028 adolescente,
3337 959 3758 1032 percussit,qui

2104 1050 2285 1106 feram
2318 1068 2445 1107 esse
2476 1054 2806 1121 putaverat.
2843 1049 2953 1104 Sed
2987 1065 3118 1107 cum
3152 1048 3521 1120 cognovisset
3551 1065 3613 1105 se
3644 1049 3751 1106 ho-

2106 1139 2325 1195 minem
2356 1140 2659 1203 occidisse,
2691 1138 2879 1193 iratus
2909 1137 3264 1194 adolescenti
3292 1138 3489 1210 ipsum
3518 1154 3754 1210 quoque

2104 1226 2413 1283 interfecit.
2446 1228 2517 1282 Et
2550 1226 2659 1282 hoc
2688 1230 2796 1290 est,
2829 1226 2983 1296 quod
3006 1225 3272 1297 sequitur
3303 1243 3316 1280 :
3354 1225 3546 1283 Cccidi
3571 1229 3756 1283 virum

2102 1315 2161 1372 id
2193 1322 2280 1371 est
2307 1316 2467 1386 Cain,
2501 1316 2558 1370 in
2590 1316 2784 1371 vulnus
2814 1332 3019 1382 meum,
3054 1314 3193 1386 quia
3217 1330 3322 1387 ego
3355 1331 3585 1387 quoque
3645 1332 3752 1386 pro

2102 1403 2200 1460 illo
2232 1403 2580 1459 vulnerabor
2609 1409 2666 1459 et
2696 1404 2924 1459 occidar
2959 1422 2971 1459 :
3002 1407 3055 1459 et
3085 1403 3486 1461 adolescentem
3515 1403 3749 1463 livorem

2102 1508 2304 1559 meum,
2340 1490 2479 1564 quia
2510 1510 2612 1564 pro
2642 1491 2738 1548 illo
2771 1508 3003 1564 quoque
3032 1491 3377 1548 damnabor.

2172 1581 2335 1637 Vers.
2368 1583 2459 1636 24.
2493 1581 2812 1653 Septuplum
2836 1583 2971 1637 ultio
3000 1580 3223 1636 dabitur
3250 1580 3316 1638 de
3347 1580 3490 1637 Cain
3517 1598 3530 1648 ;
3566 1580 3630 1637 de
3650 1582 3753 1638 La-

2102 1671 2251 1725 mech
2279 1686 2402 1726 vero
2431 1672 2737 1741 septuagies
2765 1670 3304 1741 septies.Crescente
3333 1674 3568 1741 peccato
3597 1685 3752 1728 cres-
3818 1670 3835 1673 ”

339 1760 424 1817 vel
440 1760 635 1832 plures
649 1777 760 1817 non
785 1760 1228 1816 eranthomines
1249 1777 1427 1831 quam
1442 1759 1502 1815 hi
1523 1776 1670 1831 quos
1691 1759 1994 1831 Scriptura
2022 1794 2070 1859 Β
2101 1758 2178 1813 cit
2207 1764 2264 1813 et
2293 1757 2721 1824 ultio,Fuerunt
2748 1764 2943 1814 autem
2967 1758 3342 1830 septuaginta
3372 1762 3595 1829 septem
3620 1757 3749 1819 ani-

339 1848 897 1905 commemorat.Sed
922 1847 1224 1905 sciendum
1251 1847 1469 1903 multos
1484 1847 1680 1919 plures
1692 1849 1818 1918 jam
1842 1853 1983 1903 tunc

339 1937 521 1993 fuisse
552 1936 691 2009 quia
719 1938 822 1992 diu
849 1937 1091 1992 vivendo
1140 1936 1334 2008 plures
1392 1935 1543 1992 ﬁlios
1600 1937 1978 2008 generabant.

2102 1863 2209 1903 mae
2242 1848 2313 1902 de
2343 1846 2526 1919 stirpe
2557 1847 2806 1902 Lamech
2839 1863 2987 1918 quas
3016 1846 3075 1901 in
3096 1845 3316 1902 diluvio
3345 1845 3597 1919 legimus
3620 1862 3750 1919 per-

2092 1933 2251 1993 iisse.
2283 1935 2605 2009 Allegorice
2635 1935 2893 1992 Lamech
2926 1936 3178 2006 figuram
3207 1938 3366 1992 tenet
3397 1934 3603 1991 mundi
3633 1935 3748 1991 hu-

339 2026 453 2082 Nec
484 2026 721 2091 mirum,
754 2042 889 2081 cum
921 2026 1096 2081 etiam
1130 2025 1233 2080 ﬁlii
1266 2024 1438 2080 Israel
1464 2041 1566 2095 per
1594 2024 1982 2096 quadraginta
2081 2024 2386 2095 jus,cujus
2418 2029 2651 2080 tantum
2686 2025 2796 2080 fuit
2813 2031 3116 2096 peccatum
3136 2023 3549 2096 praevaricante
3565 2024 3746 2083 Adam

340 2131 526 2171 annos
546 2115 626 2170 ita
655 2114 1027 2186 multiplicati
1058 2113 1330 2185 legantur
1359 2119 1425 2168 ut
1453 2130 1654 2169 eorum
1682 2113 1979 2169 numerari

339 2220 452 2258 non
478 2208 676 2274 posset
702 2204 1016 2259 exercitus.
1049 2203 1381 2272 AE'di/ioavit,
1412 2202 1624 2274 inquit,
1682 2205 1976 2269 civitatem,

334 2308 499 2363 quam
528 2308 600 2349 ea:
629 2294 850 2348 nomine
876 2292 984 2361 ﬁlii
1009 2294 1222 2347 vomuit
1248 2291 1450 2346 Enoch.
1482 2289 1677 2346 Enocb
1708 2290 1979 2349 dedicatio

336 2379 1111 2452 interpretatur.Notandum
1132 2385 1327 2436 autem
1343 2379 1497 2451 quod
1519 2380 1577 2433 in
1602 2381 1792 2451 prima
1812 2395 1982 2451 gene-

336 2468 560 2524 ratione
585 2470 655 2524 de
685 2469 826 2525 Cain
861 2472 1121 2524 nascitur
1177 2470 1374 2537 Enoch,
1406 2467 1464 2523 id
1524 2473 1614 2523 est
1666 2468 1930 2524 dedicatio
1961 2485 1975 2524 :

336 2556 476 2626 quia
505 2557 888 2628 reproborum
920 2555 1171 2627 populus
1220 2555 1278 2609 in
1338 2555 1530 2627 prima
1584 2556 1975 2624 generatione,

336 2643 447 2700 hoc
476 2648 564 2699 est
594 2643 654 2698 in
705 2644 978 2715 praesenti
1008 2642 1145 2711 vita,
1205 2660 1267 2698 se
1326 2643 1555 2698 dedicat
1612 2642 1748 2698 huic
1779 2658 1841 2697 se
1871 2643 1978 2699 ad-

335 2732 553 2804 jiciens
583 2735 640 2787 et
668 2731 727 2786 in
761 2731 888 2797 hac,
922 2731 972 2787 si
1019 2730 1144 2786 fieri
1207 2736 1425 2802 posset,
1484 2748 1714 2802 semper
1744 2748 1979 2788 manere

333 2819 726 2877 volens.Unde
746 2825 806 2876 et
831 2822 1106 2876 civitatem
1129 2819 1427 2891 adiﬁcavit
1456 2820 1594 2891 quia
1624 2820 1853 2892 reprobi
1886 2820 1979 2876 hic

334 2909 555 2966 habent
581 2926 750 2966 suam
782 2908 1117 2965 felicitatem
1149 2913 1208 2964 et
1236 2908 1405 2980 quasi
1428 2909 1977 2976 fundamentum,eu

330 2997 646 3070 Apostolus
671 2999 742 3053 de
773 3013 837 3053 se
867 2997 1110 3068 suisque
1140 2995 1435 3052 similibus
1466 2996 1622 3051 dicat
1650 2998 1800 3052 :Non
1821 2997 1979 3054 habe-

332 3103 455 3145 mus
486 3085 576 3142 hic
598 3090 915 3142 manentem
941 3086 1215 3140 civitatem
1246 3084 1338 3140 sed
1365 3087 1615 3156 futuram
1642 3086 1978 3155 inquirimus

333 3174 485 3243 (Heb.
516 3192 639 3242 xm,
675 3174 783 3247 14).
819 3179 898 3230 De
927 3173 1064 3229 Seth
1097 3189 1230 3229 vero
1262 3178 1436 3229 natus
1467 3178 1555 3230 est
1582 3173 1779 3228 Enoch
1813 3174 1975 3245 [alias
2007 3158 2049 3225 C

333 3264 487 3327 Enos
515 3266 603 3320 vel
638 3262 848 3336 Hence]
880 3263 1129 3335 septima
1158 3263 1549 3335 generatione,
1597 3263 1737 3333 quia
1789 3262 1975 3319 sancti

335 3354 437 3424 qui
466 3353 537 3409 ad
570 3353 671 3409 Dei
702 3352 998 3425 pertinent
1027 3351 1348 3418 civitatem,
1379 3350 1547 3407 alteri
1591 3351 1739 3419 vita,
1773 3350 1831 3407 id
1863 3355 1972 3421 est,

335 3442 543 3497 futura
577 3457 641 3497 se
671 3440 944 3496 dedicant
964 3456 1090 3511 quae
1114 3444 1246 3511 post
1275 3455 1374 3495 sex
1403 3438 1597 3495 saeculi
1628 3442 1826 3495 aetates
1844 3456 1973 3511 sep-

334 3530 480 3586 tima
507 3528 1013 3602 generatione,hoc
1043 3533 1151 3593 est,
1176 3529 1476 3599 justorum
1531 3529 1977 3602 congregatione

333 3617 421 3674 vel
449 3617 874 3675 resurrectione
904 3617 1393 3674 manifestabitur.

409 3706 657 3775 Lamech
691 3706 918 3778 primus
947 3705 1265 3780 bigamiam
1284 3705 1800 3779 perpetravit,quia
1829 3707 1977 3763 duas

336 3812 544 3854 uxores
575 3795 798 3860 habuit,
833 3800 890 3851 et
921 3799 1225 3868 prepterea
1254 3795 1313 3848 in
1345 3794 1560 3849 diluvio
1592 3794 1782 3864 periit.

405 3885 568 3941 Vers.
605 3885 996 3941 19-21.Nomen
1028 3885 1133 3939 uni
1159 3883 1354 3947 Ada,et
1381 3898 1577 3938 nomen
1606 3882 1778 3938 altari
1804 3883 1972 3951 Sella,

334 3973 630 4045 Genuitque
656 3972 771 4027 Ada
798 3973 979 4029 Jubal.
1012 3974 1130 4042 Ipse
1158 3973 1267 4040 fuit
1293 3978 1447 4041 puter
1500 3974 1818 4027 canentium
1852 3989 1976 4028 cum

336 4062 552 4117 cithara
580 4063 631 4115 et
658 4075 882 4130 organo.
916 4060 997 4114 De
1022 4059 1131 4114 hoc
1169 4058 1464 4131 Josephus
1521 4059 1664 4116 dicit
1693 4076 1707 4115 :
1743 4083 1770 4110 ‹‹
1802 4060 1976 4117 Jubal

338 4148 626 4205 musicam
658 4149 895 4213 amavit,
931 4147 1274 4219 psalterium
1304 4151 1362 4203 et
1405 4148 1690 4205 citharam
1720 4148 1978 4206 laudavit

337 4238 406 4294 Et
431 4252 502 4294 ne
533 4253 795 4309 unquam
826 4237 898 4292 ab
930 4236 1190 4293 humana
1212 4237 1494 4293 memoria
1520 4237 1890 4294 elaberentur
1909 4255 1977 4294 ea

334 4342 466 4399 qua
491 4326 791 4382 invenerat
824 4326 882 4380 in
914 4326 1144 4381 duabus
1184 4325 1498 4395 columnis,
1557 4344 1674 4383 una
1702 4327 1972 4395 lateritia,

334 4415 515 4479 altera
544 4413 776 4487 lapidea
804 4413 1117 4485 descripsit
1145 4431 1279 4469 cum
1312 4414 1497 4470 Adam
1528 4416 1841 4486 praedicare
1871 4433 1975 4472 au-

2087 2118 2154 2168 ut
2184 2131 2299 2170 non
2322 2118 2521 2185 posset
2537 2112 2755 2184 expiari
2778 2112 2888 2173 nisi
2914 2112 3349 2186 septuagesima
3371 2112 3621 2185 septima
3640 2128 3742 2185 ge-

2091 2203 2410 2269 neratione,
2442 2203 2669 2258 Christo
2700 2219 2802 2274 per
2829 2201 3128 2274 Virginem
3155 2201 3439 2259 veniente.

2162 2296 2324 2347 Vere.
2354 2294 2391 2346 2
2433 2335 2445 2347 .
2482 2293 2746 2361 Cognovit
2789 2290 2973 2351 adhuc
3026 2306 3234 2363 quoque
3287 2291 3466 2347 Adam
3508 2306 3743 2349 uxorem

2087 2397 2243 2436 suam
2272 2389 2326 2436 et
2352 2384 2563 2451 peperit
2590 2381 2770 2450 filium
2818 2381 3133 2450 vocavilque
3162 2395 3357 2439 nomen
3405 2380 3521 2451 ejus
3575 2380 3727 2436 Seth.

2088 2469 2225 2524 Seth
2251 2472 2447 2541 positio
2475 2469 2909 2540 interpretatur,
2943 2485 3070 2540 quae
3101 2468 3292 2524 Graece
3320 2470 3485 2525 thesis
3512 2467 3730 2527 dicitur

2087 2558 2265 2613 ducta
2294 2557 2642 2630 etymologia
2670 2574 2739 2612 ex
2795 2573 2861 2612 eo
2894 2557 3049 2628 quod
3106 2562 3271 2629 pater
3326 2557 3471 2615 dixit
3504 2573 3517 2611 :
3546 2559 3730 2630 posuit

2085 2647 2229 2700 mihi
2264 2651 2409 2701 Deus
2430 2661 2613 2701 semen
2637 2662 2738 2716 pro
2758 2645 3042 2703 Abel.Alio
3073 2662 3249 2702 sensu
3280 2646 3417 2701 Seth
3449 2661 3730 2702 resurrec-

2087 2736 2163 2790 tio
2194 2733 2626 2807 interpretatur,
2660 2734 2800 2806 quia
2828 2735 3079 2792 surrexit
3107 2734 3233 2792 Ιοοο
3282 2735 3479 2792 fratris
3510 2734 3602 2791 sui
3635 2734 3732 2791 ine-

2087 2823 2305 2880 terfecti
2318 2864 2330 2877 .

2160 2912 2317 2969 Vere.
2350 2914 2439 2968 26.
2473 2913 2576 2971 Sed
2595 2921 2647 2969 et
2676 2912 2801 2968 Seth
2830 2926 2998 2969 natus
3023 2915 3101 2968 est
3128 2913 3280 2983 ﬁlius
3331 2928 3492 2984 quem
3517 2913 3731 2969 voravit

2091 3006 2250 3058 Enos.
2284 3005 2434 3056 Enos
2462 3001 2618 3056 homo
2648 3001 3081 3073 interpretatur.
3142 3003 3248 3058 Iste
3290 3002 3450 3073 ca'pit
3480 3003 3733 3057 invocare

2086 3107 2287 3147 nomen
2338 3090 2577 3155 Domini,
2612 3090 2669 3144 id
2702 3095 2791 3146 est
2819 3089 3005 3146 colere
3066 3091 3245 3146 Deum
3305 3093 3363 3145 et
3401 3089 3722 3160 deprecari,

2088 3178 2356 3250 quamvis
2385 3177 2501 3233 alia
2530 3178 2606 3233 sit
2650 3179 3023 3235 Hebraeorum
3074 3179 3291 3251 opinio.
3324 3177 3538 3234 Dicunt
3567 3177 3727 3234 enim

2087 3267 2244 3324 idola
2291 3271 2434 3323 tunc
2461 3266 2717 3339 primum
2780 3268 2932 3324 facta
2966 3271 3025 3324 et
3073 3272 3357 3338 tanquam
3407 3266 3595 3323 Deum
3625 3267 3731 3323 ad-

2087 3361 2267 3415 orata.
2812 3362 2819 3374 ‘

2742 3444 2973 3500 CAPUT
3002 3444 3064 3501 V.

2157 3534 2449 3590 Vers.5.Et
2475 3535 2682 3605 factum
2710 3541 2788 3589 est
2814 3548 2970 3590 omne
2995 3542 3202 3604 tempus
3229 3548 3331 3605 quo
3360 3534 3505 3590 vixit
3538 3531 3727 3602 Adam,

2087 3626 2225 3679 anni
2241 3624 2531 3693 nongentis
2552 3622 3025 3692 triginta.Ferunt
3048 3627 3181 3694 post
3196 3625 3443 3678 mortem
3467 3620 3612 3678 Abel
3630 3634 3731 3676 vo-

2085 3710 2236 3767 visse
2257 3711 2439 3766 Adam
2467 3714 2531 3764 ut
2553 3726 2874 3780 numquam
2892 3711 3479 3783 postealcegnosceret
3492 3724 3732 3766 uxorem

2087 3815 2256 3856 suam
2285 3802 2342 3854 et
2370 3798 2557 3854 ﬁlium
2580 3800 3018 3870 generaret.Sed
3050 3816 3242 3856 sermo
3260 3798 3364 3855 Dei
3388 3799 3459 3855 ad
3481 3814 3617 3855 eum
3644 3797 3729 3854 fa-

2086 3892 2215 3943 ctus
2250 3892 2356 3954 est,
2388 3891 2450 3942 ut
2481 3886 2590 3942 hoc
2620 3892 2819 3943 votum
2849 3888 3161 3959 frangeret,
3216 3887 3357 3959 quia
3412 3886 3601 3943 Filius
3627 3884 3731 3942 Dei

2086 3991 2200 4032 non
2235 3979 2433 4048 posset
2453 3974 2527 4033 ad
2548 3973 2804 4031 hominis
2824 3975 3287 4047 redemptionem
3310 3991 3546 4031 carnem
3563 3989 3732 4029 assu-

2085 4080 2239 4121 mere
2270 4064 2367 4136 (a).
2401 4063 2536 4120 Cain
2573 4064 2730 4120 enim
2758 4064 3039 4136 indignus
3059 4068 3185 4120 erat
3211 4069 3279 4119 ut
3306 4064 3378 4120 de
3393 4064 3575 4135 stirpe
3601 4061 3733 4135 ejus

2084 4154 2238 4209 Deus
2265 4153 2440 4209 homo
2471 4161 2826 4209 nasceretur.
2860 4152 3023 4209 Unde
3054 4157 3189 4209 ante
3217 4152 3356 4209 Seth
3388 4151 3616 4208 nullum
3646 4150 3730 4207 le-

2084 4242 2241 4315 gitur
2270 4242 2703 4314 genuisse,post
2727 4241 2867 4297 Seth
2889 4258 3021 4298 vero
3046 4241 3262 4298 dicitur
3280 4240 3557 4315 genuisse
3575 4239 3731 4296 ﬁlios

2086 4335 2144 4386 et
2173 4329 2343 4387 ﬁlias.

2154 4417 2320 4474 Vere.
2351 4419 2441 4473 22.
2473 4418 2783 4473 Ambulanit
2810 4418 3021 4474 Henoch
3048 4433 3173 4473 cum
3200 4417 3327 4474 Deo.
3359 4416 3421 4472 Id
3451 4420 3563 4483 est,
3590 4414 3730 4470 imi-

333 4504 521 4565 disset
549 4503 665 4559 duo
697 4502 918 4559 diluvia
946 4507 1002 4560 et
1031 4503 1298 4559 omnium
1346 4503 1909 4560 exterminationem.
1948 4526 1969 4552 ιι
2006 4524 2053 4588 D
2084 4512 2244 4564 tatus
2270 4512 2361 4564 est
2390 4506 2596 4562 Deum.

402 4593 573 4649 Vere.
610 4594 708 4649 2‘2.
741 4592 888 4648 Sella
912 4594 1102 4664 genuit
1133 4592 1449 4648 Tubalcain.
1508 4593 1619 4648 Sed
1679 4598 1737 4649 et
1766 4595 1837 4650 de
1868 4593 1978 4650 hoc

334 4682 488 4737 idem
500 4681 793 4753 Josephus
806 4682 1000 4737 dicina
1015 4680 1337 4738 Tubalcain
1353 4698 1444 4737 res
1461 4681 1694 4739 bellicas
1708 4683 1979 4739 decenter

332 4770 593 4829 exercuit
621 4775 806 4825 artem
840 4771 1138 4826 ferrariam
1191 4769 1387 4826 docuit
1429 4788 1442 4826 :
1484 4771 1753 4841 quaedam
1801 4771 1975 4828 etiam

334 4873 468 4930 quae
498 4857 569 4913 ad
601 4856 904 4912 libidinem
934 4856 1236 4912 oculorum
1269 4858 1580 4929 pertinent,
1598 4859 1911 4915 adinvenit.
1947 4882 1974 4910 η

333 4946 504 5004 Soror
526 4946 826 5002 Tubalcain
851 4947 1073 5002 Noema.
1099 4945 1428 5002 Notandum
1462 4947 1617 5021 quod
1648 4947 1706 5001 in
1737 4964 1975 5020 genera-

335 5036 494 5093 tione
525 5035 663 5092 Seth
697 5034 857 5090 nulla
887 5034 1098 5090 mulier
1127 5040 1264 5089 nata
1293 5033 1503 5106 legitur
1537 5052 1549 5089 :
1586 5037 1643 5091 in
1676 5037 1811 5092 Cain
1843 5053 1976 5094 vero

335 5123 708 5196 generatione
738 5123 952 5195 legitur
982 5139 1147 5178 soror
1173 5122 1488 5178 Tubalcain
1522 5126 1843 5197 progenita,
1876 5142 1980 5197 per

338 5212 495 5284 quod
525 5210 1119 5284 designaturlascivia
1138 5214 1195 5267 et
1223 5210 1544 5283 petulantia
1559 5230 1686 5285 quae
1714 5215 1978 5286 reprobis

336 5301 396 5358 in
428 5301 697 5374 presenti
728 5301 1066 5358 dominatur
1096 5300 1227 5356 vita.

384 5389 553 5448 ’νει-ε
580 5389 672 5445 23.
708 5388 889 5445 Occidi
919 5391 1098 5445 virum
1127 5391 1184 5444 in
1214 5390 1416 5446 vulnus
1460 5407 1642 5447 meum
1688 5400 1738 5448 et
1764 5391 1976 5448 adoles-

405 5602 485 5678 (a)
513 5600 769 5680 Uterque
798 5600 993 5675 codd.,
1021 5608 1073 5660 et
1096 5614 1316 5661 camem
1345 5617 1551 5663 assum.

2156 4595 2318 4652 Vers.
2363 4596 2451 4652 31.
2482 4597 2591 4652 Noe
2634 4611 2759 4651 vero
2813 4611 2937 4651 cum
2982 4598 3402 4666 quingentorum
3455 4607 3732 4649 annorum

2087 4700 2204 4740 esse
2233 4685 2431 4757 genuit
2462 4682 2607 4751 Sem,
2641 4684 2810 4739 Cham
2857 4692 2908 4739 et
2956 4682 3167 4755 Japhet.
3213 4683 3331 4738 Hoc
3362 4680 3485 4737 loco
3514 4678 3730 4737 intueri

2087 4774 2369 4831 debemus
2398 4773 2754 4844 profundum
2786 4770 3154 4845 mysterium.
3188 4771 3288 4826 Est
3316 4770 3474 4828 enim
3506 4769 3626 4825 Noe
3657 4768 3730 4823 ab

2088 4863 2272 4918 Adam
2306 4866 2437 4934 post
2456 4861 2592 4918 Seth
2614 4861 2838 4917 decimo
2861 4859 3301 4916 loco.Denarius
3331 4860 3491 4917 enim
3519 4871 3731 4914 nume-

2088 4968 2189 5008 rus
2220 4950 2633 5023 perfectionem
2693 4948 2986 5021 significat
3014 4946 3497 5018 electorum,quia
3523 4944 3729 5017 prima

2085 5045 2174 5096 est
2203 5045 2455 5107 tesseras,
2489 5039 2543 5094 id
2575 5041 2665 5093 est
2692 5052 3193 5104 1v,numerus,nec
3223 5036 3378 5091 ultra
3408 5038 3599 5107 potest
3619 5049 3728 5091 nu-

2088 5129 2367 5185 merando
2400 5126 2633 5199 procedi
2667 5125 2781 5181 nisi
2813 5124 3024 5180 iterum
3057 5124 3409 5181 redeaturad
3442 5122 3730 5179 unitatem

2086 5217 2204 5272 Noe
2235 5232 2371 5287 ergo
2403 5215 2452 5271 si
2484 5214 2773 5269 addamus
2801 5214 2949 5269 duos
2982 5213 3132 5270 filios
3159 5212 3434 5285 ejusSem
3448 5210 3632 5268 Cham
3678 5209 3732 5282 b)

2088 5309 2146 5362 et
2173 5302 2630 5377 Japhetb,Gham
2653 5303 2959 5375 reprobato
2980 5303 3133 5359 fiunt
3151 5298 3724 5358 duodecim.Duode-

2088 5392 2290 5449 narius
2302 5396 2493 5449 autem
2519 5407 2803 5448 numerus
2828 5396 3092 5451 sacratus
3112 5395 3201 5447 est
3216 5390 3277 5445 in
3297 5387 3609 5447 duodecim
3628 5402 3734 5460 pa.

2152 5605 2235 5683 ,(b)
2267 5605 2433 5673 Forte
2459 5603 2779 5671 deleddum
2803 5604 2993 5669 Cham.
