4040 6208
275 274 346 333 73
1227 327 1231 331 .
1405 273 2027 338 COMMENTARIUS
2073 274 2151 334 ιι(
2199 274 2562 336 GENESIM.
2611 348 2627 363 ο
3535 259 3546 286 '
3593 275 3673 335 τι

274 404 538 461 triarchis
557 410 614 462 et
635 405 921 479 precipue
945 407 1003 462 in
1020 407 1330 463 duodecim
1354 406 1913 480 apostolis.Constat
1940 407 1991 471 A
2026 406 2188 462 ribus
2219 407 2522 479 superbos,
2561 405 2821 461 moribus
2853 405 3202 461 inconditos.
3238 405 3353 460 Hos
3387 405 3532 462 tales
3565 424 3667 479 ap-

275 511 397 550 vero
417 511 486 550 ex
511 495 777 568 partibus
796 496 1108 568 septenarii
1130 514 1256 568 quae
1274 503 1408 552 sunt
1430 497 1541 552 tria
1561 500 1618 552 et
1639 499 1905 568 quatuor.

279 587 399 638 Hec
418 588 509 639 est
526 585 828 654 justorum
860 585 1131 656 perfectio
1158 602 1284 657 qua:
1307 591 1536 642 servata
1556 590 1646 640 est
1674 585 1732 640 in
1757 584 1912 638 linea

279 688 308 727 a
335 671 472 726 Seth
502 672 910 729 descendente.
943 675 1391 730 Consideremus
1414 673 1910 746 imperfectionem

279 777 470 817 eorum
491 762 590 832 qui
611 763 858 834 perCain
879 764 951 818 ab
963 764 1143 818 Adam
1164 764 1607 819 descenderunt.
1625 763 1711 817 Ab
1727 762 1908 816 Adam

273 847 445 922 igitur
474 850 545 904 ad
572 850 822 905 Lamech
857 868 956 907 sex
987 857 1127 907 sunt
1157 854 1584 923 generationes,
1618 851 1835 922 quibus
1862 850 1908 904 si

273 938 551 994 addamus
568 942 689 994 tres
712 939 860 995 ﬁlios
879 941 1006 1010 ejus
1030 945 1088 995 et
1114 947 1382 1011 quartam
1409 941 1590 995 ﬁliam
1613 941 1740 1010 ejus
1765 941 1912 993 ﬁunt

274 1026 560 1082 undecim.
594 1026 963 1084 Undenarius
985 1034 1180 1084 autem
1203 1046 1485 1084 numerus
1505 1033 1803 1100 peccatum
1833 1027 1912 1082 si-

270 1113 523 1187 gniﬁcat,
548 1116 687 1188 quia
707 1117 1062 1190 trangressio
1084 1123 1173 1173 est
1196 1118 1440 1173 denarii.
1469 1118 1610 1172 Ecce
1642 1115 1736 1171 hic
1766 1119 1907 1171 sub-

273 1204 422 1260 lucet
469 1205 830 1277 imperfectio
860 1211 918 1262 et
947 1206 1172 1262 malitia
1199 1206 1590 1278 generationis
1639 1205 1798 1260 Cain.
1848 1207 1912 1260 Et

269 1294 398 1363 facti
424 1304 557 1350 sunt
585 1296 708 1350 dies
737 1297 974 1352 Lamcch
1001 1297 1326 1368 septingenti
1344 1297 1689 1367 septuaginta
1709 1298 1912 1366 septem

271 1385 422 1438 anni.
441 1383 558 1439 Hoc
579 1385 900 1440 secundum
921 1385 1262 1440 Hebraieam
1282 1385 1608 1440 veritatem.
1623 1385 1908 1440 Caeterum

265 1472 588 1528 secundum
622 1472 761 1528 LXX
793 1473 1085 1528 maximus
1116 1478 1202 1528 est
1235 1491 1394 1529 error
1426 1475 1481 1528 in
1533 1489 1798 1539 numero,
1852 1472 1908 1526 in

267 1577 376 1633 quo
405 1560 704 1617 invenitur
753 1563 1001 1618 Lamech
1043 1569 1172 1633 post.
1204 1562 1488 1618 diluvium
1518 1562 1734 1618 vixisse
1766 1578 1909 1633 qua-

260 1650 581 1706 tuordecim
615 1668 819 1706 annos.

900 1739 1128 1814 CAPUT
1169 1760 1262 1814 vr.

322 1864 490 1920 Vers.
517 1867 567 1919 1.
596 1865 834 1936 Cumque
853 1869 1137 1937 erupissent
1157 1867 1402 1923 homines
1428 1868 1796 1937 multiplicari
1815 1883 1898 1921 su-

255 1969 355 2024 per
383 1959 620 2022 terram,
675 1955 914 2011 videntes
943 1955 1059 2026 ﬁlii
1086 1957 1184 2011 Dei
1211 1957 1358 2026 ﬁlias
1390 1958 1704 2022 hominum,
1763 1955 1904 2027 quod

251 2050 433 2097 essent
464 2043 731 2113 pulchrae.
767 2044 942 2100 Filios
975 2045 1071 2100 Dei
1105 2044 1417 2116 appellavit
1449 2044 1598 2100 ﬁlios
1629 2044 1767 2099 Setb
1801 2043 1903 2115 qui

250 2130 523 2201 quandiu
555 2147 616 2187 se
647 2132 704 2186 in
739 2133 922 2204 patris
949 2133 1259 2188 sanctitate
1289 2133 1621 2204 incorrupte
1649 2148 1906 2188 servave-

250 2225 400 2276 runt
426 2219 537 2274 hoc
569 2220 804 2275 nomine
835 2220 1109 2275 honorari
1142 2226 1504 2287 meruerunt,
1551 2227 1615 2275 ut
1660 2220 1763 2274 ﬁlii
1803 2221 1904 2276 Dei

246 2311 627 2363 vocarentur.
642 2308 773 2372 Sed,
789 2313 1098 2380 postquam
1119 2309 1311 2363 carnis
1329 2309 1619 2380 voluplate
1642 2308 1904 2379 superari

247 2396 697 2465 conjunxerunt
719 2413 780 2452 se
795 2397 1086 2452 damnatae
1104 2397 1272 2468 stirpi
1295 2398 1456 2465 Cain,
1470 2400 1596 2468 ejus
1621 2398 1902 2453 malitiam

249 2482 480 2539 imitari
511 2489 828 2555 cmperunt.
861 2485 1139 2540 Nonnulli
1165 2487 1319 2554 [itios
1348 2487 1449 2541 Dei
1475 2485 1715 2558 angelos
1735 2486 1904 2541 mali-

249 2588 402 2645 gnos
435 2571 799 2642 interpretati
829 2571 1155 2628 voluerunt.
1191 2574 1337 2627 Sunt
1357 2573 1510 2628 enim
1533 2574 1770 2643 quidam
1795 2576 1901 2629 die-

252 2677 463 2717 mones
490 2660 740 2732 improbi
765 2660 1131 2717 mulieribus.
1154 2662 1261 2717 Sed
1288 2661 1497 2717 melius
1518 2667 1628 2728 est,
1652 2663 1804 2717 sicut
1823 2663 1902 2717 di-

250 2749 472 2820 ximus,
511 2753 574 2803 ut
604 2748 755 2804 ﬁlios
785 2748 884 2804 Dei
923 2749 1072 2805 ﬁlios
1104 2751 1242 2806 Seth
1274 2750 1650 2822 accipiamus.

319 2837 492 2892 Vers.
528 2839 580 2892 3.
613 2838 867 2908 Dixitque
895 2839 1076 2893 Deus:
1127 2840 1240 2895 Non
1288 2841 1626 2910 permanebit
1663 2841 1903 2911 Spiritus

251 2943 402 2983 meus
423 2928 488 2981 in
515 2926 736 2981 homine
753 2928 815 2980 in
838 2935 1134 2993 aeternum,
1149 2930 1279 2998 quia
1298 2945 1422 2984 caro
1445 2933 1543 2984 est.
1569 2929 1701 2984 Alia
1716 2934 1904 2984 trans-

250 3015 389 3071 latio
423 3015 610 3072 habet
635 3033 646 3069 :
681 3021 801 3072 Non
822 3017 1093 3086 judicabit
1119 3016 1354 3088 Spiritus
1383 3034 1535 3074 meus
1565 3019 1815 3074 homines
1845 3021 1901 3073 in

248 3112 557 3170 aeternum,
587 3107 719 3176 quia
746 3123 876 3160 caro
903 3110 1050 3161 sunt.
1085 3106 1417 3162 Secundum
1449 3123 1627 3178 quam
1654 3107 1900 3163 transla-

2025 493 2202 565 pellat
2232 497 2494 565 gigantes,
2523 495 2586 548 id
2618 498 2725 560 est,
2758 500 2926 549 terra
2953 495 3118 565 ﬁlios.

2091 584 2254 638 Vers.
2285 587 2338 638 5.
2380 585 2567 639 Videris
2597 593 2775 640 autem
2808 586 2948 639 Deus
2979 584 3117 655 quod
3137 587 3314 639 multa
3334 585 3552 640 malitia
3579 584 3663 640 ho-

2020 675 2233 727 minum
2253 677 2387 728 esset
2411 676 2469 728 in
2491 683 2662 738 terra,
2690 682 2740 729 et
2761 678 2956 728 cuncta
2976 675 3232 742 cogitatio
3251 673 3432 728 cordis
3454 675 3668 730 intenta

2021 772 2154 816 esset
2183 761 2252 816 ad
2278 763 2506 829 malum,
2537 763 2788 833 paenituit
2808 779 2934 817 eum
2959 763 3100 833 quod
3130 762 3405 817 hominem
3432 765 3667 834 fecisset.

2022 851 2084 906 In
2116 851 2300 905 Deum
2333 849 2495 905 nulla
2528 851 2867 922 paenitentia
2897 851 3069 906 cadit.
3103 851 3290 908 Semel
3324 852 3480 906 enim
3515 852 3669 908 Deus

2022 940 2130 994 ﬁxe
2147 945 2204 995 et
2225 939 2512 994 stabiliter
2531 939 2728 995 omnia
2755 941 3034 1012 disponit.
3054 941 3165 996 Sed
3189 941 3491 1013 Scriptura
3511 958 3670 997 more

2023 1032 2220 1083 nostro
2253 1027 2498 1099 loquens
2530 1029 2670 1083 dicit
2700 1029 2882 1084 Deum
2921 1029 3282 1101 paenituisse,
3329 1031 3468 1101 quia
3498 1032 3668 1102 quasi

2021 1133 2169 1188 opus
2196 1134 2371 1172 suum
2406 1122 2630 1172 mutare
2657 1117 2886 1172 videtur
2914 1118 3213 1174 voluntate
3246 1123 3440 1174 tamen
3465 1125 3522 1175 et
3547 1119 3664 1174 dis-

2021 1206 2306 1276 positione
2329 1206 2680 1262 immutabili
2710 1213 3109 1279 permanente.
3135 1209 3667 1280 Quomodocunque

2021 1296 2176 1351 enim
2208 1295 2424 1350 fuerint
2452 1313 2565 1366 res,
2599 1296 2865 1350 videlicet
2891 1302 2992 1351 aut
3019 1296 3097 1352 ita
3131 1297 3251 1352 sint
3271 1313 3666 1369 permansurae

2021 1384 2177 1439 sicut
2206 1390 2407 1440 creatis
2438 1389 2596 1450 sunt,
2630 1389 2731 1441 aut
2760 1386 3074 1453 mutandae,
3099 1387 3253 1442 Deus
3278 1385 3386 1442 hoc
3411 1391 3543 1442 ante
3569 1402 3667 1442 sa-

2021 1473 2151 1528 cula
2184 1473 2538 1528 immutabili
2574 1474 2835 1546 praevidit
2868 1475 3109 1530 ratione.

2091 1562 2253 1618 Vers.
2287 1566 2340 1616 8.
2373 1565 2482 1618 Noe
2509 1581 2631 1618 vero
2663 1566 2870 1618 invenit
2905 1567 3144 1633 gratiam
3172 1581 3357 1620 coram
3385 1565 3511 1620 Deo.
3548 1564 3666 1620 Noe

2019 1654 2234 1722 requies
2265 1652 2699 1724 interpretatur.

2089 1741 2254 1796 Vers.
2287 1741 2339 1794 9.
2371 1743 2554 1798 Justus
2583 1750 2744 1812 atque
2769 1745 3038 1815 perfectus
3065 1744 3193 1813 fuit.
3228 1742 3287 1798 Si
3321 1742 3518 1798 nullus
3541 1743 3670 1799 sine

2023 1835 2256 1900 peccato
2287 1830 2473 1886 vivere
2505 1836 2712 1902 potest,
2770 1832 3060 1904 quomodo
3106 1832 3220 1887 Noe
3250 1834 3436 1904 justus
3467 1835 3516 1888 et
3545 1848 3667 1902 per-

2018 1921 2192 1990 fectus
2214 1919 2394 1974 fuisse
2418 1921 2670 1978 dicitur?
2701 1922 2892 1980 Sancti
2919 1922 3019 1977 Dei
3043 1923 3271 1992 perfecti
3290 1925 3429 1976 sunt
3453 1937 3666 1977 secun—

2021 2009 2162 2064 dum
2187 2009 2440 2080 aliquem
2462 2026 2633 2065 suum
2659 2013 2922 2076 modum,
2939 2027 3055 2065 non
3075 2015 3269 2066 autem
3291 2011 3370 2066 ita
3386 2015 3525 2066 sunt
3545 2027 3670 2082 per-

2024 2096 2154 2153 fecti
2185 2099 2338 2154 sicut
2384 2100 2717 2170 perliciendi
2751 2105 2906 2155 sunt.
2953 2100 3116 2154 Unde
3146 2103 3203 2154 et
3233 2104 3383 2155 recte
3411 2100 3663 2156 dicitur:

2021 2189 2084 2241 in
2111 2190 2555 2256 generationibus
2597 2191 2726 2243 suis.
2781 2189 2843 2243 In
2896 2189 3169 2259 praesenti
3215 2188 3370 2243 enim
3415 2188 3535 2243 vita
3563 2205 3666 2260 pro

2027 2276 2197 2330 modo
2229 2293 2333 2330 suo
2357 2277 2599 2346 juvante
2635 2277 2729 2332 Dei
2761 2277 2949 2348 gratia
2979 2277 3211 2348 perfecti
3247 2293 3374 2332 esse
3393 2281 3664 2349 possunt.

2028 2367 2090 2418 In
2127 2363 2224 2419 illa
2255 2364 2409 2419 enim
2443 2365 2611 2420 beata
2638 2365 2774 2431 vita,
2817 2366 2873 2419 in
2905 2382 3026 2436 qua
3053 2382 3157 2420 nec
3184 2364 3330 2421 velle
3360 2381 3465 2421 nec
3496 2382 3668 2438 posse

2025 2453 2243 2526 peccati
2274 2453 2356 2508 eis
2389 2454 2631 2520 suberit,
2666 2454 2835 2525 longe
2865 2453 3034 2509 aliter
3065 2455 3298 2526 perfecti
3329 2459 3520 2510 erunt.

2094 2547 2255 2598 Vers.
2295 2543 2376 2595 ll.
2425 2542 2686 2614 Corrupto
2717 2551 2798 2598 est
2827 2547 2993 2598 terra.
3027 2543 3089 2598 Id
3121 2548 3210 2598 est
3241 2545 3434 2600 omnis
3464 2543 3662 2600 homo.

2024 2633 2168 2686 Nam
2193 2632 2324 2702 quia
2348 2636 2582 2703 propter
2596 2632 2894 2687 hominem
2919 2637 3129 2688 cuncta
3149 2637 3341 2688 creata
3362 2638 3521 2704 sunt,
3538 2634 3666 2690 ideo

2022 2725 2296 2792 peccante
2327 2721 2561 2776 homine
2587 2722 2783 2777 omnia
2805 2722 3082 2777 dicuntur
3101 2728 3373 2796 corrupta
3394 2722 3594 2779 fuisse.

2092 2828 2252 2882 Vers.
2289 2830 2372 2882 12.
2409 2828 2596 2882 Omnis
2623 2844 2772 2883 caro.
2806 2828 2866 2882 Id
2899 2833 2988 2883 est
3018 2829 3209 2884 omnis
3241 2829 3436 2885 homo.
3461 2832 3667 2886 Corru-

2017 2925 2174 2988 perat
2195 2919 2343 2971 vium
2363 2934 2540 2971 suam.
2577 2918 2633 2970 Id
2659 2923 2766 2981 est,
2791 2917 3203 2988 depravaverat
3228 2918 3482 2974 actiones
3505 2935 3664 2976 suas.

2024 3007 2088 3061 Et
2117 3023 2215 3074 ego
2246 3006 2553 3075 dispertiunt
2595 3022 2685 3060 eos
2730 3023 2855 3060 cum
2899 3011 3071 3061 terra.
3123 3007 3310 3070 Quare
3356 3007 3496 3062 dicit
3541 3025 3668 3063 cum

2025 3104 2331 3160 terra,cum
2351 3099 2503 3149 terra
2521 3111 2888 3165 nequaquam
2908 3095 2963 3148 in
2985 3095 3201 3151 diluvio
3219 3095 3536 3166 disperdita
3553 3097 3666 3152 sit?

250 3157 363 3162 ηπ-
850 3157 866 3159 -
1086 3157 1417 3162 .---_______
1455 3157 1627 3178 ηπ-..
1661 3157 1878 3163 ___--_-_

250 3194 473 3250 tionem
498 3193 641 3249 talis
663 3199 752 3250 est
781 3211 989 3250 sensus
1014 3212 1026 3250 :
1061 3196 1201 3266 quia
1221 3195 1490 3252 homines
1514 3197 1746 3269 fragiles
1769 3201 1909 3252 sunt

2037 3157 2507 3239 Dicuntdoctores
2522 3157 2891 3254 nequaquam
2907 3189 3082 3238 tantae
3098 3157 3330 3239 virtutis
3342 3188 3398 3239 et
3412 3185 3666 3241 fecundi-

252 3287 309 3339 et
337 3281 586 3338 mortali
619 3299 792 3338 carne
823 3283 1188 3350 circumdati,
1233 3302 1346 3339 non
1397 3302 1495 3340 eos
1538 3286 1810 3354 judicabo
1850 3286 1908 3341 in

252 3376 547 3427 eternum
592 3377 658 3426 ut
706 3371 1054 3428 aeternaliter
1093 3377 1350 3443 pereant,
1384 3373 1483 3427 sed
1518 3374 1710 3444 potius
1740 3373 1823 3428 eis
1851 3373 1912 3428 in

255 3461 533 3532 praesenti
566 3460 874 3516 restituam
905 3462 1060 3533 quod
1093 3465 1407 3516 merentur.
1447 3462 1522 3516 Ex
1553 3478 1667 3533 quo
1699 3460 1912 3516 intelli-

255 3548 452 3620 gimus
477 3565 763 3620 magnam
781 3566 910 3606 esse
932 3549 1415 3615 misericordiam,
1432 3567 1565 3605 cum
1585 3555 1914 3622 peccatores

257 3653 369 3693 non
403 3637 552 3694 sinit
583 3655 654 3694 ex
684 3638 973 3694 sententia
1001 3655 1190 3710 agere,
1239 3639 1340 3695 sed
1371 3639 1718 3711 ﬂagellando
1749 3640 1818 3695 ad
1855 3657 1917 3695 se

257 3732 510 3783 revocat.
547 3726 717 3782 Unde
748 3732 805 3783 et
835 3727 1192 3798 quibusdam
1216 3729 1597 3799 peccantibus
1627 3729 1914 3784 minatur:

256 3815 373 3870 Non
401 3818 648 3872 visitabo
677 3818 825 3887 ﬁlias
853 3821 1076 3887 vestras,
1126 3832 1254 3872 cum
1297 3817 1732 3874 adutteraverint
1774 3819 1915 3889 (Ose.

256 3921 330 3971 iv,
366 3907 481 3977 14).
519 3907 594 3962 Et
624 3905 764 3961 alibi
791 3923 803 3962 :
842 3907 1218 3978 Unusquisque
1241 3911 1366 3978 post
1394 3910 1722 3977 pravitatem
1742 3909 1920 3964 cordis

255 3996 343 4049 sui
369 3996 634 4052 ambulet
662 3995 790 4066 (Jer.
824 4011 948 4065 xm,
986 3996 1094 4067 12).
1128 3995 1271 4050 Hinc
1301 4001 1358 4050 et
1389 3995 1701 4052 Psalmista
1729 4013 1741 4051 :
1778 4001 1921 4052 Exa—

256 4085 502 4141 cerbavit
536 4084 844 4140 Dominum
870 4088 1138 4155 peccator,
1186 4084 1482 4140 secundum
1510 4087 1923 4142 multitudinem

260 4172 356 4227 irae
384 4163 512 4230 sua?
536 4190 659 4230 non
689 4181 899 4245 quseret
927 4173 1098 4244 (Psat.
1135 4190 1190 4238 x,
1216 4174 1291 4243 4).
1326 4173 1366 4227 E
1395 4178 1597 4229 contra
1617 4174 1687 4229 de
1706 4175 1800 4230 his
1823 4175 1923 4246 qui

258 4258 370 4317 Deo
402 4262 646 4335 accepti
678 4264 819 4317 sunt
849 4261 1102 4317 dicitur:
1143 4262 1377 4318 Visitabo
1405 4263 1462 4317 in
1488 4279 1645 4333 virga
1665 4265 1926 4334 iniquita-

258 4353 330 4406 tes
357 4368 568 4408 eorum
600 4351 782 4422 (Psal.
818 4367 1086 4418 LXXXVIII,
1116 4351 1228 4418 33).
1278 4382 1347 4391 —-
1394 4356 1676 4424 Erantque
1703 4353 1825 4407 dies
1855 4353 1924 4406 it-

259 4437 364 4496 tius
392 4451 633 4498 centum
663 4441 869 4510 viginti
896 4456 1190 4496 annorum.
1223 4441 1470 4504 Quidam
1503 4443 1711 4512 putant
1741 4441 1926 4496 homi-

2019 3273 2157 3327 tatis
2174 3287 2301 3326 eam
2325 3271 2506 3326 fuisse
2526 3275 2654 3342 post
2671 3270 2955 3326 diluvium
2975 3277 3202 3344 quantas
3225 3277 3359 3327 ante
3377 3273 3664 3329 diluvium

2021 3360 2338 3414 exstiterat.
2366 3358 2527 3413 Unde
2560 3363 2616 3412 et
2645 3359 2985 3414 hominibus
3015 3365 3146 3431 post
3175 3360 3462 3416 diluvium
3494 3378 3664 3419 essus

2023 3447 2285 3502 carnium
2305 3463 2618 3502 concessus
2635 3453 2740 3502 est.
2756 3451 2902 3502 Ante
2921 3448 3206 3504 diluvium
3223 3449 3378 3505 enim
3402 3451 3593 3522 pomis
3610 3455 3668 3507 et

2024 3535 2282 3591 oleribus
2311 3536 2715 3590 vescebantur.
2751 3537 2898 3607 Ergo
2927 3541 3160 3607 propter
3182 3539 3460 3594 amissam
3483 3541 3666 3595 virtu-

2024 3629 2140 3681 tem
2173 3629 2226 3679 et
2257 3623 2504 3695 gratiam
2537 3622 2841 3694 disperditi
2873 3628 3013 3678 sunt
3042 3624 3311 3680 homines
3341 3643 3469 3682 cum
3489 3633 3666 3685 terra.

2098 3733 2255 3789 Vers.
2295 3732 2377 3785 14.
2412 3715 2516 3785 Fac
2541 3730 2644 3785 tibi
2672 3746 2858 3784 arcam
2886 3729 2952 3784 de
2981 3729 3145 3800 tignis
3165 3731 3446 3798 tevigatis.
3469 3732 3534 3788 Id
3563 3736 3673 3801 est,

2028 3822 2275 3878 fortibus
2306 3824 2363 3875 et
2393 3818 2830 3875 insolubilibus.
2866 3819 2934 3873 Et
2965 3819 3072 3874 hoc
3103 3823 3213 3888 est,
3248 3820 3403 3890 quod
3431 3819 3563 3876 LXX
3587 3821 3677 3876 di-

2029 3915 2203 3966 cunt:
2236 3911 2308 3964 De
2343 3909 2512 3979 tignis
2539 3909 2843 3982 quadratis,
2879 3907 2935 3962 id
2959 3911 3065 3974 est,
3101 3907 3371 3964 fortibus.
3394 3908 3677 3965 Mansiun-

2028 4001 2179 4055 cutas
2207 4000 2374 4070 facies
2411 3999 2469 4052 in
2510 4015 2667 4054 arca.
2720 3997 3128 4052 Illansiuncutas
3174 3997 3314 4052 dicit
3361 3997 3420 4053 in
3461 3999 3678 4071 quibus

2033 4090 2259 4144 diversa
2276 4085 2619 4142 animalium
2639 4103 2851 4159 genera
2868 4087 3283 4158 reciperentur.
3301 4087 3684 4161 Septuaginta

2031 4177 2234 4232 dicunt
2259 4192 2270 4229 :
2306 4176 2657 4230 Bicamerata
2687 4180 2741 4230 et
2769 4177 3129 4231 tricamerata
3151 4177 3209 4230 in
3229 4193 3360 4232 arca
3379 4177 3570 4247 facies.
3596 4178 3685 4231 Bi-

2032 4268 2314 4321 camerata
2363 4263 2630 4318 videlicet
2678 4265 2737 4318 in
2791 4264 3183 4329 inferioribus,
3225 4265 3578 4320 tricamerata
3623 4265 3683 4322 in

2038 4351 2458 4424 superioribus.
2512 4353 2627 4424 Ego
2676 4352 2936 4423 quinque
2968 4352 3374 4407 mansionibus
3407 4352 3687 4407 distincta

2038 4442 2147 4497 fuit
2177 4457 2327 4497 arca.
2365 4441 2561 4495 Prima
2595 4441 2843 4505 mansio,
2877 4441 2931 4494 id
2960 4445 3046 4494 est
3075 4440 3313 4495 inferior
3334 4441 3442 4495 fuit
3467 4445 3684 4496 sterco-

260 4545 395 4585 num
450 4529 649 4586 vitam
700 4532 833 4600 post
879 4527 1163 4584 diluvium
1207 4529 1265 4583 in
1313 4535 1546 4584 centum
1578 4529 1784 4601 viginti
1817 4545 1922 4586 an—
1957 4523 2004 4588 D
2037 4531 2294 4598 rata,ubi
2321 4530 2663 4584 animalium
2689 4534 2944 4584 stercora
2966 4526 3318 4594 deﬂuebant,
3344 4545 3416 4584 ne
3436 4528 3538 4584 illa
3557 4545 3683 4600 qua

258 4617 347 4676 nis
376 4636 517 4676 esse
570 4622 963 4673 contractam.
1013 4618 1122 4673 Sed
1159 4634 1272 4672 non
1304 4618 1386 4672 ita
1416 4621 1504 4673 est
1534 4617 1927 4673 sentiendum.

259 4704 473 4763 Multos
507 4706 679 4762 enim
716 4704 968 4778 legimus
1000 4710 1132 4777 post
1153 4706 1440 4761 diluvium
1465 4705 1736 4778 pluribus
1758 4707 1929 4762 annis

259 4793 493 4852 vixisse.
529 4795 660 4851 Hoc
693 4810 828 4866 ergo
861 4795 943 4849 ita
974 4795 1380 4866 accipiendum
1413 4801 1522 4851 est.
1550 4795 1755 4851 Volens
1777 4797 1932 4850 enim

261 4881 413 4940 Deus
445 4884 746 4940 inducere
778 4884 1182 4955 peccatoribus
1205 4883 1487 4939 diluvium
1512 4884 1670 4939 dedit
1696 4885 1778 4939 eis
1800 4901 1934 4956 spa-

262 4971 432 5038 tium,
465 4977 724 5030 centum
758 4972 958 5044 viginti
986 4971 1208 5028 scilicet
1235 4990 1521 5028 annorum
1549 4973 1619 5027 ad
1647 4974 1934 5044 agendam

262 5063 710 5131 pcenitentiam.
761 5062 868 5117 Sed
920 5060 1038 5116 illis
1088 5079 1258 5134 agere
1289 5062 1620 5117 nolentibus
1651 5067 1707 5117 et
1740 5063 1798 5116 in
1830 5080 1938 5118 sua

261 5150 496 5208 malitia
530 5151 836 5223 perduran
849 5151 1007 5206 tibus
1037 5168 1151 5206 non
1178 5152 1530 5222 exspectavit
1548 5167 1647 5206 eos
1673 5157 1821 5207 Deus
1844 5169 1936 5208 us-

262 5255 373 5310 que
396 5242 474 5296 ad
501 5241 721 5295 datum
747 5240 1006 5311 spatium
1031 5244 1264 5295 centum
1288 5241 1490 5312 viginti
1511 5242 1936 5308 annorum,sed

261 5331 596 5386 centesimo
634 5344 788 5383 anno
821 5329 1038 5384 factum
1075 5334 1164 5384 est
1198 5329 1510 5384 diluvium.

329 5419 504 5476 Vers.
527 5420 586 5474 4.
606 5416 868 5486 Gigantes
891 5426 1075 5474 autem
1095 5421 1251 5473 erant
1265 5434 1428 5489 super
1447 5425 1650 5474 terram
1671 5422 1730 5474 in
1748 5419 1940 5476 diebus

261 5507 396 5566 illis.
431 5510 728 5580 Gigantes
757 5507 1013 5580 appellat
1043 5523 1143 5564 eos
1175 5505 1276 5578 qui
1303 5507 1373 5562 de
1399 5509 1681 5578 permista
1700 5525 1939 5581 genera-

263 5599 422 5657 tione
452 5596 610 5658 Seth
643 5598 706 5651 et
731 5595 869 5653 Cain
901 5597 1022 5654 nati
1055 5599 1213 5664 sunt,
1242 5595 1530 5654 immanes
1559 5613 1821 5673 corpore,
1851 5601 1940 5659 vi-

603 5722 879 5789 Paeon.
908 5721 1174 5790 CXXXI.

2042 4625 2206 4676 erant
2225 4620 2282 4673 in
2308 4636 2439 4674 arca
2460 4624 2516 4673 et
2539 4620 2788 4673 maxime
2814 4634 2882 4671 ne
2903 4616 3170 4672 homines
3195 4618 3389 4674 fratcre
3411 4617 3684 4674 laederen-

2043 4715 2152 4765 tur.
2215 4709 2482 4764 Secunda
2532 4707 2639 4762 fuit
2684 4705 3070 4777 apothecaria,
3107 4707 3380 4763 ubicibus
3425 4709 3691 4764 diversus

2044 4797 2387 4853 animalium
2415 4797 2750 4852 reconditus
2775 4801 2918 4850 erat.
2943 4796 3134 4850 Tertia
3157 4796 3264 4850 fuit
3284 4797 3608 4852 bestiarum
3635 4801 3692 4851 et

2045 4887 2361 4942 immitium
2383 4884 2725 4940 animalium
2744 4901 2809 4939 ac
2825 4885 3693 4956 serpentium.Quarta,jumen-

2043 4982 2238 5032 torum
2269 4979 2324 5029 et
2358 4979 2796 5029 mansuctorum
2836 4972 3200 5027 animalium.
3247 4972 3484 5040 Quinta,
3517 4971 3574 5026 id
3607 4975 3697 5026 est

2048 5081 2340 5136 suprema,
2373 5045 2679 5118 hominum
2715 5068 2771 5118 et
2803 5063 3019 5117 avium.
3053 5060 3281 5116 Ostium
3303 5077 3436 5116 vero
3459 5061 3611 5132 quod
3635 5061 3694 5115 in

2047 5152 2428 5226 sequentibus
2454 5152 2509 5205 in
2535 5151 2713 5206 latere
2736 5167 2879 5205 arca:
2908 5150 3088 5203 fuisse
3110 5149 3461 5204 describitur
3483 5166 3549 5204 eo
3571 5148 3695 5204 loco

2047 5243 2229 5298 fuisse
2259 5241 2533 5307 creditur,
2570 5241 2666 5294 ubi
2699 5241 3055 5294 bicamerata
3077 5242 3132 5292 et
3161 5239 3536 5294 tricamerata
3555 5239 3696 5308 jun-

2049 5333 2336 5406 gebantur
2357 5309 2506 5385 inter
2523 5327 2953 5400 apothecariam
2979 5331 3034 5381 et
3049 5327 3369 5383 bestiarum
3390 5327 3698 5382 habitatio-

2050 5437 2204 5476 nem.
2253 5422 2328 5473 Εἰ
2379 5419 2648 5474 bitumine
2695 5418 2878 5471 linies.
2936 5415 3229 5484 Bitumen,
3292 5417 3446 5488 quod
3505 5419 3698 5474 Graios

2047 5509 2367 5582 asphaltum
2387 5507 2623 5573 dicitur,
2649 5506 2802 5560 unde
2826 5504 2986 5561 lacus
3010 5505 3335 5578 Asphaltites
3355 5510 3619 5578 vocatur,
3634 5505 3696 5562 id

2048 5602 2139 5658 est
2167 5597 2369 5674 gluten
2401 5595 2868 5665 tenacissimum,
2922 5595 3208 5671 quidquid
3256 5597 3479 5654 tactum
3517 5597 3696 5657 fuerit
