4040 6208
354 310 428 370 75
914 312 1222 374 REMIGII
1265 314 2016 377 ANTISSlODOBENSIS
2060 315 2235 377 OPP.
2284 317 2504 379 PARS.
2551 317 2702 378 1.-
2729 317 3189 380 EXEGETICA.
3677 320 3762 378 76

353 458 680 515 numquam
709 445 1146 510 convermescit,
1181 461 1283 501 nec
1326 444 1448 500 ulla
1475 446 1529 501 vi
1568 447 1846 503 imbrium
1900 451 2000 504 aut
2027 451 2076 515 Α
2112 465 2304 504 arcam
2336 449 2552 506 fuerint
2580 467 2593 505 :
2627 450 2920 507 habebant
2937 454 3132 507 tamen
3158 450 3378 506 loculos
3401 455 3762 523 praeparatos

354 531 498 587 ﬂatu
529 536 837 588 ventorum
870 533 1110 588 dissolvi
1144 538 1350 605 potest.

423 619 589 676 Vers.
624 622 710 676 15.
751 624 1142 678 Trecenlorum
1188 624 1519 679 cubitorum.
1569 625 1678 680 Sed
1731 625 1839 680 hoc
1888 642 2004 680 non

356 709 724 781 mirabimur,
749 710 798 765 si
820 710 1076 767 sciamus
1101 713 1454 783 geometrico
1476 713 1671 768 cubito
1692 713 1852 768 illam
1878 730 2007 770 esse

357 803 756 854 mensurat'am
786 799 910 871 qui,
943 803 1009 855 ut
1039 799 1318 872 Origenes
1347 801 1508 872 dicit,
1541 819 1641 857 sex
1661 803 1874 858 cubitis
1896 803 2004 857 hu-

357 885 552 942 manis
600 885 896 958 impletur.
951 888 1165 944 Positio
1196 893 1391 944 autem
1422 906 1568 944 arcas
1597 890 1736 946 talis
1766 891 2003 946 exstitit.

361 973 493 1029 Fuit
522 975 676 1030 enim
719 975 1100 1032 fundamento
1131 979 1437 1049 quadrata,
1473 978 1780 1052 inaqualis
1811 985 2006 1036 tamen

359 1061 746 1136 longitudinis
767 1069 824 1119 et
843 1065 1193 1136 latitudinis,
1224 1084 1348 1138 quae
1378 1067 1662 1139 paulatim
1685 1069 1756 1124 ab
1778 1070 2010 1142 angulis

361 1153 760 1208 conscendens
784 1153 843 1208 in
875 1159 1098 1209 arctam
1124 1156 1372 1211 formam
1397 1173 1633 1212 sursum
1657 1159 2007 1230 erigebatur,

361 1241 544 1296 donec
564 1240 625 1296 in
643 1241 838 1297 cubito
860 1241 1189 1299 latitudinis
1215 1247 1271 1299 et
1291 1244 1675 1317 longitudinis
1697 1247 2010 1303 summitas

363 1330 492 1402 ejus
513 1331 652 1402 perii
663 1335 907 1386 ceretur.
921 1332 1051 1386 Fuit
1067 1337 1263 1389 autem
1280 1334 1471 1389 decies
1489 1334 1662 1406 longa
1675 1352 1851 1406 quam
1871 1337 2009 1404 alta,

363 1423 421 1475 et
448 1419 637 1475 sexies
665 1423 896 1474 tantum
927 1419 1102 1493 longa
1129 1438 1306 1492 quam
1329 1422 1446 1478 lata
1466 1423 1537 1479 ad
1566 1423 2011 1480 similitudinem

363 1506 604 1562 humani
639 1509 915 1580 corporis.
948 1510 1092 1565 Nam
1116 1510 1166 1565 si
1195 1511 1493 1567 hominem
1517 1529 1764 1584 pronum
1796 1514 1886 1569 vel
1909 1532 2013 1570 su-

364 1596 567 1669 pinum
593 1597 882 1667 jacentem
934 1599 1267 1664 metiamur,
1301 1600 1492 1656 decies
1523 1606 1754 1657 tantum
1802 1602 2013 1676 longus

364 1684 474 1741 erit
502 1702 536 1741 a
567 1685 754 1756 capite
783 1702 970 1757 usque
1002 1688 1074 1742 ad
1109 1688 1285 1759 pedes
1328 1705 1505 1759 quam
1557 1689 1710 1745 altus
1763 1709 1796 1746 a
1841 1693 2014 1747 dorso

364 1790 551 1846 usque
580 1774 652 1829 ad
693 1780 973 1840 ventrem,
1021 1779 1080 1830 et
1127 1777 1315 1831 sexies
1364 1781 1592 1833 tantum
1647 1779 1758 1833 erit
1801 1779 2013 1852 longus

365 1879 542 1936 quam
574 1861 729 1918 latus
759 1880 793 1919 a
822 1864 1056 1919 dextero
1085 1863 1262 1920 latere
1293 1883 1478 1937 usque
1509 1867 1579 1922 ad
1611 1867 1938 1924 sinistrum.

432 1968 594 2025 Vers.
631 1970 717 2024 16.
747 1971 1058 2026 Feneslram
1087 1972 1146 2024 in
1177 1988 1309 2027 arca
1341 1973 1532 2042 facies.
1593 1974 1678 2027 Ad
1710 1973 1820 2030 hoc
1854 1976 2009 2031 fene-

366 2061 487 2114 stra
511 2057 570 2113 in
600 2074 745 2113 arcas
774 2059 1114 2114 summitate
1137 2060 1286 2114 facta
1308 2064 1415 2127 est,
1441 2065 1504 2115 ut
1524 2061 1762 2118 haberet
1784 2064 2011 2119 aditum

364 2145 501 2214 Noe,
523 2162 624 2218 per
643 2163 820 2217 quam
843 2147 1154 2214 emitteret,
1181 2147 1334 2204 sicut
1359 2153 1560 2220 postea
1587 2151 1720 2206 fecit
1740 2152 2012 2207 emittens

366 2233 700 2292 columbam
722 2240 778 2289 et
809 2251 1065 2290 corvum.
1090 2237 1274 2303 Quam
1304 2236 1616 2294 fenestram
1643 2241 1883 2296 tradunt
1906 2242 2010 2297 He-

368 2324 503 2380 braei
554 2323 952 2396 crystallinam
1002 2325 1202 2382 fuisse.
1250 2325 1488 2399 Mystice
1532 2333 1726 2384 autem
1758 2329 1894 2400 Noe,
1928 2331 2014 2386 vir

360 2413 561 2484 justus
582 2416 638 2468 et
660 2413 948 2484 perfectus
971 2414 1206 2468 nomine
1226 2418 1283 2469 et
1301 2419 1456 2480 actu,
1473 2416 1772 2472 Christum
1796 2418 2015 2491 signiti-

369 2503 482 2557 cat.
533 2504 952 2571 Interpretatur
980 2501 1132 2556 enim
1164 2504 1397 2572 requies,
1449 2504 1588 2574 quia
1632 2505 1844 2561 electos
1876 2525 2013 2563 suos

369 2576 552 2643 ﬁnitis
584 2587 884 2643 laboribus
912 2588 1108 2644 saeculi
1141 2589 1321 2659 hujus
1352 2591 1423 2646 ad
1447 2595 1724 2647 aeternam
1749 2594 2014 2650 Christus

367 2677 759 2750 perducturus
782 2681 872 2732 est
893 2677 1175 2748 requiem.
1200 2677 1305 2742 Qui
1332 2695 1466 2734 vere
1487 2679 1648 2736 solus
1669 2685 1726 2736 et
1737 2683 1937 2752 justus
1959 2688 2015 2740 et

367 2766 657 2840 perfectus
687 2770 796 2831 est,
821 2767 892 2821 de
914 2781 1029 2836 quo
1049 2767 1364 2837 Apostolus
1388 2786 1401 2824 :
1439 2770 1504 2825 Ut
1531 2771 1602 2824 sit
1632 2773 1747 2842 ipse
1756 2771 1939 2841 justus
1961 2778 2014 2829 et

358 2853 676 2928 justiﬁcans
703 2870 829 2909 eum
858 2855 954 2925 qui
981 2870 1053 2910 ex
1081 2854 1186 2926 ﬁde
1215 2860 1289 2911 est
1327 2858 1498 2928 (Rom.
1536 2875 1618 2926 ιιι,
1649 2861 1773 2928 26).
1816 2865 2014 2918 Potest

366 2943 543 3000 etiam
575 2942 693 3013 Noe
723 2948 928 3019 typum
967 2946 1162 2999 tenere
1193 2946 1635 3017 praepositorum
1669 2948 1726 3002 in
1760 2949 2015 3006 Ecclesia

366 3033 488 3088 sive
513 3031 689 3087 etiam
710 3032 889 3087 totius
918 3031 1148 3086 familiae
1173 3033 1408 3101 Christi,
1438 3037 1835 3092 membrorum
1859 3040 2012 3096 vide-

365 3121 500 3177 licet
523 3122 651 3191 ejus
673 3121 768 3191 qui
797 3136 900 3192 per
919 3119 1146 3192 lignum
1170 3121 1361 3178 crucis
1381 3128 1437 3178 et
1458 3141 1671 3196 aquam
1695 3128 2013 3199 baptisma-

367 3211 445 3267 tis
474 3207 795 3265 salvantur.
826 3211 972 3265 Arca
1000 3225 1133 3265 vero
1161 3215 1362 3266 sancta
1389 3217 1480 3268 est
1505 3214 1762 3271 Ecclesia
1793 3233 1918 3288 qum
1948 3218 2012 3274 de

371 3300 539 3372 lignis
569 3299 834 3369 Icvigatis,
865 3297 973 3353 hoc
1005 3304 1112 3366 est,
1146 3299 1364 3355 sanctis
1395 3301 1453 3356 in
1477 3306 1759 3360 aeternum
1780 3306 2020 3362 victuris

372 3387 748 3444 construitur.
800 3387 870 3441 Et
911 3387 1065 3442 sicut
1102 3386 1160 3441 in
1194 3405 1328 3443 arca
1358 3389 1587 3446 diversa
1615 3399 1780 3449 erant
1809 3411 2021 3464 genera

378 3475 746 3541 animalium,
798 3475 882 3530 sic
911 3474 970 3530 in
1007 3475 1258 3532 Ecclesia
1286 3479 1514 3534 diversa
1543 3486 1682 3536 sunt
1711 3483 2018 3540 hominum

377 3580 609 3638 genera.
660 3565 870 3620 Ostium
899 3565 958 3619 in
990 3565 1154 3620 latere
1181 3565 1395 3622 vulnus
1425 3567 1721 3641 significat
1751 3573 1809 3627 in
1842 3572 2021 3629 latere

376 3653 616 3718 Christi,
648 3654 719 3709 de
749 3669 864 3725 quo
894 3652 1022 3726 ipsa
1051 3654 1302 3710 Ecclesia
1329 3673 1445 3712 una
1469 3675 1602 3713 cum
1636 3662 2020 3717 sacramentls

376 3747 604 3799 constat
633 3741 937 3814 sanguinis
965 3745 1022 3796 et
1048 3759 1231 3813 aquae.

443 3850 606 3906 Vers.
655 3849 741 3905 19.
787 3851 871 3904 Ea:
905 3851 1115 3904 cunctis
1145 3851 1519 3906 animantibus
1550 3854 1681 3909 bina
1710 3855 1929 3912 induces
1960 3859 2020 3912 in

374 3956 587 3996 arcam.
620 3938 909 4002 Quaeritur
937 3938 1007 3992 de
1037 3937 1284 3993 minutis
1314 3939 1730 4009 animantibus,
1779 3961 1890 3998 non
1921 3963 2018 4001 so-

375 4027 499 4082 lum
532 4026 737 4099 quales
758 4030 898 4081 sunt
921 4041 1114 4080 mures
1136 4030 1193 4081 et
1213 4026 1529 4096 stelliones,
1554 4031 1653 4086 sed
1677 4032 1850 4088 etiam
1874 4051 2016 4105 qua-

375 4116 462 4172 les
490 4119 629 4171 sunt
658 4131 895 4181 muscae,
927 4119 984 4169 et
1011 4115 1366 4183 scabriones,
1401 4122 1457 4172 et
1487 4122 1743 4176 scarabei
1775 4127 1832 4177 et
1861 4123 2016 4195 puli-

377 4221 492 4277 ces,
523 4203 573 4259 si
605 4203 663 4258 in
697 4203 788 4258 his
819 4203 914 4257 hic
945 4219 1227 4258 numerus
1259 4206 1468 4276 poterit
1511 4211 1857 4265 conservari.
1909 4214 2016 4268 Sed

375 4293 680 4350 sciendum
715 4291 854 4363 quia
883 4290 984 4346 illa
1013 4309 1139 4363 qua:
1171 4309 1286 4348 non
1319 4293 1473 4349 coitu
1507 4303 1878 4368 generantur,
1914 4303 2016 4358 sed

373 4382 621 4438 humore
640 4385 806 4436 terra:
823 4378 908 4434 vel
931 4395 998 4434 ex
1015 4396 1374 4453 quaecunque
1391 4384 1734 4441 cadaverum
1758 4393 1862 4443 aut
1882 4388 2020 4445 alia-

375 4487 506 4527 rum
529 4486 722 4525 rerum
750 4468 1120 4539 corruptione
1146 4475 1487 4540 nascuntur,
1513 4490 1625 4527 non
1652 4492 1889 4533 necesse
1913 4478 2020 4533 fuit

375 4558 657 4616 contineri
690 4558 749 4612 in
781 4573 934 4612 arca.
971 4561 1115 4612 Nam
1141 4562 1197 4612 et
1224 4559 1332 4613 hoc
1357 4560 1802 4633 intelligendum
1825 4565 2020 4621 innui-
2051 4550 2097 4614 D

373 4651 492 4718 tur,
537 4662 671 4701 cum
711 4644 964 4700 dicitur:
999 4647 1072 4700 De
1102 4647 1411 4703 volucribus
1433 4649 1599 4720 juxta
1628 4668 1803 4723 genus
1832 4671 2015 4723 suum,

373 4738 424 4791 et
453 4735 517 4790 de
536 4735 807 4806 jumentis
834 4735 892 4787 in
925 4749 1120 4802 genere
1147 4750 1267 4790 suo.
1297 4735 1403 4790 Illa
1432 4754 1663 4810 quoque
1685 4757 1814 4811 qute
1837 4742 1892 4796 in
1918 4744 2018 4798 do-

373 4824 571 4880 mibus
600 4826 927 4888 versantur,
953 4823 1105 4877 sicut
1135 4824 1375 4894 pulices,
1402 4843 1618 4893 mures,
1645 4845 1877 4901 muscae,
1903 4849 2016 4886 non

373 4929 610 4969 necesse
642 4911 754 4966 fuit
783 4909 838 4963 in
889 4909 980 4964 his
1013 4910 1168 4965 hunc
1199 4929 1508 4967 numerum
1543 4915 1857 4984 observari,
1891 4936 2017 4990 quae

283 4995 299 5002 “
372 5001 783 5074 intelliguntur
815 5003 951 5053 tunc
984 4997 1152 5070 plura
1182 4999 1240 5054 in
1273 5001 1547 5058 domibus
1578 5004 1780 5062 fuisse.
1824 5010 1934 5064 Sed
1965 5013 2021 5064 et

371 5089 471 5145 illa
501 5089 781 5146 animalia
811 5105 936 5160 quas
968 5104 1038 5144 ex
1078 5089 1488 5146 commistione
1537 5093 1746 5150 diversi
1791 5098 2018 5168 generis

371 5182 714 5244 nascuntur,
764 5178 917 5232 sicut
948 5177 1091 5232 muli
1123 5182 1180 5232 et
1208 5178 1504 5234 burdoncs
1537 5185 1592 5235 et
1621 5187 1826 5239 caetera
1857 5184 2016 5253 talia,

371 5283 487 5324 non
532 5269 623 5320 est
660 5265 970 5320 dicendum
1019 5267 1200 5321 fuisse
1230 5266 1289 5320 in
1335 5284 1487 5323 arca.
1525 5269 1608 5324 lta
1639 5273 1919 5343 queritur
1947 5275 2018 5331 de

369 5356 466 5412 his
495 5353 894 5410 animantibus
916 5372 1042 5426 quae
1067 5356 1124 5410 in
1149 5357 1318 5427 aquis
1343 5362 1399 5412 et
1428 5358 1483 5412 in
1516 5365 1668 5416 terra
1690 5364 2017 5419 communi-

369 5447 460 5501 ter
486 5441 708 5508 vivunt,
745 5447 940 5498 utrum
978 5444 1158 5499 fuisse
1187 5449 1501 5502 credantur
1531 5447 1588 5502 in
1621 5467 1774 5519 arca,
1822 5458 1924 5507 aut
1967 5454 2017 5509 si

371 5548 489 5590 non
511 5531 766 5597 fuerunt,
796 5533 1087 5602 quomodo
1109 5533 1297 5590 vivcre
1315 5536 1610 5606 potuerint
1629 5537 1780 5594 sicut
1801 5539 1938 5596 lutri
1962 5546 2020 5598 et

370 5618 539 5686 vituli
583 5620 814 5681 marini.
866 5619 977 5682 Sed
1026 5622 1096 5680 de
1138 5622 1231 5682 his
1261 5624 1418 5683 credi
1447 5629 1637 5701 potest
1667 5627 1824 5704 quod
1853 5635 2017 5692 extra

2112 541 2271 592 extra
2294 555 2487 592 arcam
2511 539 2567 593 in
2592 540 2807 610 quibus
2835 557 2896 595 se
2917 544 3182 612 poterant
3204 540 3475 612 recipere,
3495 539 3670 596 veluti
3695 540 3757 594 in

2114 625 2314 681 aridis.
2349 626 2464 682 Hoc
2495 632 2549 682 et
2580 629 2651 683 de
2683 629 2886 684 avibus
2909 629 3278 684 sentiendum
3306 629 3549 684 marinis
3570 633 3629 684 et
3650 629 3763 684 ﬂu-

2113 715 2386 779 vialibus,
2437 717 2574 788 quia
2621 717 2846 772 vicibus
2895 718 2952 771 in
3002 718 3172 789 aquis
3217 722 3402 785 erant,
3447 723 3504 773 et
3532 719 3672 774 item
3702 719 3766 773 in

2116 803 2455 873 praeparatis
2504 803 2932 860 mansiunculis
2981 811 3142 861 extra
3188 822 3382 861 arcam
3427 823 3488 862 se
3523 806 3767 879 recipie-

2118 891 2280 945 bant.

2188 979 2349 1034 Vers.
2391 981 2482 1034 21.
2535 982 2703 1037 lolles
2741 981 2806 1037 de
2834 983 3084 1038 omnibus
3114 987 3266 1039 escis.
3300 983 3418 1040 Hoc
3451 983 3576 1040 loco
3609 1003 3767 1058 que-

2119 1067 2268 1121 ritur
2297 1068 2367 1122 de
2395 1068 2750 1125 animalibus
2779 1086 2905 1142 quae
2937 1071 3210 1127 carnibus
3240 1077 3578 1143 vescuntur,
3613 1091 3764 1146 quo-

2121 1157 2293 1210 modo
2347 1157 2406 1210 in
2454 1175 2587 1212 arca
2633 1175 2786 1214 anno
2831 1160 3055 1231 integro
3096 1161 3362 1229 vixerint,
3395 1178 3527 1217 cum
3559 1180 3768 1220 carnes

2120 1248 2282 1299 tanto
2308 1249 2568 1316 tempore
2591 1247 2937 1320 incorruptae
2957 1251 3172 1304 servari
3195 1267 3309 1305 non
3340 1252 3656 1324 potuerint.
3677 1254 3763 1309 Ad

2121 1331 2230 1387 hoc
2252 1333 2563 1390 dicendum
2587 1336 2725 1406 quia
2742 1341 2881 1391 sunt
2901 1338 3165 1407 quaedam
3187 1339 3466 1396 animalia
3487 1357 3613 1412 quae
3636 1359 3761 1398 car-

2124 1421 2296 1476 nibus
2328 1429 2658 1490 vescuntur,
2693 1426 2792 1480 sed
2816 1426 2865 1480 si
2891 1427 3207 1482 necessitas
3230 1429 3621 1500 imperaverit,
3643 1431 3769 1487 fru-

2123 1511 2315 1566 ctibus
2362 1517 2418 1566 et
2463 1514 2654 1583 pomis
2705 1515 2913 1570 diversi
2969 1517 3200 1588 generis
3251 1519 3439 1574 vivere
3496 1525 3770 1592 possunt,

2126 1599 2378 1654 maxime
2408 1601 2518 1656 ficu
2553 1606 2606 1656 et
2637 1607 2929 1659 castanea.

2750 1729 2978 1785 CAPUT
3017 1731 3135 1786 VIl.

2044 1819 2089 1883 Β
2193 1817 2354 1868 Vers.
2395 1818 2448 1868 2.
2499 1817 2581 1871 Ex
2625 1819 2879 1873 omnibus
2928 1821 3311 1877 animantibus
3352 1823 3484 1879 tolle
3526 1829 3769 1898 septena.

2124 1903 2283 1966 Quod
2316 1902 2492 1958 dicit:
2526 1904 2755 1976 Seplena
2783 1909 2836 1962 el
2861 1912 3104 1979 septena,
3138 1926 3252 1964 non
3285 1911 3643 1983 geminatum
3677 1932 3767 1972 se-

2125 1991 2478 2061 ptenarium,
2496 1991 2554 2046 id
2576 2000 2664 2049 est
2684 1996 3149 2066 quatuordecim,
3169 1999 3268 2053 sed
3292 2005 3521 2056 tantum
3543 2009 3769 2075 septem

2123 2079 2404 2135 debemus
2458 2082 2738 2154 accipere.
2786 2083 3064 2140 Similiter
3109 2087 3208 2142 ubi
3249 2088 3356 2144 duo
3395 2094 3447 2146 et
3473 2090 3596 2158 duo,
3648 2110 3767 2150 non

2123 2171 2392 2237 quatuor,
2426 2168 2526 2223 sed
2561 2169 2674 2224 duo
2707 2171 2987 2227 debemus
3017 2173 3358 2248 intelligere.
3394 2178 3698 2249 Illasculum~
3716 2187 3770 2237 et

2121 2257 2407 2326 feminam.
2463 2258 2531 2311 Et
2568 2257 2661 2313 hic
2693 2261 3017 2315 notandum
3048 2264 3203 2332 quod
3237 2267 3456 2322 munda
3486 2269 3770 2325 animalia

2121 2343 2332 2416 impari
2364 2361 2627 2413 numero,
2663 2348 2718 2401 id
2750 2352 2857 2415 est,
2881 2351 3206 2420 septenario
3234 2353 3686 2412 introducantur
3707 2358 3766 2413 in

2124 2450 2340 2501 arcam,
2394 2433 2701 2490 immunda
2727 2453 2861 2492 vero
2893 2438 3017 2509 pari
3050 2457 3062 2494 :
3097 2440 3234 2511 quia
3265 2442 3455 2514 impar
3483 2463 3771 2503 numerus

2125 2523 2442 2593 quamdam
2466 2523 2695 2579 virtutis
2717 2527 3023 2594 praetendit
3045 2530 3321 2600 speciem,
3337 2549 3442 2603 par
3461 2550 3595 2590 vero
3614 2536 3772 2592 inﬁr-

2126 2609 2346 2664 mitatis
2377 2614 2432 2665 et
2462 2612 2582 2666 vitii
2615 2613 2849 2685 signum
2885 2620 2994 2670 est.
3027 2618 3243 2674 Munda
3273 2621 3552 2678 animalia
3580 2625 3771 2696 plura,

2122 2697 2181 2753 id
2203 2705 2292 2754 est
2313 2704 2552 2771 septena
2572 2702 2850 2758 dicuntur
2871 2703 3223 2773 introducta,
3246 2713 3309 2764 ut
3329 2712 3631 2784 egrediens
3653 2714 3775 2771 Noe

2125 2788 2195 2843 de
2225 2805 2358 2843 arca
2387 2789 2628 2845 haberet
2658 2792 2812 2862 quod
2855 2792 3100 2850 Domino
3146 2796 3496 2871 immolaret,
3546 2806 3604 2858 et
3655 2821 3774 2877 quo

2123 2876 2249 2948 ipse
2279 2894 2411 2932 cum
2446 2878 2581 2934 ﬁliis
2611 2885 2958 2937 vesceretur.

2194 2965 2357 3022 Vers.
2398 2967 2452 3022 7.
2505 2970 2567 3022 El
2607 2971 2891 3041 ingressus
2930 2976 2983 3026 et
3018 2976 3132 3029 Noe
3167 2983 3246 3030 est
3289 2976 3399 3045 ﬁlii
3433 2978 3548 3050 ejus
3591 2983 3649 3036 in
3679 2998 3770 3037 ar-

2121 3056 2706 3112 ca»m.Attendeudum
2729 3063 2818 3114 est
2843 3062 2997 3131 quod
3023 3064 3257 3133 quando
3279 3065 3581 3138 ingressus
3605 3075 3694 3126 est
3712 3072 3770 3126 in

2126 3159 2346 3210 arcam,
2379 3160 2644 3200 seorsum
2669 3146 2792 3218 ipse
2814 3152 2871 3203 et
2892 3148 2992 3203 filii
3017 3151 3146 3220 ejus
3177 3152 3234 3206 in
3269 3170 3484 3223 arcam,
3518 3163 3577 3212 et
3607 3175 3769 3214 seor-

2133 3248 2264 3286 sum
2297 3249 2505 3289 uxores
2534 3251 2756 3290 eorum.
2807 3238 3026 3293 Dicitur
3055 3242 3210 3296 enim
3249 3260 3262 3297 :
3301 3245 3580 3315 Ingressus
3607 3257 3688 3304 est
3716 3250 3775 3304 in

2131 3337 2323 3377 arcam
2360 3324 2472 3393 ipse
2500 3334 2550 3379 el
2579 3325 2690 3395 ﬁlii
2716 3328 2868 3394 eius;
2903 3328 3110 3384 deinde
3139 3347 3152 3385 :
3192 3348 3332 3387 uxor
3359 3336 3477 3402 eius
3502 3345 3553 3392 et
3579 3353 3778 3394 uxores

2129 3411 2371 3481 ﬁliorum
2411 3413 2544 3484 ejus.
2599 3415 2841 3478 Quando
2881 3433 3014 3472 vero
3059 3421 3277 3490 egressi
3313 3429 3469 3492 sunt,
3503 3425 3610 3480 viri
3643 3443 3774 3483 cum

2131 3501 2408 3556 uxoribus
2441 3502 2702 3572 permisti
2733 3502 3028 3575 leguntur.
3079 3507 3228 3562 Dicit
3267 3511 3424 3566 enim
3459 3529 3470 3567 ε
3518 3515 3778 3583 Egressus

2129 3599 2204 3646 est
2229 3592 2335 3645 Noe
2363 3595 2413 3643 el
2444 3607 2592 3646 uxor
2618 3593 2753 3663 ejus.
2806 3593 2922 3650 Hoc
2971 3601 3059 3652 est
3097 3600 3251 3669 quod
3286 3600 3559 3658 Salomon
3591 3605 3732 3661 dicit
3760 3625 3773 3662 :

2133 3679 2380 3750 'I‘emplus
2432 3681 2816 3752 amplexandi,
2877 3689 3083 3757 tempus
3141 3689 3298 3760 longe
3352 3691 3477 3760 ﬁeri
3527 3695 3595 3749 ab
3649 3712 3775 3751 am-

2123 3767 2382 3838 plexibus
2411 3768 2596 3839 (Eccli.
2631 3787 2714 3837 ιιι,
2745 3772 2823 3842 5).
2866 3775 3106 3843 Ingressi
3131 3782 3260 3832 sunt
3291 3781 3346 3834 in
3377 3797 3590 3850 arcam,
3624 3793 3771 3841 nutu

2127 3855 2395 3910 videlicet
2427 3855 2541 3924 Dei,
2571 3874 2686 3913 non
2719 3859 2956 3918 homine
2987 3864 3246 3921 faciente.

2200 3943 2361 4000 Vers.
2415 3945 2500 4000 11.
2551 3947 2704 4002 Αηηο
2749 3955 3166 4022 sexcentesimo,
3212 3972 3393 4013 mense
3418 3961 3673 4018 secundo.
3708 3963 3770 4018 Id

2129 4037 2217 4087 est
2247 4049 2445 4088 mense
2480 4034 2678 4099 Nisan,
2713 4037 2812 4108 qui
2842 4055 2877 4092 a
2905 4039 3123 4097 Latinis
3154 4043 3344 4101 Maius
3378 4047 3613 4106 dicitur.
3645 4053 3770 4107 Pri-

2129 4139 2262 4176 mus
2294 4121 2447 4177 enim
2482 4124 2701 4180 mensis
2732 4131 2820 4180 est
2850 4129 3002 4199 apud
3036 4129 3165 4187 illos
3185 4134 3420 4205 Aprilis.
3447 4137 3773 4212 cataractae.

2129 4210 2191 4265 Id
2225 4215 2311 4265 est
2342 4211 2602 4267 fenestrae
2647 4214 2794 4269 cceli.
2853 4217 3134 4273 Fenestraa
3183 4228 3380 4278 autem
3421 4210 3548 4281 caeli
3589 4229 3778 4285 nubes

2129 4299 2406 4354 dicuntur
2426 4317 2552 4372 quae
2577 4309 2788 4374 apertae
2810 4311 2968 4373 sunt,
2989 4311 3055 4362 ut
3076 4307 3210 4364 inde
3236 4310 3482 4369 insolitis
3507 4320 3560 4370 et
3584 4319 3779 4389 majo-

2129 4404 2220 4442 res
2244 4387 2448 4458 pluviae
2482 4390 2839 4448 funderetur.
2873 4394 3018 4451 Nam
3052 4401 3346 4458 cataracta
3375 4409 3514 4459 sunt
3544 4387 3781 4478 proprie

2131 4477 2280 4531 ostia
2312 4476 2446 4543 Nili,
2481 4480 2580 4534 sed
2613 4480 2851 4536 abusive
2883 4501 2986 4554 pro
3015 4487 3294 4544 omnibus
3327 4476 3600 4550 fenestris
3623 4476 3780 4551 acci-

2129 4566 2388 4637 piuntur.
2425 4570 2614 4624 Fontes
2640 4587 2851 4641 quoque
2881 4589 3097 4645 magnae
3126 4577 3314 4648 abyssi
3345 4584 3502 4650 rupti
3526 4593 3673 4640 sunt.
3707 4583 3781 4639 Ut

2131 4670 2244 4708 non
2268 4655 2482 4710 sensim
2511 4673 2668 4712 more
2692 4659 2863 4714 solito
2885 4661 3149 4728 ﬂuerent,
3167 4667 3266 4720 sed
3290 4670 3588 4740 repentina
3607 4671 3778 4728 inuno

2128 4742 2360 4798 datione
2393 4746 2761 4815 superficiem
2794 4753 2956 4803 terra:
2989 4752 3298 4823 operirent.

2200 4831 2356 4887 Vers.
2410 4834 2498 4888 16.
2555 4836 2780 4890 Inclusit
2827 4850 2953 4892 eum
3010 4840 3273 4898 Dominus
3329 4845 3548 4918 tle/oris.
3609 4851 3774 4916 Quod

2128 4920 2285 4976 enim
2332 4938 2542 4978 manus
2588 4924 2844 4980 hominis
2888 4929 3071 4983 facere
3112 4949 3226 4987 non
3260 4940 3482 5006 poterat
3511 4940 3775 5010 potentia

2129 5009 2323 5065 divina
2368 5011 2649 5082 implevit,
2694 5013 2895 5084 de/oris
2942 5032 3064 5072 eum
3115 5021 3415 5093 includens,
3450 5009 3775 5100 nec-aquas

2129 5099 2365 5154 introire
2395 5102 2760 5170 permittens.

2201 5187 2360 5243 Vers.
2394 5189 2482 5242 20.
2517 5190 2835 5256 Quindecim
2862 5195 3060 5251 cubitis
3097 5201 3267 5255 altior
3301 5205 3410 5273 fuit
3438 5221 3583 5276 aqua
3611 5221 3778 5278 super

2126 5280 2352 5330 montes.
2397 5278 2609 5332 Dicunt
2639 5280 2792 5335 enim
2828 5284 3065 5354 quidam
3099 5288 3206 5344 hoc
3237 5289 3618 5350 historialiter
3647 5296 3779 5351 ﬁeri

2127 5380 2241 5417 non
2277 5365 2534 5435 potuisse
2565 5367 2664 5422 sed
2699 5378 2936 5442 propter
2981 5375 3238 5447 aliquam
3285 5379 3776 5450 significationem

2128 5452 2211 5507 vel
2247 5454 2585 5524 mysterium
2619 5455 2726 5513 hoc
2759 5461 3042 5533 scriptum
3076 5481 3224 5519 esse.
3258 5469 3439 5524 Aiunt
3465 5471 3624 5527 enim
3656 5489 3777 5530 non

2126 5543 2389 5613 potuisse
2414 5544 2556 5614 fieri,
2581 5551 2645 5602 ut
2663 5565 2813 5620 aqua
2837 5552 3141 5609 crassioris
3167 5561 3386 5613 naturis
3413 5559 3486 5614 ad
3509 5561 3774 5633 superio-

2127 5647 2250 5690 rem
2299 5631 2450 5694 aeris
2497 5641 2727 5713 partem
2772 5641 3186 5703 conscenderet
3235 5647 3487 5711 maxime
3531 5631 3773 5732 propter
