4040 6208
419 327 496 386 ’Π

418 549 572 604 venti
607 548 686 604 ibi
720 551 879 617 ﬂare,
917 551 1088 606 nullas
1122 553 1308 609 nubes
1332 571 1625 610 czecumen
1658 558 1786 626 ejus
1839 556 2069 612 valeant

418 638 664 710 operire.
699 639 808 693 Sed
843 640 942 711 qui
972 639 1082 696 hoc
1113 642 1370 698 fatentur
1422 661 1538 699 non
1591 647 1902 701 attendunt
1931 645 2068 718 quia

418 742 591 782 mons
623 727 746 798 ipse
780 732 930 783 terra
959 735 1066 785 est.
1101 731 1339 787 Terram
1373 737 1567 788 autem
1615 734 1835 790 scimus
1866 752 2067 806 corpu-

410 813 720 872 lentiorem
755 833 882 874 esse
915 835 1084 890 aqua.
1122 819 1226 874 Ubi
1262 837 1398 893 ergo
1429 827 1582 877 terra
1613 823 1845 895 gravior
1866 840 2064 880 ascen-

413 905 548 960 dere
581 906 788 976 potuit,
820 923 925 962 cur
956 925 1069 964 non
1105 906 1212 964 hoc
1243 908 1424 965 levior
1454 928 1606 983 aqua
1639 912 1940 983 potuerit?

1025 1057 1258 1115 CAPUT
1290 1059 1436 1115 VIII.

483 1176 644 1229 Vers.
682 1173 732 1227 1.
764 1172 1009 1229 Adduxit
1038 1177 1314 1245 spiritum.
1351 1176 1410 1231 Id
1445 1182 1532 1232 est
1562 1183 1822 1243 ventum,
1857 1178 1966 1245 vel,
2000 1185 2061 1234 ut

409 1262 652 1334 quidam
684 1261 906 1331 volunt,
943 1261 1272 1333 solem,sive
1294 1263 1580 1336 Spiritum
1600 1270 1871 1321 sanctum
1894 1267 2062 1322 debe-

410 1367 543 1406 mus
574 1352 835 1422 accipere
865 1352 937 1407 de
969 1369 1084 1424 quo
1114 1351 1171 1406 in
1205 1352 1490 1426 principio
1521 1355 1771 1410 dicitur:
1823 1355 2060 1427 Spiritus

403 1439 628 1496 Domini
653 1441 936 1510 ferebatur
963 1458 1129 1512 super
1158 1459 1353 1511 aquas.
1389 1443 1497 1509 Qui
1529 1443 1685 1497 enim
1744 1443 1801 1497 in
1846 1444 2054 1515 princi-

293 1603 298 1607 ι
405 1528 501 1601 pio
535 1529 829 1584 ferebatur
859 1547 1036 1602 super
1065 1538 1341 1602 aquas,ut
1372 1549 1470 1586 eas
1502 1531 1559 1586 in
1597 1549 1778 1587 unum
1813 1549 2055 1603 congre-

403 1624 587 1690 garet,
623 1623 687 1674 ut
717 1623 1022 1690 appareret
1052 1620 1236 1687 arida,
1270 1620 1396 1692 ipse
1429 1637 1584 1676 nunc
1615 1639 1724 1677 sua
1768 1627 1824 1677 et
1877 1622 2055 1678 totius

399 1706 703 1762 Trinitatis
732 1705 1028 1763 voluntate
1059 1708 1351 1764 adductus
1384 1714 1473 1764 est
1503 1727 1681 1781 super
1721 1714 1958 1778 terram,
1991 1715 2057 1766 ut

402 1813 435 1852 a
468 1796 805 1868 pervasione
835 1813 1120 1868 aquarum
1153 1797 1402 1868 eriperet
1427 1815 1581 1866 eam,
1616 1805 1674 1854 et
1713 1799 1798 1854 eis
1855 1799 2051 1872 pristi-

401 1901 537 1940 nam
570 1884 1068 1956 pulchritudinem
1101 1890 1157 1941 et
1189 1886 1544 1942 fertilitatem
1578 1888 1863 1943 redderet.

468 1991 634 2046 Vers.
671 1996 720 2045 8.
754 1993 951 2047 Emisit
979 2009 1202 2047 corvum
1232 2003 1283 2047 et
1305 1994 1614 2048 columbam
1638 1999 1759 2066 post
1779 2012 1920 2050 eum.
1956 1997 2052 2051 Se-

397 2080 703 2152 ptuaginta
731 2078 934 2135 dicunt
968 2082 1106 2152 quia
1137 2098 1350 2137 corvus
1385 2083 1662 2153 emissus,
1698 2101 1812 2138 non
1845 2089 1934 2139 est
1959 2101 2045 2139 re-

397 2183 600 2222 versus
628 2169 700 2221 ad
732 2183 946 2222 arcam.
980 2171 1095 2223 Aut
1143 2169 1300 2223 enim
1357 2170 1526 2240 aquis
1574 2171 1928 2242 interceptus
1959 2178 2050 2228 est

396 2259 456 2309 et
487 2260 749 2320 necatus,
785 2261 885 2309 aut
917 2257 1182 2311 cadaveri
1214 2258 1382 2328 aquis
1432 2259 1832 2329 super-natanti
1868 2261 2047 2315 inhre-

397 2344 496 2408 sit,
529 2347 587 2398 et
616 2348 850 2413 propter
882 2344 1081 2415 gulam
1117 2345 1306 2415 periit.
1330 2345 1529 2416 Neque
1560 2346 1715 2401 enim
1749 2352 1902 2402 terra
1921 2349 2044 2418 jam

397 2431 617 2486 siccata
647 2437 791 2500 erat,
825 2431 966 2502 quia
995 2433 1065 2486 de
1095 2431 1365 2486 columba
1386 2434 1600 2487 dicitur
1631 2435 1768 2504 quia
1787 2452 1910 2490 cum
1938 2452 2048 2490 non

392 2521 668 2574 inveniret
699 2521 797 2573 ubi
825 2525 1179 2590 requiesceret
1195 2537 1286 2591 pes
1301 2521 1760 2593 ejus.Allegorice
1791 2524 2046 2579 diximus

393 2607 667 2679 superius
697 2623 895 2662 arcam
933 2607 1246 2663 Ecclesiam
1279 2608 1608 2680 signiﬁcare
1661 2626 1787 2678 qua}
1821 2615 2041 2667 trecen-

390 2701 585 2752 torum
619 2695 949 2751 cubitorum
1013 2696 1124 2751 fuit
1179 2697 1584 2769 longitudinis,
1647 2698 1784 2768 quia
1841 2706 2042 2755 sancta

392 2784 649 2842 Ecclesia
681 2785 738 2839 in
773 2785 885 2839 ﬁde
921 2785 1233 2840 Dominicis
1263 2785 1452 2841 crucis
1487 2792 1545 2840 et
1593 2787 1882 2858 passionis
1925 2788 2038 2843 sal-

389 2879 575 2929 vatur.
610 2874 932 2947 Longitudo
954 2875 1109 2929 enim
1133 2879 1522 2930 trecentorum
1548 2875 1879 2931 cubitorum
1904 2894 2038 2950 pas-

391 2963 615 3018 sionem
647 2962 883 3018 Domini
917 2962 1228 3036 signiﬁcat.
1260 2962 1405 3018 Nam
1458 2969 1513 3019 et
1545 2964 1736 3020 littera
1768 2967 1876 3020 Tau
1908 2983 2035 3038 qua:

387 3051 546 3108 hunc
577 3051 848 3124 exprimit
906 3069 1239 3122 numerum,
1301 3053 1548 3124 ﬁguram
1609 3053 1784 3110 habet
1822 3055 2031 3110 crucis.

387 3141 654 3195 Latitudo
714 3139 1143 3212 quinquaginta
1199 3141 1529 3196 cubitorum
1588 3143 2034 3198 resurrectionis

386 3228 602 3284 Christi
635 3209 1179 3302 gloriam—designat
1208 3246 1333 3301 quae
1394 3231 1886 3303 quinquagesima
1939 3232 2031 3286 die
2063 3209 2105 3274 (ἶ

389 3318 753 3374 Pentecostes
784 3335 886 3390 per
915 3318 1210 3390 apostolos
1241 3319 1552 3390 praedicata
1581 3325 1688 3389 est,
1731 3321 1900 3391 cujus
1931 3337 2032 3392 spe

389 3405 674 3462 dilatatur
703 3406 980 3462 Ecclesia.
1014 3406 1278 3462 Altitudo
1323 3423 1454 3462 vero
1513 3407 1754 3479 triginta
1804 3409 2032 3462 cubito—

389 3511 524 3551 rum
559 3494 848 3568 signiﬁcat
877 3495 1143 3550 eamdem
1175 3494 1490 3550 Ecclesiam
1524 3511 1626 3566 per
1673 3499 1791 3549 tres
1827 3495 2033 3549 mundi

389 3589 588 3656 partes
619 3583 1000 3654 dilatandam,
1035 3583 1312 3651 Africam,
1344 3583 1563 3649 Asiam,
1597 3583 2034 3654 Europam.De-

390 3673 594 3728 narius
626 3674 781 3728 enim
818 3678 904 3728 ter
955 3674 1167 3728 ductus
1216 3673 1273 3727 in
1321 3673 1688 3743 trigesimum
1721 3689 2033 3727 numerum

389 3761 713 3834 consurgit.
747 3761 876 3816 Haec
908 3760 1160 3816 Ecclesia
1190 3761 1446 3816 continet
1475 3761 1691 3833 pariter
1719 3778 1957 3817 corvum
1980 3766 2037 3817 et

387 3849 746 3918 columbam,
780 3850 888 3906 hoc
915 3850 1216 3918 est,honos
1247 3853 1300 3904 et
1333 3849 1541 3905 malos.
1577 3850 1686 3905 Sed
1721 3867 1926 3906 corvus
1965 3851 2035 3905 de

388 3955 525 3994 arca
554 3939 808 3995 emissus
867 3956 983 3994 non
1035 3939 1365 4004 revertitur,
1426 3939 1562 4009 quia
1619 3939 1847 4011 reprobi
1903 3939 2038 3994 licet

387 4027 615 4099 gremio
645 4027 912 4082 Ecclesiae
944 4044 1048 4099 per
1078 4028 1254 4082 ﬁdem
1287 4028 1917 4095 contineantur,tamen
1943 4045 2038 4083 cu-

387 4115 737 4188 piditatibus
767 4119 823 4171 et
851 4115 1141 4171 illecebris
1172 4114 1366 4171 saeculi
1426 4116 1835 4172 inhaererentes
1875 4135 2035 4189 pere-

388 4204 809 4260 unt.Coiumba
839 4221 970 4260 vero
1005 4205 1233 4260 rediens
1263 4205 1334 4259 ad
1361 4221 1550 4260 arcam
1586 4210 1776 4276 portat
1805 4223 2037 4260 ramum

389 4293 558 4350 oliva:
583 4294 908 4349 virentibus
939 4292 1092 4349 foliis
1123 4294 1181 4347 in
1214 4310 1310 4348 ore
1339 4311 1464 4358 suo,
1495 4296 1632 4366 quia
1677 4294 1863 4349 sancti
1896 4295 2035 4350 sim-

387 4382 650 4456 plicitate
679 4383 1001 4454 gaudentes
1032 4398 1242 4437 manus
1277 4381 1435 4453 pacis
1467 4382 1523 4437 iu
1570 4399 1667 4438 ore
1699 4388 1950 4454 portant,
1984 4388 2040 4438 et

390 4489 528 4527 cum
561 4471 872 4528 Psalmista
896 4471 1098 4527 dicunt
1123 4489 1135 4526 :
1176 4471 1309 4526 Cum
1339 4473 1426 4526 his
1456 4474 1554 4543 qui
1596 4471 1827 4526 oderunt
1851 4489 2040 4543 pacem

389 4577 548 4616 eram
575 4562 838 4633 paciﬁcus
868 4561 1038 4632 (Psat.
1073 4577 1223 4628 cxrx,
1251 4560 1328 4630 '7).

465 4671 628 4722 Vers.
666 4669 754 4722 14.
786 4667 960 4723 Mense
990 4667 1242 4724 secundo.
1281 4668 1340 4722 Id
1373 4671 1460 4722 est
1489 4667 1656 4722 Maio.
1692 4669 1930 4739 Septima
1987 4676 2039 4723 et

386 4757 648 4813 vicesima
671 4757 757 4812 die
784 4757 1355 4813 mensis.Intueamur
1385 4755 1724 4828 diligentius
1769 4757 1921 4811 hunc
1954 4756 2035 4812 lo-

389 4861 549 4901 cum.
584 4845 850 4902 Diximus
883 4844 1152 4917 superius
1176 4844 1292 4899 Noe
1325 4861 1542 4898 annum
1566 4845 1767 4899 fecisse
1791 4845 1849 4898 in
1882 4861 2035 4909 arca,

387 4935 589 5007 etipsa
604 4935 698 4989 die
720 4952 836 5007 qua
859 4935 1162 5006 ingressus
1184 4937 1584 5005 estegressum
1611 4933 2040 5006 fuisse.lngres-

389 5041 502 5088 sus
527 5028 724 5080 autem
756 5023 1006 5095 septima
1037 5021 1262 5078 decima
1321 5021 1412 5077 die
1478 5021 1698 5077 mensis
1745 5023 1987 5077 secundi
2022 5037 2036 5078 :

390 5128 549 5167 nunc
562 5112 703 5167 dicit
732 5111 871 5182 quia
893 5127 1168 5183 egressus
1191 5113 1280 5165 est
1305 5110 1558 5182 septima
1574 5116 1627 5166 et
1653 5110 1926 5165 vicesima
1947 5111 2039 5167 die

389 5201 615 5256 mensis
645 5200 1053 5271 ejusdem.Sed
1087 5200 1390 5255 sciendum
1415 5199 1658 5270 estquia
1689 5198 1738 5252 si
1771 5201 2037 5272 praesenti

391 5288 507 5344 diei
539 5289 720 5344 addas
755 5289 1047 5355 undecim,
1075 5287 1266 5360 qualis
1298 5288 1469 5343 hodie
1500 5287 1641 5342 luna
1669 5293 1758 5342 est
1787 5287 1918 5344 talis
1952 5295 2042 5345 est

388 5383 528 5450 post
559 5396 780 5434 annum
799 5377 1060 5450 ipsadie.
1077 5382 1220 5450 Ergo
1235 5376 1469 5448 quando
1493 5380 1610 5431 Noe
1634 5377 1932 5448 ingressus
1955 5383 2042 5434 est

392 5466 624 5523 decima
658 5468 908 5539 septima
939 5467 1098 5537 luna,
1123 5465 1348 5521 decima
1379 5465 1626 5535 septima
1657 5465 1780 5519 dies
1813 5467 1920 5521 fuit
1947 5483 2039 5522 se-

392 5557 573 5612 cundi
607 5557 849 5628 mensis,
882 5562 940 5613 et
971 5557 1100 5611 ideo
1132 5559 1262 5627 post
1297 5570 1516 5607 annum
1567 5553 1780 5609 additis
1817 5556 1900 5623 l1,
1934 5557 2043 5612 fuit

388 5645 674 5706 vicesima
703 5647 954 5722 septima
985 5645 1137 5718 dies,
1170 5642 1258 5700 vel
1284 5641 1563 5702 vicesima
1591 5643 1842 5720 septima
1877 5645 2043 5708 luna.

1555 333 2180 396 COMMENTARIUS
2226 337 2302 396 IN
2351 338 2715 400 GENESIM.

421 459 734 533 Olympum
766 465 1045 530 montem,
1080 464 1250 534 cujus
1308 469 1472 521 tanta
1528 466 1776 522 altitudo
1810 472 1872 522 ut
1921 467 2065 523 nulli
2095 476 2147 539 Α
2251 470 2413 526 Vers.
2472 472 2565 526 2‘2.

3746 349 3826 408 78

2633 474 2752 528 Non
2800 477 3164 546 requiescant.
3235 479 3348 534 Sed
3411 478 3663 534 servient
3720 479 3823 534 ho-

2181 560 2346 614 mini.

2814 672 3050 728 CAPUT
3089 673 3180 728 IX.

2245 772 2408 828 Vers.
2444 775 2496 828 2.
2535 776 2726 829 Terror
2755 781 2930 832 vester
2958 783 3010 832 et
3041 783 3397 835 [νέηται-,ΝΜ
3429 779 3654 835 homini
3687 796 3826 851 prae-

2175 861 2534 932 posuitDeus
2560 862 2857 919 hominem
2883 867 2982 920 sed
3019 867 3645 938 animantibus.Neque
3665 868 3821 923 enim

2173 949 2346 1003 dixit:
2381 950 2571 1004 Terror
2598 961 2778 1006 vester
2808 956 2882 1008 sit
2909 971 3076 1025 super
3115 957 3378 1026 homines,
3411 957 3513 1012 sed
3567 972 3733 1028 super
3759 973 3821 1011 a-

2170 1040 2446 1092 nimantia
2476 1043 2636 1094 terrae
2665 1058 2678 1095 :
2713 1046 2888 1111 atque
2916 1044 3066 1110 ideo,
3104 1051 3166 1098 ut
3216 1046 3278 1100 B.
3310 1045 3626 1116 Gregorius
3655 1045 3816 1113 dicit,

2173 1142 2351 1196 supra
2382 1131 2619 1182 modum
2653 1131 2955 1200 superbire
2974 1137 3062 1186 est
3092 1133 3164 1186 ab
3195 1134 3400 1204 aequali
3432 1133 3576 1189 velle
3603 1134 3814 1191 timeri.

2170 1215 2386 1270 Omnes
2419 1215 2688 1273 homines
2720 1225 2932 1273 natura
2962 1222 3167 1291 genuit
3197 1222 3474 1293 aequales,
3508 1223 3605 1278 sed
3641 1224 3814 1278 meri-

2168 1308 2360 1359 torum
2393 1305 2675 1361 distantia
2698 1308 2860 1377 justo
2893 1308 2991 1363 Dei
3015 1310 3263 1379 judicio,
3287 1312 3385 1366 sed
3417 1311 3814 1377 occulto,alios

2168 1391 2298 1448 aliis
2329 1394 2597 1463 subjecit.
2648 1397 2843 1450 Omnes
2897 1400 3072 1468 pisces
3128 1402 3326 1454 manui
3379 1409 3564 1455 vestrae
3619 1401 3814 1456 traditi

2165 1485 2312 1534 sunt.
2346 1481 2403 1534 Id
2438 1488 2544 1546 est,
2582 1484 2886 1553 potestati:
2921 1486 2982 1538 Et
3013 1502 3174 1540 omne
3230 1487 3369 1553 quod
3425 1491 3672 1542 movetur
3707 1491 3811 1543 erit

2167 1569 2315 1624 vobis
2346 1571 2406 1622 in
2435 1570 2637 1624 cibum.
2673 1572 2807 1626 Post
2837 1571 3123 1628 diluvium
3157 1590 3293 1630 esus
3351 1573 3675 1646 permissus
3723 1581 3813 1632 est

2166 1658 2454 1712 carnium.
2489 1662 2666 1714 Antea
2705 1660 2860 1715 enim
2893 1663 3083 1731 pomis
3113 1667 3171 1718 et
3217 1662 3472 1719 oleribus
3502 1664 3812 1719 vesceban-

2165 1750 2280 1801 tur.
2312 1747 2422 1802 Sed
2454 1749 2592 1818 quia
2623 1749 2682 1803 in
2715 1748 2925 1804 diluvis
2957 1755 3111 1805 terra
3139 1751 3413 1807 virtutem
3459 1769 3577 1807 suas
3607 1752 3813 1808 fertili-

2085 1846 2129 1909 B
2163 1834 2300 1890 tatis
2329 1835 2626 1903 amiserat,
2662 1837 2788 1891 ideo
2820 1837 2973 1892 Deus
3015 1839 3328 1894 consulens
3380 1840 3650 1896 humana:
3699 1841 3812 1896 fra-

2161 1923 2370 1994 gilitati
2404 1926 2671 1996 permisit
2701 1925 2921 1980 homini
2958 1929 3112 1982 vesci
3145 1929 3439 1984 carnibus.

2233 2013 2389 2068 Vers.
2422 2015 2474 2067 4.
2507 2015 2736 2084 Excepto
2765 2016 2907 2086 quod
2936 2018 3264 2087 sanguinem
3318 2035 3446 2072 cum
3491 2035 3656 2074 came
3696 2036 3804 2075 non

2156 2103 2465 2158 comedetis.
2498 2103 2563 2157 Et
2596 2103 2686 2158 hic
2717 2110 2773 2158 et
2831 2106 2887 2160 in
2937 2103 3062 2176 lege
3113 2105 3293 2178 Moysi
3330 2123 3468 2162 esus
3498 2107 3806 2179 sanguinis

2158 2189 2518 2259 prohibetur.
2556 2192 2616 2246 In
2649 2191 2891 2247 Actibus
2922 2209 3160 2264 quoque
3183 2194 3580 2265 apostolorum
3614 2196 3806 2266 prohi-
3913 2243 3918 2249 .

2158 2277 2288 2332 bitas
2321 2285 2458 2333 sunt
2489 2286 2690 2350 gentes
2739 2299 2773 2334 a
2828 2284 3212 2350 fornicatione,
3269 2291 3321 2338 et
3373 2284 3696 2354 immolatis,
3751 2294 3805 2339 et

2158 2367 2437 2436 su/I'ocato,
2473 2376 2522 2422 et
2549 2370 2819 2438 sanguine
2876 2369 3016 2438 (Act.
3050 2387 3141 2440 xv,
3172 2370 3302 2440 30):
3361 2371 3498 2441 quia
3536 2371 3803 2427 videlicet

2157 2457 2322 2509 sedes
2359 2456 2569 2510 animae
2600 2457 2656 2510 in
2690 2458 2975 2528 sanguine
3006 2463 3114 2523 est,
3151 2458 3279 2514 ideo
3327 2459 3632 2529 sanguinis
3664 2477 3800 2532 pro-

2155 2541 2388 2597 hibetur
2416 2545 2716 2599 comestio.

2227 2631 2382 2685 Vers.
2415 2632 2468 2685 5.
2502 2633 2838 2700 Sanguinem
2868 2635 2934 2688 de
2961 2651 3132 2690 manu
3161 2636 3462 2692 bestiarum
3491 2640 3796 2709 requiram.

2149 2722 2397 2774 Bestiam
2423 2727 2590 2775 vocat
2620 2722 2884 2778 crudeles
2918 2723 3186 2779 homines
3216 2729 3274 2779 et
3303 2727 3475 2780 feros.
3517 2727 3594 2781 De
3624 2743 3795 2782 manu

2149 2809 2259 2862 viri
2285 2817 2340 2863 et
2368 2811 2564 2879 fratris
2591 2811 2728 2878 eius.
2750 2814 2999 2866 Fratrem
3028 2820 3198 2868 vocat
3228 2829 3462 2869 omnem
3494 2813 3795 2870 hominem

2147 2896 2410 2966 eiusdem
2444 2905 2770 2953 consortem
2804 2905 3044 2954 naturae.

2217 2984 2378 3040 Vers.
2415 2987 2500 3040 13.
2534 2989 2732 3042 Arcum
2759 3005 2942 3042 meum
2966 3005 3188 3060 ponam.
3224 2991 3392 3045 Arcus
3441 2991 3588 3045 duos
3621 2991 3796 3047 habet

2145 3073 2388 3140 colores,
2417 3091 2485 3130 ex
2543 3081 2704 3146 parte
2756 3077 3066 3132 caeruleum
3117 3084 3174 3134 et
3218 3096 3286 3133 ex
3317 3084 3478 3150 parte
3510 3080 3790 3152 igneum;

2146 3179 2249 3234 per
2279 3162 2387 3218 hoc
2428 3164 2812 3235 designantur
2871 3167 2986 3221 duo
3044 3166 3308 3223 diluvia:
3363 3185 3546 3223 unum
3602 3186 3789 3241 aquae,

2143 3253 2296 3322 quod
2315 3253 2438 3320 jam
2473 3254 2767 3324 prateiiit,
2800 3253 2955 3309 aliud
2990 3256 3326 3327 ignis,quod
3357 3257 3418 3311 in
3449 3259 3562 3313 ﬁne
3593 3257 3791 3312 saeculi

2143 3345 2450 3395 venturum
2484 3342 2760 3397 creditur.
2797 3342 2958 3398 Unde
2993 3343 3278 3398 caeruleus
3310 3344 3467 3400 color
3495 3347 3786 3401 extrinse-

2143 3445 2246 3482 cus
2276 3429 2552 3494 cernitur,
2587 3431 2795 3500 igneus
2827 3448 2958 3486 vero
2993 3431 3364 3488 intrinsecus.
3423 3433 3662 3505 Mystice
3692 3451 3784 3490 ar-

2144 3532 2268 3579 cus,
2301 3516 2398 3586 qui
2433 3517 2495 3570 ﬁt
2525 3517 2644 3572 sole
2677 3519 2828 3574 nube
2859 3519 3174 3588 illustrata,
3235 3521 3527 3593 signiﬁcat
3575 3539 3709 3578 eum
3751 3541 3786 3579 a

2145 3603 2382 3669 diluvio,
2413 3604 2470 3657 id
2502 3609 2608 3670 est,
2643 3607 2714 3660 ab
2745 3612 2959 3662 aeterna
2976 3609 3355 3665 damnatione
3382 3628 3552 3681 posse
3573 3610 3786 3666 salvari

2145 3692 2245 3764 qui
2274 3709 2473 3747 verum
2500 3692 2683 3748 solem
2716 3693 3012 3749 Christum
3057 3697 3209 3750 nube
3263 3699 3646 3768 conspexerit,
3678 3699 3788 3754 hoc

2147 3785 2251 3848 est,
2286 3781 2384 3853 qui
2417 3783 2546 3852 ejus
2580 3783 2913 3854 passionem
2947 3789 3002 3838 et
3034 3783 3519 3840 resurrectionem
3541 3803 3644 3856 per
3665 3803 3791 3856 pro-

2145 3870 2350 3944 phetas
2382 3871 2718 3943 praedictam
2752 3871 3089 3928 crediderit.

2213 3960 2377 4014 Vers.
2418 3961 2500 4014 18.
2535 3961 2708 4016 Erant
2737 3963 2910 4033 igitur
2940 3969 3050 4018 tres
3080 3963 3191 4033 ﬁlii
3220 3967 3332 4019 Noe
3359 3961 3502 4030 Sem,
3539 3963 3710 4020 Cham
3740 3971 3792 4020 et

2144 4048 2398 4120 Japheth.
2432 4055 2561 4104 Sem
2597 4051 3015 4123 interpretatur
3067 4068 3260 4107 nomen
3311 4051 3398 4107 vel
3455 4055 3792 4120 nominatus,

2146 4137 2327 4192 Cham
2359 4138 2612 4205 callidus,
2645 4139 2896 4211 Japhcth
2962 4141 3216 4195 latitudo.
3276 4139 3518 4213 Mystice
3571 4145 3700 4197 Sem
3739 4146 3796 4197 et

2145 4226 2394 4298 Japheth
2430 4227 2764 4299 signiﬁcant
2795 4229 3000 4285 ﬁdeles
3060 4247 3127 4285 ex
3187 4235 3432 4301 utroque
3490 4230 3704 4302 populo
3736 4231 3794 4285 in

2148 4314 2441 4370 Christum
2490 4317 2810 4372 credentes.
2871 4319 3052 4373 Cham
3112 4336 3242 4374 vero
3300 4318 3599 4373 haereticos
3639 4318 3794 4373 desi—

2149 4408 2308 4474 gnat,
2343 4404 2494 4458 unde
2526 4410 2581 4458 et
2611 4405 2756 4460 bene
2788 4405 3028 4461 callidus
3062 4407 3492 4477 interpretatur.
3529 4405 3793 4461 Haeretici

2149 4491 2304 4547 enim
2337 4491 2529 4546 callidi
2564 4499 2722 4558 sunt,
2747 4511 2860 4549 non
2894 4494 3202 4564 sapientia,
3237 4494 3337 4548 sed
3371 4493 3595 4549 malitia
3620 4512 3632 4549 :
3657 4495 3797 4565 quia

2072 4570 2116 4633 D
2149 4579 2447 4652 simplices
2479 4579 2535 4633 in
2579 4580 2836 4636 Ecclesia
2895 4582 3159 4652 decipere
3211 4585 3500 4651 quaerunt.
3558 4581 3795 4654 Mystice

2149 4669 2264 4724 Noe
2295 4669 2394 4740 qui
2427 4671 2640 4740 requies
2674 4669 3086 4741 interpretatus
3146 4669 3440 4725 Christum
3503 4669 3796 4743 signiﬁcat

2150 4757 2248 4829 qui
2304 4757 2608 4812 inebriatus
2666 4765 2744 4812 est
2805 4757 2982 4813 calice
3033 4758 3345 4831 passionis.
3401 4758 3650 4816 Nudatus
3696 4766 3797 4826 est,

2163 4847 2299 4918 quia
2357 4851 2495 4901 tunc
2543 4847 2914 4901 manifestata
2945 4852 3032 4901 est
3065 4848 3375 4903 inﬁrmitas
3425 4847 3800 4903 mortalitatis

2149 4936 2299 5005 ejus,
2332 4940 2408 5000 et,
2441 4939 2503 4988 ut
2531 4935 2812 5006 prOphcta
2848 4936 3212 5006 prmdixerat,
3248 4937 3326 4991 ibi
3353 4936 3679 4991 abscondita
3722 4938 3797 4990 est

2146 5023 2416 5094 fortitudo
2446 5025 2561 5094 ejus
2595 5025 2824 5094 (Habac.
2862 5042 2943 5093 ιιι,
2981 5026 3055 5096 fi.)

2219 5112 2382 5166 Vers.
2415 5113 2501 5165 21.
2533 5115 2595 5166 Et
2628 5113 2683 5166 in
2745 5113 3100 5169 tabernaculo
3158 5129 3258 5168 suo
3313 5111 3552 5168 nudatus
3603 5119 3700 5167 est.
3737 5111 3797 5166 Id

2151 5205 2237 5256 est
2271 5200 2325 5254 in
2361 5199 2525 5271 plebe
2555 5201 2820 5268 Judaica,
2857 5202 3004 5256 inter
3034 5200 3385 5255 domesticos
3415 5200 3648 5272 generis
3681 5199 3797 5255 sui.

2150 5289 2329 5345 Cham
2365 5289 2520 5343 ﬁlius
2553 5291 2700 5360 ejus,
2737 5289 2838 5360 qui
2893 5290 3216 5344 nuditatem
3278 5289 3464 5361 patris
3523 5288 3801 5344 fratribus

2153 5377 2699 5443 nuntiavit,Judmos
2729 5378 2998 5448 designat
3032 5378 3362 5450 passionem
3386 5376 3598 5434 Christi
3621 5375 3791 5448 longe

2153 5474 2286 5522 ante
2317 5467 2374 5521 in
2408 5466 2704 5538 prophetis
2735 5464 2991 5538 legentes
3018 5468 3116 5538 qui
3155 5468 3500 5522 nuntiabant
3517 5468 3795 5520 futuram.

2152 5557 2260 5612 Sed
2293 5555 2402 5610 hoc
2421 5555 2575 5625 quod
2597 5554 2694 5607 diu
2717 5556 3259 5626 przenuntiaverunt
3275 5556 3582 5626 impletum
3604 5553 3801 5609 viden-

2149 5650 2237 5707 tes
2285 5644 2549 5706 deridere
2579 5642 2774 5718 potiu
2802 5658 2980 5716 quam
3006 5646 3239 5704 credere
3271 5643 3621 5702 maluerunt.
3665 5642 3799 5702 Sem
