  <div class='ocr_page' id='page_1' title='image "/cluster/home/n/w/nwhite01/storage/ocr_20150623/131/hvd.32044054759923/047.png"; bbox 0 0 4040 6208; ppageno 0'>
   <div class='ocr_carea' id='block_1_1' title="bbox 276 317 3678 383">
    <p class='ocr_par' dir='ltr' id='par_1_1' title="bbox 276 317 3678 383">
     <span class='ocr_line' id='line_1_1' title="bbox 276 317 3678 383; baseline -0.001 -3"><span class='ocrx_word' id='word_1_1' title='bbox 276 319 356 380; x_wconf 80' lang='lat'>79</span> <span class='ocrx_word' id='word_1_2' title='bbox 833 319 1140 383; x_wconf 80' lang='lat' dir='ltr'>REMIGII</span> <span class='ocrx_word' id='word_1_3' title='bbox 1183 320 1929 383; x_wconf 80' lang='lat' dir='ltr'>ANTISSIODORENSIS</span> <span class='ocrx_word' id='word_1_4' title='bbox 1974 320 2144 382; x_wconf 88' lang='lat' dir='ltr'>OPP.</span> <span class='ocrx_word' id='word_1_5' title='bbox 2195 322 2417 382; x_wconf 83' lang='lat' dir='ltr'>PARS.</span> <span class='ocrx_word' id='word_1_6' title='bbox 2466 321 2513 381; x_wconf 92' lang='grc' dir='ltr'><strong>Ῑ.</strong></span> <span class='ocrx_word' id='word_1_7' title='bbox 2547 353 2624 364; x_wconf 90' lang='lat'>—-</span> <span class='ocrx_word' id='word_1_8' title='bbox 2654 317 3117 380; x_wconf 86' lang='lat' dir='ltr'>EXEGETICA.</span> <span class='ocrx_word' id='word_1_9' title='bbox 3596 317 3678 378; x_wconf 80' lang='grc'>80</span> 
     </span>
    </p>
   </div>
   <div class='ocr_carea' id='block_1_2' title="bbox 276 447 3680 526">
    <p class='ocr_par' dir='ltr' id='par_1_2' title="bbox 276 447 3680 526">
     <span class='ocr_line' id='line_1_2' title="bbox 276 447 3680 526; baseline -0.001 -18"><span class='ocrx_word' id='word_1_10' title='bbox 276 469 410 508; x_wconf 88' lang='lat' dir='ltr'>vero</span> <span class='ocrx_word' id='word_1_11' title='bbox 441 453 865 526; x_wconf 90' lang='lat' dir='ltr'>primogenitus</span> <span class='ocrx_word' id='word_1_12' title='bbox 896 457 953 509; x_wconf 92' lang='lat' dir='ltr'>et</span> <span class='ocrx_word' id='word_1_13' title='bbox 977 452 1228 526; x_wconf 85' lang='lat' dir='ltr'>Japheth</span> <span class='ocrx_word' id='word_1_14' title='bbox 1261 453 1546 508; x_wconf 92' lang='lat' dir='ltr'>minimus</span> <span class='ocrx_word' id='word_1_15' title='bbox 1584 453 1923 526; x_wconf 81' lang='lat' dir='ltr'>significant</span> <span class='ocrx_word' id='word_1_16' title='bbox 1951 456 2005 521; x_wconf 84' lang='grc' dir='ltr'><strong>Α</strong></span> <span class='ocrx_word' id='word_1_17' title='bbox 2037 453 2355 525; x_wconf 85' lang='lat' dir='ltr'>prolepsin,</span> <span class='ocrx_word' id='word_1_18' title='bbox 2386 453 2445 508; x_wconf 91' lang='lat' dir='ltr'>id</span> <span class='ocrx_word' id='word_1_19' title='bbox 2476 456 2565 508; x_wconf 90' lang='lat' dir='ltr'>est</span> <span class='ocrx_word' id='word_1_20' title='bbox 2611 469 2716 524; x_wconf 91' lang='lat' dir='ltr'>per</span> <span class='ocrx_word' id='word_1_21' title='bbox 2765 450 3324 524; x_wconf 65' lang='lat' dir='ltr'>praoccupationem</span> <span class='ocrx_word' id='word_1_22' title='bbox 3383 447 3680 521; x_wconf 85' lang='lat' dir='ltr'>accipien-</span> 
     </span>
    </p>
   </div>
   <div class='ocr_carea' id='block_1_3' title="bbox 278 541 1919 615">
    <p class='ocr_par' dir='ltr' id='par_1_3' title="bbox 278 541 1919 615">
     <span class='ocr_line' id='line_1_3' title="bbox 278 541 1919 615; baseline 0 -17"><span class='ocrx_word' id='word_1_23' title='bbox 278 559 377 598; x_wconf 92' lang='lat' dir='ltr'>eos</span> <span class='ocrx_word' id='word_1_24' title='bbox 407 541 507 615; x_wconf 89' lang='lat' dir='ltr'>qui</span> <span class='ocrx_word' id='word_1_25' title='bbox 539 541 597 597; x_wconf 88' lang='lat' dir='ltr'>in</span> <span class='ocrx_word' id='word_1_26' title='bbox 646 542 943 614; x_wconf 87' lang='lat' dir='ltr'>primitiva</span> <span class='ocrx_word' id='word_1_27' title='bbox 999 541 1252 597; x_wconf 84' lang='lat' dir='ltr'>Ecclesia</span> <span class='ocrx_word' id='word_1_28' title='bbox 1307 543 1563 609; x_wconf 89' lang='lat' dir='ltr'>fuerunt,</span> <span class='ocrx_word' id='word_1_29' title='bbox 1625 542 1919 615; x_wconf 83' lang='lat' dir='ltr'>apostolos</span> 
     </span>
    </p>
   </div>
   <div class='ocr_carea' id='block_1_4' title="bbox 273 629 1917 704">
    <p class='ocr_par' dir='ltr' id='par_1_4' title="bbox 273 629 1917 704">
     <span class='ocr_line' id='line_1_4' title="bbox 273 629 1917 704; baseline 0.001 -19"><span class='ocrx_word' id='word_1_30' title='bbox 273 629 543 687; x_wconf 91' lang='lat' dir='ltr'>videlicet</span> <span class='ocrx_word' id='word_1_31' title='bbox 570 634 625 688; x_wconf 88' lang='lat' dir='ltr'>et</span> <span class='ocrx_word' id='word_1_32' title='bbox 657 647 754 688; x_wconf 91' lang='lat' dir='ltr'>eos</span> <span class='ocrx_word' id='word_1_33' title='bbox 777 633 876 703; x_wconf 88' lang='lat' dir='ltr'>qui</span> <span class='ocrx_word' id='word_1_34' title='bbox 906 647 974 686; x_wconf 82' lang='lat' dir='ltr'>ex</span> <span class='ocrx_word' id='word_1_35' title='bbox 991 631 1264 704; x_wconf 83' lang='lat' dir='ltr'>gentibus</span> <span class='ocrx_word' id='word_1_36' title='bbox 1284 631 1917 688; x_wconf 87' lang='lat' dir='ltr'>crediderunt.Medius</span> 
     </span>
    </p>
   </div>
   <div class='ocr_carea' id='block_1_5' title="bbox 275 719 1918 793">
    <p class='ocr_par' dir='ltr' id='par_1_5' title="bbox 275 719 1918 793">
     <span class='ocr_line' id='line_1_5' title="bbox 275 719 1918 793; baseline 0 -17"><span class='ocrx_word' id='word_1_37' title='bbox 275 719 457 776; x_wconf 87' lang='lat' dir='ltr'>Cham</span> <span class='ocrx_word' id='word_1_38' title='bbox 487 719 722 776; x_wconf 73' lang='lat' dir='ltr'>Judaaos</span> <span class='ocrx_word' id='word_1_39' title='bbox 754 719 1045 793; x_wconf 83' lang='lat' dir='ltr'>signiﬁcat</span> <span class='ocrx_word' id='word_1_40' title='bbox 1074 721 1308 792; x_wconf 87' lang='lat' dir='ltr'>qui,nec</span> <span class='ocrx_word' id='word_1_41' title='bbox 1342 721 1600 792; x_wconf 89' lang='lat' dir='ltr'>primum</span> <span class='ocrx_word' id='word_1_42' title='bbox 1624 737 1757 776; x_wconf 91' lang='lat' dir='ltr'>cum</span> <span class='ocrx_word' id='word_1_43' title='bbox 1781 737 1918 792; x_wconf 89' lang='lat' dir='ltr'>apo-</span> 
     </span>
    </p>
   </div>
   <div class='ocr_carea' id='block_1_6' title="bbox 275 807 1920 881">
    <p class='ocr_par' dir='ltr' id='par_1_6' title="bbox 275 807 1920 881">
     <span class='ocr_line' id='line_1_6' title="bbox 275 807 1920 881; baseline 0 -17"><span class='ocrx_word' id='word_1_44' title='bbox 275 807 466 877; x_wconf 82' lang='lat' dir='ltr'>stolis,</span> <span class='ocrx_word' id='word_1_45' title='bbox 499 825 604 864; x_wconf 90' lang='lat' dir='ltr'>nec</span> <span class='ocrx_word' id='word_1_46' title='bbox 634 813 836 880; x_wconf 87' lang='lat' dir='ltr'>postea</span> <span class='ocrx_word' id='word_1_47' title='bbox 864 809 1137 881; x_wconf 78' lang='lat' dir='ltr'>gentibus</span> <span class='ocrx_word' id='word_1_48' title='bbox 1170 809 1343 864; x_wconf 85' lang='lat' dir='ltr'>ﬁdem</span> <span class='ocrx_word' id='word_1_49' title='bbox 1377 809 1608 864; x_wconf 87' lang='lat' dir='ltr'>Domini</span> <span class='ocrx_word' id='word_1_50' title='bbox 1669 809 1920 880; x_wconf 81' lang='lat' dir='ltr'>recipere</span> 
     </span>
    </p>
   </div>
   <div class='ocr_carea' id='block_1_7' title="bbox 273 896 1920 970">
    <p class='ocr_par' dir='ltr' id='par_1_7' title="bbox 273 896 1920 970">
     <span class='ocr_line' id='line_1_7' title="bbox 273 896 1920 970; baseline -0.001 -18"><span class='ocrx_word' id='word_1_51' title='bbox 273 896 602 953; x_wconf 85' lang='lat' dir='ltr'>voluerunt.</span> <span class='ocrx_word' id='word_1_52' title='bbox 635 898 769 954; x_wconf 91' lang='lat' dir='ltr'>Sem</span> <span class='ocrx_word' id='word_1_53' title='bbox 798 913 931 954; x_wconf 90' lang='lat' dir='ltr'>vero</span> <span class='ocrx_word' id='word_1_54' title='bbox 962 903 1018 953; x_wconf 90' lang='lat' dir='ltr'>et</span> <span class='ocrx_word' id='word_1_55' title='bbox 1068 898 1319 970; x_wconf 90' lang='lat' dir='ltr'>Japheth</span> <span class='ocrx_word' id='word_1_56' title='bbox 1382 899 1704 954; x_wconf 81' lang='lat' dir='ltr'>nuditatem</span> <span class='ocrx_word' id='word_1_57' title='bbox 1739 897 1920 970; x_wconf 82' lang='lat' dir='ltr'>patris</span> 
     </span>
    </p>
   </div>
   <div class='ocr_carea' id='block_1_8' title="bbox 277 985 1919 1058">
    <p class='ocr_par' dir='ltr' id='par_1_8' title="bbox 277 985 1919 1058">
     <span class='ocr_line' id='line_1_8' title="bbox 277 985 1919 1058; baseline -0.001 -16"><span class='ocrx_word' id='word_1_58' title='bbox 277 985 389 1042; x_wconf 81' lang='lat' dir='ltr'>sibi</span> <span class='ocrx_word' id='word_1_59' title='bbox 421 987 746 1041; x_wconf 82' lang='lat' dir='ltr'>nuntiatam</span> <span class='ocrx_word' id='word_1_60' title='bbox 779 986 980 1042; x_wconf 90' lang='lat' dir='ltr'>audire</span> <span class='ocrx_word' id='word_1_61' title='bbox 1012 985 1348 1056; x_wconf 90' lang='lat' dir='ltr'>noluerunt,</span> <span class='ocrx_word' id='word_1_62' title='bbox 1406 987 1505 1042; x_wconf 92' lang='lat' dir='ltr'>sed</span> <span class='ocrx_word' id='word_1_63' title='bbox 1559 986 1734 1058; x_wconf 91' lang='lat' dir='ltr'>pallio</span> <span class='ocrx_word' id='word_1_64' title='bbox 1781 1003 1919 1058; x_wconf 89' lang='lat' dir='ltr'>ope-</span> 
     </span>
    </p>
   </div>
   <div class='ocr_carea' id='block_1_9' title="bbox 275 1073 1915 1147">
    <p class='ocr_par' dir='ltr' id='par_1_9' title="bbox 275 1073 1915 1147">
     <span class='ocr_line' id='line_1_9' title="bbox 275 1073 1915 1147; baseline -0.001 -18"><span class='ocrx_word' id='word_1_65' title='bbox 275 1079 557 1131; x_wconf 83' lang='lat' dir='ltr'>ruerunt:</span> <span class='ocrx_word' id='word_1_66' title='bbox 591 1075 731 1146; x_wconf 90' lang='lat' dir='ltr'>quia</span> <span class='ocrx_word' id='word_1_67' title='bbox 789 1074 990 1130; x_wconf 86' lang='lat' dir='ltr'>lideles</span> <span class='ocrx_word' id='word_1_68' title='bbox 1050 1074 1324 1147; x_wconf 86' lang='lat' dir='ltr'>mysteria</span> <span class='ocrx_word' id='word_1_69' title='bbox 1372 1074 1664 1146; x_wconf 86' lang='lat' dir='ltr'>passionis</span> <span class='ocrx_word' id='word_1_70' title='bbox 1699 1073 1915 1130; x_wconf 88' lang='lat' dir='ltr'>Christi</span> 
     </span>
    </p>
   </div>
   <div class='ocr_carea' id='block_1_10' title="bbox 275 1163 1922 1235">
    <p class='ocr_par' dir='ltr' id='par_1_10' title="bbox 275 1163 1922 1235">
     <span class='ocr_line' id='line_1_10' title="bbox 275 1163 1922 1235; baseline -0.001 -15"><span class='ocrx_word' id='word_1_71' title='bbox 275 1180 393 1220; x_wconf 90' lang='lat' dir='ltr'>non</span> <span class='ocrx_word' id='word_1_72' title='bbox 421 1180 557 1220; x_wconf 91' lang='lat' dir='ltr'>cum</span> <span class='ocrx_word' id='word_1_73' title='bbox 577 1164 798 1220; x_wconf 77' lang='lat' dir='ltr'>Judaeis</span> <span class='ocrx_word' id='word_1_74' title='bbox 827 1163 1178 1235; x_wconf 87' lang='lat' dir='ltr'>despiciunt,</span> <span class='ocrx_word' id='word_1_75' title='bbox 1213 1165 1312 1220; x_wconf 86' lang='lat' dir='ltr'>sed</span> <span class='ocrx_word' id='word_1_76' title='bbox 1343 1164 1520 1235; x_wconf 87' lang='lat' dir='ltr'>digna</span> <span class='ocrx_word' id='word_1_77' title='bbox 1549 1163 1922 1220; x_wconf 78' lang='lat' dir='ltr'>veneratione</span> 
     </span>
    </p>
   </div>
   <div class='ocr_carea' id='block_1_11' title="bbox 275 1250 1918 1324">
    <p class='ocr_par' dir='ltr' id='par_1_11' title="bbox 275 1250 1918 1324">
     <span class='ocr_line' id='line_1_11' title="bbox 275 1250 1918 1324; baseline -0.001 -16"><span class='ocrx_word' id='word_1_78' title='bbox 275 1250 585 1308; x_wconf 85' lang='lat' dir='ltr'>honorant.</span> <span class='ocrx_word' id='word_1_79' title='bbox 645 1253 712 1308; x_wconf 89' lang='lat' dir='ltr'>Et</span> <span class='ocrx_word' id='word_1_80' title='bbox 769 1253 914 1308; x_wconf 89' lang='lat' dir='ltr'>bene</span> <span class='ocrx_word' id='word_1_81' title='bbox 969 1253 1202 1324; x_wconf 83' lang='lat' dir='ltr'>pallium</span> <span class='ocrx_word' id='word_1_82' title='bbox 1261 1255 1321 1308; x_wconf 87' lang='lat' dir='ltr'>in</span> <span class='ocrx_word' id='word_1_83' title='bbox 1370 1253 1615 1309; x_wconf 81' lang='lat' dir='ltr'>humeris</span> <span class='ocrx_word' id='word_1_84' title='bbox 1657 1261 1918 1324; x_wconf 81' lang='lat' dir='ltr'>portant:</span> 
     </span>
    </p>
   </div>
   <div class='ocr_carea' id='block_1_12' title="bbox 277 1340 1920 1414">
    <p class='ocr_par' dir='ltr' id='par_1_12' title="bbox 277 1340 1920 1414">
     <span class='ocr_line' id='line_1_12' title="bbox 277 1340 1920 1414; baseline 0 -18"><span class='ocrx_word' id='word_1_85' title='bbox 277 1340 416 1411; x_wconf 89' lang='lat' dir='ltr'>quia</span> <span class='ocrx_word' id='word_1_86' title='bbox 445 1340 635 1412; x_wconf 91' lang='lat' dir='ltr'>ipsam</span> <span class='ocrx_word' id='word_1_87' title='bbox 669 1341 1001 1413; x_wconf 89' lang='lat' dir='ltr'>passionem</span> <span class='ocrx_word' id='word_1_88' title='bbox 1064 1357 1179 1396; x_wconf 90' lang='lat' dir='ltr'>non</span> <span class='ocrx_word' id='word_1_89' title='bbox 1238 1342 1494 1396; x_wconf 82' lang='lat' dir='ltr'>futuram</span> <span class='ocrx_word' id='word_1_90' title='bbox 1558 1345 1920 1414; x_wconf 87' lang='lat' dir='ltr'>exspectant,</span> 
     </span>
    </p>
   </div>
   <div class='ocr_carea' id='block_1_13' title="bbox 278 1427 1010 1500">
    <p class='ocr_par' dir='ltr' id='par_1_13' title="bbox 278 1427 1010 1500">
     <span class='ocr_line' id='line_1_13' title="bbox 278 1427 1010 1500; baseline -0.001 -15"><span class='ocrx_word' id='word_1_91' title='bbox 278 1430 378 1485; x_wconf 78' lang='lat' dir='ltr'>sed</span> <span class='ocrx_word' id='word_1_92' title='bbox 410 1427 714 1500; x_wconf 76' lang='lat' dir='ltr'>impletum</span> <span class='ocrx_word' id='word_1_93' title='bbox 747 1431 1010 1485; x_wconf 91' lang='lat' dir='ltr'>credunt.</span> 
     </span>
    </p>
   </div>
   <div class='ocr_carea' id='block_1_14' title="bbox 345 1516 1919 1588">
    <p class='ocr_par' dir='ltr' id='par_1_14' title="bbox 345 1516 1919 1588">
     <span class='ocr_line' id='line_1_14' title="bbox 345 1516 1919 1588; baseline 0.004 -20"><span class='ocrx_word' id='word_1_94' title='bbox 345 1516 508 1572; x_wconf 86' lang='lat' dir='ltr'>Vers.</span> <span class='ocrx_word' id='word_1_95' title='bbox 539 1517 629 1572; x_wconf 81' lang='grc'><strong>24.</strong></span> <span class='ocrx_word' id='word_1_96' title='bbox 663 1518 944 1585; x_wconf 82' lang='lat' dir='ltr'>Evigilans</span> <span class='ocrx_word' id='word_1_97' title='bbox 975 1521 1159 1573; x_wconf 85' lang='lat' dir='ltr'>autem</span> <span class='ocrx_word' id='word_1_98' title='bbox 1191 1521 1304 1574; x_wconf 84' lang='lat' dir='ltr'>Noe</span> <span class='ocrx_word' id='word_1_99' title='bbox 1333 1535 1404 1573; x_wconf 74' lang='lat' dir='ltr'>ea:</span> <span class='ocrx_word' id='word_1_100' title='bbox 1432 1520 1575 1588; x_wconf 87' lang='lat' dir='ltr'>vino,</span> <span class='ocrx_word' id='word_1_101' title='bbox 1617 1536 1746 1574; x_wconf 91' lang='lat' dir='ltr'>cum</span> <span class='ocrx_word' id='word_1_102' title='bbox 1775 1519 1919 1574; x_wconf 85' lang='lat' dir='ltr'>didi-</span> 
     </span>
    </p>
   </div>
   <div class='ocr_carea' id='block_1_15' title="bbox 277 1605 1926 1679">
    <p class='ocr_par' dir='ltr' id='par_1_15' title="bbox 277 1605 1926 1679">
     <span class='ocr_line' id='line_1_15' title="bbox 277 1605 1926 1679; baseline 0.002 -19"><span class='ocrx_word' id='word_1_103' title='bbox 277 1607 458 1661; x_wconf 81' lang='lat' dir='ltr'>cisset.</span> <span class='ocrx_word' id='word_1_104' title='bbox 491 1605 834 1676; x_wconf 85' lang='lat' dir='ltr'>PrOphetico</span> <span class='ocrx_word' id='word_1_105' title='bbox 865 1606 1132 1662; x_wconf 88' lang='lat' dir='ltr'>videlicet</span> <span class='ocrx_word' id='word_1_106' title='bbox 1171 1606 1402 1678; x_wconf 86' lang='lat' dir='ltr'>spiritu.</span> <span class='ocrx_word' id='word_1_107' title='bbox 1464 1609 1594 1675; x_wconf 68' lang='lat' dir='ltr'>Quae</span> <span class='ocrx_word' id='word_1_108' title='bbox 1652 1611 1851 1679; x_wconf 79' lang='lat' dir='ltr'>fecerat</span> <span class='ocrx_word' id='word_1_109' title='bbox 1873 1611 1926 1663; x_wconf 87' lang='lat' dir='ltr'>ei</span> 
     </span>
    </p>
   </div>
   <div class='ocr_carea' id='block_1_16' title="bbox 279 1695 1923 1764">
    <p class='ocr_par' dir='ltr' id='par_1_16' title="bbox 279 1695 1923 1764">
     <span class='ocr_line' id='line_1_16' title="bbox 279 1695 1923 1764; baseline 0.002 -16"><span class='ocrx_word' id='word_1_110' title='bbox 279 1695 429 1764; x_wconf 83' lang='lat' dir='ltr'>filius</span> <span class='ocrx_word' id='word_1_111' title='bbox 459 1709 591 1749; x_wconf 86' lang='lat' dir='ltr'>suus</span> <span class='ocrx_word' id='word_1_112' title='bbox 619 1696 818 1762; x_wconf 88' lang='lat' dir='ltr'>minor,</span> <span class='ocrx_word' id='word_1_113' title='bbox 852 1697 964 1750; x_wconf 88' lang='lat' dir='ltr'>ait:</span> <span class='ocrx_word' id='word_1_114' title='bbox 999 1695 1312 1751; x_wconf 80' lang='lat' dir='ltr'>Maledictus</span> <span class='ocrx_word' id='word_1_115' title='bbox 1372 1696 1657 1752; x_wconf 80' lang='lat' dir='ltr'>Chanaan.</span> <span class='ocrx_word' id='word_1_116' title='bbox 1709 1696 1923 1752; x_wconf 85' lang='lat' dir='ltr'>Notan-</span> 
     </span>
    </p>
   </div>
   <div class='ocr_carea' id='block_1_17' title="bbox 280 1783 1920 1856">
    <p class='ocr_par' dir='ltr' id='par_1_17' title="bbox 280 1783 1920 1856">
     <span class='ocr_line' id='line_1_17' title="bbox 280 1783 1920 1856; baseline 0.001 -18"><span class='ocrx_word' id='word_1_117' title='bbox 280 1783 422 1838; x_wconf 92' lang='lat' dir='ltr'>dum</span> <span class='ocrx_word' id='word_1_118' title='bbox 454 1783 633 1856; x_wconf 91' lang='lat' dir='ltr'>quod,</span> <span class='ocrx_word' id='word_1_119' title='bbox 667 1799 782 1839; x_wconf 92' lang='lat' dir='ltr'>non</span> <span class='ocrx_word' id='word_1_120' title='bbox 815 1784 1006 1855; x_wconf 89' lang='lat' dir='ltr'>ipsum</span> <span class='ocrx_word' id='word_1_121' title='bbox 1041 1783 1243 1849; x_wconf 87' lang='lat' dir='ltr'>Cham,</span> <span class='ocrx_word' id='word_1_122' title='bbox 1278 1785 1378 1840; x_wconf 90' lang='lat' dir='ltr'>sed</span> <span class='ocrx_word' id='word_1_123' title='bbox 1415 1785 1675 1841; x_wconf 82' lang='lat' dir='ltr'>Chanaan</span> <span class='ocrx_word' id='word_1_124' title='bbox 1736 1785 1920 1839; x_wconf 85' lang='lat' dir='ltr'>filium</span> 
     </span>
    </p>
   </div>
   <div class='ocr_carea' id='block_1_18' title="bbox 280 1872 1926 1945">
    <p class='ocr_par' dir='ltr' id='par_1_18' title="bbox 280 1872 1926 1945">
     <span class='ocr_line' id='line_1_18' title="bbox 280 1872 1926 1945; baseline 0.001 -17"><span class='ocrx_word' id='word_1_125' title='bbox 280 1873 408 1942; x_wconf 87' lang='lat' dir='ltr'>ejus</span> <span class='ocrx_word' id='word_1_126' title='bbox 430 1872 747 1939; x_wconf 89' lang='lat' dir='ltr'>maledicit,</span> <span class='ocrx_word' id='word_1_127' title='bbox 781 1873 882 1944; x_wconf 89' lang='lat' dir='ltr'>qui</span> <span class='ocrx_word' id='word_1_128' title='bbox 925 1876 1104 1929; x_wconf 85' lang='lat' dir='ltr'>motus</span> <span class='ocrx_word' id='word_1_129' title='bbox 1158 1889 1351 1929; x_wconf 85' lang='lat' dir='ltr'>eorum</span> <span class='ocrx_word' id='word_1_130' title='bbox 1398 1874 1832 1945; x_wconf 87' lang='lat' dir='ltr'>interpretatur,</span> <span class='ocrx_word' id='word_1_131' title='bbox 1892 1891 1926 1929; x_wconf 92' lang='lat' dir='ltr'>a</span> 
     </span>
    </p>
   </div>
   <div class='ocr_carea' id='block_1_19' title="bbox 280 1961 1925 2033">
    <p class='ocr_par' dir='ltr' id='par_1_19' title="bbox 280 1961 1925 2033">
     <span class='ocr_line' id='line_1_19' title="bbox 280 1961 1925 2033; baseline 0.001 -16"><span class='ocrx_word' id='word_1_132' title='bbox 280 1978 396 2032; x_wconf 92' lang='lat' dir='ltr'>quo</span> <span class='ocrx_word' id='word_1_133' title='bbox 427 1964 628 2033; x_wconf 88' lang='lat' dir='ltr'>postea</span> <span class='ocrx_word' id='word_1_134' title='bbox 686 1961 826 2016; x_wconf 89' lang='lat' dir='ltr'>dicti</span> <span class='ocrx_word' id='word_1_135' title='bbox 885 1967 1024 2017; x_wconf 91' lang='lat' dir='ltr'>sunt</span> <span class='ocrx_word' id='word_1_136' title='bbox 1071 1963 1403 2030; x_wconf 70' lang='lat' dir='ltr'>Chananzei,</span> <span class='ocrx_word' id='word_1_137' title='bbox 1463 1979 1607 2032; x_wconf 89' lang='lat' dir='ltr'>quos</span> <span class='ocrx_word' id='word_1_138' title='bbox 1643 1963 1925 2018; x_wconf 90' lang='lat' dir='ltr'>Dominus</span> 
     </span>
    </p>
   </div>
   <div class='ocr_carea' id='block_1_20' title="bbox 280 2049 1923 2124">
    <p class='ocr_par' dir='ltr' id='par_1_20' title="bbox 280 2049 1923 2124">
     <span class='ocr_line' id='line_1_20' title="bbox 280 2049 1923 2124; baseline -0.001 -18"><span class='ocrx_word' id='word_1_139' title='bbox 280 2054 415 2106; x_wconf 87' lang='lat' dir='ltr'>ante</span> <span class='ocrx_word' id='word_1_140' title='bbox 447 2050 651 2104; x_wconf 80' lang='lat' dir='ltr'>faciem</span> <span class='ocrx_word' id='word_1_141' title='bbox 682 2049 936 2106; x_wconf 85' lang='lat' dir='ltr'>ﬁliorum</span> <span class='ocrx_word' id='word_1_142' title='bbox 971 2050 1144 2106; x_wconf 89' lang='lat' dir='ltr'>Israel</span> <span class='ocrx_word' id='word_1_143' title='bbox 1175 2052 1359 2121; x_wconf 87' lang='lat' dir='ltr'>ejecit.</span> <span class='ocrx_word' id='word_1_144' title='bbox 1395 2052 1558 2116; x_wconf 87' lang='lat' dir='ltr'>Quod</span> <span class='ocrx_word' id='word_1_145' title='bbox 1611 2069 1748 2124; x_wconf 90' lang='lat' dir='ltr'>ergo</span> <span class='ocrx_word' id='word_1_146' title='bbox 1779 2051 1923 2106; x_wconf 82' lang='lat' dir='ltr'>Cha-</span> 
     </span>
    </p>
   </div>
   <div class='ocr_carea' id='block_1_21' title="bbox 281 2137 1927 2213">
    <p class='ocr_par' dir='ltr' id='par_1_21' title="bbox 281 2137 1927 2213">
     <span class='ocr_line' id='line_1_21' title="bbox 281 2137 1927 2213; baseline 0.002 -20"><span class='ocrx_word' id='word_1_147' title='bbox 281 2155 432 2194; x_wconf 87' lang='lat' dir='ltr'>naan</span> <span class='ocrx_word' id='word_1_148' title='bbox 466 2137 853 2204; x_wconf 88' lang='lat' dir='ltr'>maledicitur,</span> <span class='ocrx_word' id='word_1_149' title='bbox 913 2139 1218 2210; x_wconf 88' lang='lat' dir='ltr'>prophetia</span> <span class='ocrx_word' id='word_1_150' title='bbox 1275 2145 1432 2196; x_wconf 90' lang='lat' dir='ltr'>erat:</span> <span class='ocrx_word' id='word_1_151' title='bbox 1484 2141 1622 2212; x_wconf 90' lang='lat' dir='ltr'>quia</span> <span class='ocrx_word' id='word_1_152' title='bbox 1652 2157 1794 2213; x_wconf 87' lang='lat' dir='ltr'>gens</span> <span class='ocrx_word' id='word_1_153' title='bbox 1826 2139 1927 2196; x_wconf 86' lang='lat' dir='ltr'>illa</span> 
     </span>
    </p>
   </div>
   <div class='ocr_carea' id='block_1_22' title="bbox 279 2226 1533 2299">
    <p class='ocr_par' dir='ltr' id='par_1_22' title="bbox 279 2226 1533 2299">
     <span class='ocr_line' id='line_1_22' title="bbox 279 2226 1533 2299; baseline -0.002 -15"><span class='ocrx_word' id='word_1_154' title='bbox 279 2229 352 2284; x_wconf 90' lang='lat' dir='ltr'>de</span> <span class='ocrx_word' id='word_1_155' title='bbox 377 2226 500 2284; x_wconf 92' lang='lat' dir='ltr'>loco</span> <span class='ocrx_word' id='word_1_156' title='bbox 532 2244 650 2282; x_wconf 67' lang='lat' dir='ltr'>suae</span> <span class='ocrx_word' id='word_1_157' title='bbox 681 2226 1058 2284; x_wconf 85' lang='lat' dir='ltr'>habitationis</span> <span class='ocrx_word' id='word_1_158' title='bbox 1088 2228 1358 2299; x_wconf 91' lang='lat' dir='ltr'>pellenda</span> <span class='ocrx_word' id='word_1_159' title='bbox 1388 2235 1533 2285; x_wconf 89' lang='lat' dir='ltr'>erat.</span> 
     </span>
    </p>
   </div>
   <div class='ocr_carea' id='block_1_23' title="bbox 349 2315 1926 2384">
    <p class='ocr_par' dir='ltr' id='par_1_23' title="bbox 349 2315 1926 2384">
     <span class='ocr_line' id='line_1_23' title="bbox 349 2315 1926 2384; baseline 0.003 -15"><span class='ocrx_word' id='word_1_160' title='bbox 349 2315 514 2372; x_wconf 89' lang='lat' dir='ltr'>Vers.</span> <span class='ocrx_word' id='word_1_161' title='bbox 545 2316 636 2384; x_wconf 86' lang='lat'>26,</span> <span class='ocrx_word' id='word_1_162' title='bbox 667 2317 757 2370; x_wconf 89' lang='lat'>27.</span> <span class='ocrx_word' id='word_1_163' title='bbox 794 2317 1118 2372; x_wconf 80' lang='lat' dir='ltr'>Benedictus</span> <span class='ocrx_word' id='word_1_164' title='bbox 1173 2319 1437 2374; x_wconf 82' lang='lat' dir='ltr'>Dominus</span> <span class='ocrx_word' id='word_1_165' title='bbox 1499 2324 1661 2375; x_wconf 79' lang='lat' dir='ltr'>Deus.</span> <span class='ocrx_word' id='word_1_166' title='bbox 1720 2321 1926 2375; x_wconf 87' lang='lat' dir='ltr'>Dilalet</span> 
     </span>
    </p>
   </div>
   <div class='ocr_carea' id='block_1_24' title="bbox 279 2405 1924 2480">
    <p class='ocr_par' dir='ltr' id='par_1_24' title="bbox 279 2405 1924 2480">
     <span class='ocr_line' id='line_1_24' title="bbox 279 2405 1924 2480; baseline 0.001 -20"><span class='ocrx_word' id='word_1_167' title='bbox 279 2407 421 2461; x_wconf 87' lang='lat' dir='ltr'>Deus</span> <span class='ocrx_word' id='word_1_168' title='bbox 448 2405 698 2476; x_wconf 85' lang='lat' dir='ltr'>Japheth.</span> <span class='ocrx_word' id='word_1_169' title='bbox 733 2405 812 2460; x_wconf 93' lang='lat' dir='ltr'>De</span> <span class='ocrx_word' id='word_1_170' title='bbox 841 2406 975 2460; x_wconf 92' lang='lat' dir='ltr'>Sem</span> <span class='ocrx_word' id='word_1_171' title='bbox 1009 2407 1244 2461; x_wconf 89' lang='lat' dir='ltr'>fuerunt</span> <span class='ocrx_word' id='word_1_172' title='bbox 1302 2409 1644 2478; x_wconf 70' lang='lat' dir='ltr'>patriarcha:</span> <span class='ocrx_word' id='word_1_173' title='bbox 1699 2412 1756 2462; x_wconf 91' lang='lat' dir='ltr'>et</span> <span class='ocrx_word' id='word_1_174' title='bbox 1795 2425 1924 2480; x_wconf 90' lang='lat' dir='ltr'>pro-</span> 
     </span>
    </p>
   </div>
   <div class='ocr_carea' id='block_1_25' title="bbox 280 2493 1926 2566">
    <p class='ocr_par' dir='ltr' id='par_1_25' title="bbox 280 2493 1926 2566">
     <span class='ocr_line' id='line_1_25' title="bbox 280 2493 1926 2566; baseline 0.004 -20"><span class='ocrx_word' id='word_1_175' title='bbox 280 2493 466 2566; x_wconf 73' lang='lat' dir='ltr'>phetae</span> <span class='ocrx_word' id='word_1_176' title='bbox 495 2493 800 2563; x_wconf 76' lang='lat' dir='ltr'>czeterique</span> <span class='ocrx_word' id='word_1_177' title='bbox 830 2497 1030 2548; x_wconf 89' lang='lat' dir='ltr'>Patres</span> <span class='ocrx_word' id='word_1_178' title='bbox 1059 2494 1287 2549; x_wconf 89' lang='lat' dir='ltr'>Veteris</span> <span class='ocrx_word' id='word_1_179' title='bbox 1317 2496 1649 2550; x_wconf 88' lang='lat' dir='ltr'>testamenti</span> <span class='ocrx_word' id='word_1_180' title='bbox 1673 2514 1686 2550; x_wconf 89' lang='lat'><strong>:</strong></span> <span class='ocrx_word' id='word_1_181' title='bbox 1731 2497 1799 2551; x_wconf 92' lang='lat' dir='ltr'>de</span> <span class='ocrx_word' id='word_1_182' title='bbox 1827 2497 1926 2552; x_wconf 83' lang='lat' dir='ltr'>Ja-</span> 
     </span>
    </p>
   </div>
   <div class='ocr_carea' id='block_1_26' title="bbox 283 2580 1925 2653">
    <p class='ocr_par' dir='ltr' id='par_1_26' title="bbox 283 2580 1925 2653">
     <span class='ocr_line' id='line_1_26' title="bbox 283 2580 1925 2653; baseline 0.002 -17"><span class='ocrx_word' id='word_1_183' title='bbox 283 2581 462 2652; x_wconf 88' lang='lat' dir='ltr'>pheth</span> <span class='ocrx_word' id='word_1_184' title='bbox 493 2580 802 2653; x_wconf 86' lang='lat' dir='ltr'>gentilium</span> <span class='ocrx_word' id='word_1_185' title='bbox 832 2581 1149 2635; x_wconf 90' lang='lat' dir='ltr'>multitudo</span> <span class='ocrx_word' id='word_1_186' title='bbox 1187 2599 1312 2653; x_wconf 69' lang='lat' dir='ltr'>quae</span> <span class='ocrx_word' id='word_1_187' title='bbox 1343 2582 1402 2638; x_wconf 92' lang='lat' dir='ltr'>in</span> <span class='ocrx_word' id='word_1_188' title='bbox 1453 2583 1747 2638; x_wconf 88' lang='lat' dir='ltr'>Christum</span> <span class='ocrx_word' id='word_1_189' title='bbox 1804 2600 1925 2640; x_wconf 89' lang='lat' dir='ltr'>cre-</span> 
     </span>
    </p>
   </div>
   <div class='ocr_carea' id='block_1_27' title="bbox 283 2668 1926 2743">
    <p class='ocr_par' dir='ltr' id='par_1_27' title="bbox 283 2668 1926 2743">
     <span class='ocr_line' id='line_1_27' title="bbox 283 2668 1926 2743; baseline 0.002 -19"><span class='ocrx_word' id='word_1_190' title='bbox 283 2669 390 2724; x_wconf 88' lang='lat' dir='ltr'>dit.</span> <span class='ocrx_word' id='word_1_191' title='bbox 421 2669 696 2724; x_wconf 87' lang='lat' dir='ltr'>Dilatatus</span> <span class='ocrx_word' id='word_1_192' title='bbox 721 2677 801 2724; x_wconf 86' lang='lat' dir='ltr'>est</span> <span class='ocrx_word' id='word_1_193' title='bbox 818 2668 1066 2740; x_wconf 85' lang='lat' dir='ltr'>Japheth,</span> <span class='ocrx_word' id='word_1_194' title='bbox 1099 2670 1240 2740; x_wconf 89' lang='lat' dir='ltr'>quia</span> <span class='ocrx_word' id='word_1_195' title='bbox 1266 2670 1326 2725; x_wconf 91' lang='lat' dir='ltr'>in</span> <span class='ocrx_word' id='word_1_196' title='bbox 1357 2671 1554 2743; x_wconf 92' lang='lat' dir='ltr'>ipsum</span> <span class='ocrx_word' id='word_1_197' title='bbox 1598 2672 1775 2727; x_wconf 89' lang='lat' dir='ltr'>crevit</span> <span class='ocrx_word' id='word_1_198' title='bbox 1805 2689 1926 2727; x_wconf 87' lang='lat' dir='ltr'>cre-</span> 
     </span>
    </p>
   </div>
   <div class='ocr_carea' id='block_1_28' title="bbox 284 2743 1926 2830">
    <p class='ocr_par' dir='ltr' id='par_1_28' title="bbox 284 2743 1926 2830">
     <span class='ocr_line' id='line_1_28' title="bbox 284 2743 1926 2830; baseline 0.001 -18"><span class='ocrx_word' id='word_1_199' title='bbox 284 2757 547 2814; x_wconf 89' lang='lat' dir='ltr'>dentium</span> <span class='ocrx_word' id='word_1_200' title='bbox 579 2773 648 2813; x_wconf 82' lang='lat' dir='ltr'>ex</span> <span class='ocrx_word' id='word_1_201' title='bbox 675 2757 950 2830; x_wconf 86' lang='lat' dir='ltr'>gentibus</span> <span class='ocrx_word' id='word_1_202' title='bbox 984 2743 1318 2813; x_wconf 72' lang='lat' dir='ltr'>multitudo.</span> <span class='ocrx_word' id='word_1_203' title='bbox 1354 2760 1628 2815; x_wconf 79' lang='lat' dir='ltr'>Habitavit</span> <span class='ocrx_word' id='word_1_204' title='bbox 1655 2777 1715 2815; x_wconf 81' lang='lat' dir='ltr'>in</span> <span class='ocrx_word' id='word_1_205' title='bbox 1741 2763 1926 2818; x_wconf 86' lang='lat' dir='ltr'>taber-</span> 
     </span>
    </p>
   </div>
   <div class='ocr_carea' id='block_1_29' title="bbox 282 2846 1926 2923">
    <p class='ocr_par' dir='ltr' id='par_1_29' title="bbox 282 2846 1926 2923">
     <span class='ocr_line' id='line_1_29' title="bbox 282 2846 1926 2923; baseline 0.002 -20"><span class='ocrx_word' id='word_1_206' title='bbox 282 2847 498 2903; x_wconf 87' lang='lat' dir='ltr'>naculis</span> <span class='ocrx_word' id='word_1_207' title='bbox 522 2847 664 2913; x_wconf 87' lang='lat' dir='ltr'>Sem,</span> <span class='ocrx_word' id='word_1_208' title='bbox 699 2846 838 2918; x_wconf 92' lang='lat' dir='ltr'>quia</span> <span class='ocrx_word' id='word_1_209' title='bbox 866 2846 1117 2918; x_wconf 89' lang='lat' dir='ltr'>gratiam</span> <span class='ocrx_word' id='word_1_210' title='bbox 1141 2864 1318 2919; x_wconf 90' lang='lat' dir='ltr'>quam</span> <span class='ocrx_word' id='word_1_211' title='bbox 1345 2848 1680 2904; x_wconf 87' lang='lat' dir='ltr'>habuerunt</span> <span class='ocrx_word' id='word_1_212' title='bbox 1705 2850 1926 2923; x_wconf 91' lang='lat' dir='ltr'>priores</span> 
     </span>
    </p>
   </div>
   <div class='ocr_carea' id='block_1_30' title="bbox 283 2934 1924 3008">
    <p class='ocr_par' dir='ltr' id='par_1_30' title="bbox 283 2934 1924 3008">
     <span class='ocr_line' id='line_1_30' title="bbox 283 2934 1924 3008; baseline 0.002 -17"><span class='ocrx_word' id='word_1_213' title='bbox 283 2939 485 2991; x_wconf 89' lang='lat' dir='ltr'>Patres</span> <span class='ocrx_word' id='word_1_214' title='bbox 514 2939 718 3008; x_wconf 89' lang='lat' dir='ltr'>gentes</span> <span class='ocrx_word' id='word_1_215' title='bbox 747 2935 806 2989; x_wconf 90' lang='lat' dir='ltr'>in</span> <span class='ocrx_word' id='word_1_216' title='bbox 827 2934 1126 2991; x_wconf 89' lang='lat' dir='ltr'>Christum</span> <span class='ocrx_word' id='word_1_217' title='bbox 1158 2937 1461 2994; x_wconf 83' lang='lat' dir='ltr'>credentes</span> <span class='ocrx_word' id='word_1_218' title='bbox 1493 2945 1703 2994; x_wconf 82' lang='lat' dir='ltr'>secutae</span> <span class='ocrx_word' id='word_1_219' title='bbox 1765 2945 1924 3008; x_wconf 91' lang='lat' dir='ltr'>sunt,</span> 
     </span>
    </p>
   </div>
   <div class='ocr_carea' id='block_1_31' title="bbox 283 3024 1924 3098">
    <p class='ocr_par' dir='ltr' id='par_1_31' title="bbox 283 3024 1924 3098">
     <span class='ocr_line' id='line_1_31' title="bbox 283 3024 1924 3098; baseline 0.002 -18"><span class='ocrx_word' id='word_1_220' title='bbox 283 3029 342 3082; x_wconf 89' lang='lat' dir='ltr'>et</span> <span class='ocrx_word' id='word_1_221' title='bbox 369 3041 526 3080; x_wconf 89' lang='lat' dir='ltr'>nunc</span> <span class='ocrx_word' id='word_1_222' title='bbox 557 3041 688 3080; x_wconf 89' lang='lat' dir='ltr'>cum</span> <span class='ocrx_word' id='word_1_223' title='bbox 719 3024 1213 3091; x_wconf 88' lang='lat' dir='ltr'>Abraham,Isaac</span> <span class='ocrx_word' id='word_1_224' title='bbox 1241 3030 1297 3080; x_wconf 91' lang='lat' dir='ltr'>et</span> <span class='ocrx_word' id='word_1_225' title='bbox 1320 3026 1498 3082; x_wconf 88' lang='lat' dir='ltr'>Jaeoh</span> <span class='ocrx_word' id='word_1_226' title='bbox 1533 3028 1924 3098; x_wconf 89' lang='lat' dir='ltr'>requiescunt,</span> 
     </span>
    </p>
   </div>
   <div class='ocr_carea' id='block_1_32' title="bbox 283 3112 1927 3186">
    <p class='ocr_par' dir='ltr' id='par_1_32' title="bbox 283 3112 1927 3186">
     <span class='ocr_line' id='line_1_32' title="bbox 283 3112 1927 3186; baseline 0.002 -18"><span class='ocrx_word' id='word_1_227' title='bbox 283 3112 459 3168; x_wconf 83' lang='lat' dir='ltr'>ﬁdem</span> <span class='ocrx_word' id='word_1_228' title='bbox 491 3119 549 3168; x_wconf 92' lang='lat' dir='ltr'>et</span> <span class='ocrx_word' id='word_1_229' title='bbox 576 3113 732 3168; x_wconf 87' lang='lat' dir='ltr'>bona</span> <span class='ocrx_word' id='word_1_230' title='bbox 760 3129 936 3184; x_wconf 89' lang='lat' dir='ltr'>opera</span> <span class='ocrx_word' id='word_1_231' title='bbox 964 3113 1199 3168; x_wconf 88' lang='lat' dir='ltr'>illorum</span> <span class='ocrx_word' id='word_1_232' title='bbox 1232 3115 1537 3171; x_wconf 89' lang='lat' dir='ltr'>imitando.</span> <span class='ocrx_word' id='word_1_233' title='bbox 1571 3117 1756 3186; x_wconf 80' lang='lat' dir='ltr'>Sitque</span> <span class='ocrx_word' id='word_1_234' title='bbox 1785 3117 1927 3172; x_wconf 88' lang='lat' dir='ltr'>Cha-</span> 
     </span>
    </p>
   </div>
   <div class='ocr_carea' id='block_1_33' title="bbox 282 3192 1999 3273">
    <p class='ocr_par' dir='ltr' id='par_1_33' title="bbox 282 3192 1999 3273">
     <span class='ocr_line' id='line_1_33' title="bbox 282 3192 1999 3273; baseline -0.001 -15"><span class='ocrx_word' id='word_1_235' title='bbox 282 3219 436 3258; x_wconf 87' lang='lat' dir='ltr'>naan</span> <span class='ocrx_word' id='word_1_236' title='bbox 463 3218 648 3257; x_wconf 79' lang='lat' dir='ltr'>servus</span> <span class='ocrx_word' id='word_1_237' title='bbox 671 3201 789 3273; x_wconf 88' lang='lat' dir='ltr'>ejus</span> <span class='ocrx_word' id='word_1_238' title='bbox 819 3201 1104 3258; x_wconf 82' lang='lat' dir='ltr'>Chanaan.</span> <span class='ocrx_word' id='word_1_239' title='bbox 1166 3204 1229 3257; x_wconf 91' lang='lat' dir='ltr'>Id</span> <span class='ocrx_word' id='word_1_240' title='bbox 1288 3209 1376 3259; x_wconf 92' lang='lat' dir='ltr'>est</span> <span class='ocrx_word' id='word_1_241' title='bbox 1428 3204 1614 3259; x_wconf 82' lang='lat' dir='ltr'>Judaei</span> <span class='ocrx_word' id='word_1_242' title='bbox 1665 3206 1928 3262; x_wconf 89' lang='lat' dir='ltr'>serviunt</span> <span class='ocrx_word' id='word_1_243' title='bbox 1957 3192 1999 3257; x_wconf 87' lang='lat' dir='ltr'>C</span> 
     </span>
    </p>
   </div>
   <div class='ocr_carea' id='block_1_34' title="bbox 285 3291 1925 3365">
    <p class='ocr_par' dir='ltr' id='par_1_34' title="bbox 285 3291 1925 3365">
     <span class='ocr_line' id='line_1_34' title="bbox 285 3291 1925 3365; baseline 0.002 -18"><span class='ocrx_word' id='word_1_244' title='bbox 285 3292 458 3348; x_wconf 90' lang='lat' dir='ltr'>modo</span> <span class='ocrx_word' id='word_1_245' title='bbox 489 3291 761 3347; x_wconf 84' lang='lat' dir='ltr'>fidelibus</span> <span class='ocrx_word' id='word_1_246' title='bbox 788 3307 857 3346; x_wconf 85' lang='lat' dir='ltr'>ex</span> <span class='ocrx_word' id='word_1_247' title='bbox 887 3296 1136 3364; x_wconf 90' lang='lat' dir='ltr'>utroque</span> <span class='ocrx_word' id='word_1_248' title='bbox 1165 3292 1398 3365; x_wconf 89' lang='lat' dir='ltr'>populo,</span> <span class='ocrx_word' id='word_1_249' title='bbox 1429 3294 1570 3364; x_wconf 89' lang='lat' dir='ltr'>quia</span> <span class='ocrx_word' id='word_1_250' title='bbox 1613 3293 1794 3350; x_wconf 90' lang='lat' dir='ltr'>libros</span> <span class='ocrx_word' id='word_1_251' title='bbox 1837 3295 1925 3350; x_wconf 89' lang='lat' dir='ltr'>di-</span> 
     </span>
    </p>
   </div>
   <div class='ocr_carea' id='block_1_35' title="bbox 282 3380 1927 3452">
    <p class='ocr_par' dir='ltr' id='par_1_35' title="bbox 282 3380 1927 3452">
     <span class='ocr_line' id='line_1_35' title="bbox 282 3380 1927 3452; baseline 0.002 -15"><span class='ocrx_word' id='word_1_252' title='bbox 282 3381 551 3437; x_wconf 87' lang='lat' dir='ltr'>vinarum</span> <span class='ocrx_word' id='word_1_253' title='bbox 583 3380 1018 3451; x_wconf 89' lang='lat' dir='ltr'>Scripturarum</span> <span class='ocrx_word' id='word_1_254' title='bbox 1080 3398 1192 3436; x_wconf 88' lang='lat' dir='ltr'>non</span> <span class='ocrx_word' id='word_1_255' title='bbox 1253 3381 1386 3452; x_wconf 89' lang='lat' dir='ltr'>sibi,</span> <span class='ocrx_word' id='word_1_256' title='bbox 1420 3383 1520 3438; x_wconf 92' lang='lat' dir='ltr'>sed</span> <span class='ocrx_word' id='word_1_257' title='bbox 1578 3381 1694 3438; x_wconf 87' lang='lat' dir='ltr'>illis</span> <span class='ocrx_word' id='word_1_258' title='bbox 1727 3389 1927 3440; x_wconf 89' lang='lat' dir='ltr'>custo-</span> 
     </span>
    </p>
   </div>
   <div class='ocr_carea' id='block_1_36' title="bbox 284 3469 1476 3540">
    <p class='ocr_par' dir='ltr' id='par_1_36' title="bbox 284 3469 1476 3540">
     <span class='ocr_line' id='line_1_36' title="bbox 284 3469 1476 3540; baseline 0.001 -16"><span class='ocrx_word' id='word_1_259' title='bbox 284 3469 474 3537; x_wconf 89' lang='lat' dir='ltr'>diunt,</span> <span class='ocrx_word' id='word_1_260' title='bbox 507 3472 565 3524; x_wconf 91' lang='lat' dir='ltr'>et</span> <span class='ocrx_word' id='word_1_261' title='bbox 595 3469 762 3540; x_wconf 90' lang='lat' dir='ltr'>quasi</span> <span class='ocrx_word' id='word_1_262' title='bbox 792 3469 1055 3525; x_wconf 89' lang='lat' dir='ltr'>serinarii</span> <span class='ocrx_word' id='word_1_263' title='bbox 1084 3474 1224 3526; x_wconf 89' lang='lat' dir='ltr'>sunt</span> <span class='ocrx_word' id='word_1_264' title='bbox 1253 3487 1476 3527; x_wconf 91' lang='lat' dir='ltr'>eorum.</span> 
     </span>
    </p>
   </div>
   <div class='ocr_carea' id='block_1_37' title="bbox 937 3593 1266 3651">
    <p class='ocr_par' dir='ltr' id='par_1_37' title="bbox 937 3593 1266 3651">
     <span class='ocr_line' id='line_1_37' title="bbox 937 3593 1266 3651; baseline 0.003 -2"><span class='ocrx_word' id='word_1_265' title='bbox 937 3593 1170 3650; x_wconf 89' lang='lat' dir='ltr'>CAPUT</span> <span class='ocrx_word' id='word_1_266' title='bbox 1201 3595 1266 3651; x_wconf 91' lang='lat' dir='ltr'>X.</span> 
     </span>
    </p>
   </div>
   <div class='ocr_carea' id='block_1_38' title="bbox 352 3682 1924 3761">
    <p class='ocr_par' dir='ltr' id='par_1_38' title="bbox 352 3682 1924 3761">
     <span class='ocr_line' id='line_1_38' title="bbox 352 3682 1924 3761; baseline 0.004 -24"><span class='ocrx_word' id='word_1_267' title='bbox 352 3682 517 3740; x_wconf 89' lang='lat' dir='ltr'>Vers.</span> <span class='ocrx_word' id='word_1_268' title='bbox 548 3684 602 3739; x_wconf 84' lang='lat'>2.</span> <span class='ocrx_word' id='word_1_269' title='bbox 635 3684 768 3738; x_wconf 83' lang='lat' dir='ltr'>Filii</span> <span class='ocrx_word' id='word_1_270' title='bbox 795 3683 1482 3756; x_wconf 84' lang='lat' dir='ltr'>Japheth.Commemorat</span> <span class='ocrx_word' id='word_1_271' title='bbox 1522 3688 1692 3744; x_wconf 93' lang='lat' dir='ltr'>modo</span> <span class='ocrx_word' id='word_1_272' title='bbox 1722 3693 1924 3761; x_wconf 87' lang='lat' dir='ltr'>gentes</span> 
     </span>
    </p>
   </div>
   <div class='ocr_carea' id='block_1_39' title="bbox 280 3773 1925 3847">
    <p class='ocr_par' dir='ltr' id='par_1_39' title="bbox 280 3773 1925 3847">
     <span class='ocr_line' id='line_1_39' title="bbox 280 3773 1925 3847; baseline 0 -17"><span class='ocrx_word' id='word_1_273' title='bbox 280 3773 656 3847; x_wconf 85' lang='lat' dir='ltr'>septuaginta</span> <span class='ocrx_word' id='word_1_274' title='bbox 669 3773 815 3828; x_wconf 90' lang='lat' dir='ltr'>duas</span> <span class='ocrx_word' id='word_1_275' title='bbox 831 3789 956 3845; x_wconf 71' lang='lat' dir='ltr'>quae</span> <span class='ocrx_word' id='word_1_276' title='bbox 974 3792 1006 3829; x_wconf 90' lang='lat' dir='ltr'>a</span> <span class='ocrx_word' id='word_1_277' title='bbox 1021 3774 1207 3830; x_wconf 89' lang='lat' dir='ltr'>tribus</span> <span class='ocrx_word' id='word_1_278' title='bbox 1231 3774 1367 3830; x_wconf 81' lang='lat' dir='ltr'>ﬁliis</span> <span class='ocrx_word' id='word_1_279' title='bbox 1397 3775 1514 3830; x_wconf 75' lang='lat' dir='ltr'>Noe</span> <span class='ocrx_word' id='word_1_280' title='bbox 1535 3775 1925 3830; x_wconf 71' lang='lat' dir='ltr'>disseminata:</span> 
     </span>
    </p>
   </div>
   <div class='ocr_carea' id='block_1_40' title="bbox 279 3861 1927 3935">
    <p class='ocr_par' dir='ltr' id='par_1_40' title="bbox 279 3861 1927 3935">
     <span class='ocr_line' id='line_1_40' title="bbox 279 3861 1927 3935; baseline -0.001 -16"><span class='ocrx_word' id='word_1_281' title='bbox 279 3868 420 3920; x_wconf 89' lang='lat' dir='ltr'>sunt</span> <span class='ocrx_word' id='word_1_282' title='bbox 449 3867 581 3935; x_wconf 89' lang='lat' dir='ltr'>post</span> <span class='ocrx_word' id='word_1_283' title='bbox 610 3861 1260 3934; x_wconf 87' lang='lat' dir='ltr'>diluvium.Etprimum</span> <span class='ocrx_word' id='word_1_284' title='bbox 1296 3863 1436 3918; x_wconf 92' lang='lat' dir='ltr'>dicit</span> <span class='ocrx_word' id='word_1_285' title='bbox 1465 3863 1798 3933; x_wconf 88' lang='lat' dir='ltr'>deJapheth</span> <span class='ocrx_word' id='word_1_286' title='bbox 1824 3864 1927 3919; x_wconf 90' lang='lat' dir='ltr'>mi-</span> 
     </span>
    </p>
   </div>
   <div class='ocr_carea' id='block_1_41' title="bbox 278 3950 1926 4024">
    <p class='ocr_par' dir='ltr' id='par_1_41' title="bbox 278 3950 1926 4024">
     <span class='ocr_line' id='line_1_41' title="bbox 278 3950 1926 4024; baseline 0.001 -18"><span class='ocrx_word' id='word_1_287' title='bbox 278 3967 439 4018; x_wconf 89' lang='lat' dir='ltr'>nore,</span> <span class='ocrx_word' id='word_1_288' title='bbox 472 3952 542 4006; x_wconf 92' lang='lat' dir='ltr'>de</span> <span class='ocrx_word' id='word_1_289' title='bbox 567 3967 681 4021; x_wconf 92' lang='lat' dir='ltr'>quo</span> <span class='ocrx_word' id='word_1_290' title='bbox 713 3950 835 4004; x_wconf 84' lang='lat' dir='ltr'>nati</span> <span class='ocrx_word' id='word_1_291' title='bbox 870 3955 1091 4022; x_wconf 89' lang='lat' dir='ltr'>septem</span> <span class='ocrx_word' id='word_1_292' title='bbox 1126 3951 1677 4023; x_wconf 82' lang='lat' dir='ltr'>filiiquitenuerunt</span> <span class='ocrx_word' id='word_1_293' title='bbox 1699 3959 1926 4024; x_wconf 90' lang='lat' dir='ltr'>septen-</span> 
     </span>
    </p>
   </div>
   <div class='ocr_carea' id='block_1_42' title="bbox 279 4037 1924 4112">
    <p class='ocr_par' dir='ltr' id='par_1_42' title="bbox 279 4037 1924 4112">
     <span class='ocr_line' id='line_1_42' title="bbox 279 4037 1924 4112; baseline 0.003 -19"><span class='ocrx_word' id='word_1_294' title='bbox 279 4037 584 4094; x_wconf 81' lang='lat' dir='ltr'>trionalem</span> <span class='ocrx_word' id='word_1_295' title='bbox 618 4037 911 4109; x_wconf 87' lang='lat' dir='ltr'>regionem</span> <span class='ocrx_word' id='word_1_296' title='bbox 945 4042 1178 4094; x_wconf 89' lang='lat' dir='ltr'>aTauro</span> <span class='ocrx_word' id='word_1_297' title='bbox 1212 4044 1267 4095; x_wconf 92' lang='lat' dir='ltr'>et</span> <span class='ocrx_word' id='word_1_298' title='bbox 1295 4039 1924 4112; x_wconf 86' lang='lat' dir='ltr'>Amcino(a)montibus</span> 
     </span>
    </p>
   </div>
   <div class='ocr_carea' id='block_1_43' title="bbox 280 4125 1925 4203">
    <p class='ocr_par' dir='ltr' id='par_1_43' title="bbox 280 4125 1925 4203">
     <span class='ocr_line' id='line_1_43' title="bbox 280 4125 1925 4203; baseline 0.002 -21"><span class='ocrx_word' id='word_1_299' title='bbox 280 4125 492 4182; x_wconf 67' lang='lat' dir='ltr'>Ciliciae</span> <span class='ocrx_word' id='word_1_300' title='bbox 523 4129 580 4180; x_wconf 90' lang='lat' dir='ltr'>et</span> <span class='ocrx_word' id='word_1_301' title='bbox 607 4125 874 4197; x_wconf 70' lang='lat' dir='ltr'>Assyriis.</span> <span class='ocrx_word' id='word_1_302' title='bbox 909 4125 1119 4192; x_wconf 85' lang='lat' dir='ltr'>Gomer,</span> <span class='ocrx_word' id='word_1_303' title='bbox 1153 4133 1217 4182; x_wconf 90' lang='lat' dir='ltr'>ut</span> <span class='ocrx_word' id='word_1_304' title='bbox 1265 4128 1556 4200; x_wconf 86' lang='lat' dir='ltr'>Josephus</span> <span class='ocrx_word' id='word_1_305' title='bbox 1611 4130 1769 4196; x_wconf 90' lang='lat' dir='ltr'>dicit,</span> <span class='ocrx_word' id='word_1_306' title='bbox 1812 4131 1925 4203; x_wconf 91' lang='lat' dir='ltr'>ipsi</span> 
     </span>
    </p>
   </div>
   <div class='ocr_carea' id='block_1_44' title="bbox 281 4213 1922 4294">
    <p class='ocr_par' dir='ltr' id='par_1_44' title="bbox 281 4213 1922 4294">
     <span class='ocr_line' id='line_1_44' title="bbox 281 4213 1922 4294; baseline 0.003 -22"><span class='ocrx_word' id='word_1_307' title='bbox 281 4220 424 4273; x_wconf 86' lang='lat' dir='ltr'>sunt</span> <span class='ocrx_word' id='word_1_308' title='bbox 447 4213 660 4271; x_wconf 72' lang='lat' dir='ltr'>Galatas</span> <span class='ocrx_word' id='word_1_309' title='bbox 693 4215 792 4286; x_wconf 90' lang='lat' dir='ltr'>qui</span> <span class='ocrx_word' id='word_1_310' title='bbox 827 4215 1029 4271; x_wconf 90' lang='lat' dir='ltr'>Latine</span> <span class='ocrx_word' id='word_1_311' title='bbox 1059 4215 1398 4288; x_wconf 76' lang='lat' dir='ltr'>Gallograeci</span> <span class='ocrx_word' id='word_1_312' title='bbox 1430 4217 1922 4294; x_wconf 84' lang='lat' dir='ltr'>dicuntur.Magog</span> 
     </span>
    </p>
   </div>
   <div class='ocr_carea' id='block_1_45' title="bbox 282 4304 1926 4379">
    <p class='ocr_par' dir='ltr' id='par_1_45' title="bbox 282 4304 1926 4379">
     <span class='ocr_line' id='line_1_45' title="bbox 282 4304 1926 4379; baseline 0.003 -18"><span class='ocrx_word' id='word_1_313' title='bbox 282 4321 428 4379; x_wconf 91' lang='lat' dir='ltr'>quos</span> <span class='ocrx_word' id='word_1_314' title='bbox 458 4304 696 4376; x_wconf 90' lang='lat' dir='ltr'>quidam</span> <span class='ocrx_word' id='word_1_315' title='bbox 731 4308 940 4375; x_wconf 90' lang='lat' dir='ltr'>putant</span> <span class='ocrx_word' id='word_1_316' title='bbox 969 4305 1531 4377; x_wconf 84' lang='lat' dir='ltr'>Massagetas.Madai</span> <span class='ocrx_word' id='word_1_317' title='bbox 1559 4309 1731 4376; x_wconf 88' lang='lat' dir='ltr'>Medi,</span> <span class='ocrx_word' id='word_1_318' title='bbox 1752 4312 1926 4366; x_wconf 89' lang='lat' dir='ltr'>Javan</span> 
     </span>
    </p>
   </div>
   <div class='ocr_carea' id='block_1_46' title="bbox 281 4385 1926 4471">
    <p class='ocr_par' dir='ltr' id='par_1_46' title="bbox 281 4385 1926 4471">
     <span class='ocr_line' id='line_1_46' title="bbox 281 4385 1926 4471; baseline 0.002 -20"><span class='ocrx_word' id='word_1_319' title='bbox 281 4385 588 4465; x_wconf 85' lang='lat' dir='ltr'>Jones,qui</span> <span class='ocrx_word' id='word_1_320' title='bbox 622 4397 678 4448; x_wconf 89' lang='lat' dir='ltr'>et</span> <span class='ocrx_word' id='word_1_321' title='bbox 703 4391 946 4461; x_wconf 83' lang='lat' dir='ltr'>Graeci,a</span> <span class='ocrx_word' id='word_1_322' title='bbox 971 4393 1186 4464; x_wconf 90' lang='lat' dir='ltr'>quibus</span> <span class='ocrx_word' id='word_1_323' title='bbox 1201 4394 1440 4449; x_wconf 84' lang='lat' dir='ltr'>Jonium</span> <span class='ocrx_word' id='word_1_324' title='bbox 1465 4413 1624 4454; x_wconf 86' lang='lat' dir='ltr'>mare</span> <span class='ocrx_word' id='word_1_325' title='bbox 1645 4403 1701 4454; x_wconf 93' lang='lat' dir='ltr'>et</span> <span class='ocrx_word' id='word_1_326' title='bbox 1723 4399 1926 4471; x_wconf 90' lang='lat' dir='ltr'>quinta</span> 
     </span>
    </p>
   </div>
   <div class='ocr_carea' id='block_1_47' title="bbox 282 4482 1925 4561">
    <p class='ocr_par' dir='ltr' id='par_1_47' title="bbox 282 4482 1925 4561">
     <span class='ocr_line' id='line_1_47' title="bbox 282 4482 1925 4561; baseline 0.003 -22"><span class='ocrx_word' id='word_1_327' title='bbox 282 4500 482 4540; x_wconf 89' lang='lat' dir='ltr'>eorum</span> <span class='ocrx_word' id='word_1_328' title='bbox 504 4482 1346 4555; x_wconf 85' lang='lat' dir='ltr'>linguaJonicadicitur.Tubal</span> <span class='ocrx_word' id='word_1_329' title='bbox 1364 4485 1554 4542; x_wconf 88' lang='lat' dir='ltr'>[heres</span> <span class='ocrx_word' id='word_1_330' title='bbox 1572 4489 1925 4561; x_wconf 86' lang='lat' dir='ltr'>quosHispa-</span> 
     </span>
    </p>
   </div>
   <div class='ocr_carea' id='block_1_48' title="bbox 2029 537 3675 612">
    <p class='ocr_par' dir='ltr' id='par_1_48' title="bbox 2029 537 3675 612">
     <span class='ocr_line' id='line_1_48' title="bbox 2029 537 3675 612; baseline -0.002 -15"><span class='ocrx_word' id='word_1_331' title='bbox 2029 543 2169 597; x_wconf 91' lang='lat' dir='ltr'>dum</span> <span class='ocrx_word' id='word_1_332' title='bbox 2191 541 2569 597; x_wconf 87' lang='lat' dir='ltr'>est.Necdum</span> <span class='ocrx_word' id='word_1_333' title='bbox 2592 540 2747 596; x_wconf 91' lang='lat' dir='ltr'>enim</span> <span class='ocrx_word' id='word_1_334' title='bbox 2764 540 2971 596; x_wconf 87' lang='lat' dir='ltr'>divisio</span> <span class='ocrx_word' id='word_1_335' title='bbox 2991 539 3326 612; x_wconf 87' lang='lat' dir='ltr'>linguarum</span> <span class='ocrx_word' id='word_1_336' title='bbox 3351 537 3503 594; x_wconf 87' lang='lat' dir='ltr'>facta</span> <span class='ocrx_word' id='word_1_337' title='bbox 3527 542 3675 594; x_wconf 77' lang='lat' dir='ltr'>erat.</span> 
     </span>
    </p>
   </div>
   <div class='ocr_carea' id='block_1_49' title="bbox 2099 627 3684 702">
    <p class='ocr_par' dir='ltr' id='par_1_49' title="bbox 2099 627 3684 702">
     <span class='ocr_line' id='line_1_49' title="bbox 2099 627 3684 702; baseline 0 -19"><span class='ocrx_word' id='word_1_338' title='bbox 2099 634 2264 686; x_wconf 90' lang='lat' dir='ltr'>Vers.</span> <span class='ocrx_word' id='word_1_339' title='bbox 2296 633 2350 684; x_wconf 89' lang='lat'>6.</span> <span class='ocrx_word' id='word_1_340' title='bbox 2386 632 2518 685; x_wconf 80' lang='lat' dir='ltr'>Filii</span> <span class='ocrx_word' id='word_1_341' title='bbox 2580 629 2752 685; x_wconf 84' lang='lat' dir='ltr'>Cbam</span> <span class='ocrx_word' id='word_1_342' title='bbox 2812 629 2975 686; x_wconf 81' lang='lat' dir='ltr'>Chus.</span> <span class='ocrx_word' id='word_1_343' title='bbox 3042 631 3172 702; x_wconf 90' lang='lat' dir='ltr'>Ipsa</span> <span class='ocrx_word' id='word_1_344' title='bbox 3228 630 3317 683; x_wconf 88' lang='lat' dir='ltr'>est</span> <span class='ocrx_word' id='word_1_345' title='bbox 3368 627 3684 700; x_wconf 73' lang='lat' dir='ltr'>Ethiopia,</span> 
     </span>
    </p>
   </div>
   <div class='ocr_carea' id='block_1_50' title="bbox 2029 715 3686 791">
    <p class='ocr_par' dir='ltr' id='par_1_50' title="bbox 2029 715 3686 791">
     <span class='ocr_line' id='line_1_50' title="bbox 2029 715 3686 791; baseline 0 -18"><span class='ocrx_word' id='word_1_346' title='bbox 2029 719 2280 776; x_wconf 79' lang='lat' dir='ltr'>Mesraim</span> <span class='ocrx_word' id='word_1_347' title='bbox 2311 723 2615 791; x_wconf 71' lang='lat' dir='ltr'>.‘Egyptus,</span> <span class='ocrx_word' id='word_1_348' title='bbox 2673 719 2861 774; x_wconf 84' lang='lat' dir='ltr'>Phuth</span> <span class='ocrx_word' id='word_1_349' title='bbox 2910 719 3106 790; x_wconf 80' lang='lat' dir='ltr'>Libya,</span> <span class='ocrx_word' id='word_1_350' title='bbox 3160 717 3316 772; x_wconf 90' lang='lat' dir='ltr'>unde</span> <span class='ocrx_word' id='word_1_351' title='bbox 3359 722 3418 772; x_wconf 90' lang='lat' dir='ltr'>et</span> <span class='ocrx_word' id='word_1_352' title='bbox 3473 715 3686 773; x_wconf 86' lang='lat' dir='ltr'>ﬂuvius</span> 
     </span>
    </p>
   </div>
   <div class='ocr_carea' id='block_1_51' title="bbox 2029 804 3683 880">
    <p class='ocr_par' dir='ltr' id='par_1_51' title="bbox 2029 804 3683 880">
     <span class='ocr_line' id='line_1_51' title="bbox 2029 804 3683 880; baseline -0.002 -17"><span class='ocrx_word' id='word_1_353' title='bbox 2029 809 2390 864; x_wconf 72' lang='lat' dir='ltr'>Mauritaniae</span> <span class='ocrx_word' id='word_1_354' title='bbox 2425 808 2607 862; x_wconf 84' lang='lat' dir='ltr'>Phulh</span> <span class='ocrx_word' id='word_1_355' title='bbox 2666 807 3012 880; x_wconf 87' lang='lat' dir='ltr'>appellatur,</span> <span class='ocrx_word' id='word_1_356' title='bbox 3047 811 3104 862; x_wconf 91' lang='lat' dir='ltr'>et</span> <span class='ocrx_word' id='word_1_357' title='bbox 3153 805 3348 861; x_wconf 88' lang='lat' dir='ltr'>omnis</span> <span class='ocrx_word' id='word_1_358' title='bbox 3395 804 3496 860; x_wconf 87' lang='lat' dir='ltr'>illa</span> <span class='ocrx_word' id='word_1_359' title='bbox 3527 805 3683 878; x_wconf 86' lang='lat' dir='ltr'>regio</span> 
     </span>
    </p>
   </div>
   <div class='ocr_carea' id='block_1_52' title="bbox 2033 893 3509 967">
    <p class='ocr_par' dir='ltr' id='par_1_52' title="bbox 2033 893 3509 967">
     <span class='ocr_line' id='line_1_52' title="bbox 2033 893 3509 967; baseline -0.004 -14"><span class='ocrx_word' id='word_1_360' title='bbox 2033 898 2344 953; x_wconf 83' lang='lat' dir='ltr'>Phutensis</span> <span class='ocrx_word' id='word_1_361' title='bbox 2375 897 2609 952; x_wconf 89' lang='lat' dir='ltr'>dicitur.</span> <span class='ocrx_word' id='word_1_362' title='bbox 2648 898 2934 963; x_wconf 84' lang='lat' dir='ltr'>Chanaan,</span> <span class='ocrx_word' id='word_1_363' title='bbox 2969 913 3002 950; x_wconf 90' lang='lat' dir='ltr'>a</span> <span class='ocrx_word' id='word_1_364' title='bbox 3032 911 3146 967; x_wconf 94' lang='lat' dir='ltr'>quo</span> <span class='ocrx_word' id='word_1_365' title='bbox 3177 893 3509 949; x_wconf 70' lang='lat' dir='ltr'>Chananaei.</span> 
     </span>
    </p>
   </div>
   <div class='ocr_carea' id='block_1_53' title="bbox 2102 983 3683 1054">
    <p class='ocr_par' dir='ltr' id='par_1_53' title="bbox 2102 983 3683 1054">
     <span class='ocr_line' id='line_1_53' title="bbox 2102 983 3683 1054; baseline -0.001 -15"><span class='ocrx_word' id='word_1_366' title='bbox 2102 987 2266 1042; x_wconf 87' lang='lat' dir='ltr'>Vers.</span> <span class='ocrx_word' id='word_1_367' title='bbox 2299 989 2354 1042; x_wconf 89' lang='lat'>7.</span> <span class='ocrx_word' id='word_1_368' title='bbox 2390 987 2521 1040; x_wconf 84' lang='lat' dir='ltr'>Filii</span> <span class='ocrx_word' id='word_1_369' title='bbox 2581 985 2722 1040; x_wconf 69' lang='lat' dir='ltr'>(Ilius</span> <span class='ocrx_word' id='word_1_370' title='bbox 2777 986 2940 1040; x_wconf 84' lang='lat' dir='ltr'>Saba.</span> <span class='ocrx_word' id='word_1_371' title='bbox 2994 985 3054 1040; x_wconf 91' lang='lat' dir='ltr'>Id</span> <span class='ocrx_word' id='word_1_372' title='bbox 3125 988 3232 1050; x_wconf 90' lang='lat' dir='ltr'>est,</span> <span class='ocrx_word' id='word_1_373' title='bbox 3266 983 3479 1038; x_wconf 86' lang='lat' dir='ltr'>Arabia</span> <span class='ocrx_word' id='word_1_374' title='bbox 3524 983 3683 1054; x_wconf 89' lang='lat' dir='ltr'>regio</span> 
     </span>
    </p>
   </div>
   <div class='ocr_carea' id='block_1_54' title="bbox 2029 1071 3682 1146">
    <p class='ocr_par' dir='ltr' id='par_1_54' title="bbox 2029 1071 3682 1146">
     <span class='ocr_line' id='line_1_54' title="bbox 2029 1071 3682 1146; baseline -0.002 -16"><span class='ocrx_word' id='word_1_375' title='bbox 2029 1075 2334 1130; x_wconf 82' lang='lat' dir='ltr'>thurilera.</span> <span class='ocrx_word' id='word_1_376' title='bbox 2370 1076 2558 1130; x_wconf 83' lang='lat' dir='ltr'>Hevila</span> <span class='ocrx_word' id='word_1_377' title='bbox 2594 1092 2724 1146; x_wconf 89' lang='lat' dir='ltr'>pars</span> <span class='ocrx_word' id='word_1_378' title='bbox 2757 1074 3057 1146; x_wconf 58' lang='lat' dir='ltr'>[Ethiopiae</span> <span class='ocrx_word' id='word_1_379' title='bbox 3091 1071 3682 1129; x_wconf 82' lang='lat' dir='ltr'>Oocidentalis.Saba-</span> 
     </span>
    </p>
   </div>
   <div class='ocr_carea' id='block_1_55' title="bbox 2029 1161 3685 1235">
    <p class='ocr_par' dir='ltr' id='par_1_55' title="bbox 2029 1161 3685 1235">
     <span class='ocr_line' id='line_1_55' title="bbox 2029 1161 3685 1235; baseline -0.001 -16"><span class='ocrx_word' id='word_1_380' title='bbox 2029 1165 2143 1235; x_wconf 76' lang='lat' dir='ltr'>the,</span> <span class='ocrx_word' id='word_1_381' title='bbox 2181 1165 2378 1232; x_wconf 84' lang='lat' dir='ltr'>Regma</span> <span class='ocrx_word' id='word_1_382' title='bbox 2407 1171 2457 1219; x_wconf 85' lang='lat' dir='ltr'>et</span> <span class='ocrx_word' id='word_1_383' title='bbox 2493 1164 2818 1218; x_wconf 84' lang='lat' dir='ltr'>Sabatacha.</span> <span class='ocrx_word' id='word_1_384' title='bbox 2844 1163 3061 1218; x_wconf 88' lang='lat' dir='ltr'>Horum</span> <span class='ocrx_word' id='word_1_385' title='bbox 3095 1161 3334 1232; x_wconf 89' lang='lat' dir='ltr'>nomina</span> <span class='ocrx_word' id='word_1_386' title='bbox 3363 1163 3434 1217; x_wconf 89' lang='lat' dir='ltr'>ab</span> <span class='ocrx_word' id='word_1_387' title='bbox 3465 1178 3576 1216; x_wconf 85' lang='lat' dir='ltr'>usu</span> <span class='ocrx_word' id='word_1_388' title='bbox 3600 1177 3685 1217; x_wconf 81' lang='lat' dir='ltr'>re-</span> 
     </span>
    </p>
   </div>
   <div class='ocr_carea' id='block_1_56' title="bbox 2033 1249 3680 1324">
    <p class='ocr_par' dir='ltr' id='par_1_56' title="bbox 2033 1249 3680 1324">
     <span class='ocr_line' id='line_1_56' title="bbox 2033 1249 3680 1324; baseline -0.001 -17"><span class='ocrx_word' id='word_1_389' title='bbox 2033 1257 2354 1317; x_wconf 87' lang='lat' dir='ltr'>cesserunt,</span> <span class='ocrx_word' id='word_1_390' title='bbox 2381 1257 2440 1307; x_wconf 92' lang='lat' dir='ltr'>et</span> <span class='ocrx_word' id='word_1_391' title='bbox 2469 1269 2597 1324; x_wconf 66' lang='lat' dir='ltr'>qua:</span> <span class='ocrx_word' id='word_1_392' title='bbox 2637 1268 2740 1324; x_wconf 93' lang='lat' dir='ltr'>pro</span> <span class='ocrx_word' id='word_1_393' title='bbox 2771 1251 2856 1307; x_wconf 90' lang='lat' dir='ltr'>eis</span> <span class='ocrx_word' id='word_1_394' title='bbox 2888 1267 3042 1306; x_wconf 90' lang='lat' dir='ltr'>nunc</span> <span class='ocrx_word' id='word_1_395' title='bbox 3091 1249 3418 1306; x_wconf 88' lang='lat' dir='ltr'>habeantur</span> <span class='ocrx_word' id='word_1_396' title='bbox 3449 1251 3680 1322; x_wconf 85' lang='lat' dir='ltr'>ignora-</span> 
     </span>
    </p>
   </div>
   <div class='ocr_carea' id='block_1_57' title="bbox 2034 1339 3680 1412">
    <p class='ocr_par' dir='ltr' id='par_1_57' title="bbox 2034 1339 3680 1412">
     <span class='ocr_line' id='line_1_57' title="bbox 2034 1339 3680 1412; baseline -0.002 -15"><span class='ocrx_word' id='word_1_397' title='bbox 2034 1360 2186 1398; x_wconf 89' lang='lat' dir='ltr'>mus.</span> <span class='ocrx_word' id='word_1_398' title='bbox 2219 1343 2351 1396; x_wconf 82' lang='lat' dir='ltr'>Filii</span> <span class='ocrx_word' id='word_1_399' title='bbox 2379 1343 2578 1412; x_wconf 84' lang='lat' dir='ltr'>Regma</span> <span class='ocrx_word' id='word_1_400' title='bbox 2635 1339 2796 1396; x_wconf 86' lang='lat' dir='ltr'>Saba.</span> <span class='ocrx_word' id='word_1_401' title='bbox 2862 1340 2987 1395; x_wconf 82' lang='lat' dir='ltr'>Alia</span> <span class='ocrx_word' id='word_1_402' title='bbox 3039 1344 3126 1396; x_wconf 91' lang='lat' dir='ltr'>est</span> <span class='ocrx_word' id='word_1_403' title='bbox 3157 1339 3278 1394; x_wconf 80' lang='lat' dir='ltr'>haec</span> <span class='ocrx_word' id='word_1_404' title='bbox 3327 1339 3474 1394; x_wconf 88' lang='lat' dir='ltr'>Saba</span> <span class='ocrx_word' id='word_1_405' title='bbox 3503 1355 3680 1411; x_wconf 89' lang='lat' dir='ltr'>quam</span> 
     </span>
    </p>
   </div>
   <div class='ocr_carea' id='block_1_58' title="bbox 2032 1427 3680 1503">
    <p class='ocr_par' dir='ltr' id='par_1_58' title="bbox 2032 1427 3680 1503">
     <span class='ocr_line' id='line_1_58' title="bbox 2032 1427 3680 1503; baseline -0.001 -18"><span class='ocrx_word' id='word_1_406' title='bbox 2032 1431 2130 1486; x_wconf 89' lang='lat' dir='ltr'>illa</span> <span class='ocrx_word' id='word_1_407' title='bbox 2159 1447 2286 1503; x_wconf 64' lang='lat' dir='ltr'>qua&quot;:</span> <span class='ocrx_word' id='word_1_408' title='bbox 2320 1430 2592 1502; x_wconf 91' lang='lat' dir='ltr'>superius</span> <span class='ocrx_word' id='word_1_409' title='bbox 2640 1429 2874 1502; x_wconf 88' lang='lat' dir='ltr'>legitur,</span> <span class='ocrx_word' id='word_1_410' title='bbox 2933 1433 2989 1484; x_wconf 92' lang='lat' dir='ltr'>et</span> <span class='ocrx_word' id='word_1_411' title='bbox 3047 1429 3239 1484; x_wconf 71' lang='lat' dir='ltr'>differt</span> <span class='ocrx_word' id='word_1_412' title='bbox 3265 1428 3322 1483; x_wconf 89' lang='lat' dir='ltr'>in</span> <span class='ocrx_word' id='word_1_413' title='bbox 3355 1427 3680 1500; x_wconf 87' lang='lat' dir='ltr'>Scriptura.</span> 
     </span>
    </p>
   </div>
   <div class='ocr_carea' id='block_1_59' title="bbox 2033 1515 3682 1591">
    <p class='ocr_par' dir='ltr' id='par_1_59' title="bbox 2033 1515 3682 1591">
     <span class='ocr_line' id='line_1_59' title="bbox 2033 1515 3682 1591; baseline -0.002 -16"><span class='ocrx_word' id='word_1_414' title='bbox 2033 1521 2178 1575; x_wconf 90' lang='lat' dir='ltr'>Nam</span> <span class='ocrx_word' id='word_1_415' title='bbox 2211 1519 2311 1576; x_wconf 91' lang='lat' dir='ltr'>illa</span> <span class='ocrx_word' id='word_1_416' title='bbox 2338 1536 2441 1591; x_wconf 90' lang='lat' dir='ltr'>per</span> <span class='ocrx_word' id='word_1_417' title='bbox 2470 1520 2591 1589; x_wconf 86' lang='lat' dir='ltr'>Sin,</span> <span class='ocrx_word' id='word_1_418' title='bbox 2625 1519 2746 1574; x_wconf 68' lang='lat' dir='ltr'>haec</span> <span class='ocrx_word' id='word_1_419' title='bbox 2779 1535 2880 1590; x_wconf 90' lang='lat' dir='ltr'>per</span> <span class='ocrx_word' id='word_1_420' title='bbox 2927 1517 3153 1573; x_wconf 87' lang='lat' dir='ltr'>Samech</span> <span class='ocrx_word' id='word_1_421' title='bbox 3203 1517 3501 1572; x_wconf 90' lang='lat' dir='ltr'>scribitur.</span> <span class='ocrx_word' id='word_1_422' title='bbox 3535 1515 3682 1572; x_wconf 83' lang='lat' dir='ltr'>Nam</span> 
     </span>
    </p>
   </div>
   <div class='ocr_carea' id='block_1_60' title="bbox 2034 1606 3684 1678">
    <p class='ocr_par' dir='ltr' id='par_1_60' title="bbox 2034 1606 3684 1678">
     <span class='ocr_line' id='line_1_60' title="bbox 2034 1606 3684 1678; baseline -0.003 -13"><span class='ocrx_word' id='word_1_423' title='bbox 2034 1614 2090 1665; x_wconf 91' lang='lat' dir='ltr'>et</span> <span class='ocrx_word' id='word_1_424' title='bbox 2120 1610 2176 1663; x_wconf 89' lang='lat' dir='ltr'>in</span> <span class='ocrx_word' id='word_1_425' title='bbox 2211 1608 2440 1664; x_wconf 87' lang='lat' dir='ltr'>Psalmo</span> <span class='ocrx_word' id='word_1_426' title='bbox 2473 1608 2572 1663; x_wconf 92' lang='lat' dir='ltr'>ubi</span> <span class='ocrx_word' id='word_1_427' title='bbox 2605 1625 2711 1664; x_wconf 91' lang='lat' dir='ltr'>nos</span> <span class='ocrx_word' id='word_1_428' title='bbox 2761 1607 3027 1663; x_wconf 89' lang='lat' dir='ltr'>canimus</span> <span class='ocrx_word' id='word_1_429' title='bbox 3059 1625 3070 1662; x_wconf 94' lang='lat'>:</span> <span class='ocrx_word' id='word_1_430' title='bbox 3128 1608 3290 1678; x_wconf 82' lang='lat' dir='ltr'>Reges</span> <span class='ocrx_word' id='word_1_431' title='bbox 3346 1606 3584 1661; x_wconf 85' lang='lat' dir='ltr'>Arabum</span> <span class='ocrx_word' id='word_1_432' title='bbox 3631 1609 3684 1661; x_wconf 83' lang='lat' dir='ltr'>et</span> 
     </span>
    </p>
   </div>
   <div class='ocr_carea' id='block_1_61' title="bbox 2033 1695 3678 1769">
    <p class='ocr_par' dir='ltr' id='par_1_61' title="bbox 2033 1695 3678 1769">
     <span class='ocr_line' id='line_1_61' title="bbox 2033 1695 3678 1769; baseline 0.001 -19"><span class='ocrx_word' id='word_1_433' title='bbox 2033 1698 2176 1752; x_wconf 82' lang='lat' dir='ltr'>Saba</span> <span class='ocrx_word' id='word_1_434' title='bbox 2207 1699 2383 1769; x_wconf 86' lang='lat' dir='ltr'>(PsaI.</span> <span class='ocrx_word' id='word_1_435' title='bbox 2419 1715 2568 1766; x_wconf 80' lang='lat' dir='ltr'>LXXI,</span> <span class='ocrx_word' id='word_1_436' title='bbox 2607 1698 2715 1768; x_wconf 85' lang='grc'>10),</span> <span class='ocrx_word' id='word_1_437' title='bbox 2769 1696 2828 1752; x_wconf 90' lang='lat' dir='ltr'>in</span> <span class='ocrx_word' id='word_1_438' title='bbox 2876 1696 3114 1752; x_wconf 70' lang='lat' dir='ltr'>Hebraeo</span> <span class='ocrx_word' id='word_1_439' title='bbox 3172 1695 3457 1752; x_wconf 88' lang='lat' dir='ltr'>habetur:</span> <span class='ocrx_word' id='word_1_440' title='bbox 3493 1695 3678 1768; x_wconf 84' lang='lat' dir='ltr'>Reges</span> 
     </span>
    </p>
   </div>
   <div class='ocr_carea' id='block_1_62' title="bbox 2037 1784 3572 1858">
    <p class='ocr_par' dir='ltr' id='par_1_62' title="bbox 2037 1784 3572 1858">
     <span class='ocr_line' id='line_1_62' title="bbox 2037 1784 3572 1858; baseline -0.001 -17"><span class='ocrx_word' id='word_1_441' title='bbox 2037 1786 2177 1841; x_wconf 85' lang='lat' dir='ltr'>Saba</span> <span class='ocrx_word' id='word_1_442' title='bbox 2206 1795 2256 1842; x_wconf 87' lang='lat' dir='ltr'>et</span> <span class='ocrx_word' id='word_1_443' title='bbox 2287 1786 2449 1842; x_wconf 86' lang='lat' dir='ltr'>Saba.</span> <span class='ocrx_word' id='word_1_444' title='bbox 2481 1786 2674 1841; x_wconf 86' lang='lat' dir='ltr'>Dadan</span> <span class='ocrx_word' id='word_1_445' title='bbox 2707 1785 3007 1858; x_wconf 63' lang='lat' dir='ltr'>fEthiopiae</span> <span class='ocrx_word' id='word_1_446' title='bbox 3039 1785 3251 1841; x_wconf 92' lang='lat' dir='ltr'>ultima</span> <span class='ocrx_word' id='word_1_447' title='bbox 3277 1784 3434 1858; x_wconf 88' lang='lat' dir='ltr'>regio</span> <span class='ocrx_word' id='word_1_448' title='bbox 3465 1788 3572 1840; x_wconf 89' lang='lat' dir='ltr'>est.</span> 
     </span>
    </p>
   </div>
   <div class='ocr_carea' id='block_1_63' title="bbox 2106 1891 3683 1964">
    <p class='ocr_par' dir='ltr' id='par_1_63' title="bbox 2106 1891 3683 1964">
     <span class='ocr_line' id='line_1_63' title="bbox 2106 1891 3683 1964; baseline 0.004 -22"><span class='ocrx_word' id='word_1_449' title='bbox 2106 1893 2267 1948; x_wconf 77' lang='lat' dir='ltr'>Vers.</span> <span class='ocrx_word' id='word_1_450' title='bbox 2296 1895 2350 1947; x_wconf 92' lang='lat'>8.</span> <span class='ocrx_word' id='word_1_451' title='bbox 2379 1893 2525 1947; x_wconf 86' lang='lat' dir='ltr'>Chus</span> <span class='ocrx_word' id='word_1_452' title='bbox 2554 1895 2744 1964; x_wconf 85' lang='lat' dir='ltr'>genuit</span> <span class='ocrx_word' id='word_1_453' title='bbox 2772 1891 3002 1948; x_wconf 88' lang='lat' dir='ltr'>Nemrod</span> <span class='ocrx_word' id='word_1_454' title='bbox 3031 1893 3125 1964; x_wconf 76' lang='grc' dir='ltr'>(ἀ).</span> <span class='ocrx_word' id='word_1_455' title='bbox 3151 1891 3231 1948; x_wconf 90' lang='lat' dir='ltr'>De</span> <span class='ocrx_word' id='word_1_456' title='bbox 3255 1891 3366 1947; x_wconf 90' lang='lat' dir='ltr'>hoc</span> <span class='ocrx_word' id='word_1_457' title='bbox 3392 1891 3683 1964; x_wconf 82' lang='lat' dir='ltr'>Josephus</span> 
     </span>
    </p>
   </div>
   <div class='ocr_carea' id='block_1_64' title="bbox 2035 1980 3683 2054">
    <p class='ocr_par' dir='ltr' id='par_1_64' title="bbox 2035 1980 3683 2054">
     <span class='ocr_line' id='line_1_64' title="bbox 2035 1980 3683 2054; baseline 0 -17"><span class='ocrx_word' id='word_1_458' title='bbox 2035 1983 2337 2054; x_wconf 90' lang='lat' dir='ltr'>dicitquod</span> <span class='ocrx_word' id='word_1_459' title='bbox 2365 1999 2513 2037; x_wconf 90' lang='lat' dir='ltr'>nova</span> <span class='ocrx_word' id='word_1_460' title='bbox 2530 1981 2690 2054; x_wconf 89' lang='lat' dir='ltr'>regni</span> <span class='ocrx_word' id='word_1_461' title='bbox 2705 1981 3022 2054; x_wconf 82' lang='lat' dir='ltr'>cupiditate</span> <span class='ocrx_word' id='word_1_462' title='bbox 3039 1980 3404 2054; x_wconf 82' lang='lat' dir='ltr'>tyrannidem</span> <span class='ocrx_word' id='word_1_463' title='bbox 3428 1980 3683 2053; x_wconf 54' lang='lat' dir='ltr'>arripue.</span> 
     </span>
    </p>
   </div>
   <div class='ocr_carea' id='block_1_65' title="bbox 2037 2069 3681 2143">
    <p class='ocr_par' dir='ltr' id='par_1_65' title="bbox 2037 2069 3681 2143">
     <span class='ocr_line' id='line_1_65' title="bbox 2037 2069 3681 2143; baseline -0.001 -17"><span class='ocrx_word' id='word_1_464' title='bbox 2037 2071 2330 2143; x_wconf 88' lang='lat' dir='ltr'>rit,ignem</span> <span class='ocrx_word' id='word_1_465' title='bbox 2366 2089 2466 2143; x_wconf 92' lang='lat' dir='ltr'>pro</span> <span class='ocrx_word' id='word_1_466' title='bbox 2501 2077 2613 2126; x_wconf 91' lang='lat' dir='ltr'>Deo</span> <span class='ocrx_word' id='word_1_467' title='bbox 2646 2070 2914 2138; x_wconf 90' lang='lat' dir='ltr'>coluit,et</span> <span class='ocrx_word' id='word_1_468' title='bbox 2945 2070 3069 2142; x_wconf 90' lang='lat' dir='ltr'>ipse</span> <span class='ocrx_word' id='word_1_469' title='bbox 3099 2073 3303 2125; x_wconf 87' lang='lat' dir='ltr'>auctor</span> <span class='ocrx_word' id='word_1_470' title='bbox 3333 2069 3576 2126; x_wconf 81' lang='lat' dir='ltr'>existitit</span> <span class='ocrx_word' id='word_1_471' title='bbox 3605 2088 3681 2125; x_wconf 71' lang='lat' dir='ltr'>a3-</span> 
     </span>
    </p>
   </div>
   <div class='ocr_carea' id='block_1_66' title="bbox 2036 2157 3679 2230">
    <p class='ocr_par' dir='ltr' id='par_1_66' title="bbox 2036 2157 3679 2230">
     <span class='ocr_line' id='line_1_66' title="bbox 2036 2157 3679 2230; baseline -0.001 -14"><span class='ocrx_word' id='word_1_472' title='bbox 2036 2161 2340 2216; x_wconf 72' lang='lat' dir='ltr'>dillcandae</span> <span class='ocrx_word' id='word_1_473' title='bbox 2359 2161 2538 2216; x_wconf 85' lang='lat' dir='ltr'>turris</span> <span class='ocrx_word' id='word_1_474' title='bbox 2558 2161 2728 2230; x_wconf 87' lang='lat' dir='ltr'>cujus</span> <span class='ocrx_word' id='word_1_475' title='bbox 2769 2176 3047 2214; x_wconf 90' lang='lat' dir='ltr'>cacumen</span> <span class='ocrx_word' id='word_1_476' title='bbox 3073 2159 3428 2230; x_wconf 85' lang='lat' dir='ltr'>conlingeret</span> <span class='ocrx_word' id='word_1_477' title='bbox 3448 2157 3679 2215; x_wconf 60' lang='lat' dir='ltr'>coelum.</span> 
     </span>
    </p>
   </div>
   <div class='ocr_carea' id='block_1_67' title="bbox 2105 2248 3680 2306">
    <p class='ocr_par' dir='ltr' id='par_1_67' title="bbox 2105 2248 3680 2306">
     <span class='ocr_line' id='line_1_67' title="bbox 2105 2248 3680 2306; baseline 0 -4"><span class='ocrx_word' id='word_1_478' title='bbox 2105 2248 2269 2304; x_wconf 83' lang='lat' dir='ltr'>Vers.</span> <span class='ocrx_word' id='word_1_479' title='bbox 2303 2251 2356 2303; x_wconf 86' lang='lat'>9.</span> <span class='ocrx_word' id='word_1_480' title='bbox 2390 2251 2455 2304; x_wconf 88' lang='lat' dir='ltr'>Et</span> <span class='ocrx_word' id='word_1_481' title='bbox 2483 2253 2598 2306; x_wconf 87' lang='lat' dir='ltr'>erat</span> <span class='ocrx_word' id='word_1_482' title='bbox 2627 2249 2877 2304; x_wconf 78' lang='lat' dir='ltr'>robustus</span> <span class='ocrx_word' id='word_1_483' title='bbox 2925 2257 3147 2304; x_wconf 76' lang='lat' dir='ltr'>venator</span> <span class='ocrx_word' id='word_1_484' title='bbox 3201 2263 3385 2303; x_wconf 88' lang='lat' dir='ltr'>coram</span> <span class='ocrx_word' id='word_1_485' title='bbox 3431 2248 3680 2304; x_wconf 88' lang='lat' dir='ltr'>Domino.</span> 
     </span>
    </p>
   </div>
   <div class='ocr_carea' id='block_1_68' title="bbox 2035 2336 3682 2403">
    <p class='ocr_par' dir='ltr' id='par_1_68' title="bbox 2035 2336 3682 2403">
     <span class='ocr_line' id='line_1_68' title="bbox 2035 2336 3682 2403; baseline 0 -11"><span class='ocrx_word' id='word_1_486' title='bbox 2035 2337 2367 2394; x_wconf 86' lang='lat' dir='ltr'>Venebatur</span> <span class='ocrx_word' id='word_1_487' title='bbox 2397 2339 2552 2394; x_wconf 89' lang='lat' dir='ltr'>enim</span> <span class='ocrx_word' id='word_1_488' title='bbox 2586 2337 2816 2394; x_wconf 87' lang='lat' dir='ltr'>animas</span> <span class='ocrx_word' id='word_1_489' title='bbox 2850 2337 2919 2392; x_wconf 91' lang='lat' dir='ltr'>ad</span> <span class='ocrx_word' id='word_1_490' title='bbox 2975 2336 3296 2403; x_wconf 89' lang='lat' dir='ltr'>interitum,</span> <span class='ocrx_word' id='word_1_491' title='bbox 3331 2336 3549 2392; x_wconf 77' lang='lat' dir='ltr'>faciens</span> <span class='ocrx_word' id='word_1_492' title='bbox 3578 2336 3682 2392; x_wconf 83' lang='lat' dir='ltr'>ho-</span> 
     </span>
    </p>
   </div>
   <div class='ocr_carea' id='block_1_69' title="bbox 2036 2425 3685 2500">
    <p class='ocr_par' dir='ltr' id='par_1_69' title="bbox 2036 2425 3685 2500">
     <span class='ocr_line' id='line_1_69' title="bbox 2036 2425 3685 2500; baseline -0.001 -18"><span class='ocrx_word' id='word_1_493' title='bbox 2036 2428 2256 2482; x_wconf 88' lang='lat' dir='ltr'>minem</span> <span class='ocrx_word' id='word_1_494' title='bbox 2290 2429 2481 2500; x_wconf 85' lang='lat' dir='ltr'>ignem</span> <span class='ocrx_word' id='word_1_495' title='bbox 2519 2427 2918 2483; x_wconf 85' lang='lat' dir='ltr'>adorare.Alia</span> <span class='ocrx_word' id='word_1_496' title='bbox 2947 2426 3251 2481; x_wconf 83' lang='lat' dir='ltr'>translatio</span> <span class='ocrx_word' id='word_1_497' title='bbox 3284 2425 3458 2481; x_wconf 88' lang='lat' dir='ltr'>dicit:</span> <span class='ocrx_word' id='word_1_498' title='bbox 3492 2430 3685 2482; x_wconf 86' lang='lat' dir='ltr'>contra</span> 
     </span>
    </p>
   </div>
   <div class='ocr_carea' id='block_1_70' title="bbox 2035 2518 2351 2572">
    <p class='ocr_par' dir='ltr' id='par_1_70' title="bbox 2035 2518 2351 2572">
     <span class='ocr_line' id='line_1_70' title="bbox 2035 2518 2351 2572; baseline 0 -2"><span class='ocrx_word' id='word_1_499' title='bbox 2035 2518 2351 2572; x_wconf 88' lang='lat' dir='ltr'>Dominum.</span> 
     </span>
    </p>
   </div>
   <div class='ocr_carea' id='block_1_71' title="bbox 2107 2602 3683 2676">
    <p class='ocr_par' dir='ltr' id='par_1_71' title="bbox 2107 2602 3683 2676">
     <span class='ocr_line' id='line_1_71' title="bbox 2107 2602 3683 2676; baseline 0.001 -18"><span class='ocrx_word' id='word_1_500' title='bbox 2107 2605 2629 2675; x_wconf 79' lang='lat' dir='ltr'>Vers.10.Babylon</span> <span class='ocrx_word' id='word_1_501' title='bbox 2644 2620 2922 2659; x_wconf 66' lang='lat' dir='ltr'>consusno</span> <span class='ocrx_word' id='word_1_502' title='bbox 2940 2603 3438 2676; x_wconf 88' lang='lat' dir='ltr'>interpretaturob</span> <span class='ocrx_word' id='word_1_503' title='bbox 3454 2602 3683 2676; x_wconf 88' lang='lat' dir='ltr'>lingua-</span> 
     </span>
    </p>
   </div>
   <div class='ocr_carea' id='block_1_72' title="bbox 2037 2691 3683 2766">
    <p class='ocr_par' dir='ltr' id='par_1_72' title="bbox 2037 2691 3683 2766">
     <span class='ocr_line' id='line_1_72' title="bbox 2037 2691 3683 2766; baseline 0.001 -18"><span class='ocrx_word' id='word_1_504' title='bbox 2037 2710 2165 2748; x_wconf 90' lang='lat' dir='ltr'>rum</span> <span class='ocrx_word' id='word_1_505' title='bbox 2191 2693 2594 2748; x_wconf 80' lang='lat' dir='ltr'>confusionem</span> <span class='ocrx_word' id='word_1_506' title='bbox 2618 2710 2743 2764; x_wconf 70' lang='lat' dir='ltr'>qua:</span> <span class='ocrx_word' id='word_1_507' title='bbox 2768 2691 2846 2746; x_wconf 95' lang='lat' dir='ltr'>ibi</span> <span class='ocrx_word' id='word_1_508' title='bbox 2871 2692 3022 2748; x_wconf 91' lang='lat' dir='ltr'>facta</span> <span class='ocrx_word' id='word_1_509' title='bbox 3051 2697 3159 2748; x_wconf 91' lang='lat' dir='ltr'>est.</span> <span class='ocrx_word' id='word_1_510' title='bbox 3180 2694 3243 2747; x_wconf 87' lang='lat' dir='ltr'>Et</span> <span class='ocrx_word' id='word_1_511' title='bbox 3264 2694 3470 2749; x_wconf 80' lang='lat' dir='ltr'>Haralh</span> <span class='ocrx_word' id='word_1_512' title='bbox 3491 2691 3683 2766; x_wconf 68' lang='grc' dir='ltr'>[ναις.</span> 
     </span>
    </p>
   </div>
   <div class='ocr_carea' id='block_1_73' title="bbox 2035 2780 3684 2853">
    <p class='ocr_par' dir='ltr' id='par_1_73' title="bbox 2035 2780 3684 2853">
     <span class='ocr_line' id='line_1_73' title="bbox 2035 2780 3684 2853; baseline 0.001 -18"><span class='ocrx_word' id='word_1_513' title='bbox 2035 2781 2258 2853; x_wconf 81' lang='lat' dir='ltr'>Achad].</span> <span class='ocrx_word' id='word_1_514' title='bbox 2270 2781 2402 2853; x_wconf 85' lang='lat' dir='ltr'>Ipsa</span> <span class='ocrx_word' id='word_1_515' title='bbox 2413 2787 2500 2836; x_wconf 92' lang='lat' dir='ltr'>est</span> <span class='ocrx_word' id='word_1_516' title='bbox 2521 2781 2739 2836; x_wconf 85' lang='lat' dir='ltr'>Edessa</span> <span class='ocrx_word' id='word_1_517' title='bbox 2754 2780 3184 2853; x_wconf 69' lang='lat' dir='ltr'>Mesopotamiae</span> <span class='ocrx_word' id='word_1_518' title='bbox 3199 2780 3684 2838; x_wconf 86' lang='lat' dir='ltr'>civitas.Archath</span> 
     </span>
    </p>
   </div>
   <div class='ocr_carea' id='block_1_74' title="bbox 2035 2869 3687 2942">
    <p class='ocr_par' dir='ltr' id='par_1_74' title="bbox 2035 2869 3687 2942">
     <span class='ocr_line' id='line_1_74' title="bbox 2035 2869 3687 2942; baseline 0.001 -18"><span class='ocrx_word' id='word_1_519' title='bbox 2035 2869 2230 2942; x_wconf 78' lang='lat' dir='ltr'>[Vulg</span> <span class='ocrx_word' id='word_1_520' title='bbox 2254 2871 2478 2940; x_wconf 86' lang='lat' dir='ltr'>Achab],</span> <span class='ocrx_word' id='word_1_521' title='bbox 2513 2887 2640 2941; x_wconf 63' lang='lat' dir='ltr'>quae</span> <span class='ocrx_word' id='word_1_522' title='bbox 2694 2886 2846 2925; x_wconf 90' lang='lat' dir='ltr'>nunc</span> <span class='ocrx_word' id='word_1_523' title='bbox 2895 2871 3080 2927; x_wconf 87' lang='lat' dir='ltr'>Nisibi</span> <span class='ocrx_word' id='word_1_524' title='bbox 3116 2870 3349 2926; x_wconf 91' lang='lat' dir='ltr'>dicitur.</span> <span class='ocrx_word' id='word_1_525' title='bbox 3383 2870 3452 2926; x_wconf 90' lang='lat' dir='ltr'>Et</span> <span class='ocrx_word' id='word_1_526' title='bbox 3481 2870 3687 2926; x_wconf 77' lang='lat' dir='ltr'>Catane</span> 
     </span>
    </p>
   </div>
   <div class='ocr_carea' id='block_1_75' title="bbox 2036 2957 3685 3032">
    <p class='ocr_par' dir='ltr' id='par_1_75' title="bbox 2036 2957 3685 3032">
     <span class='ocr_line' id='line_1_75' title="bbox 2036 2957 3685 3032; baseline 0.002 -20"><span class='ocrx_word' id='word_1_527' title='bbox 2036 2963 2171 3030; x_wconf 91' lang='lat' dir='ltr'>Ipsa</span> <span class='ocrx_word' id='word_1_528' title='bbox 2199 2963 2289 3014; x_wconf 92' lang='lat' dir='ltr'>est</span> <span class='ocrx_word' id='word_1_529' title='bbox 2317 2957 2580 3014; x_wconf 86' lang='lat' dir='ltr'>Seleucia</span> <span class='ocrx_word' id='word_1_530' title='bbox 2613 2976 2645 3013; x_wconf 89' lang='lat' dir='ltr'>a</span> <span class='ocrx_word' id='word_1_531' title='bbox 2675 2958 2917 3014; x_wconf 89' lang='lat' dir='ltr'>Seleuco</span> <span class='ocrx_word' id='word_1_532' title='bbox 2952 2977 3084 3032; x_wconf 90' lang='lat' dir='ltr'>rege</span> <span class='ocrx_word' id='word_1_533' title='bbox 3104 2960 3346 3014; x_wconf 71' lang='lat' dir='ltr'>Asiann</span> <span class='ocrx_word' id='word_1_534' title='bbox 3373 2964 3521 3016; x_wconf 88' lang='lat' dir='ltr'>terra</span> <span class='ocrx_word' id='word_1_535' title='bbox 3550 2959 3685 3016; x_wconf 83' lang='lat' dir='ltr'>Sen-</span> 
     </span>
    </p>
   </div>
   <div class='ocr_carea' id='block_1_76' title="bbox 2035 3046 3683 3120">
    <p class='ocr_par' dir='ltr' id='par_1_76' title="bbox 2035 3046 3683 3120">
     <span class='ocr_line' id='line_1_76' title="bbox 2035 3046 3683 3120; baseline 0.001 -18"><span class='ocrx_word' id='word_1_536' title='bbox 2035 3065 2209 3103; x_wconf 84' lang='lat' dir='ltr'>naar.</span> <span class='ocrx_word' id='word_1_537' title='bbox 2244 3048 2302 3104; x_wconf 95' lang='lat' dir='ltr'>Id</span> <span class='ocrx_word' id='word_1_538' title='bbox 2335 3051 2441 3116; x_wconf 90' lang='lat' dir='ltr'>est,</span> <span class='ocrx_word' id='word_1_539' title='bbox 2462 3047 2521 3103; x_wconf 89' lang='lat' dir='ltr'>in</span> <span class='ocrx_word' id='word_1_540' title='bbox 2545 3046 2983 3120; x_wconf 81' lang='lat' dir='ltr'>Babylonia,ubi</span> <span class='ocrx_word' id='word_1_541' title='bbox 3005 3056 3131 3104; x_wconf 86' lang='lat' dir='ltr'>sunt</span> <span class='ocrx_word' id='word_1_542' title='bbox 3162 3049 3314 3120; x_wconf 82' lang='lat' dir='ltr'>putei</span> <span class='ocrx_word' id='word_1_543' title='bbox 3372 3049 3683 3104; x_wconf 86' lang='lat' dir='ltr'>bituminis.</span> 
     </span>
    </p>
   </div>
   <div class='ocr_carea' id='block_1_77' title="bbox 2108 3136 3688 3206">
    <p class='ocr_par' dir='ltr' id='par_1_77' title="bbox 2108 3136 3688 3206">
     <span class='ocr_line' id='line_1_77' title="bbox 2108 3136 3688 3206; baseline 0.002 -18"><span class='ocrx_word' id='word_1_544' title='bbox 2108 3136 2272 3192; x_wconf 85' lang='lat' dir='ltr'>Vers.</span> <span class='ocrx_word' id='word_1_545' title='bbox 2310 3138 2393 3191; x_wconf 90' lang='grc'><strong>11.</strong></span> <span class='ocrx_word' id='word_1_546' title='bbox 2419 3138 2492 3191; x_wconf 90' lang='lat' dir='ltr'>De</span> <span class='ocrx_word' id='word_1_547' title='bbox 2524 3140 2670 3192; x_wconf 88' lang='lat' dir='ltr'>terra</span> <span class='ocrx_word' id='word_1_548' title='bbox 2698 3137 2886 3191; x_wconf 89' lang='lat' dir='ltr'>illa.Id</span> <span class='ocrx_word' id='word_1_549' title='bbox 2921 3141 3009 3192; x_wconf 91' lang='lat' dir='ltr'>est</span> <span class='ocrx_word' id='word_1_550' title='bbox 3030 3137 3100 3192; x_wconf 85' lang='lat' dir='ltr'>de</span> <span class='ocrx_word' id='word_1_551' title='bbox 3127 3137 3407 3194; x_wconf 86' lang='lat' dir='ltr'>Sennaar.</span> <span class='ocrx_word' id='word_1_552' title='bbox 3427 3139 3688 3206; x_wconf 79' lang='lat' dir='ltr'>Egressus</span> 
     </span>
    </p>
   </div>
   <div class='ocr_carea' id='block_1_78' title="bbox 2038 3225 3686 3298">
    <p class='ocr_par' dir='ltr' id='par_1_78' title="bbox 2038 3225 3686 3298">
     <span class='ocr_line' id='line_1_78' title="bbox 2038 3225 3686 3298; baseline 0 -18"><span class='ocrx_word' id='word_1_553' title='bbox 2038 3230 2114 3280; x_wconf 90' lang='lat' dir='ltr'>est</span> <span class='ocrx_word' id='word_1_554' title='bbox 2144 3227 2324 3280; x_wconf 83' lang='lat' dir='ltr'>Assur.</span> <span class='ocrx_word' id='word_1_555' title='bbox 2361 3225 2421 3279; x_wconf 91' lang='lat' dir='ltr'>Id</span> <span class='ocrx_word' id='word_1_556' title='bbox 2445 3229 2554 3296; x_wconf 84' lang='lat' dir='ltr'>est,</span> <span class='ocrx_word' id='word_1_557' title='bbox 2589 3225 2900 3298; x_wconf 90' lang='lat' dir='ltr'>imperium</span> <span class='ocrx_word' id='word_1_558' title='bbox 2932 3225 3324 3298; x_wconf 78' lang='lat' dir='ltr'>Assyriorum,</span> <span class='ocrx_word' id='word_1_559' title='bbox 3359 3227 3513 3298; x_wconf 92' lang='lat' dir='ltr'>quod</span> <span class='ocrx_word' id='word_1_560' title='bbox 3560 3225 3686 3298; x_wconf 88' lang='lat' dir='ltr'>pri-</span> 
     </span>
    </p>
   </div>
   <div class='ocr_carea' id='block_1_79' title="bbox 2039 3313 3683 3384">
    <p class='ocr_par' dir='ltr' id='par_1_79' title="bbox 2039 3313 3683 3384">
     <span class='ocr_line' id='line_1_79' title="bbox 2039 3313 3683 3384; baseline 0.001 -15"><span class='ocrx_word' id='word_1_561' title='bbox 2039 3331 2202 3369; x_wconf 91' lang='lat' dir='ltr'>mum</span> <span class='ocrx_word' id='word_1_562' title='bbox 2236 3313 2346 3368; x_wconf 91' lang='lat' dir='ltr'>fuit</span> <span class='ocrx_word' id='word_1_563' title='bbox 2375 3315 2484 3369; x_wconf 90' lang='lat' dir='ltr'>sub</span> <span class='ocrx_word' id='word_1_564' title='bbox 2515 3315 2682 3370; x_wconf 88' lang='lat' dir='ltr'>Nino.</span> <span class='ocrx_word' id='word_1_565' title='bbox 2716 3315 2780 3368; x_wconf 88' lang='lat' dir='ltr'>Et</span> <span class='ocrx_word' id='word_1_566' title='bbox 2809 3314 3114 3384; x_wconf 74' lang='lat' dir='ltr'>aediﬁcavit</span> <span class='ocrx_word' id='word_1_567' title='bbox 3143 3316 3402 3372; x_wconf 87' lang='lat' dir='ltr'>Niniven.</span> <span class='ocrx_word' id='word_1_568' title='bbox 3436 3314 3683 3370; x_wconf 87' lang='lat' dir='ltr'>Niniven</span> 
     </span>
    </p>
   </div>
   <div class='ocr_carea' id='block_1_80' title="bbox 2037 3403 3686 3475">
    <p class='ocr_par' dir='ltr' id='par_1_80' title="bbox 2037 3403 3686 3475">
     <span class='ocr_line' id='line_1_80' title="bbox 2037 3403 3686 3475; baseline -0.001 -16"><span class='ocrx_word' id='word_1_569' title='bbox 2037 3409 2127 3459; x_wconf 90' lang='lat' dir='ltr'>est</span> <span class='ocrx_word' id='word_1_570' title='bbox 2157 3403 2358 3459; x_wconf 89' lang='lat' dir='ltr'>civitas</span> <span class='ocrx_word' id='word_1_571' title='bbox 2385 3403 2776 3475; x_wconf 85' lang='lat' dir='ltr'>Assyriorum.</span> <span class='ocrx_word' id='word_1_572' title='bbox 2809 3403 2994 3458; x_wconf 83' lang='lat' dir='ltr'>Ninus</span> <span class='ocrx_word' id='word_1_573' title='bbox 3024 3403 3142 3459; x_wconf 92' lang='lat' dir='ltr'>Beli</span> <span class='ocrx_word' id='word_1_574' title='bbox 3194 3404 3351 3459; x_wconf 82' lang='lat' dir='ltr'>filius</span> <span class='ocrx_word' id='word_1_575' title='bbox 3378 3403 3686 3459; x_wconf 68' lang='lat' dir='ltr'>aedificavit</span> 
     </span>
    </p>
   </div>
   <div class='ocr_carea' id='block_1_81' title="bbox 2037 3491 3685 3564">
    <p class='ocr_par' dir='ltr' id='par_1_81' title="bbox 2037 3491 3685 3564">
     <span class='ocr_line' id='line_1_81' title="bbox 2037 3491 3685 3564; baseline 0.001 -16"><span class='ocrx_word' id='word_1_576' title='bbox 2037 3493 2253 3548; x_wconf 88' lang='lat' dir='ltr'>Ninum</span> <span class='ocrx_word' id='word_1_577' title='bbox 2286 3509 2463 3564; x_wconf 91' lang='lat' dir='ltr'>quam</span> <span class='ocrx_word' id='word_1_578' title='bbox 2495 3492 3001 3548; x_wconf 71' lang='lat' dir='ltr'>HebraeiNinniven</span> <span class='ocrx_word' id='word_1_579' title='bbox 3030 3491 3685 3564; x_wconf 81' lang='lat' dir='ltr'>appellaverunt.lnter-</span> 
     </span>
    </p>
   </div>
   <div class='ocr_carea' id='block_1_82' title="bbox 2037 3581 3509 3654">
    <p class='ocr_par' dir='ltr' id='par_1_82' title="bbox 2037 3581 3509 3654">
     <span class='ocr_line' id='line_1_82' title="bbox 2037 3581 3509 3654; baseline -0.001 -17"><span class='ocrx_word' id='word_1_580' title='bbox 2037 3587 2300 3653; x_wconf 85' lang='lat' dir='ltr'>pretatur</span> <span class='ocrx_word' id='word_1_581' title='bbox 2329 3585 2523 3636; x_wconf 89' lang='lat' dir='ltr'>autem</span> <span class='ocrx_word' id='word_1_582' title='bbox 2556 3585 2792 3652; x_wconf 88' lang='lat' dir='ltr'>propter</span> <span class='ocrx_word' id='word_1_583' title='bbox 2823 3581 3225 3653; x_wconf 79' lang='lat' dir='ltr'>pcenitentiam</span> <span class='ocrx_word' id='word_1_584' title='bbox 3253 3582 3509 3654; x_wconf 84' lang='lat' dir='ltr'>pulchra.</span> 
     </span>
    </p>
   </div>
   <div class='ocr_carea' id='block_1_83' title="bbox 2106 3688 3678 3760">
    <p class='ocr_par' dir='ltr' id='par_1_83' title="bbox 2106 3688 3678 3760">
     <span class='ocr_line' id='line_1_83' title="bbox 2106 3688 3678 3760; baseline 0.002 -20"><span class='ocrx_word' id='word_1_585' title='bbox 2106 3688 2268 3743; x_wconf 84' lang='lat' dir='ltr'>Vers.</span> <span class='ocrx_word' id='word_1_586' title='bbox 2300 3688 2386 3742; x_wconf 90' lang='grc'>13.</span> <span class='ocrx_word' id='word_1_587' title='bbox 2418 3688 2484 3742; x_wconf 74' lang='lat' dir='ltr'>At</span> <span class='ocrx_word' id='word_1_588' title='bbox 2513 3703 2636 3743; x_wconf 81' lang='lat' dir='ltr'>vero</span> <span class='ocrx_word' id='word_1_589' title='bbox 2666 3688 2927 3745; x_wconf 83' lang='lat' dir='ltr'>Mesraim</span> <span class='ocrx_word' id='word_1_590' title='bbox 2953 3691 3148 3760; x_wconf 78' lang='lat' dir='ltr'>genuit</span> <span class='ocrx_word' id='word_1_591' title='bbox 3203 3689 3424 3757; x_wconf 81' lang='lat' dir='ltr'>Ludim,</span> <span class='ocrx_word' id='word_1_592' title='bbox 3483 3688 3678 3746; x_wconf 84' lang='lat' dir='ltr'>Ludim</span> 
     </span>
    </p>
   </div>
   <div class='ocr_carea' id='block_1_84' title="bbox 2034 3775 3294 3848">
    <p class='ocr_par' dir='ltr' id='par_1_84' title="bbox 2034 3775 3294 3848">
     <span class='ocr_line' id='line_1_84' title="bbox 2034 3775 3294 3848; baseline 0.002 -17"><span class='ocrx_word' id='word_1_593' title='bbox 2034 3781 2123 3832; x_wconf 91' lang='lat' dir='ltr'>est</span> <span class='ocrx_word' id='word_1_594' title='bbox 2155 3775 2352 3848; x_wconf 80' lang='lat' dir='ltr'>Lybia,</span> <span class='ocrx_word' id='word_1_595' title='bbox 2387 3793 2513 3848; x_wconf 67' lang='lat' dir='ltr'>quae</span> <span class='ocrx_word' id='word_1_596' title='bbox 2549 3777 2710 3848; x_wconf 92' lang='lat' dir='ltr'>prius</span> <span class='ocrx_word' id='word_1_597' title='bbox 2741 3777 2931 3832; x_wconf 87' lang='lat' dir='ltr'>Phulh</span> <span class='ocrx_word' id='word_1_598' title='bbox 2960 3779 3294 3834; x_wconf 89' lang='lat' dir='ltr'>vocabatur.</span> 
     </span>
    </p>
   </div>
   <div class='ocr_carea' id='block_1_85' title="bbox 2106 3865 3684 3936">
    <p class='ocr_par' dir='ltr' id='par_1_85' title="bbox 2106 3865 3684 3936">
     <span class='ocr_line' id='line_1_85' title="bbox 2106 3865 3684 3936; baseline 0.003 -17"><span class='ocrx_word' id='word_1_599' title='bbox 2106 3865 2271 3920; x_wconf 87' lang='lat' dir='ltr'>Vers.</span> <span class='ocrx_word' id='word_1_600' title='bbox 2307 3865 2391 3920; x_wconf 78' lang='grc'>15.</span> <span class='ocrx_word' id='word_1_601' title='bbox 2428 3866 2690 3920; x_wconf 86' lang='lat' dir='ltr'>Chanaan</span> <span class='ocrx_word' id='word_1_602' title='bbox 2717 3867 2870 3936; x_wconf 82' lang='lat' dir='ltr'>ﬁlius</span> <span class='ocrx_word' id='word_1_603' title='bbox 2903 3868 3077 3922; x_wconf 86' lang='lat' dir='ltr'>Cham</span> <span class='ocrx_word' id='word_1_604' title='bbox 3105 3870 3296 3936; x_wconf 86' lang='lat' dir='ltr'>genuit</span> <span class='ocrx_word' id='word_1_605' title='bbox 3328 3867 3606 3923; x_wconf 86' lang='lat' dir='ltr'>Sidonem.</span> <span class='ocrx_word' id='word_1_606' title='bbox 3637 3870 3684 3922; x_wconf 89' lang='lat' dir='ltr'>A</span> 
     </span>
    </p>
   </div>
   <div class='ocr_carea' id='block_1_86' title="bbox 2038 3953 2949 4025">
    <p class='ocr_par' dir='ltr' id='par_1_86' title="bbox 2038 3953 2949 4025">
     <span class='ocr_line' id='line_1_86' title="bbox 2038 3953 2949 4025; baseline 0.002 -17"><span class='ocrx_word' id='word_1_607' title='bbox 2038 3970 2152 4025; x_wconf 92' lang='lat' dir='ltr'>quo</span> <span class='ocrx_word' id='word_1_608' title='bbox 2183 3953 2377 4024; x_wconf 91' lang='lat' dir='ltr'>Sidon,</span> <span class='ocrx_word' id='word_1_609' title='bbox 2411 3954 2613 4009; x_wconf 82' lang='lat' dir='ltr'>civitas</span> <span class='ocrx_word' id='word_1_610' title='bbox 2645 3955 2949 4011; x_wconf 84' lang='lat' dir='ltr'>Phceuicis.</span> 
     </span>
    </p>
   </div>
   <div class='ocr_carea' id='block_1_87' title="bbox 2106 4042 3684 4114">
    <p class='ocr_par' dir='ltr' id='par_1_87' title="bbox 2106 4042 3684 4114">
     <span class='ocr_line' id='line_1_87' title="bbox 2106 4042 3684 4114; baseline 0.003 -19"><span class='ocrx_word' id='word_1_611' title='bbox 2106 4042 2270 4098; x_wconf 90' lang='lat' dir='ltr'>Vers.</span> <span class='ocrx_word' id='word_1_612' title='bbox 2305 4043 2391 4097; x_wconf 79' lang='lat' dir='ltr'>l8.</span> <span class='ocrx_word' id='word_1_613' title='bbox 2426 4042 2637 4098; x_wconf 81' lang='lat' dir='ltr'>Aradii.</span> <span class='ocrx_word' id='word_1_614' title='bbox 2674 4043 2789 4114; x_wconf 92' lang='lat' dir='ltr'>Ipsi</span> <span class='ocrx_word' id='word_1_615' title='bbox 2821 4047 2960 4098; x_wconf 89' lang='lat' dir='ltr'>sunt</span> <span class='ocrx_word' id='word_1_616' title='bbox 2987 4044 3084 4114; x_wconf 89' lang='lat' dir='ltr'>qui</span> <span class='ocrx_word' id='word_1_617' title='bbox 3115 4044 3371 4099; x_wconf 82' lang='lat' dir='ltr'>Aradum</span> <span class='ocrx_word' id='word_1_618' title='bbox 3427 4043 3684 4100; x_wconf 87' lang='lat' dir='ltr'>insulam</span> 
     </span>
    </p>
   </div>
   <div class='ocr_carea' id='block_1_88' title="bbox 2037 4135 2369 4187">
    <p class='ocr_par' dir='ltr' id='par_1_88' title="bbox 2037 4135 2369 4187">
     <span class='ocr_line' id='line_1_88' title="bbox 2037 4135 2369 4187; baseline 0 -2"><span class='ocrx_word' id='word_1_619' title='bbox 2037 4135 2369 4187; x_wconf 88' lang='lat' dir='ltr'>tenuerunt.</span> 
     </span>
    </p>
   </div>
   <div class='ocr_carea' id='block_1_89' title="bbox 2105 4220 3684 4278">
    <p class='ocr_par' dir='ltr' id='par_1_89' title="bbox 2105 4220 3684 4278">
     <span class='ocr_line' id='line_1_89' title="bbox 2105 4220 3684 4278; baseline 0.003 -5"><span class='ocrx_word' id='word_1_620' title='bbox 2105 4220 2269 4276; x_wconf 88' lang='lat' dir='ltr'>Vers.</span> <span class='ocrx_word' id='word_1_621' title='bbox 2305 4221 2386 4276; x_wconf 87' lang='grc'>19.</span> <span class='ocrx_word' id='word_1_622' title='bbox 2423 4220 2708 4277; x_wconf 84' lang='lat' dir='ltr'>Sodomam</span> <span class='ocrx_word' id='word_1_623' title='bbox 2733 4225 2785 4278; x_wconf 89' lang='lat' dir='ltr'>et</span> <span class='ocrx_word' id='word_1_624' title='bbox 2814 4220 3199 4277; x_wconf 89' lang='lat' dir='ltr'>Gomorrham.</span> <span class='ocrx_word' id='word_1_625' title='bbox 3235 4223 3362 4278; x_wconf 66' lang='lat' dir='ltr'>Istas</span> <span class='ocrx_word' id='word_1_626' title='bbox 3419 4221 3684 4278; x_wconf 84' lang='lat' dir='ltr'>civitates</span> 
     </span>
    </p>
   </div>
   <div class='ocr_carea' id='block_1_90' title="bbox 2035 4309 3684 4368">
    <p class='ocr_par' dir='ltr' id='par_1_90' title="bbox 2035 4309 3684 4368">
     <span class='ocr_line' id='line_1_90' title="bbox 2035 4309 3684 4368; baseline 0.002 -4"><span class='ocrx_word' id='word_1_627' title='bbox 2035 4315 2184 4366; x_wconf 64' lang='lat' dir='ltr'>notae</span> <span class='ocrx_word' id='word_1_628' title='bbox 2217 4315 2358 4367; x_wconf 91' lang='lat' dir='ltr'>sunt</span> <span class='ocrx_word' id='word_1_629' title='bbox 2388 4310 2625 4366; x_wconf 89' lang='lat' dir='ltr'>interitu</span> <span class='ocrx_word' id='word_1_630' title='bbox 2658 4327 2778 4366; x_wconf 69' lang='lat' dir='ltr'>sua:</span> <span class='ocrx_word' id='word_1_631' title='bbox 2808 4309 3225 4366; x_wconf 87' lang='lat' dir='ltr'>subversionis.</span> <span class='ocrx_word' id='word_1_632' title='bbox 3267 4312 3601 4368; x_wconf 82' lang='lat' dir='ltr'>Samariten.</span> <span class='ocrx_word' id='word_1_633' title='bbox 3635 4314 3684 4367; x_wconf 84' lang='lat' dir='ltr'>A</span> 
     </span>
    </p>
   </div>
   <div class='ocr_carea' id='block_1_91' title="bbox 2036 4399 3682 4473">
    <p class='ocr_par' dir='ltr' id='par_1_91' title="bbox 2036 4399 3682 4473">
     <span class='ocr_line' id='line_1_91' title="bbox 2036 4399 3682 4473; baseline 0.001 -19"><span class='ocrx_word' id='word_1_634' title='bbox 2036 4417 2152 4473; x_wconf 89' lang='lat' dir='ltr'>quo</span> <span class='ocrx_word' id='word_1_635' title='bbox 2182 4400 2464 4466; x_wconf 86' lang='lat' dir='ltr'>Samaria,</span> <span class='ocrx_word' id='word_1_636' title='bbox 2497 4415 2624 4470; x_wconf 72' lang='lat' dir='ltr'>qua:</span> <span class='ocrx_word' id='word_1_637' title='bbox 2658 4399 2740 4454; x_wconf 90' lang='lat' dir='ltr'>sic</span> <span class='ocrx_word' id='word_1_638' title='bbox 2796 4404 3036 4454; x_wconf 90' lang='lat' dir='ltr'>vocatur</span> <span class='ocrx_word' id='word_1_639' title='bbox 3083 4405 3142 4454; x_wconf 91' lang='lat' dir='ltr'>et</span> <span class='ocrx_word' id='word_1_640' title='bbox 3195 4399 3449 4472; x_wconf 84' lang='lat' dir='ltr'>Assyriis</span> <span class='ocrx_word' id='word_1_641' title='bbox 3491 4404 3548 4456; x_wconf 91' lang='lat' dir='ltr'>et</span> <span class='ocrx_word' id='word_1_642' title='bbox 3572 4399 3682 4456; x_wconf 80' lang='lat' dir='ltr'>He-</span> 
     </span>
    </p>
   </div>
   <div class='ocr_carea' id='block_1_92' title="bbox 2035 4487 3680 4560">
    <p class='ocr_par' dir='ltr' id='par_1_92' title="bbox 2035 4487 3680 4560">
     <span class='ocr_line' id='line_1_92' title="bbox 2035 4487 3680 4560; baseline -0.001 -16"><span class='ocrx_word' id='word_1_643' title='bbox 2035 4490 2233 4544; x_wconf 71' lang='lat' dir='ltr'>braeis.</span> <span class='ocrx_word' id='word_1_644' title='bbox 2277 4488 2441 4543; x_wconf 87' lang='lat' dir='ltr'>Dicta</span> <span class='ocrx_word' id='word_1_645' title='bbox 2470 4493 2560 4542; x_wconf 88' lang='lat' dir='ltr'>est</span> <span class='ocrx_word' id='word_1_646' title='bbox 2617 4492 2812 4542; x_wconf 91' lang='lat' dir='ltr'>autem</span> <span class='ocrx_word' id='word_1_647' title='bbox 2854 4487 3161 4543; x_wconf 89' lang='lat' dir='ltr'>Antiochia</span> <span class='ocrx_word' id='word_1_648' title='bbox 3216 4487 3303 4543; x_wconf 85' lang='lat' dir='ltr'>vel</span> <span class='ocrx_word' id='word_1_649' title='bbox 3334 4488 3680 4560; x_wconf 87' lang='lat' dir='ltr'>Epiphania.</span> 
     </span>
    </p>
   </div>
   <div class='ocr_carea' id='block_1_93' title="bbox 285 4569 3681 4649">
    <p class='ocr_par' dir='ltr' id='par_1_93' title="bbox 285 4569 3681 4649">
     <span class='ocr_line' id='line_1_93' title="bbox 285 4569 3681 4649; baseline 0.001 -22"><span class='ocrx_word' id='word_1_650' title='bbox 285 4588 391 4627; x_wconf 91' lang='lat' dir='ltr'>nos</span> <span class='ocrx_word' id='word_1_651' title='bbox 422 4571 938 4639; x_wconf 82' lang='lat' dir='ltr'>dicimus,Meosoch</span> <span class='ocrx_word' id='word_1_652' title='bbox 956 4571 1323 4644; x_wconf 88' lang='lat' dir='ltr'>Cappadoces</span> <span class='ocrx_word' id='word_1_653' title='bbox 1355 4591 1605 4646; x_wconf 90' lang='lat' dir='ltr'>quorum</span> <span class='ocrx_word' id='word_1_654' title='bbox 1636 4576 1926 4649; x_wconf 89' lang='lat' dir='ltr'>hodieque</span> <span class='ocrx_word' id='word_1_655' title='bbox 1960 4569 2000 4632; x_wconf 79' lang='grc' dir='ltr'><strong>Ι)</strong></span> <span class='ocrx_word' id='word_1_656' title='bbox 2034 4577 2394 4634; x_wconf 62' lang='lat' dir='ltr'>Amalhwum.</span> <span class='ocrx_word' id='word_1_657' title='bbox 2428 4580 2558 4630; x_wconf 71' lang='lat' dir='ltr'>Haec</span> <span class='ocrx_word' id='word_1_658' title='bbox 2591 4575 2830 4630; x_wconf 89' lang='lat' dir='ltr'>nomina</span> <span class='ocrx_word' id='word_1_659' title='bbox 2859 4575 3226 4648; x_wconf 88' lang='lat' dir='ltr'>ignorantur,</span> <span class='ocrx_word' id='word_1_660' title='bbox 3259 4575 3344 4632; x_wconf 90' lang='lat' dir='ltr'>vel</span> <span class='ocrx_word' id='word_1_661' title='bbox 3397 4577 3536 4648; x_wconf 80' lang='lat' dir='ltr'>quia</span> <span class='ocrx_word' id='word_1_662' title='bbox 3581 4577 3681 4631; x_wconf 89' lang='lat' dir='ltr'>de-</span> 
     </span>
    </p>
   </div>
   <div class='ocr_carea' id='block_1_94' title="bbox 285 4657 1924 4731">
    <p class='ocr_par' dir='ltr' id='par_1_94' title="bbox 285 4657 1924 4731">
     <span class='ocr_line' id='line_1_94' title="bbox 285 4657 1924 4731; baseline 0.005 -17"><span class='ocrx_word' id='word_1_663' title='bbox 285 4657 622 4731; x_wconf 88' lang='lat' dir='ltr'>metropolis</span> <span class='ocrx_word' id='word_1_664' title='bbox 654 4659 858 4715; x_wconf 89' lang='lat' dir='ltr'>civitas</span> <span class='ocrx_word' id='word_1_665' title='bbox 889 4661 1105 4716; x_wconf 69' lang='lat' dir='ltr'>Mazaca</span> <span class='ocrx_word' id='word_1_666' title='bbox 1138 4663 1369 4718; x_wconf 89' lang='lat' dir='ltr'>dicitur.</span> <span class='ocrx_word' id='word_1_667' title='bbox 1409 4664 1599 4720; x_wconf 85' lang='lat' dir='ltr'>Thiras</span> <span class='ocrx_word' id='word_1_668' title='bbox 1651 4666 1924 4723; x_wconf 87' lang='lat' dir='ltr'>Thraces.</span> 
     </span>
    </p>
   </div>
   <div class='ocr_carea' id='block_1_95' title="bbox 356 4748 1927 4828">
    <p class='ocr_par' dir='ltr' id='par_1_95' title="bbox 356 4748 1927 4828">
     <span class='ocr_line' id='line_1_95' title="bbox 356 4748 1927 4828; baseline 0.005 -26"><span class='ocrx_word' id='word_1_669' title='bbox 356 4751 519 4804; x_wconf 84' lang='lat' dir='ltr'>Vers.</span> <span class='ocrx_word' id='word_1_670' title='bbox 553 4748 606 4802; x_wconf 90' lang='lat'>3.</span> <span class='ocrx_word' id='word_1_671' title='bbox 637 4749 772 4803; x_wconf 80' lang='lat' dir='ltr'>Filii</span> <span class='ocrx_word' id='word_1_672' title='bbox 802 4750 992 4804; x_wconf 87' lang='lat' dir='ltr'>Gomer</span> <span class='ocrx_word' id='word_1_673' title='bbox 1023 4753 1266 4806; x_wconf 71' lang='lat' dir='ltr'>Ascenez.</span> <span class='ocrx_word' id='word_1_674' title='bbox 1304 4755 1459 4818; x_wconf 90' lang='lat' dir='ltr'>Quos</span> <span class='ocrx_word' id='word_1_675' title='bbox 1526 4753 1705 4809; x_wconf 65' lang='grc' dir='ltr'>(ἓνωοί</span> <span class='ocrx_word' id='word_1_676' title='bbox 1759 4756 1927 4828; x_wconf 85' lang='lat' dir='ltr'>Regi-</span> 
     </span>
    </p>
   </div>
   <div class='ocr_carea' id='block_1_96' title="bbox 283 4838 1924 4918">
    <p class='ocr_par' dir='ltr' id='par_1_96' title="bbox 283 4838 1924 4918">
     <span class='ocr_line' id='line_1_96' title="bbox 283 4838 1924 4918; baseline 0.005 -24"><span class='ocrx_word' id='word_1_677' title='bbox 283 4855 390 4896; x_wconf 88' lang='lat' dir='ltr'>nos</span> <span class='ocrx_word' id='word_1_678' title='bbox 418 4847 645 4893; x_wconf 87' lang='lat' dir='ltr'>vocant.</span> <span class='ocrx_word' id='word_1_679' title='bbox 679 4838 916 4909; x_wconf 81' lang='lat' dir='ltr'>Riphth</span> <span class='ocrx_word' id='word_1_680' title='bbox 936 4839 1628 4914; x_wconf 84' lang='lat' dir='ltr'>Paphlagones.Togorma</span> <span class='ocrx_word' id='word_1_681' title='bbox 1652 4843 1924 4918; x_wconf 85' lang='lat' dir='ltr'>Phryges.</span> 
     </span>
    </p>
   </div>
   <div class='ocr_carea' id='block_1_97' title="bbox 351 4927 1928 5002">
    <p class='ocr_par' dir='ltr' id='par_1_97' title="bbox 351 4927 1928 5002">
     <span class='ocr_line' id='line_1_97' title="bbox 351 4927 1928 5002; baseline 0.006 -21"><span class='ocrx_word' id='word_1_682' title='bbox 351 4927 496 4984; x_wconf 87' lang='lat' dir='ltr'>Vers</span> <span class='ocrx_word' id='word_1_683' title='bbox 551 4927 600 4982; x_wconf 77' lang='grc'>4.</span> <span class='ocrx_word' id='word_1_684' title='bbox 633 4931 812 4983; x_wconf 83' lang='grc' dir='ltr'>,Ιαυαη</span> <span class='ocrx_word' id='word_1_685' title='bbox 845 4929 954 4996; x_wconf 83' lang='lat' dir='ltr'>ﬁlii</span> <span class='ocrx_word' id='word_1_686' title='bbox 983 4929 1080 4999; x_wconf 87' lang='lat' dir='ltr'>(b),</span> <span class='ocrx_word' id='word_1_687' title='bbox 1138 4929 1313 4997; x_wconf 81' lang='lat' dir='ltr'>Elisa,</span> <span class='ocrx_word' id='word_1_688' title='bbox 1371 4949 1404 4985; x_wconf 88' lang='lat' dir='ltr'>a</span> <span class='ocrx_word' id='word_1_689' title='bbox 1461 4948 1576 5002; x_wconf 90' lang='lat' dir='ltr'>quo</span> <span class='ocrx_word' id='word_1_690' title='bbox 1636 4933 1826 5001; x_wconf 87' lang='lat' dir='ltr'>Elisei,</span> <span class='ocrx_word' id='word_1_691' title='bbox 1871 4936 1928 4990; x_wconf 92' lang='lat' dir='ltr'>id</span> 
     </span>
    </p>
   </div>
   <div class='ocr_carea' id='block_1_98' title="bbox 283 5015 1925 5089">
    <p class='ocr_par' dir='ltr' id='par_1_98' title="bbox 283 5015 1925 5089">
     <span class='ocr_line' id='line_1_98' title="bbox 283 5015 1925 5089; baseline 0.004 -16"><span class='ocrx_word' id='word_1_692' title='bbox 283 5021 390 5084; x_wconf 89' lang='lat' dir='ltr'>est,</span> <span class='ocrx_word' id='word_1_693' title='bbox 424 5017 606 5073; x_wconf 67' lang='lat' dir='ltr'>Graeci</span> <span class='ocrx_word' id='word_1_694' title='bbox 642 5017 738 5089; x_wconf 91' lang='lat' dir='ltr'>qui</span> <span class='ocrx_word' id='word_1_695' title='bbox 769 5021 825 5071; x_wconf 91' lang='lat' dir='ltr'>et</span> <span class='ocrx_word' id='word_1_696' title='bbox 855 5015 1123 5072; x_wconf 82' lang='lat' dir='ltr'>Heliades</span> <span class='ocrx_word' id='word_1_697' title='bbox 1153 5019 1540 5089; x_wconf 90' lang='lat' dir='ltr'>appellantur.</span> <span class='ocrx_word' id='word_1_698' title='bbox 1594 5023 1808 5079; x_wconf 82' lang='lat' dir='ltr'>Tharsis</span> <span class='ocrx_word' id='word_1_699' title='bbox 1839 5023 1925 5079; x_wconf 89' lang='lat' dir='ltr'>Ci-</span> 
     </span>
    </p>
   </div>
   <div class='ocr_carea' id='block_1_99' title="bbox 281 5103 1929 5177">
    <p class='ocr_par' dir='ltr' id='par_1_99' title="bbox 281 5103 1929 5177">
     <span class='ocr_line' id='line_1_99' title="bbox 281 5103 1929 5177; baseline 0.005 -17"><span class='ocrx_word' id='word_1_700' title='bbox 281 5103 424 5160; x_wconf 91' lang='lat' dir='ltr'>lices</span> <span class='ocrx_word' id='word_1_701' title='bbox 457 5123 707 5177; x_wconf 92' lang='lat' dir='ltr'>quorum</span> <span class='ocrx_word' id='word_1_702' title='bbox 767 5105 970 5160; x_wconf 88' lang='lat' dir='ltr'>civitas</span> <span class='ocrx_word' id='word_1_703' title='bbox 1019 5110 1110 5160; x_wconf 91' lang='lat' dir='ltr'>est</span> <span class='ocrx_word' id='word_1_704' title='bbox 1156 5105 1417 5163; x_wconf 85' lang='lat' dir='ltr'>Tharsus</span> <span class='ocrx_word' id='word_1_705' title='bbox 1476 5110 1690 5166; x_wconf 88' lang='lat' dir='ltr'>nobilis</span> <span class='ocrx_word' id='word_1_706' title='bbox 1749 5113 1929 5170; x_wconf 83' lang='lat' dir='ltr'>Paulo</span> 
     </span>
    </p>
   </div>
   <div class='ocr_carea' id='block_1_100' title="bbox 283 5194 1927 5269">
    <p class='ocr_par' dir='ltr' id='par_1_100' title="bbox 283 5194 1927 5269">
     <span class='ocr_line' id='line_1_100' title="bbox 283 5194 1927 5269; baseline 0.005 -19"><span class='ocrx_word' id='word_1_707' title='bbox 283 5194 548 5266; x_wconf 89' lang='lat' dir='ltr'>apostolo</span> <span class='ocrx_word' id='word_1_708' title='bbox 581 5194 713 5249; x_wconf 90' lang='lat' dir='ltr'>inde</span> <span class='ocrx_word' id='word_1_709' title='bbox 746 5200 902 5248; x_wconf 86' lang='lat' dir='ltr'>nato.</span> <span class='ocrx_word' id='word_1_710' title='bbox 938 5195 1170 5250; x_wconf 74' lang='lat' dir='ltr'>Celtltim</span> <span class='ocrx_word' id='word_1_711' title='bbox 1225 5195 1396 5251; x_wconf 87' lang='lat' dir='ltr'>Cithii</span> <span class='ocrx_word' id='word_1_712' title='bbox 1444 5215 1692 5269; x_wconf 89' lang='lat' dir='ltr'>quorum</span> <span class='ocrx_word' id='word_1_713' title='bbox 1726 5202 1927 5259; x_wconf 88' lang='lat' dir='ltr'>hodie-</span> 
     </span>
    </p>
   </div>
   <div class='ocr_carea' id='block_1_101' title="bbox 286 5281 1926 5361">
    <p class='ocr_par' dir='ltr' id='par_1_101' title="bbox 286 5281 1926 5361">
     <span class='ocr_line' id='line_1_101' title="bbox 286 5281 1926 5361; baseline 0.006 -23"><span class='ocrx_word' id='word_1_714' title='bbox 286 5300 401 5356; x_wconf 91' lang='lat' dir='ltr'>que</span> <span class='ocrx_word' id='word_1_715' title='bbox 429 5281 903 5338; x_wconf 85' lang='lat' dir='ltr'>civitasCithium</span> <span class='ocrx_word' id='word_1_716' title='bbox 925 5283 1271 5356; x_wconf 88' lang='lat' dir='ltr'>appellatur,</span> <span class='ocrx_word' id='word_1_717' title='bbox 1293 5285 1576 5343; x_wconf 89' lang='lat' dir='ltr'>Dodanim</span> <span class='ocrx_word' id='word_1_718' title='bbox 1602 5291 1674 5361; x_wconf 88' lang='lat' dir='ltr'>(c)</span> <span class='ocrx_word' id='word_1_719' title='bbox 1699 5291 1926 5348; x_wconf 82' lang='lat' dir='ltr'>Rhodii.</span> 
     </span>
    </p>
   </div>
   <div class='ocr_carea' id='block_1_102' title="bbox 360 5371 1932 5454">
    <p class='ocr_par' dir='ltr' id='par_1_102' title="bbox 360 5371 1932 5454">
     <span class='ocr_line' id='line_1_102' title="bbox 360 5371 1932 5454; baseline 0.01 -30"><span class='ocrx_word' id='word_1_720' title='bbox 360 5375 522 5427; x_wconf 85' lang='lat' dir='ltr'>Vers.</span> <span class='ocrx_word' id='word_1_721' title='bbox 553 5373 607 5427; x_wconf 87' lang='lat'>5.</span> <span class='ocrx_word' id='word_1_722' title='bbox 645 5371 1017 5444; x_wconf 88' lang='lat' dir='ltr'>Unusquisque</span> <span class='ocrx_word' id='word_1_723' title='bbox 1045 5375 1341 5431; x_wconf 85' lang='lat' dir='ltr'>secundum</span> <span class='ocrx_word' id='word_1_724' title='bbox 1368 5378 1638 5447; x_wconf 76' lang='lat' dir='ltr'>linguam.</span> <span class='ocrx_word' id='word_1_725' title='bbox 1684 5380 1800 5436; x_wconf 88' lang='lat' dir='ltr'>Hoc</span> <span class='ocrx_word' id='word_1_726' title='bbox 1830 5399 1932 5454; x_wconf 88' lang='lat' dir='ltr'>per</span> 
     </span>
    </p>
   </div>
   <div class='ocr_carea' id='block_1_103' title="bbox 285 5496 1927 5629">
    <p class='ocr_par' dir='ltr' id='par_1_103' title="bbox 285 5496 1927 5629">
     <span class='ocr_line' id='line_1_103' title="bbox 285 5496 1927 5629; baseline 0.005 -74"><span class='ocrx_word' id='word_1_727' title='bbox 285 5496 604 5629; x_wconf 47' lang='grc' dir='ltr'>Αέιὲὶιῗοά.</span> <span class='ocrx_word' id='word_1_728' title='bbox 635 5499 773 5570; x_wconf 85' lang='lat' dir='ltr'>&#39;l‘eg.</span> <span class='ocrx_word' id='word_1_729' title='bbox 810 5499 999 5566; x_wconf 87' lang='lat' dir='ltr'>Tauro,</span> <span class='ocrx_word' id='word_1_730' title='bbox 1032 5499 1224 5556; x_wconf 82' lang='lat' dir='ltr'>Etham</span> <span class='ocrx_word' id='word_1_731' title='bbox 1271 5507 1323 5558; x_wconf 89' lang='lat' dir='ltr'>et</span> <span class='ocrx_word' id='word_1_732' title='bbox 1372 5503 1564 5562; x_wconf 83' lang='lat' dir='ltr'>Eidon.</span> <span class='ocrx_word' id='word_1_733' title='bbox 1600 5505 1766 5561; x_wconf 87' lang='lat' dir='ltr'>Forte</span> <span class='ocrx_word' id='word_1_734' title='bbox 1815 5504 1927 5580; x_wconf 87' lang='lat' dir='ltr'>leg.</span> 
     </span>
    </p>
   </div>
   <div class='ocr_carea' id='block_1_104' title="bbox 358 5639 1215 5721">
    <p class='ocr_par' dir='ltr' id='par_1_104' title="bbox 358 5639 1215 5721">
     <span class='ocr_line' id='line_1_104' title="bbox 358 5639 1215 5721; baseline 0.002 -23"><span class='ocrx_word' id='word_1_735' title='bbox 358 5641 436 5721; x_wconf 77' lang='grc' dir='ltr'>(ὁ)</span> <span class='ocrx_word' id='word_1_736' title='bbox 467 5639 718 5715; x_wconf 83' lang='lat' dir='ltr'>Uterque</span> <span class='ocrx_word' id='word_1_737' title='bbox 747 5641 874 5701; x_wconf 90' lang='lat' dir='ltr'>cod.</span> <span class='ocrx_word' id='word_1_738' title='bbox 917 5641 1107 5700; x_wconf 88' lang='lat' dir='ltr'>Laban</span> <span class='ocrx_word' id='word_1_739' title='bbox 1133 5644 1215 5716; x_wconf 83' lang='lat' dir='ltr'>ﬁl.</span> 
     </span>
    </p>
   </div>
   <div class='ocr_carea' id='block_1_105' title="bbox 2035 4664 3682 4738">
    <p class='ocr_par' dir='ltr' id='par_1_105' title="bbox 2035 4664 3682 4738">
     <span class='ocr_line' id='line_1_105' title="bbox 2035 4664 3682 4738; baseline -0.002 -16"><span class='ocrx_word' id='word_1_740' title='bbox 2035 4667 2164 4722; x_wconf 64' lang='lat' dir='ltr'>Ietae</span> <span class='ocrx_word' id='word_1_741' title='bbox 2191 4670 2327 4721; x_wconf 91' lang='lat' dir='ltr'>sunt</span> <span class='ocrx_word' id='word_1_742' title='bbox 2360 4665 2483 4720; x_wconf 72' lang='lat' dir='ltr'>istae</span> <span class='ocrx_word' id='word_1_743' title='bbox 2541 4669 2742 4737; x_wconf 85' lang='lat' dir='ltr'>gentes</span> <span class='ocrx_word' id='word_1_744' title='bbox 2799 4664 2948 4720; x_wconf 89' lang='lat' dir='ltr'>bello</span> <span class='ocrx_word' id='word_1_745' title='bbox 3005 4664 3354 4736; x_wconf 65' lang='lat' dir='ltr'>Ethiopico,</span> <span class='ocrx_word' id='word_1_746' title='bbox 3405 4664 3494 4723; x_wconf 87' lang='lat' dir='ltr'>vel</span> <span class='ocrx_word' id='word_1_747' title='bbox 3545 4664 3682 4738; x_wconf 87' lang='lat' dir='ltr'>quia</span> 
     </span>
    </p>
   </div>
   <div class='ocr_carea' id='block_1_106' title="bbox 2037 4752 3251 4828">
    <p class='ocr_par' dir='ltr' id='par_1_106' title="bbox 2037 4752 3251 4828">
     <span class='ocr_line' id='line_1_106' title="bbox 2037 4752 3251 4828; baseline -0.002 -18"><span class='ocrx_word' id='word_1_748' title='bbox 2037 4757 2336 4828; x_wconf 87' lang='lat' dir='ltr'>ignoratur</span> <span class='ocrx_word' id='word_1_749' title='bbox 2362 4771 2489 4826; x_wconf 56' lang='lat' dir='ltr'>quae</span> <span class='ocrx_word' id='word_1_750' title='bbox 2522 4752 2763 4808; x_wconf 84' lang='lat' dir='ltr'>nomina</span> <span class='ocrx_word' id='word_1_751' title='bbox 2795 4771 2948 4808; x_wconf 81' lang='lat' dir='ltr'>nunc</span> <span class='ocrx_word' id='word_1_752' title='bbox 2980 4754 3251 4809; x_wconf 84' lang='lat' dir='ltr'>habeant.</span> 
     </span>
    </p>
   </div>
   <div class='ocr_carea' id='block_1_107' title="bbox 2108 4840 3683 4912">
    <p class='ocr_par' dir='ltr' id='par_1_107' title="bbox 2108 4840 3683 4912">
     <span class='ocr_line' id='line_1_107' title="bbox 2108 4840 3683 4912; baseline 0.001 -17"><span class='ocrx_word' id='word_1_753' title='bbox 2108 4841 2269 4897; x_wconf 90' lang='lat' dir='ltr'>Vers.</span> <span class='ocrx_word' id='word_1_754' title='bbox 2304 4843 2392 4895; x_wconf 82' lang='lat' dir='ltr'>2t.</span> <span class='ocrx_word' id='word_1_755' title='bbox 2426 4841 2499 4896; x_wconf 86' lang='lat' dir='ltr'>De</span> <span class='ocrx_word' id='word_1_756' title='bbox 2529 4840 2650 4896; x_wconf 88' lang='lat' dir='ltr'>Sem</span> <span class='ocrx_word' id='word_1_757' title='bbox 2683 4857 2892 4912; x_wconf 86' lang='lat' dir='ltr'>quoque</span> <span class='ocrx_word' id='word_1_758' title='bbox 2946 4844 3069 4896; x_wconf 88' lang='lat' dir='ltr'>nati</span> <span class='ocrx_word' id='word_1_759' title='bbox 3122 4845 3273 4908; x_wconf 88' lang='lat' dir='ltr'>sunt,</span> <span class='ocrx_word' id='word_1_760' title='bbox 3334 4857 3482 4912; x_wconf 91' lang='lat' dir='ltr'>quos</span> <span class='ocrx_word' id='word_1_761' title='bbox 3527 4855 3683 4897; x_wconf 88' lang='lat' dir='ltr'>nunc</span> 
     </span>
    </p>
   </div>
   <div class='ocr_carea' id='block_1_108' title="bbox 2039 4930 3689 5002">
    <p class='ocr_par' dir='ltr' id='par_1_108' title="bbox 2039 4930 3689 5002">
     <span class='ocr_line' id='line_1_108' title="bbox 2039 4930 3689 5002; baseline -0.001 -16"><span class='ocrx_word' id='word_1_762' title='bbox 2039 4931 2324 4996; x_wconf 90' lang='lat' dir='ltr'>dicemus,</span> <span class='ocrx_word' id='word_1_763' title='bbox 2356 4933 2454 5002; x_wconf 87' lang='lat' dir='ltr'>qui</span> <span class='ocrx_word' id='word_1_764' title='bbox 2480 4931 2590 5000; x_wconf 86' lang='lat' dir='ltr'>[uit</span> <span class='ocrx_word' id='word_1_765' title='bbox 2623 4934 2781 4998; x_wconf 83' lang='lat' dir='ltr'>pater</span> <span class='ocrx_word' id='word_1_766' title='bbox 2835 4931 3085 4984; x_wconf 79' lang='lat' dir='ltr'>Omnium</span> <span class='ocrx_word' id='word_1_767' title='bbox 3133 4930 3380 4999; x_wconf 82' lang='lat' dir='ltr'>ﬁliorum</span> <span class='ocrx_word' id='word_1_768' title='bbox 3411 4930 3601 4999; x_wconf 85' lang='lat' dir='ltr'>Heber,</span> <span class='ocrx_word' id='word_1_769' title='bbox 3629 4935 3689 4985; x_wconf 82' lang='lat' dir='ltr'>et</span> 
     </span>
    </p>
   </div>
   <div class='ocr_carea' id='block_1_109' title="bbox 2040 5018 3684 5090">
    <p class='ocr_par' dir='ltr' id='par_1_109' title="bbox 2040 5018 3684 5090">
     <span class='ocr_line' id='line_1_109' title="bbox 2040 5018 3684 5090; baseline -0.001 -16"><span class='ocrx_word' id='word_1_770' title='bbox 2040 5022 2215 5076; x_wconf 84' lang='lat' dir='ltr'>frater</span> <span class='ocrx_word' id='word_1_771' title='bbox 2245 5022 2432 5090; x_wconf 87' lang='lat' dir='ltr'>major</span> <span class='ocrx_word' id='word_1_772' title='bbox 2462 5019 2706 5074; x_wconf 88' lang='lat' dir='ltr'>minoris</span> <span class='ocrx_word' id='word_1_773' title='bbox 2739 5018 2935 5072; x_wconf 82' lang='lat' dir='ltr'>fratris</span> <span class='ocrx_word' id='word_1_774' title='bbox 2989 5018 3268 5090; x_wconf 84' lang='lat' dir='ltr'>Japheth.</span> <span class='ocrx_word' id='word_1_775' title='bbox 3323 5020 3453 5075; x_wconf 90' lang='lat' dir='ltr'>Ideo</span> <span class='ocrx_word' id='word_1_776' title='bbox 3486 5023 3684 5073; x_wconf 90' lang='lat' dir='ltr'>autem</span> 
     </span>
    </p>
   </div>
   <div class='ocr_carea' id='block_1_110' title="bbox 2039 5106 3689 5180">
    <p class='ocr_par' dir='ltr' id='par_1_110' title="bbox 2039 5106 3689 5180">
     <span class='ocr_line' id='line_1_110' title="bbox 2039 5106 3689 5180; baseline -0.001 -16"><span class='ocrx_word' id='word_1_777' title='bbox 2039 5110 2109 5164; x_wconf 91' lang='lat' dir='ltr'>de</span> <span class='ocrx_word' id='word_1_778' title='bbox 2149 5110 2256 5164; x_wconf 92' lang='lat' dir='ltr'>hoc</span> <span class='ocrx_word' id='word_1_779' title='bbox 2288 5107 2603 5163; x_wconf 88' lang='lat' dir='ltr'>novissime</span> <span class='ocrx_word' id='word_1_780' title='bbox 2633 5106 2862 5161; x_wconf 91' lang='lat' dir='ltr'>locutus</span> <span class='ocrx_word' id='word_1_781' title='bbox 2894 5110 3000 5176; x_wconf 84' lang='lat' dir='ltr'>est,</span> <span class='ocrx_word' id='word_1_782' title='bbox 3031 5108 3170 5178; x_wconf 88' lang='lat' dir='ltr'>quia</span> <span class='ocrx_word' id='word_1_783' title='bbox 3203 5110 3272 5164; x_wconf 92' lang='lat' dir='ltr'>de</span> <span class='ocrx_word' id='word_1_784' title='bbox 3302 5108 3474 5164; x_wconf 85' lang='lat' dir='ltr'>istius</span> <span class='ocrx_word' id='word_1_785' title='bbox 3520 5122 3689 5180; x_wconf 86' lang='lat' dir='ltr'>gene-</span> 
     </span>
    </p>
   </div>
   <div class='ocr_carea' id='block_1_111' title="bbox 2041 5195 3680 5269">
    <p class='ocr_par' dir='ltr' id='par_1_111' title="bbox 2041 5195 3680 5269">
     <span class='ocr_line' id='line_1_111' title="bbox 2041 5195 3680 5269; baseline -0.002 -16"><span class='ocrx_word' id='word_1_786' title='bbox 2041 5200 2262 5254; x_wconf 88' lang='lat' dir='ltr'>ratione</span> <span class='ocrx_word' id='word_1_787' title='bbox 2284 5198 2720 5252; x_wconf 87' lang='lat' dir='ltr'>locuturuserat</span> <span class='ocrx_word' id='word_1_788' title='bbox 2731 5199 2787 5250; x_wconf 89' lang='lat' dir='ltr'>et</span> <span class='ocrx_word' id='word_1_789' title='bbox 2805 5195 2981 5265; x_wconf 78' lang='lat' dir='ltr'>hujus</span> <span class='ocrx_word' id='word_1_790' title='bbox 3005 5195 3216 5253; x_wconf 88' lang='lat' dir='ltr'>lineam</span> <span class='ocrx_word' id='word_1_791' title='bbox 3244 5200 3680 5269; x_wconf 87' lang='lat' dir='ltr'>persecuturus.</span> 
     </span>
    </p>
   </div>
   <div class='ocr_carea' id='block_1_112' title="bbox 2111 5284 3687 5358">
    <p class='ocr_par' dir='ltr' id='par_1_112' title="bbox 2111 5284 3687 5358">
     <span class='ocr_line' id='line_1_112' title="bbox 2111 5284 3687 5358; baseline -0.001 -18"><span class='ocrx_word' id='word_1_792' title='bbox 2111 5287 2378 5342; x_wconf 77' lang='lat' dir='ltr'>Vers.22.</span> <span class='ocrx_word' id='word_1_793' title='bbox 2399 5286 2532 5339; x_wconf 87' lang='lat' dir='ltr'>Filii</span> <span class='ocrx_word' id='word_1_794' title='bbox 2562 5285 2684 5340; x_wconf 87' lang='lat' dir='ltr'>Sem</span> <span class='ocrx_word' id='word_1_795' title='bbox 2712 5285 2923 5340; x_wconf 54' lang='lat' dir='ltr'>ﬁlum.</span> <span class='ocrx_word' id='word_1_796' title='bbox 2959 5291 3000 5338; x_wconf 85' lang='lat' dir='ltr'>A</span> <span class='ocrx_word' id='word_1_797' title='bbox 3036 5303 3154 5358; x_wconf 91' lang='lat' dir='ltr'>quo</span> <span class='ocrx_word' id='word_1_798' title='bbox 3177 5284 3480 5352; x_wconf 71' lang='lat' dir='ltr'>lElamitae,</span> <span class='ocrx_word' id='word_1_799' title='bbox 3516 5284 3574 5339; x_wconf 90' lang='lat' dir='ltr'>id</span> <span class='ocrx_word' id='word_1_800' title='bbox 3595 5287 3687 5340; x_wconf 85' lang='lat' dir='ltr'>est</span> 
     </span>
    </p>
   </div>
   <div class='ocr_carea' id='block_1_113' title="bbox 2040 5373 3684 5450">
    <p class='ocr_par' dir='ltr' id='par_1_113' title="bbox 2040 5373 3684 5450">
     <span class='ocr_line' id='line_1_113' title="bbox 2040 5373 3684 5450; baseline -0.002 -18"><span class='ocrx_word' id='word_1_801' title='bbox 2040 5375 2331 5450; x_wconf 90' lang='lat' dir='ltr'>principes</span> <span class='ocrx_word' id='word_1_802' title='bbox 2354 5373 2909 5430; x_wconf 85' lang='lat' dir='ltr'>Persidis.Assur.De</span> <span class='ocrx_word' id='word_1_803' title='bbox 2926 5375 3034 5429; x_wconf 91' lang='lat' dir='ltr'>hoc</span> <span class='ocrx_word' id='word_1_804' title='bbox 3053 5375 3324 5447; x_wconf 91' lang='lat' dir='ltr'>superius</span> <span class='ocrx_word' id='word_1_805' title='bbox 3341 5374 3567 5430; x_wconf 91' lang='lat' dir='ltr'>dictum</span> <span class='ocrx_word' id='word_1_806' title='bbox 3591 5378 3684 5430; x_wconf 87' lang='lat' dir='ltr'>est</span> 
     </span>
    </p>
   </div>
   <div class='ocr_carea' id='block_1_114' title="bbox 2132 5498 3514 5573">
    <p class='ocr_par' dir='ltr' id='par_1_114' title="bbox 2132 5498 3514 5573">
     <span class='ocr_line' id='line_1_114' title="bbox 2132 5498 3514 5573; baseline 0.001 -17"><span class='ocrx_word' id='word_1_807' title='bbox 2132 5501 2180 5571; x_wconf 78' lang='grc' dir='ltr'>ε)</span> <span class='ocrx_word' id='word_1_808' title='bbox 2211 5500 2350 5573; x_wconf 66' lang='lat' dir='ltr'>Qad.</span> <span class='ocrx_word' id='word_1_809' title='bbox 2384 5499 2556 5555; x_wconf 89' lang='lat' dir='ltr'>Garst</span> <span class='ocrx_word' id='word_1_810' title='bbox 2583 5499 2870 5573; x_wconf 85' lang='lat' dir='ltr'>Dodamin.</span> <span class='ocrx_word' id='word_1_811' title='bbox 2901 5500 3176 5573; x_wconf 77' lang='lat' dir='ltr'>Tegerus.</span> <span class='ocrx_word' id='word_1_812' title='bbox 3205 5498 3514 5558; x_wconf 81' lang='lat' dir='ltr'>Dodamim.</span> 
     </span>
    </p>
   </div>
   <div class='ocr_carea' id='block_1_115' title="bbox 2133 5571 2949 5646">
    <p class='ocr_par' dir='ltr' id='par_1_115' title="bbox 2133 5571 2949 5646">
     <span class='ocr_line' id='line_1_115' title="bbox 2133 5571 2949 5646; baseline -0.001 -18"><span class='ocrx_word' id='word_1_813' title='bbox 2133 5573 2189 5644; x_wconf 78' lang='grc' dir='ltr'>ἀ)</span> <span class='ocrx_word' id='word_1_814' title='bbox 2218 5571 2470 5646; x_wconf 90' lang='lat' dir='ltr'>Uterque</span> <span class='ocrx_word' id='word_1_815' title='bbox 2500 5571 2654 5646; x_wconf 90' lang='lat' dir='ltr'>cod.,</span> <span class='ocrx_word' id='word_1_816' title='bbox 2685 5572 2949 5628; x_wconf 79' lang='lat' dir='ltr'>Menroth.</span> 
     </span>
    </p>
   </div>
  </div>
