4040 6208
350 363 428 441 81

1473 366 2104 433 COMMENTARIUS
2148 364 2228 431 ΙΝ
2269 364 2641 433 GENESIM.

3681 357 3763 435 82

355 498 515 576 quod
545 499 911 558 aediﬁcaverit
940 500 1183 559 Niniven
1213 502 1581 576 ArphaxadA
1611 520 1726 575 quo
1747 503 1997 559 Chaldaei
2031 507 2082 571 Α
2112 504 2244 576 ipsa
2275 508 2364 560 est
2390 505 2559 559 Jesca.
2594 500 2724 559 Fuit
2752 500 2909 558 enim
2939 497 3325 572 dionomia,id
3356 502 3447 556 est
3474 495 3757 555 binomia.

354 595 411 648 et
440 591 580 647 Lud.
606 593 649 646 A
673 607 787 662 quo
813 590 991 664 Lydii.
1019 592 1186 648 Aron.
1218 595 1264 647 A
1287 611 1401 666 quo
1426 594 1574 665 Syri.

422 680 589 735 Vers.
623 681 713 734 23.
746 681 878 735 Filii
908 682 1057 736 Aran
1079 683 1206 737 Hus.
1241 688 1286 735 A
1312 699 1426 754 quo
1455 686 1607 737 terra
1638 683 1748 737 Has
1776 682 1835 736 in
1894 680 2003 736 Job

352 768 586 841 legitur,
625 785 802 839 quam
830 770 957 825 LXX
988 774 1205 825 terram
1238 770 1534 842 appellant
1568 773 1893 842 Ausifitem,
1945 770 2003 825 id

355 862 443 913 est
472 855 830 912 Australem.
852 860 917 913 Et
936 860 1060 913 Hul.
1085 862 1129 915 A
1150 875 1265 930 quo
1289 860 1562 915 Armenii.
1597 859 1865 915 Gether.A
1887 875 2002 931 quo

352 945 662 1001 Acarnani.
698 945 842 1001 Mesi.
876 948 1033 1010 Quos
1070 947 1206 1003 LXX
1236 948 1454 1004 Mosoch
1482 954 1711 1015 vocant,
1775 949 1832 1003 id
1890 952 2001 1014 est,

359 1034 636 1089 Mceones.

426 1126 594 1177 Vers.
625 1122 714 1175 25.
739 1121 869 1177 Nati
894 1124 1020 1177 sunt
1049 1123 1219 1178 (leber
1246 1124 1356 1178 duo
1384 1124 1688 1192 ﬁlii,Heber
1714 1123 2001 1189 transitor,

355 1228 391 1267 a
420 1227 538 1283 quo
570 1209 792 1266 Hebrei
821 1213 1169 1267 transitores.
1206 1212 1336 1267 Veri
1359 1212 1582 1267 Hebrai
1615 1218 1753 1267 sunt
1774 1212 1875 1283 qui
1934 1212 2005 1265 de

354 1299 741 1372 presentibus
762 1299 831 1353 ad
859 1299 1149 1367 futura,de
1166 1300 1401 1356 caducis
1423 1301 1496 1356 ad
1520 1318 1801 1356 mansura
1813 1306 2002 1355 trans-

353 1389 503 1445 itum
537 1388 775 1444 faciunt.
794 1389 998 1460 Phaleg
1019 1389 1239 1445 divisio.
1266 1391 1385 1445 Sub
1419 1391 1528 1446 isto
1560 1390 1716 1445 enim
1743 1391 1896 1445 facta
1916 1395 2007 1445 est

353 1477 561 1534 divisio
590 1476 957 1549 linguarum.

999 1583 1231 1640 CAPUT
1271 1585 1364 1641 XI.

424 1691 589 1747 Vers.
621 1692 671 1745 1.
707 1695 841 1747 Erat
895 1692 1043 1747 lerra
1090 1691 1229 1747 labii
1276 1694 1464 1747 unius.
1519 1694 1580 1748 Id
1630 1696 1739 1757 est,
1792 1690 2003 1764 linguae

359 1780 604 1837 Hebraeae
636 1795 764 1851 quae
792 1780 942 1835 facta
963 1779 1243 1837 divisione
1266 1780 1600 1855 linguarum
1632 1780 1888 1836 creditur
1917 1797 2005 1834 re-

2117 591 2297 662 Cujus
2328 609 2493 649 soror
2523 590 2634 646 fuit
2662 590 2887 647 Melcha
2919 607 3098 663 quam
3121 588 3289 645 duxit
3314 587 3563 646 Nachor.

2759 714 2988 769 CAPUT
3029 713 3127 769 XII

2182 803 2348 860 Vers.
2379 804 2433 857 5.
2466 803 2800 859 Benedicam
2832 804 3206 859 benedicentes
3236 807 3307 873 te,
3339 805 3390 857 et
3434 800 3763 857 maledicam

2113 892 2561 947 maledicentibus
2593 896 2660 946 te.
2697 892 2835 946 Duae
2867 892 3352 963 repromissiones
3407 891 3569 946 facta
3627 893 3768 946 sunt

2112 981 2183 1036 ad
2205 981 2499 1035 Abraham
2533 999 2552 1032 :
2576 986 2961 1045 unaterrena,
3000 998 3117 1052 qua
3171 981 3223 1036 ei
3282 986 3439 1036 terra
3485 979 3761 1036 Chanaan

2112 1070 2468 1141 repromissa
2496 1078 2746 1133 csl,cum
2772 1070 2995 1124 dictum
3026 1074 3115 1124 est
3140 1087 3153 1123 :
3188 1069 3477 1141 Egredere
3496 1071 3565 1124 de
3610 1072 3764 1124 terra

2114 1164 2217 1213 tua
2237 1168 2290 1214 et
2309 1162 2649 1227 cognatione,
2683 1164 2790 1213 etc.
2814 1158 2939 1213 Alia
2971 1175 3098 1230 quae
3130 1160 3319 1228 major
3340 1163 3431 1213 est
3474 1162 3533 1214 et
3588 1157 3764 1230 spiri-

2113 1247 2270 1318 talis,
2304 1265 2419 1319 qua
2441 1248 2662 1303 dictum
2696 1252 2816 1303 est:
2850 1248 3178 1303 Benedicam
3210 1249 3405 1318 tibi,ut
3434 1252 3589 1303 esset
3616 1247 3770 1303 vide-

2114 1336 2250 1391 licet
2275 1342 2439 1408 pater
2451 1337 2666 1392 Christi
2682 1342 2738 1391 et
2757 1336 3023 1392 omnium
3048 1337 3105 1391 in
3129 1337 3359 1391 Christo
3378 1337 3765 1391 credentium.

2114 1426 2225 1481 Sed
2259 1430 2316 1481 et
2345 1426 2453 1481 hoc
2482 1427 2807 1482 notandum
2839 1425 2980 1497 quia
3002 1426 3131 1496 jam
3163 1440 3435 1497 egressus
3469 1425 3658 1480 fuerat
3695 1426 3767 1480 de

2115 1519 2273 1570 terra
2311 1531 2420 1570 sua
2445 1516 2681 1586 quando
2702 1515 2754 1570 ei
2788 1514 3014 1569 dictum
3042 1513 3768 1583 fueratzEgrederedeterra

2113 1607 2231 1658 tua.
2256 1603 2366 1657 Sed
2400 1602 2477 1657 ibi
2508 1619 2779 1676 egressus
2811 1620 2986 1674 corpo
3002 1603 3184 1668 re,hic
3214 1618 3348 1658 vero
3382 1606 3577 1659 mente
3596 1606 3653 1657 et
3674 1618 3772 1657 vo-

2116 1691 2446 1747 luntate.Fo
2454 1693 2658 1748 rtassis
2672 1693 2742 1747 ad
2753 1692 2860 1747 huc
2875 1692 3129 1747 habebat
3139 1690 3409 1748 affectum
3446 1690 3771 1747 revertendi

2113 1779 2254 1836 illuc
2283 1781 2518 1851 quando
2548 1782 2771 1836 dictum
2805 1780 3219 1850 estzEgredere.
3253 1811 3323 1821 —
3354 1782 3412 1835 In
3444 1788 3494 1835 te
3560 1778 3775 1836 benedi-

358 1869 649 1924 mansisse
680 1868 738 1922 in
765 1869 989 1923 familia
1009 1870 1197 1924 Heber
1230 1885 1242 1924 :
1278 1886 1393 1941 qua
1425 1871 1601 1925 etiam
1647 1869 1850 1941 lingua
1906 1867 2006 1922 Dei
2040 1878 2084 1940 Β
2113 1873 2309 1925 centur
2329 1871 2603 1925 universae
2630 1871 2981 1938 cognationes
3010 1874 3155 1937 tuae;
3191 1867 3330 1940 quia
3359 1868 3432 1923 de
3461 1867 3589 1939 ipso
3613 1866 3774 1922 Chri-

359 1957 539 2013 Filius
571 1957 643 2012 ad
667 1957 936 2013 homines
959 1958 1197 2013 veniens
1237 1959 1587 2031 praedicavit.
1648 1956 2008 2014 Conveniens

358 2048 514 2102 enim
539 2051 663 2102 erat
695 2047 840 2113 ut,in
875 2064 990 2118 qua
1012 2046 1217 2119 lingua
1232 2049 1419 2103 Adam
1440 2048 2010 2103 diabolisuasionem

359 2135 706 2201 audierat,in
729 2135 932 2190 eadem
948 2134 1152 2207 lingua
1167 2136 1487 2192 Salvatoris
1519 2137 1844 2209 preciperet
1866 2152 2010 2208 prae-

356 2224 859 2279 dicationem.Nec
889 2224 1207 2279 dicendum
1240 2229 1329 2280 est
1354 2226 1484 2279 novi
1532 2225 1754 2296 aliquid
1808 2224 2015 2279 fecisse

356 2311 808 2381 Deum,quando
834 2311 1170 2383 linguarum
1204 2313 1356 2368 facta
1384 2317 1474 2367 est
1502 2313 1731 2381 divisio,
1755 2313 1856 2367 sed
1884 2327 2013 2365 mo-

360 2402 471 2455 dos
490 2405 546 2454 et
558 2398 1147 2455 formaslocutionum
1170 2401 1439 2456 divisisse
1452 2400 1583 2456 aliis
1600 2400 2012 2456 intellectibus.

364 2488 527 2545 Unde
560 2491 618 2543 et
648 2488 849 2543 eadem
896 2490 1073 2544 verba
1128 2489 1186 2544 in
1234 2489 1480 2544 diversis
1531 2488 1803 2544 sensibus
1859 2487 2014 2559 apud

360 2576 626 2632 diversas
656 2581 859 2647 gentes
882 2576 1277 2631 inveniuntur.
1313 2577 1457 2631 Nam
1508 2578 1663 2631 alma
1706 2577 1858 2648 apud
1902 2577 2011 2631 He-

360 2665 548 2719 braeos
568 2667 799 2733 secreta,
834 2665 989 2735 apud
1025 2665 1260 2719 Latinos
1279 2674 1470 2720 sancta
1522 2666 1757 2719 dicitur.
1819 2664 2015 2719 Sidera

362 2752 547 2808 stella:
576 2757 857 2807 vocantur
886 2769 920 2807 a
951 2752 1463 2823 Latinis,aGraacis
1491 2754 1770 2825 [errea.ln
1797 2753 2014 2809 Graecis

364 2842 617 2897 habetur
649 2857 662 2895 :
696 2841 902 2898 rhabdo
922 2841 1120 2899 sidera.

434 2930 600 2987 Vers.
638 2932 689 2985 4.
741 2932 1033 2985 Faciamus
1087 2932 1244 2987 nobis
1300 2934 1521 2987 turrim.
1574 2930 1887 2986 Timebant
1943 2946 2015 2985 ne

364 3019 581 3075 iterum
609 3019 775 3074 fieret
794 3018 1101 3086 diluvium,
1128 3025 1184 3075 et
1208 3020 1334 3076 ideo
1366 3025 1600 3076 auctore
1631 3021 1881 3077 Nemrod
1916 3036 2014 3075 vo-

363 3108 616 3164 luerunt
644 3109 1055 3164 turrimfacere
1085 3107 1711 3180 altissimaminqua,si
1733 3107 2015 3163 diluvium

2120 1964 2247 2014 stus
2278 1962 2403 2013 erat
2435 1958 2768 2014 nasciturus
2802 1974 2903 2030 per
2926 1974 3100 2029 quem
3124 1962 3346 2013 cuncta
3368 1956 3773 2027 generationes

2120 2046 2583 2102 benedictionem
2620 2047 2915 2120 percipere
2946 2046 3287 2101 debuerant.

2190 2136 2355 2191 Vers.
2392 2138 2441 2191 4.
2477 2141 2737 2207 Egressus
2758 2144 2838 2191 est
2864 2135 3140 2190 Abraham
3170 2143 3220 2189 et
3243 2150 3369 2189 cum
3399 2149 3462 2189 eo
3493 2135 3610 2190 Lot.
3650 2132 3773 2189 Sci-

2121 2224 2256 2279 licet
2279 2230 2475 2279 mente
2504 2225 2790 2279 definiens
2821 2229 2886 2277 ut
2910 2239 3217 2293 nunquam
3238 2221 3377 2277 illuc
3406 2221 3638 2277 rediret.
3662 2222 3772 2277 Su-

2122 2312 2320 2383 perius
2341 2312 2558 2367 exierat
2587 2327 3011 2384 corpore,nunc
3039 2326 3172 2365 vero
3195 2313 3388 2364 mente
3403 2308 3773 2381 praecipiente

2123 2399 2393 2455 Domino.

2193 2488 2356 2544 Vers.
2381 2491 2435 2544 6.
2468 2491 2835 2545 Pertransivit
2862 2505 3035 2560 usque
3063 2489 3133 2543 ad
3197 2488 3384 2544 locum
3430 2487 3647 2543 Sichem
3690 2487 3772 2543 Si-

2121 2579 2279 2635 chem
2307 2578 2509 2633 civitas
2541 2584 2649 2643 est,
2685 2594 2811 2649 quae
2843 2596 2876 2633 a
2898 2577 3253 2649 quibusdam
3286 2582 3558 2649 corrupte
3578 2576 3776 2633 Sichar

2122 2667 2786 2739 dicitur.lnterpretatur
2814 2671 3009 2722 autem
3041 2667 3323 2721 humerus.
3353 2666 3665 2723 Convallem
3695 2665 3775 2722 il-

2124 2759 2344 2812 lustrem
2372 2756 2714 2827 Pentapolin
2748 2755 2908 2821 dicit,
2938 2772 3066 2828 quae
3090 2772 3247 2811 nunc
3269 2758 3358 2811 est
3376 2771 3531 2812 mare
3551 2756 3699 2812 Salis
3718 2759 3776 2811 et

2122 2847 2395 2902 Mortuum
2425 2845 2662 2910 dicitur,
2695 2848 2751 2900 et
2793 2844 2944 2901 lacus
2995 2846 3245 2917 Asphalti
3300 2848 3356 2900 et
3420 2844 3576 2901 lacus
3622 2845 3771 2901 Sali-

2124 2952 2346 2991 narum.

2202 3024 2360 3078 Vers.
2384 3027 2440 3077 7.
2473 3024 2844 3094 Apparuitque
2864 3024 3125 3078 Dominus
3154 3023 3453 3078 Abraham.
3488 3023 3663 3078 Recte
3721 3022 3774 3077 ei

2125 3112 2408 3169 Dominus
2432 3112 2720 3184 apparuit,
2742 3111 2841 3183 qui
2865 3111 3209 3167 renuntians
3234 3110 3571 3168 idololatria!
3593 3109 3775 3167 altare

359 3198 575 3253 iterum
626 3197 809 3265 ﬁeret,
872 3196 1254 3253 salvarentur.
1314 3198 1583 3253 Bitumen
1642 3197 1799 3253 enim
1843 3196 2012 3269 aquis
2042 3239 2085 3307 Ο
2126 3202 2373 3258 Domino
2403 3200 2724 3256 adiﬁcavit.

365 3285 598 3307 J1_-_I__3
628 3302 737 3307 μ-..
768 3291 989 3307 --ι-...-ι
1017 3286 1179 3307 \I-_II_
1228 3287 1368 3307 __.!__A
1408 3304 1461 3307 υ-
1501 3286 1729 3307 ΔΞ---1--ξ
1799 3289 1984 3307 -ΑΑΑ-ι
2192 3291 2239 3307 1v
2387 3292 2418 3307 Π
2483 3291 2525 3307 ΔΙ
2565 3290 2598 3307 Λ
2620 3306 2623 3307 ,
2648 3291 2684 3307 ,P
2708 3289 2718 3307 Ι

358 3285 602 3343 dissolvi
628 3302 744 3341 non
766 3286 1190 3357 poterat.Nulla
1221 3287 1376 3342 enim
1408 3304 1468 3342 re
1494 3286 1735 3342 dissolvi
1798 3289 2008 3358 potest,

361 3380 674 3448 postquam
702 3376 986 3430 siccatum
1018 3376 1195 3430 fuerit
1224 3375 1338 3430 nisi
1372 3381 1670 3431 menstruo
1703 3375 2007 3447 sanguine.

430 3464 596 3519 Vers.
638 3465 694 3519 5.
756 3464 1033 3519 Descendit
1086 3468 1148 3518 ut
1200 3464 1425 3519 videret.
1480 3462 1811 3518 Descendere
1859 3462 2012 3516 Deus

361 3553 575 3609 dicitur
605 3553 841 3625 quando
871 3569 933 3607 se
965 3553 1240 3608 sensibus
1262 3553 1350 3607 vel
1374 3552 1648 3623 operibus
1680 3549 2014 3605 commodat

367 3641 826 3709 humanis,sicut
848 3642 920 3697 ad
946 3642 1183 3714 Moysen
1215 3640 1377 3696 dixit:
1420 3640 1619 3696 Videns
1634 3640 1745 3694 vidi
1756 3640 2015 3711 afﬂictio-

362 3732 699 3802 nempopuli
720 3733 907 3801 mei,el
938 3731 1197 3787 descendi
1217 3732 1454 3786 liberare
1483 3747 1568 3786 eos
1593 3729 1784 3801 (Exod.
1812 3745 1895 3794 ιιι,
1933 3727 2011 3797 8).
2053 3748 2056 3751 λ

372 3821 530 3876 Etde
559 3820 875 3875 Sodomitis
900 3820 1123 3875 dictum
1155 3825 1276 3874 est:
1333 3820 1674 3885 Descendam,
1725 3826 1776 3873 et
1828 3817 2015 3872 videbo

362 3919 554 3964 utrum
576 3924 702 3963 eum
729 3909 1034 3964 clamorem
1054 3912 1152 3979 qui
1174 3911 1321 3964 venit
1348 3909 1417 3963 ad
1438 3925 1524 3964 me
1580 3924 1739 3979 opere
1777 3906 2014 3976 comple-

364 3998 548 4053 verint
575 3996 729 4065 (Gen.
763 4013 925 4061 xvm,
954 3998 1066 4067 21).
1098 3998 1166 4051 Et
1208 4002 1345 4051 nota
1391 3997 1448 4050 in
1490 3996 1875 4067 sequentibus
1922 3993 2017 4048 hic

368 4084 722 4157 mysterium
754 4084 1058 4140 Trinitatis
1079 4085 1502 4150 commendari,
1520 4101 1653 4139 cum
1676 4084 1851 4139 dicit:
1888 4087 2018 4139 Des-

364 4173 664 4229 cendamus
685 4177 736 4229 et
756 4174 1179 4244 con/undamus.
1214 4175 1450 4246 Mystice
1472 4172 1651 4227 turris
1664 4172 1783 4227 haec
1814 4169 2021 4226 mundi

366 4263 709 4335 superbiam
740 4262 957 4333 signat,
990 4263 1110 4318 sive
1139 4262 1315 4318 etiam
1371 4262 1680 4317 elationem
1724 4261 2020 4316 haeretico-

369 4367 505 4407 rum
526 4350 627 4422 qui
657 4350 867 4406 turrim
895 4351 1362 4422 pravidogmatis
1393 4355 1597 4406 contra
1622 4348 2023 4405 Deumvolunt

372 4439 819 4506 ediﬁcareﬂute
850 4439 1057 4495 merito
1088 4442 1259 4495 turris
1288 4440 1471 4507 Babel,
1506 4439 1562 4493 id
1590 4444 1680 4494 est
1728 4437 2022 4493 confusio-

374 4528 470 4583 nis
499 4527 849 4600 appellatur.
875 4529 1114 4600 Profecti
1142 4537 1269 4584 sunt
1299 4534 1480 4584 autem
1502 4528 1569 4583 de
1601 4529 1840 4591 Oriente,
1885 4527 2025 4599 quia

371 4616 776 4672 verumsolem
810 4616 1554 4689 reliquerunt.lnvenerunt
1589 4634 1844 4687 campum
1897 4616 2030 4671 Sen-
2065 4606 2110 4670 D
2140 4634 2272 4673 vare
2305 4621 2529 4689 poterat
2577 4616 2927 4671 castitatem.
2986 4617 3050 4670 In
3110 4632 3225 4687 quo
3284 4615 3613 4672 ostenditur
3655 4616 3795 4688 quia
3884 4630 3909 4649 δ

375 4706 652 4778 near,qui
666 4706 1086 4777 interpretatur
1095 4710 1240 4779 fetor
1251 4706 1336 4762 vel
1350 4708 1603 4762 excussio
1616 4704 2034 4775 dentium,quia

380 4796 663 4867 dogmata
690 4794 1098 4849 haereticorum
1129 4812 1245 4850 non
1270 4796 1485 4850 bonum
1517 4793 1730 4849 Christi
1770 4793 2029 4858 odorem,

380 4884 486 4940 sed
513 4884 751 4938 fetorem
776 4882 1080 4952 habent,et
1105 4882 1432 4939 amiserunt
1464 4883 1664 4938 dentes
1696 4882 1912 4954 quibus
1957 4881 2033 4936 ci-

383 4973 493 5028 bos
524 4972 684 5028 verbi
717 4972 814 5028 Dei
847 4972 1287 5028 commolerent.

456 5065 623 5117 Vers.
656 5062 747 5116 28.
780 5060 1018 5117 Mortuus
1046 5066 1125 5118 est
1146 5063 1299 5118 Aran
1328 5065 1381 5117 et
1409 5060 1586 5116 Thare
1631 5060 1690 5114 in
1754 5060 1826 5116 Ur
1873 5057 2036 5115 Chal-

389 5149 1162 5207 dzorum.TraduntHebraai
1180 5151 1332 5223 quod
1350 5149 1643 5205 Abraham
1666 5152 1723 5203 et
1742 5154 1897 5203 Aran
1920 5149 2034 5202 fra-

384 5243 529 5303 tres,
558 5253 694 5292 cum
722 5236 949 5293 nollent
978 5238 1172 5309 ignem
1208 5237 1532 5307 adorare,in
1567 5237 1764 5309 ignem
1797 5236 2035 5308 projecti

388 5329 533 5382 sunt
561 5340 632 5382 ex
659 5342 775 5397 quo
796 5327 1107 5382 miserante
1142 5329 1252 5382 Deo
1273 5325 1563 5381 Abraham
1597 5325 1812 5381 illaesus
1843 5326 2031 5380 exivit.

390 5414 557 5472 Unde
586 5418 644 5469 et
664 5431 816 5487 saepe
841 5416 996 5472 Deus
1013 5418 1083 5471 ad
1113 5414 1283 5470 illum
1314 5415 1588 5485 dicitzEgo
1621 5430 1744 5469 sum
1773 5415 1913 5469 Deus
1942 5416 2041 5487 qui

392 5504 652 5574 teeripui
678 5504 743 5558 de
778 5505 850 5560 Ur
879 5504 1288 5563 Chaldaeorum.
1340 5507 1489 5558 Aran
1543 5520 1673 5559 vero
1726 5504 1859 5576 igne
1902 5520 2037 5559 con-

394 5596 671 5664 sumptus
700 5596 810 5647 est.
844 5596 991 5666 Ergo
1025 5595 1097 5651 Ur
1124 5609 1237 5648 non
1262 5595 1351 5647 est
1381 5608 1591 5647 nomen
1622 5591 1753 5647 loci.

467 5681 634 5737 Vers.
657 5679 1589 5740 29.Duxeruntuxores.Abraham
1620 5681 1783 5736 duxit
1828 5681 1995 5737 Sarai
2027 5699 2039 5741 :

2192 3291 2355 3345 Vers.
2385 3292 2439 3342 8.
2461 3291 2536 3344 Ab
2561 3289 2841 3346 Occidente
2873 3289 3080 3344 habens
3110 3289 3397 3360 Bethel,ab
3421 3288 3772 3345 OrienteHai.

2121 3380 2305 3434 Bethel
2330 3378 2536 3454 civitas
2566 3378 2627 3431 in
2661 3376 2816 3431 tribu
2852 3378 3160 3448 Benjamin
3210 3394 3338 3448 quae
3378 3382 3550 3433 antea
3602 3378 3771 3447 Lam,

2121 3467 2178 3521 id
2205 3471 2292 3521 est
2331 3466 2658 3536 amygdalus
2690 3466 3026 3521 vocabatur.
3085 3468 3191 3522 Hai
3236 3466 3441 3523 civitas
3497 3465 3556 3520 in
3615 3465 3771 3521 tribu

2121 3555 2151 3610 J
2160 3554 2274 3607 uda
2306 3558 2392 3607 est
2424 3553 2784 3609 constituta.
2818 3555 3009 3610 Bethel
3036 3555 3453 3627 interpretatur
3472 3554 3659 3611 domus
3680 3556 3779 3610 Dei

2124 3659 2253 3713 quae
2284 3644 2485 3712 postea
2514 3641 2795 3695 Bethaven
2825 3648 3027 3697 vocata
3058 3644 3231 3711 est,id
3261 3647 3350 3698 est
3377 3642 3577 3698 domus
3619 3642 3773 3699 idoli.

2124 3730 2228 3786 Ηδὶ
2262 3730 2451 3785 oculus
2472 3728 2559 3784 vel
2589 3730 2713 3800 fons
2764 3730 3199 3801 interpretatur.
3258 3734 3403 3801 Ergo
3448 3729 3783 3801 patriarcha

2124 3820 2371 3876 tendens
2398 3818 2468 3874 ad
2501 3823 2718 3873 terram
2744 3816 3153 3889 promissionis
3169 3817 3417 3873 tetendit
3437 3818 3783 3873 tabernacu-

2127 3909 2424 3964 luminter
2458 3906 2656 3964 Bethel
2686 3911 2743 3962 et
2769 3907 2873 3963 Hai
2929 3905 3069 3979 quia
3119 3906 3307 3962 sancti
3365 3922 3572 3962 omnes
3630 3905 3786 3962 fonte

2126 3996 2498 4069 baptismatis
2525 3996 2869 4068 regenerati,
2894 4001 2950 4051 et
2980 4012 3217 4052 cursum
3245 3995 3425 4068 hujus
3484 3995 3614 4051 vitas
3673 3994 3783 4050 cir-

2128 4091 2464 4157 cumspecte
2496 4090 2735 4157 agentes
2768 4086 2837 4141 ad
2862 4084 2959 4140 Dei
2992 4084 3439 4141 tabernaculum
3470 4090 3526 4140 et
3569 4084 3640 4140 ad
3672 4099 3785 4140 cm-

2127 4174 2332 4230 lestem
2362 4178 2676 4245 properant
2707 4174 3025 4230 civitatem.

2202 4267 2363 4318 Vers.
2400 4264 2488 4316 13.
2520 4264 2634 4329 Dic,
2667 4263 2904 4333 obsecro,
2933 4263 3084 4334 quod
3111 4279 3267 4320 soror
3285 4279 3408 4320 mea
3457 4264 3553 4318 sis.
3614 4264 3785 4327 Que-

2132 4357 2271 4407 runt
2300 4350 2540 4422 quidam
2572 4367 2677 4405 cur
2705 4356 2944 4407 sanctus
2969 4352 3299 4423 patriarcha
3332 4350 3567 4407 mentiri
3588 4348 3784 4405 volue-

2134 4443 2207 4496 rit
2238 4447 2303 4495 ut
2329 4440 2547 4494 diceret
2576 4444 2778 4495 Saram
2803 4456 3062 4496 sororem
3088 4453 3281 4505 suam,
3313 4445 3371 4494 et
3426 4455 3543 4494 non
3592 4437 3787 4509 potius

2134 4531 2243 4585 hoc
2274 4529 2390 4583 Deo
2421 4528 2785 4583 commiserit
2814 4528 2915 4601 qui
2947 4532 3005 4583 et
3032 4529 3159 4596 ejus
3189 4528 3371 4582 vitam
3401 4531 3459 4582 et
3488 4525 3646 4582 illius
3670 4542 3791 4582 ser-

2142 4706 2403 4778 quandiu
2438 4705 2726 4760 habemus
2746 4705 2900 4775 quod
2934 4721 3003 4761 ex
3047 4704 3270 4760 ratione
3313 4705 3622 4777 faciamus,
3678 4722 3794 4761 non

2141 4799 2423 4853 debemus
2452 4798 2631 4851 Deum
2667 4801 2912 4863 tentare,
2945 4795 3045 4851 sed
3068 4795 3181 4868 ipsi
3212 4802 3423 4852 nostrae
3451 4796 3623 4853 saluti
3658 4812 3794 4868 pro-

2141 4886 2806 4950 videre.Quodammodo
2828 4885 3011 4941 Deum
3037 4890 3338 4951 tentasset,
3374 4887 3423 4941 si
3472 4901 3602 4941 eam
3653 4900 3791 4939 uxo-

2143 4992 2267 5032 rem
2300 4992 2468 5030 suam
2499 4974 2806 5029 confessus
2840 4974 3065 5045 fuisset,
3099 4975 3248 5030 duas
3280 4979 3392 5029 Deo
3424 4989 3516 5028 res
3535 4972 3795 5027 commit-

2142 5070 2293 5130 tene,
2327 5080 2497 5119 suam
2518 5064 2700 5118 vitam
2731 5068 2789 5119 et
2821 5063 2983 5118 illius
3035 5063 3386 5119 castitatem.
3447 5059 3605 5116 Fecit
3656 5075 3793 5135 ergo

2143 5170 2247 5225 pro
2276 5152 2397 5207 vita
2428 5153 2579 5223 quod
2614 5152 2842 5223 potuit:
2878 5151 3034 5222 quod
3092 5166 3225 5205 vero
3276 5166 3388 5205 non
3438 5148 3628 5221 potuit
3678 5153 3793 5204 Deo

2144 5240 2458 5305 commisit,
2493 5245 2708 5305 certus,
2733 5239 2781 5295 si
2809 5238 3000 5303 vellet,
3027 5238 3199 5292 etiam
3233 5238 3387 5309 apud
3434 5237 3794 5293 Pharaonem

2146 5332 2274 5400 ejus
2300 5328 2645 5401 pudicitiam
2670 5341 3011 5382 conservare
3043 5329 3259 5397 posset.

2218 5418 2380 5473 Vers.
2438 5418 2524 5472 l5.
2594 5416 2891 5470 Translata
2942 5417 3020 5469 est
3065 5415 3127 5469 in
3190 5415 3412 5471 domum
3464 5414 3795 5470 Pharaonis.

2150 5506 2427 5562 Excusari
2459 5508 2650 5577 potest
2676 5508 2818 5558 Sara
2851 5503 2905 5556 in
2932 5503 3038 5558 hoc
3070 5503 3222 5576 quod
3261 5504 3321 5558 in
3352 5503 3593 5559 domum
3652 5502 3799 5560 Pha-

2152 5593 2347 5650 raonis
2378 5592 2664 5649 translata
2685 5591 2977 5648 estinvita
3032 5592 3118 5650 vel
3172 5597 3390 5659 coacta,
3430 5607 3547 5648 non
3605 5590 3798 5650 solum

2155 5684 2215 5740 in
2236 5683 2347 5742 hoc
2380 5682 2521 5755 quia
2542 5697 2658 5739 non
2681 5679 3097 5754 coinquinatur
3117 5697 3328 5756 corpus
3368 5679 3483 5739 nisi
3535 5695 3606 5741 ex
3653 5698 3797 5741 con-
