4040 6208
282 394 361 460 83
845 393 1147 458 REMIGII
1190 389 1940 456 ANTISSIODORENSIS
1985 391 2157 454 OPP.
2205 391 2434 453 PARS.
2477 390 2619 452 1.-
2647 385 3113 452 EXEGETICA.
3605 379 3683 448 84

284 547 460 588 sensu
491 529 726 600 mentis,
758 531 858 584 sed
883 531 1057 584 etiam
1083 529 1141 583 in
1174 528 1281 583 hoc
1308 528 1461 600 quod
1484 527 1825 582 connivente
1876 530 1931 579 et
1960 533 2011 594 Α
2045 527 2194 581 situs
2225 532 2313 581 est
2341 526 2523 581 Adam
2559 525 2870 588 maximus,
2898 529 2954 579 et
2984 521 3294 592 Abraham,
3321 524 3378 577 et
3416 520 3577 578 Isaac
3628 527 3689 577 et

281 620 652 690 permittente
673 619 792 674 viro
827 619 1041 672 factum
1075 621 1164 672 est
1220 617 1348 671 hoc.
1407 616 1697 679 Quaeritur
1754 615 1930 670 etiam

281 709 572 781 quomodo
603 708 755 780 apud
786 707 1145 762 Pharaonem
1179 711 1294 760 tam
1320 705 1420 760 diu
1452 705 1666 759 intacta
1699 720 1933 759 manere

278 797 787 870 potucrit.Dicitur
816 797 971 851 enim
1001 813 1012 849 :
1046 794 1328 850 Abraham
1355 794 1485 849 bene
1515 796 1605 849 usi
1633 798 1757 848 sunt
1803 809 1929 865 pro-

274 891 407 960 pter
433 894 637 953 eam,et
661 888 894 955 fuerunt
923 887 976 940 ei
1005 886 1306 951 boves,oves
1333 888 1388 939 et
1414 883 1672 938 familiae.
1698 883 1809 937 Sed
1859 882 1930 936 ad

278 975 618 1033 solvendam
652 975 800 1030 hanc
824 975 1205 1046 qumstionem
1228 974 1379 1028 valet
1402 977 1459 1027 et
1499 972 1607 1026 hoc
1658 971 1812 1043 quod
1872 971 1930 1025 in

279 1064 432 1120 libro
456 1064 664 1120 Esther
684 1063 921 1136 legitur,
956 1063 1094 1134 quia
1125 1062 1327 1133 puellae
1361 1079 1488 1133 quae
1514 1063 1766 1116 Assuero
1809 1060 1931 1131 regi

284 1154 854 1208 adducebantur-non
878 1153 1077 1207 statim
1101 1151 1625 1206 introducebautur
1641 1151 1712 1204 ad
1736 1165 1932 1221 regem

285 1244 385 1299 sed
417 1260 570 1298 anno
585 1259 700 1297 uno
724 1242 1228 1310 custodiebantur,
1257 1244 1312 1295 et
1332 1257 1431 1294 sex
1463 1240 1766 1294 mensibus
1827 1257 1932 1294 un-

284 1331 715 1404 gebanturoleo
734 1331 1066 1402 myrtino,et
1089 1347 1186 1385 sex
1211 1329 1340 1384 aliis
1356 1328 1656 1382 mensibus
1687 1328 1932 1383 diversis

286 1419 604 1492 unguentis
629 1421 840 1490 (Esther
872 1438 936 1486 ιι,
966 1418 1294 1488 12).Potuit
1342 1433 1477 1488 ergo
1528 1417 1649 1471 ﬁeri
1709 1421 1774 1471 ut
1832 1434 1934 1489 per

283 1509 392 1566 has
418 1508 686 1564 inducias
719 1507 876 1580 longi
907 1507 1187 1578 temporis
1212 1507 1355 1560 Sara
1415 1506 1696 1560 manserit
1747 1505 1933 1560 incor-

284 1601 476 1668 rupta,
511 1601 566 1652 et
596 1597 828 1659 interim
861 1598 1007 1652 bene
1035 1597 1121 1651 usi
1158 1600 1296 1650 sunt
1326 1594 1623 1648 Abraham
1658 1595 1930 1665 Egyptii,

278 1686 462 1742 donec
491 1702 525 1740 a
551 1687 661 1740 Deo
683 1683 1082 1757 ﬂagellaretur
1108 1689 1183 1750 et,
1221 1683 1518 1754 cognitam
1583 1682 1738 1753 quod
1786 1698 1934 1737 uxor

280 1777 407 1846 ejus
428 1779 603 1841 esset,
636 1775 971 1830 restitueret
1000 1789 1131 1828 eam
1162 1771 1471 1827 illibatam.

888 1943 1117 1998 CAPUT
1175 1942 1322 1996 XIII.

350 2078 755 2147 Vers.1.Seq.
787 2075 1044 2131 Ascendit
1092 2082 1278 2129 autem
1335 2073 1398 2129 de
1457 2075 1705 2144 rEgypto,
1753 2087 1940 2142 usque

284 2178 408 2225 erat
429 2168 574 2223 dives
606 2165 786 2222 valde.
821 2164 948 2220 Alia
972 2164 1282 2219 translatio
1311 2163 1450 2217 dicit
1484 2179 1496 2217 ε
1557 2161 1818 2217 Ascendit
1869 2159 1940 2215 de

287 2259 518 2330 Egypto
549 2257 732 2329 gravis
762 2252 1096 2326 valde,quod
1131 2254 1278 2308 bene
1327 2251 1600 2324 mysterio
1651 2250 1938 2306 convenit.

289 2349 498 2404 Sancto
549 2346 703 2402 enim
754 2346 875 2400 viro
938 2343 1165 2417 Egypti
1227 2342 1440 2397 divitiae
1503 2358 1711 2413 graves
1779 2343 1938 2395 sunt.

290 2439 571 2509 Egyptus
602 2435 754 2490 enim
789 2434 1033 2489 tenebrae
1062 2432 1147 2486 vel
1180 2448 1386 2487 maeror
1433 2431 1867 2500 interpretatur.

363 2526 526 2578 Vers.
555 2524 608 2576 8.
640 2524 854 2577 Fratres
884 2523 1031 2576 enim
1061 2536 1271 2574 sumus.
1303 2520 1515 2572 Tribus
1547 2519 1703 2572 enim
1755 2515 1944 2570 modis

292 2613 354 2669 in
385 2611 685 2683 Scriptura
715 2615 919 2664 sancta
949 2613 1150 2679 fratres
1181 2612 1461 2661 vocantur
1492 2622 1505 2660 :
1541 2609 1769 2670 natura,
1795 2604 1946 2658 sicut

291 2701 475 2758 Jacob
501 2703 557 2754 et
589 2700 747 2754 Isaac
778 2713 791 2753 :
830 2695 1356 2768 cognatione,sicut
1387 2694 1682 2748 Abraham
1708 2698 1764 2748 et
1795 2692 1897 2746 Lot
1931 2710 1943 2759 ;

299 2792 407 2847 Lot
435 2789 594 2845 enim
625 2787 783 2842 filius
813 2786 1002 2841 fuerat
1024 2785 1222 2839 fratris
1256 2783 1344 2839 sui
1378 2790 1532 2838 Aran
1553 2799 1564 2836 :
1586 2787 1778 2854 gente,
1799 2780 1950 2836 sicut

297 2895 502 2936 omnes
531 2876 718 2932 Judaei
743 2876 949 2931 fratres
981 2873 1516 2937 dicuntur,dicente
1548 2871 1693 2942 lege:
1721 2871 1784 2926 Si
1810 2877 1950 2925 atte-

297 2971 501 3024 nuatus
525 2970 702 3039 frater
717 2973 838 3020 tuus
869 2963 1121 3019 Hebraeus
1144 2961 1451 3017 vendiderit
1479 2977 1536 3015 se
1592 2961 1696 3014 tibi
1751 2960 1948 3031 (Leuit.

297 3076 434 3124 xxv,
465 3057 577 3128 25).
613 3057 681 3111 Et
711 3053 1129 3110 attendendum
1178 3055 1398 3122 quanta
1434 3067 1576 3104 cura
1634 3048 1950 3103 concordia:

301 3151 504 3204 sancto
536 3145 656 3199 viro
672 3143 844 3199 fuerit
862 3138 1737 3215 pr0pterquamcustodiendam
1768 3137 1951 3209 optio-

305 3252 440 3292 nem
473 3234 632 3290 dedit
655 3234 779 3300 Lot,
814 3236 879 3286 ut
908 3235 1009 3286 aut
1040 3231 1162 3302 ipse
1193 3233 1458 3300 pergeret
1490 3227 1586 3282 illo
1618 3230 1954 3282 remanente

305 3328 408 3380 aut
437 3327 611 3390 certe,
644 3323 694 3378 si
754 3322 877 3393 ipse
935 3319 1072 3374 alibi
1127 3317 1295 3373 vellet
1351 3317 1638 3384 recedere,
1691 3315 1816 3387 ipse
1873 3314 1954 3368 ibi

307 3419 588 3470 maneret.

380 3503 547 3558 Vers.
585 3503 670 3556 10.
706 3496 1453 3570 Irrigabant,subauditur,a
1499 3495 1771 3560 Jordane,
1822 3496 1962 3548 sicut

316 3595 398 3648 est
419 3590 721 3664 paradisus
750 3591 988 3644 Domini.
1016 3593 1093 3641 Ex
1124 3587 1231 3641 hoc
1277 3585 1560 3640 discimus
1615 3583 1957 3655 paradisum

315 3697 444 3736 esse
472 3685 791 3748 terrenum,
825 3678 919 3734 cui
953 3683 1183 3732 terrena
1215 3675 1371 3746 regio
1403 3679 1794 3745 comparatur.
1829 3671 1958 3726 Haec

317 3770 476 3843 regio
510 3768 684 3842 plana
698 3773 819 3824 erat
847 3772 902 3823 et
927 3763 1681 3838 campestrisgirragabatur
1707 3760 1958 3815 Jordane

317 3860 492 3916 ﬂuvio
524 3860 678 3914 sicut
707 3858 986 3929 Egyptus
1043 3854 1190 3910 Nilo.
1253 3854 1527 3922 Elegitque
1577 3853 1676 3904 Lot
1720 3850 1828 3903 sibi
1881 3864 1963 3903 re-

311 3951 531 4020 gionem
560 3950 712 4002 circa
749 3945 1060 4010 Iordanem,
1120 3948 1228 3996 etc.
1290 3937 1609 4008 Allegorice
1669 3941 1770 3992 Lot
1825 3953 1960 3991 cum

315 4037 439 4092 suis
468 4035 806 4106 pastoribus
826 4039 1029 4105 typum
1047 4035 1201 4086 tenet
1221 4029 1623 4083 haereticorum
1639 4025 1739 4097 qui
1764 4024 1963 4080 relicta

313 4127 553 4180 veritate
575 4121 956 4178 ecclesiastici
991 4120 1286 4191 dogmatis
1309 4116 1534 4188 eligunt
1573 4115 1682 4170 sibi
1719 4114 1963 4187 pulchra

316 4217 373 4269 et
402 4210 814 4282 humilia,quia
845 4227 958 4264 non
993 4215 1142 4262 recte
1160 4207 1230 4261 de
1263 4206 1502 4261 veritate
1520 4204 1651 4259 fidei
1676 4204 1959 4268 sentiunt,

317 4318 422 4358 nec
452 4303 522 4357 ad
550 4303 726 4357 Deum
760 4317 893 4355 cum
934 4302 1128 4370 Moyse
1176 4297 1234 4351 in
1301 4300 1558 4350 montem
1618 4293 1959 4350 ascendunt.

318 4392 572 4449 Sodoma
595 4406 758 4462 pecus
789 4389 958 4444 silens
989 4388 1420 4457 interpretatur.

385 4480 550 4535 Vers.
578 4480 661 4534 13.
695 4481 948 4534 Homines
969 4476 1268 4532 Sodomita?
1296 4473 1518 4544 pessimi
1547 4480 1704 4526 erant
1743 4480 1794 4526 et
1843 4486 1965 4542 pec-

316 4578 519 4625 catores
547 4585 737 4625 coram
770 4569 1017 4623 Domino.
1051 4565 1194 4620 Nam
1255 4568 1311 4618 et
1369 4579 1562 4617 coram
1624 4559 1964 4615 hominibus

2040 616 2240 670 Jacob.
2277 614 2557 671 Convallis
2587 615 2824 670 Mambre
2846 613 2916 669 ab
2949 629 3063 666 uno
3122 611 3443 666 amicorum
3503 610 3687 666 Abra-

2041 703 2176 759 ham
2203 704 2357 759 dicta
2377 708 2466 758 est
2498 703 2596 774 qui
2628 702 2888 758 Mambre
2909 701 3252 758 vobabatur.

2649 925 2880 982 CAPUT
2938 925 3076 982 XIV.

2112 1100 2275 1154 Vers.
2343 1101 2391 1154 1.
2443 1101 2666 1154 Factum
2719 1103 2799 1153 est
2844 1103 3029 1152 autem
3087 1100 3148 1152 in
3197 1098 3296 1152 illo
3342 1101 3582 1167 tempore
3634 1102 3693 1153 ut

2041 1189 2335 1260 Amraphel
2363 1189 2632 1258 Sennaar,
2661 1193 2768 1242 etc.
2803 1189 3062 1252 Quatuor
3091 1202 3255 1258 rcges
3279 1187 3538 1242 inierunt
3566 1189 3694 1242 bel-

2041 1279 2160 1333 lum
2189 1283 2393 1334 contra
2416 1277 2768 1348 quinque.Hi
2793 1281 3046 1346 quatuor
3066 1292 3230 1347 reges
3249 1276 3492 1347 mistyce
3513 1276 3696 1348 signi-

2041 1368 2218 1422 ficant
2245 1368 2608 1421 adversaries
2644 1369 2954 1436 potestates
2985 1381 3112 1435 quas
3135 1381 3237 1435 per
3265 1381 3502 1420 carnem
3561 1381 3693 1437 quis

2043 1462 2293 1529 quatuor
2322 1455 2672 1510 humoribus
2695 1460 2943 1523 constat,
2978 1455 3037 1507 in
3065 1454 3326 1524 quinque
3341 1471 3552 1510 sensus
3572 1471 3700 1510 oor-

2044 1546 2197 1617 poris
2230 1545 2523 1600 dominari
2560 1547 2850 1614 quaerunt.
2902 1542 3194 1613 Amraphel
3238 1542 3693 1614 interpretatur:

2040 1635 2183 1689 dixit
2205 1639 2264 1689 ut
2287 1636 2528 1699 caderet,
2562 1637 2619 1688 et
2649 1638 2737 1688 est
2766 1649 2866 1688 rex
2915 1633 3165 1687 Sennaar
3220 1631 3341 1708 qui,
3402 1635 3467 1686 ut
3523 1649 3699 1704 supe-

2043 1723 2164 1776 rius
2193 1722 2477 1788 diximus,
2513 1722 2936 1792 interpretatur
2963 1723 3210 1776 excussio
3229 1719 3316 1775 vel
3364 1724 3505 1791 fetor
3559 1720 3694 1777 den-

2041 1813 2206 1866 tium.
2235 1811 2544 1882 Signiﬁcat
2576 1810 2880 1865 haereticos
2905 1810 3004 1880 qui
3038 1826 3108 1865 ex
3139 1811 3434 1881 proposito
3462 1815 3702 1882 peccant

1964 1901 2010 1964 B
2041 1904 2096 1954 et
2121 1899 2340 1954 cadunt
2364 1891 2565 1954 contra
2594 1898 2799 1964 Deum,
2833 1915 3106 1970 perversa
3151 1898 3456 1970 loquentes
3503 1904 3563 1954 et
3597 1899 3699 1955 ob-

2048 1988 2207 2043 sceni
2241 1988 2534 2059 dogmatis
2566 1989 2809 2044 fetorem
2861 1987 3211 2043 emittentes.
3261 1989 3462 2044 Arioch
3516 1989 3702 2045 ebrius

2047 2077 2137 2132 vel
2173 2078 2410 2132 ebrietas
2467 2077 2902 2147 interpretatur.
2963 2076 3260 2146 Signiﬁcat
3305 2077 3551 2149 gentiles
3601 2079 3703 2150 qui

2049 2165 2256 2238 poculo
2290 2165 2502 2221 erroris
2535 2165 2741 2220 ebriati
2772 2171 3100 2221 creaturam
3132 2182 3233 2236 pro
3273 2166 3540 2222 Creatore
3603 2183 3704 2223 co-

2049 2256 2198 2311 lunt.
2231 2255 2736 2311 Cohdorlachamor
2771 2254 3188 2326 interpretatur
3223 2255 3448 2310 decorus
3468 2255 3551 2311 vel
3581 2272 3704 2311 ma-

2050 2344 2550 2416 nipulus.Ponitur
2575 2343 2634 2398 in
2659 2342 3088 2415 significatione
3118 2343 3555 2416 hypocritarum
3577 2345 3702 2412 qui,

2051 2451 2184 2488 cum
2218 2433 2336 2488 sint
2368 2432 2524 2505 pleni
2553 2430 2977 2504 malitia,vulgo
3012 2432 3201 2487 decori
3234 2433 3707 2504 putanturvirtu-

2053 2522 2341 2576 tibus.Est
2372 2539 2471 2576 rex
2493 2522 2884 2587 Elamitaaum,
2920 2521 2974 2574 id
3009 2525 3099 2575 est
3137 2520 3332 2575 saeculi
3387 2521 3474 2576 vel
3522 2522 3706 2578 orbis.

2062 2610 2274 2666 Thadal
2297 2610 2716 2680 interpretatur
2735 2611 2912 2665 sciens
2931 2611 3148 2680 jugum.
3183 2609 3500 2681 Praesignat
3519 2610 3710 2664 avari-

2055 2697 2199 2754 tiam
2223 2700 2393 2768 cujus
2417 2700 2631 2770 jugum
2656 2698 2849 2754 sciunt
2878 2699 3034 2754 avari
3090 2697 3338 2754 libenter
3386 2700 3554 2754 ferre.
3611 2699 3714 2754 Est

2056 2789 2298 2860 gentium
2326 2804 2444 2854 rex,
2479 2804 2596 2858 qua
2626 2787 2868 2844 avaritia
2891 2786 3144 2843 maxime
3193 2787 3470 2859 gentibus
3520 2788 3710 2844 domi-

2061 2882 2255 2933 natur.

2130 2965 2293 3020 Vers.
2327 2966 2380 3019 2.
2418 2967 2628 3030 lnirent
2661 2966 2864 3021 bellum
2892 2974 3083 3021 contra
3109 2967 3285 3022 Bara.
3337 2967 3487 3022 Bara
3535 2967 3713 3023 mali-

2061 3055 2143 3110 tia
2173 3052 2260 3109 vel
2291 3060 2552 3110 creatura
2584 3055 3018 3126 interpretatur.
3053 3054 3152 3109 Est
3172 3071 3272 3111 rea:
3323 3056 3710 3124 Sodomorum,

2062 3143 2121 3198 id
2155 3149 2244 3199 est
2272 3142 2495 3214 pecudis
2524 3144 2758 3198 silentis.
2796 3145 2966 3198 Bersa
3021 3143 3440 3216 interpretatur
3495 3146 3556 3200 in
3608 3162 3713 3200 an-

2064 3233 2266 3304 gustia,
2301 3235 2389 3287 est
2409 3248 2509 3287 rea:
2541 3231 2856 3289 Gomorrhz
2874 3248 3001 3303 quas
3033 3231 3450 3303 interpretatur
3477 3233 3713 3305 populus

2067 3322 2280 3376 timens.
2315 3320 2524 3375 Senaar
2569 3319 2788 3392 [Vulg.,
2847 3320 3084 3391 Senaab]
3141 3322 3560 3392 interpretatur
3612 3337 3716 3378 ex-

2065 3411 2239 3466 cussio
2268 3407 2356 3465 vel
2383 3412 2529 3481 fetor
2576 3409 2845 3477 dentium,
2895 3414 2954 3464 et
3010 3414 3100 3465 est
3145 3411 3450 3482 proprium
3503 3427 3716 3466 nomen

2067 3497 2452 3554 hominis.Est
2470 3515 2568 3554 rex
2597 3499 2853 3566 Adamae,
2879 3515 3007 3569 quae
3038 3499 3459 3570 interpretatur
3478 3509 3717 3556 terrena.

2067 3587 2339 3643 Semeber
2360 3589 2440 3642 ibi
2456 3587 2687 3658 perditio
2705 3588 3244 3658 interpretatur.Est
3264 3604 3366 3644 rex
3385 3588 3560 3644 Sebon
3589 3605 3719 3660 quin

2066 3677 2484 3746 interpretatur
2513 3677 2796 3731 vinculum
2826 3679 3094 3733 maeroris.
3121 3677 3258 3733 Bale
3302 3677 3601 3733 civitatula
3635 3677 3720 3733 in-

2068 3769 2419 3836 terpretatur
2449 3781 2650 3834 vorago
2676 3765 2763 3820 vel
2788 3768 3177 3837 praecipitatio.
3229 3766 3484 3821 Vocatur
3540 3767 3718 3823 etiam

2068 3854 2240 3908 vitula
2268 3857 2640 3910 constemens.
2676 3855 2890 3910 Ferunt
2919 3855 3076 3910 enim
3111 3855 3330 3910 Hebraei
3364 3855 3515 3910 hanc
3537 3855 3710 3911 tertio

2071 3947 2233 3998 terra:
2267 3947 2427 3997 motu
2459 3943 2768 3998 corruisse.
2830 3948 2952 4014 Ipsa
2985 3953 3063 4000 est
3120 3943 3291 3999 Senor
3337 3945 3394 3999 id
3443 3949 3532 4000 est
3583 3959 3719 4016 par-

2068 4034 2214 4086 vula.

2142 4124 2306 4176 Vers.
2331 4122 2385 4175 3.
2423 4120 2640 4176 Vallem.
2672 4121 3000 4192 Sylvestrem
3030 4121 3344 4178 Sodomam
3392 4123 3536 4178 dicit
3590 4139 3720 4195 quis

2074 4226 2230 4264 nunc
2264 4213 2351 4264 est
2378 4225 2536 4264 mare
2553 4210 2708 4276 satis,
2740 4208 2904 4265 lacus
2935 4209 3221 4279 videlicet,
3256 4227 3384 4282 qua:
3407 4215 3540 4282 post
3554 4227 3720 4267 com-

2071 4297 2400 4353 bustionem
2428 4298 2579 4370 ignis
2593 4296 2844 4353 coelestia
2871 4297 3137 4353 inlacum
3151 4315 3317 4354 versa
3344 4299 3520 4370 est,in
3543 4316 3720 4371 quem

2072 4385 2804 4454 lacumcaditJordanis,et
2831 4385 2911 4441 ibi
2941 4387 3131 4458 perdit
3163 4387 3488 4444 laudabiles
3533 4405 3720 4460 aquas

2075 4493 2232 4530 8118.8.

2149 4568 2310 4620 Vers.
2343 4565 2789 4620 5Percusserant
2818 4565 3103 4636 Raphaim.
3167 4565 3228 4620 Id
3287 4570 3376 4620 est
3431 4567 3722 4639 gigantes.

319 4659 561 4730 pessimi
593 4662 774 4712 erant.
800 4661 1001 4711 Coram
1036 4655 1150 4709 Dco
1180 4658 1442 4725 peccator
1471 4656 1579 4718 est,
1614 4650 1710 4720 qui
1769 4664 1961 4704 coram
1999 4630 2041 4693 D
2076 4652 2174 4724 qui
2202 4652 2486 4724 liaphaim
2518 4653 2770 4722 gigantes
2799 4630 3723 4725 interpretaturﬁarnai'mvetGut-

318 4747 659 4802 hominibus
691 4750 992 4815 utcunque
1016 4745 1217 4814 justus
1248 4746 1508 4814 apparet.
1573 4739 1734 4794 Unde
1789 4744 1845 4792 et
1894 4738 1963 4792 do

317 4834 592 4892 Zacharia
626 4839 680 4889 et
721 4833 1016 4888 Elisabclh
1076 4832 1332 4887 dicitur:
1390 4832 1566 4884 Erant
1610 4829 1751 4900 justi
1807 4827 1962 4881 ambo

317 4941 506 4982 coram
539 4926 762 4981 Domino
793 4923 897 4978 Deo
926 4939 1023 4978 suo
1055 4923 1207 4992 (Luc.
1234 4939 1272 4989 ι,
1303 4921 1379 4989 6).

389 5016 552 5071 Vers.
588 5015 676 5069 44.
711 5015 850 5068 Leva
879 5012 1080 5068 oculos.
1128 5010 1190 5064 Id
1241 5015 1349 5075 est,
1409 5007 1622 5080 aspice.
1683 5011 1790 5061 Per
1847 5005 1964 5060 haec

317 5108 571 5176 quatuor
600 5101 836 5157 climata
867 5105 1019 5156 terra
1053 5097 1460 5171 promissionis
1490 5097 1540 5151 ei
1579 5095 1959 5167 promittitur.

316 5193 478 5258 Quod
509 5195 705 5246 autem
741 5191 796 5244 in
823 5190 1176 5261 quibusdam
1211 5186 1351 5241 locis
1382 5201 1532 5240 mare
1563 5184 1802 5256 ponitur
1859 5200 1962 5255 pro

319 5280 620 5350 Occidente,
673 5279 800 5332 ideo
859 5279 924 5332 fit
977 5277 1118 5348 quia
1173 5281 1327 5330 terra
1379 5272 1848 5345 repromissionis
1903 5272 1961 5327 in

319 5369 466 5426 mari
497 5365 845 5424 Occidentali
871 5371 975 5420 est.

387 5458 551 5513 Vers.
586 5455 872 5511 48.1mm
901 5455 1200 5510 convallem
1248 5451 1501 5507 Mambre.
1553 5451 1713 5516 Quod
1759 5454 1849 5505 est
1905 5451 1961 5506 in

322 5548 569 5603 Hebron.
604 5545 822 5600 Hebron
848 5543 1050 5599 civitas
1071 5547 1160 5597 est
1186 5542 1240 5596 in
1277 5541 1429 5596 tribu
1459 5539 1633 5605 Juda,
1668 5556 1792 5611 quae
1851 5539 1964 5595 alio

321 5637 556 5691 nomine
581 5633 945 5688 Cariatharbe
959 5631 1253 5699 dicitur,id
1274 5634 1360 5684 est
1380 5629 1573 5683 civitas
1594 5629 1962 5700 quatuor.Ca-

319 5725 468 5781 rmth
497 5720 652 5778 enim
686 5721 966 5777 Hebraice
999 5721 1217 5791 civitas,
1237 5719 1387 5785 arbe,
1421 5722 1676 5787 quatuor.
1703 5716 1785 5770 Ibi
1806 5717 1961 5772 enim

2073 4743 2177 4796 tim
2210 4741 2890 4813 [Vulg.,Zu7.im]nomina
2907 4741 3166 4798 locorum
3190 4747 3330 4798 sunt
3355 4748 3413 4798 et
3432 4744 3717 4816 gentium.

2074 4830 2197 4886 Seir
2227 4848 2327 4902 per
2358 4829 2650 4902 prolepsiu
2675 4831 2906 4900 dicitur,
2943 4832 3192 4886 necdum
3209 4832 3364 4888 enim
3395 4832 3561 4888 locus
3618 4831 3714 4889 ille

2073 4920 2156 4976 sic
2189 4920 2520 4974 vocabatur.
2539 4920 2660 4975 Seir
2690 4922 2805 4989 ipse
2835 4926 2916 4974 est
2945 4921 3132 4990 Edam,
3161 4920 3263 4992 qui
3285 4926 3342 4976 et
3370 4922 3516 4977 Esau
3545 4922 3722 4977 inter-

2073 5013 2333 5082 pretatur
2352 5008 2829 5080 hispidus,setosus
2851 5007 2950 5080 qui
2983 5009 3040 5062 in
3067 5010 3309 5065 modum
3332 5010 3501 5082 pellis
3548 5015 3723 5066 natus

2073 5103 2227 5164 est,a
2259 5116 2372 5168 quo
2410 5097 2565 5167 regio
2597 5113 2772 5167 quam
2806 5097 3064 5166 possedit
3093 5098 3218 5154 Seir
3245 5103 3447 5156 vocata
3467 5104 3574 5156 est.

2142 5185 2305 5240 Vers.
2335 5188 2389 5240 7.
2423 5185 2502 5239 Ad
2528 5185 2731 5255 fontem
2756 5184 3008 5256 Misphat,
3041 5188 3153 5257 ipse
3183 5192 3261 5243 est
3296 5187 3478 5243 Gades.
3539 5187 3724 5243 Gades

2064 5274 2340 5347 judicium
2378 5274 2812 5345 interpretatur.
2848 5274 2934 5329 Ibi
2962 5275 3116 5331 enim
3142 5276 3547 5347 judicatusest
3562 5293 3726 5332 mur-

2078 5380 2318 5418 murans
2351 5362 2628 5434 populus.
2667 5363 3084 5434 Interpretatur
3130 5365 3308 5420 etiam
3361 5369 3552 5422 sancta
3593 5370 3726 5424 cata

2078 5451 2465 5524 antiphrasin,
2493 5451 2550 5506 id
2581 5457 2669 5508 est
2690 5469 2792 5523 per
2812 5453 3190 5508 contrarium.
3225 5455 3451 5510 Fontem
3496 5459 3723 5526 petram

2076 5541 2215 5595 dicit
2239 5541 2308 5596 de
2340 5557 2455 5611 quo
2489 5541 2714 5613 Moyses
2747 5557 2960 5614 aquam
2993 5541 3286 5612 produxit.
3331 5545 3725 5600 Percusserunt

2076 5629 2455 5687 Amorrhzeum
2488 5631 2583 5702 qui
2605 5629 2880 5684 habitabat
2911 5631 2970 5684 in
3000 5630 3453 5689 Asasonthamar.
3497 5638 3724 5690 Asason

2075 5719 2312 5775 thamar
2341 5720 2469 5774 urbs
2493 5719 2807 5791 palmarum
2849 5717 3279 5790 interpretatur.
