4040 6208
337 392 413 461 85
1457 403 2075 468 COMMENTARIUS
2120 400 2200 467 IN
2247 405 2617 470 GENESIM.
3663 402 3745 463 86

408 533 572 593 Vers.
607 536 694 593 13.
727 537 787 594 In
825 536 1077 595 convalle
1123 538 1380 604 Mambre,
1414 541 1608 610 fratris
1640 541 1714 611 (τι)
1759 542 1901 596 Aner
1930 547 1985 595 et
2016 545 2060 606 Α
2101 540 2181 596 vel
2227 541 2665 613 dispensatoris.
2698 541 2910 598 Eliezer
2956 541 3373 613 interpretatur
3404 541 3546 596 Deus
3590 550 3743 595 meus

338 628 511 682 Escol.
540 628 777 683 Membro
816 628 1112 699 proprium
1162 646 1373 685 nomen
1405 635 1512 685 est.
1549 629 1615 684 Hi
1648 635 1766 685 tres
1798 629 1982 686 foedus

340 717 591 773 inierant
618 734 751 772 cum
784 720 1099 773 Abraham.

412 808 573 862 Vers.
608 808 694 863 14.
748 811 1069 864 Numeravit
1116 808 1394 879 expeditos
1437 810 1770 864 vernaculos.
1806 811 1983 880 Expe-

336 897 497 961 ditos,
529 897 585 951 id
619 901 709 951 est
738 897 862 953 sine
903 898 1201 953 uxoribus.
1236 900 1558 953 Persecutus
1586 908 1663 954 est
1694 915 1785 953 eos
1815 915 1984 969 usque

336 987 477 1041 Dan.
517 991 636 1040 Dan
670 987 799 1041 fons
846 992 933 1041 est
961 1004 1028 1041 ex
1077 1004 1191 1058 quo
1221 988 1499 1042 Jordanis
1530 987 1800 1042 efﬁcitur.
1835 988 1981 1043 Nam

337 1076 455 1129 duo
478 1075 667 1130 fontes
682 1080 818 1130 sunt
841 1076 909 1130 ad
934 1076 1158 1131 radices
1180 1077 1395 1132 montis
1413 1077 1741 1147 Libani,Jor
1760 1083 1815 1131 et
1840 1079 1980 1144 Dan,

339 1164 438 1234 qui
458 1165 647 1234 juncti
670 1165 979 1219 Iordanem
1008 1167 1288 1220 efﬁciunt.
1311 1166 1434 1220 Dan
1457 1172 1649 1220 autem
1679 1167 1981 1237 judicium,

333 1253 439 1308 Jor
468 1255 618 1308 rivus
666 1253 1097 1324 interpretatur.
1136 1257 1310 1325 Usque
1357 1257 1430 1309 ad
1463 1256 1788 1310 Phoenicem.
1826 1255 1985 1310 th-

337 1342 525 1397 nicem
557 1342 784 1414 Syriam
816 1343 977 1397 dicit.
1013 1343 1324 1414 Allegorice
1359 1344 1462 1399 hoc
1497 1344 1706 1398 bellum
1741 1344 1982 1399 Abrahae

336 1436 540 1486 contra
570 1436 822 1502 quatuor
854 1448 1018 1503 reges
1048 1433 1264 1488 bellum
1297 1433 1591 1504 signiﬁcat
1623 1434 1903 1487 virtutum
1928 1438 1985 1487 et

333 1519 634 1574 vitiorum.
670 1519 839 1575 Pater
885 1537 1020 1593 ergo
1074 1521 1209 1576 ﬁdei
1248 1526 1303 1577 et
1351 1522 1542 1592 prima
1572 1522 1665 1576 via
1712 1522 1983 1576 credendi

334 1608 628 1663 Abraham
681 1625 783 1680 pro
816 1610 993 1664 fratre
1025 1627 1131 1665 suo
1165 1611 1261 1665 Lot
1309 1614 1508 1665 contra
1537 1614 1790 1681 quatuor
1820 1627 1984 1682 reges

336 1694 638 1750 dimicavit
664 1701 720 1750 et
745 1696 883 1751 vicit
903 1713 1017 1751 non
1047 1697 1106 1751 in
1138 1696 1519 1751 multitudine
1550 1696 1857 1760 exercitus,
1882 1696 1981 1751 sed

334 1784 395 1839 in
428 1786 698 1840 trecentis
728 1786 927 1841 decem
960 1790 1017 1841 et
1046 1790 1173 1842 octo
1207 1786 1532 1841 vernaculis
1562 1785 1864 1857 expeditis.
1894 1785 1982 1839 Sic

2094 632 2327 701 adjutor.
2361 633 2445 687 Ab
2479 631 2585 687 hoc
2609 632 2811 687 dicunt
2831 632 3176 687 aediﬁcatam
3208 629 3499 686 civitatem
3531 629 3741 685 Dama-

2091 738 2277 776 scum.

2161 810 2324 864 Vers.
2360 812 2411 863 3.
2450 811 2762 865 Vernaculis
2810 810 3226 865 diminutivum
3262 826 3295 863 a
3333 824 3530 873 verna,
3564 806 3622 862 id
3655 810 3745 864 est

2093 916 2295 955 servus
2324 899 2411 954 vel
2444 900 2776 971 domigena.

2162 989 2325 1043 Vers.
2357 990 2412 1046 5.
2446 990 2683 1045 Numera
2710 990 2911 1043 stellas.
2951 989 3038 1043 Sic
3081 990 3186 1043 erit
3213 1004 3395 1043 semen
3422 992 3597 1042 tuum.
3633 986 3739 1042 Ge-

2096 1078 2251 1131 mina
2274 1078 2496 1148 species
2510 1078 3093 1133 ostenditurseminis
3114 1077 3378 1132 Abrahae.
3403 1077 3546 1132 Nam
3569 1092 3741 1146 supe-

2094 1166 2215 1221 rius
2260 1167 2400 1221 dicit
2432 1184 2443 1221 :
2481 1169 2598 1221 Erit
2625 1183 2805 1221 semen
2852 1172 3009 1221 tuum
3040 1168 3180 1221 sicut
3207 1183 3383 1221 arena
3413 1168 3603 1221 maris.
3640 1164 3741 1220 Hic

2091 1272 2224 1310 vero
2243 1256 2382 1310 dicit
2409 1274 2420 1310 :
2449 1260 2542 1312 Sic
2560 1259 2665 1311 erit
2686 1273 2865 1311 semen
2887 1264 3041 1311 tuum
3061 1258 3200 1310 sicut
3225 1256 3404 1311 stellw
3432 1254 3582 1320 cazli,
3605 1254 3743 1325 quia

2092 1344 2151 1399 in
2186 1344 2283 1398 illa
2309 1344 2470 1415 plebe
2491 1346 2730 1417 quidam
2758 1345 2934 1399 futuri
2959 1349 3126 1400 erant
3146 1342 3409 1399 carnales
3431 1347 3487 1398 et
3503 1342 3741 1409 terreni,

2094 1434 2189 1504 qui
2242 1451 2427 1488 arenae
2476 1439 2909 1504 comparantur,
2945 1432 3112 1494 aridi.
3162 1432 3459 1486 infecundi
3510 1449 3543 1487 a
3575 1429 3741 1486 bonis

2093 1523 2386 1594 operibus,
2420 1522 2517 1577 alii
2549 1539 2680 1577 vero
2730 1522 3026 1594 spiritales
3056 1525 3111 1577 et
3140 1520 3423 1590 caelestes,
3456 1520 3739 1574 virtutum

2093 1611 2403 1682 splendore
2436 1610 2745 1683 fulgentes,
2779 1627 2925 1682 quos
2957 1609 3143 1665 stellis
3173 1608 3301 1665 coeli
3334 1612 3653 1679 comparat.

2163 1701 2325 1756 Vers.
2361 1701 2412 1754 8.
2450 1700 2595 1757 Unde
2635 1702 2775 1755 scire
2821 1716 3035 1770 possum
3066 1699 3209 1770 quod
3255 1712 3601 1769 possessum:
3629 1696 3741 1751 sim

2093 1806 2212 1845 eam
2234 1794 2258 1843 .9
2281 1790 2492 1855 Quaerit
2513 1790 2747 1861 signum
2775 1806 2889 1844 non
2913 1788 3080 1860 quasi
3106 1787 3383 1842 dubitans
3404 1786 3475 1841 de
3500 1786 3745 1857 promis»

335 1874 747 1946 unusquisque
777 1880 1043 1930 nostrum
1072 1892 1175 1947 pro
1206 1876 1401 1929 anima
1432 1892 1539 1930 sua
1569 1879 1848 1946 tanquam
1880 1892 1982 1946 pro
2014 1913 2059 1977 Β
2094 1879 2257 1934 sione
2289 1879 2409 1944 Dei,
2429 1880 2528 1934 sed
2563 1879 2803 1934 modum
2837 1879 3153 1949 interrogat
3178 1893 3292 1947 quo
3323 1875 3430 1931 hoc
3457 1874 3581 1929 ﬁeri
3606 1891 3744 1947 pos-

335 1964 511 2019 fratre
542 1981 648 2019 suo
681 1966 779 2021 Lot
818 1970 1022 2020 contra
1051 1967 1303 2036 quatuor
1333 1980 1518 2035 reges,
1551 1965 1605 2018 id
1639 1970 1745 2028 est,
1780 1970 1982 2019 contra

336 2053 627 2125 spiritales
659 2054 950 2125 nequitias
983 2052 1248 2124 spiritale
1277 2053 1496 2108 bellum
1529 2057 1691 2126 gerat
1708 2070 1842 2108 cum
1877 2058 1985 2107 tre-

336 2144 517 2198 centis
545 2143 743 2198 decem
776 2148 833 2197 et
862 2147 990 2197 octo
1022 2143 1371 2205 vernaculis,
1392 2142 1451 2197 id
1484 2147 1574 2197 est
1602 2159 1733 2197 cum
1766 2142 1983 2197 auxilio

336 2239 551 2286 sanctas
576 2232 788 2287 crucis.
819 2232 923 2286 Hic
944 2248 1227 2286 numerus
1248 2231 1307 2285 in
1329 2232 1452 2285 Tau
1477 2231 1823 2301 litteraquae
1842 2232 1984 2301 ﬁgu-

331 2336 463 2373 ram
494 2319 711 2375 Christi
744 2319 919 2373 habet
950 2318 1314 2389 exprimitur.

406 2407 570 2462 Vers.
608 2409 693 2461 18.
727 2407 1113 2462 Melchisedech
1153 2408 1436 2480 proferens
1464 2424 1663 2478 panem
1691 2412 1741 2462 et
1774 2410 1982 2463 vinum.

328 2496 501 2551 Hunc
534 2494 961 2549 Melchisedech
985 2495 1225 2549 tradunt
1246 2512 1373 2549 esse
1394 2499 1524 2550 Sem
1553 2495 1737 2551 ﬁlium
1766 2500 1903 2566 Noe,
1930 2500 1985 2551 et

330 2587 740 2656 computantes
792 2600 977 2638 annos
1023 2584 1228 2638 dicunt
1257 2601 1390 2638 eum
1438 2584 1649 2639 vixisse
1693 2602 1879 2651 usque
1909 2586 1980 2639 ad

330 2675 566 2744 tempus
598 2672 778 2726 Isaac.
813 2672 991 2726 Salen:
1028 2687 1161 2726 vero
1195 2673 1397 2726 civitas
1429 2673 1557 2743 ipsa
1588 2677 1675 2727 est
1703 2673 1979 2728 Hierusa—

328 2761 468 2827 lem,
495 2761 805 2833 trionyma,
830 2760 1035 2828 Solem,
1058 2761 1240 2826 Iebus,
1266 2762 1621 2816 Hierusalem.
1639 2762 1796 2816 Hanc
1821 2763 1977 2817 enim

328 2853 646 2905 tenuerunt
690 2849 961 2915 Jebusaei,
996 2854 1051 2903 et
1085 2854 1434 2904 vocaverunt
1487 2867 1616 2905 eam
1654 2852 1814 2907 Iebus
1845 2871 1862 2905 :
1894 2852 1978 2907 sic

327 2938 660 3009 conjunctis
690 2938 1027 2994 nominibus
1049 2938 1199 2992 dicta
1230 2941 1602 2994 Hierusalem.
1640 2942 1770 2995 Erat
1798 2957 1975 2996 sacer-

326 3028 420 3083 dos
467 3029 563 3083 Dei
605 3029 881 3082 altissimi.
899 3028 1286 3084 Omnesenim
1310 3028 1866 3100 primogenitiaNoe
1884 3048 1976 3085 sa-

327 3117 594 3171 cerdotes
628 3118 864 3170 luerunt
888 3133 1071 3187 usque
1093 3118 1163 3170 ad
1188 3120 1374 3171 Aaron
1400 3118 1498 3189 qui
1524 3119 1747 3189 primus
1775 3118 1977 3189 legalis

328 3205 601 3260 sacerdos
652 3204 780 3259 fuit.
816 3206 1053 3274 Mystice
1086 3205 1531 3273 Melchisedech,
1564 3208 1658 3279 qui
1693 3207 1975 3278 interpre-

330 3299 491 3349 tatur
520 3311 622 3349 rea:
643 3296 879 3366 justitiaz
906 3294 993 3349 vel
1021 3298 1195 3365 pacis,
1226 3296 1520 3351 Christum
1554 3297 1844 3367 signiﬁcat
1872 3313 1976 3367 per
2005 3279 2047 3344 C

328 3400 501 3452 quem
535 3383 823 3438 conciliati
856 3401 1084 3450 sumus,
1117 3389 1175 3438 et
1204 3384 1300 3452 qui
1356 3384 1414 3437 in
1448 3385 1562 3438 ﬁne
1594 3383 1789 3438 saeculi
1813 3384 1974 3452 justo

327 3472 528 3527 orbem
552 3472 924 3543 judicaturus
955 3477 1061 3527 est.
1092 3474 1280 3542 Hujus
1304 3472 1647 3544 mysterium
1666 3472 1976 3542 Apostolus

327 3566 749 3617 commemorat
785 3562 983 3617 dicens
1013 3579 1025 3617 :
1062 3562 1192 3617 Sine
1216 3570 1374 3632 patre
1401 3569 1454 3616 et
1480 3564 1601 3616 sine
1628 3566 1823 3623 matre,
1854 3564 1974 3616 sine

321 3651 647 3721 genealogia
668 3650 1021 3721 (Hebr.v:,3).
1041 3650 1462 3706 Melchisedech
1490 3651 1722 3721 quidem
1748 3656 1970 3721 patrem

322 3745 378 3795 et
408 3744 655 3794 matrem
675 3739 900 3809 habuit,
919 3741 1018 3795 sed
1041 3740 1120 3794 Cb
1132 3740 1309 3795 ristus
1331 3757 1505 3811 quem
1530 3740 1822 3811 signiﬁcat
1844 3742 1971 3795 sine

324 3832 487 3900 patre
503 3828 610 3882 fuit
626 3845 727 3898 per
746 3828 1198 3893 humanitatem,
1236 3828 1363 3884 sine
1378 3835 1562 3884 matre
1585 3829 1961 3900 perdivinita-

320 3916 655 3972 tem.Natus
676 3923 765 3972 est
782 3917 937 3972 enim
953 3918 1023 3972 de
1037 3922 1199 3988 patre
1212 3918 1336 3972 sine
1353 3920 1630 3983 matre,de
1649 3924 1829 3973 matre
1844 3919 1969 3973 sine

320 3990 505 4078 patre.
540 4008 783 4061 Protulit
802 4024 1001 4076 panem
1030 4016 1081 4061 et
1110 4010 1318 4062 vinum.
1340 4007 1483 4061 Hinc
1506 4008 1631 4078 jam
1657 4007 1969 4079 praesigna-

320 4096 499 4150 batur
527 4096 774 4151 mutatio
809 4095 1010 4167 legalis
1044 4097 1373 4151 sacerdotii.
1413 4097 1472 4151 In
1508 4114 1652 4151 novo
1686 4096 1840 4151 enim
1864 4098 1966 4152 Tc-

320 4189 615 4240 stamento
647 4185 998 4240 sacriﬁcium
1020 4186 1388 4240 victimarum
1421 4185 1770 4240 translatum
1800 4192 1889 4241 est
1909 4187 1967 4241 in

320 4278 757 4329 sacramentum
804 4274 1065 4345 corporis
1113 4279 1171 4329 et
1218 4275 1523 4346 sanguinis
1555 4275 1785 4330 Christi.
1821 4276 1968 4348 Ergo

319 4363 433 4418 hoc
462 4379 662 4417 verum
687 4362 899 4417 Christi
924 4363 1314 4417 sacerdotium
1338 4363 1641 4434 antiquius
1670 4369 1757 4419 est
1779 4381 1968 4420 sacer-

322 4451 482 4507 dotio
513 4450 704 4522 legali.
740 4450 1160 4506 Melchisedech
1212 4453 1365 4506 enim
1399 4454 1522 4522 qui,
1560 4457 1623 4506 ut
1651 4454 1966 4519 Abraham,

321 4539 564 4612 gentilis
604 4545 747 4608 erat,
783 4540 915 4595 Levi
946 4556 1076 4595 vero
1127 4540 1395 4611 princeps
1426 4540 1630 4612 legalis
1663 4542 1968 4597 sacerdotii

323 4628 521 4718 adhuc
552 4630 751 4683 eratin
785 4628 1006 4718 lumbis
1027 4628 1292 4718 Abrahae,
1315 4635 1371 4718 et
1401 4630 1499 4700 qui
1524 4634 1721 4701 postea
1753 4630 1973 4702 accepit
2004 4655 2050 4718 D

321 4717 586 4773 decimas
618 4735 651 4772 a
682 4717 899 4789 populo
932 4717 1059 4788 ipse
1090 4717 1148 4771 in
1183 4716 1473 4772 Abraham
1508 4718 1835 4773 decimatas
1865 4725 1972 4785 est,

323 4805 545 4877 quique
573 4810 775 4876 postea
805 4806 1230 4861 benedicebant
1260 4806 1317 4860 in
1352 4806 1643 4861 Abraham
1677 4824 1711 4861 a
1742 4807 1975 4863 Melchi-

322 4894 538 4949 sedech
570 4894 861 4950 benedicti
887 4898 1047 4950 sunt.
1074 4895 1317 4966 Semper
1342 4899 1537 4950 autem
1571 4896 1764 4951 minor
1792 4914 1826 4952 a
1856 4914 1977 4951 ma-

313 4985 446 5055 jore
475 4984 862 5039 benedicitur.

394 5072 561 5127 Vers.
593 5074 684 5126 22.
718 5075 794 5127 Da
827 5073 969 5128 mihi
988 5076 1227 5128 animas.
1258 5074 1315 5129 Id
1348 5078 1434 5129 est
1471 5091 1480 5127 :
1517 5074 1774 5142 captivos
1807 5075 1980 5129 redde

321 5162 495 5217 mihi.
524 5161 754 5218 Cetera.
788 5162 849 5217 Id
881 5162 1212 5234 est,’spolia
1243 5162 1377 5217 tolle
1407 5163 1533 5218 tibi.

394 5251 558 5307 Vers.
589 5252 680 5306 23.
713 5253 752 5307 A
782 5252 899 5321 ﬁlio
930 5252 1566 5321 subtegminis.8tamen
1601 5252 1699 5306 ﬁla
1730 5252 1982 5308 dicimus

323 5342 547 5395 stantia
577 5340 637 5395 in
670 5342 807 5407 tela,
837 5342 1184 5413 subtegmen
1212 5346 1484 5411 tramam,
1518 5358 1644 5412 qua:
1676 5359 1778 5412 per
1806 5343 1981 5397 telam

323 5430 530 5497 currit,
566 5446 697 5500 quas
728 5437 784 5485 et
815 5430 1129 5501 pannicula
1159 5435 1411 5485 vocatur.

968 5519 1203 5574 CAPUT
1245 5519 1342 5571 XV

396 5606 561 5663 Vers.
594 5607 647 5661 2.
699 5608 874 5664 Filius
922 5609 1297 5681 procuratoris
1342 5606 1551 5663 domus.
1586 5608 1645 5664 Id
1691 5615 1780 5665 est
1809 5610 1983 5665 villici

399 5732 666 5805 (a)Codd.
711 5733 907 5806 ambo,
937 5738 1170 5805 fratres.

2094 1975 2201 2024 set.
2238 1968 2379 2023 Hinc
2413 1986 2540 2023 mos
2572 1966 2807 2023 inolevit
2835 1967 3055 2021 Jndasis
3089 1970 3151 2021 ut
3182 1981 3413 2036 semper
3442 1964 3614 2036 signa
3642 1980 3739 2035 pe-

2092 2061 2238 2123 tant,
2272 2058 2425 2113 sicut
2474 2056 2785 2129 Apostolus
2834 2055 2976 2110 dicit
3010 2070 3021 2110 :
3054 2053 3236 2111 Judwi
3264 2055 3427 2125 signa
3470 2056 3670 2124 petunt
3701 2052 3747 2123 (ι

2095 2147 2215 2202 Cor.
2250 2164 2287 2216 ι,
2320 2148 2430 2217 2'3).

2162 2234 2326 2291 Vers.
2360 2237 2414 2289 9.
2452 2235 2613 2289 Sume
2662 2250 2877 2289 vaccam
2907 2234 3204 2296 triennem,
3237 2247 3458 2301 capram
3488 2232 3741 2294 trimam,

2093 2332 2145 2379 et
2176 2327 2408 2379 arietem
2432 2325 2603 2377 trium
2623 2338 2925 2377 annorum.
2948 2323 3073 2375 Haec
3083 2322 3253 2392 juxta
3272 2320 3527 2374 litteram
3551 2318 3740 2372 mani-

2097 2412 2242 2467 festa
2272 2417 2431 2466 sunt.
2462 2412 2697 2483 Mystice
2721 2427 2822 2482 per
2842 2410 2961 2464 hec
2994 2408 3272 2463 animalia
3300 2407 3463 2479 plebs
3492 2405 3739 2462 Judaica

2093 2501 2434 2573 designatur
2474 2517 2602 2572 quae
2655 2500 2726 2554 ab
2758 2498 3051 2553 Abraham
3084 2496 3243 2551 ducit
3289 2495 3596 2568 originem.
3632 2499 3740 2550 Per

2091 2606 2309 2644 vaccam
2354 2589 2615 2660 quidem,
2648 2588 2786 2659 quia
2808 2589 3022 2659 jugum
3072 2586 3217 2658 legis
3252 2585 3425 2641 traxit
3455 2600 3469 2639 :
3502 2600 3606 2656 per
3636 2599 3735 2639 ca-

2086 2695 2246 2750 pram
2278 2677 2491 2733 olidam
2517 2681 2575 2732 et
2598 2677 2865 2741 fetosam,
2890 2676 3027 2746 quia
3050 2674 3339 2746 peccatrix
3360 2674 3555 2727 futura
3576 2674 3726 2741 erati:

2090 2784 2190 2838 per
2211 2770 2447 2821 arietem
2466 2783 2596 2821 vero
2618 2766 2719 2837 qui
2751 2768 2841 2820 est
2858 2766 2975 2819 dux
2996 2763 3190 2835 gregis
3210 2762 3575 2833 signiﬁcatur
3600 2761 3737 2833 quia

2088 2856 2200 2911 alio
2232 2862 2489 2927 tempore
2524 2854 2685 2927 regni
2740 2853 3055 2925 imperium
3087 2851 3491 2924 potentissime
3522 2850 3729 2905 tenuit.

2088 2945 2251 3010 Quod
2291 2961 2421 2998 vero
2453 2944 2594 2997 dicit
2639 2943 2725 2998 vel
2757 2958 3014 3013 capram,
3049 2940 3133 2996 vel
3186 2955 3442 3007 vaccam,
3475 2938 3563 2994 vel
3593 2938 3738 2993 arie-

2090 3039 2205 3088 tem
2234 3035 2407 3088 lrium
2436 3049 2709 3087 annorum
2739 3048 2866 3086 esse
2898 3030 3128 3093 debere,
3160 3028 3414 3084 ostendit
3442 3028 3593 3082 hanc
3626 3025 3741 3098 ple.

2086 3122 2218 3177 bem
2252 3122 2428 3176 trium
2456 3127 2786 3191 temporum
2811 3118 3075 3174 articulis
3098 3118 3169 3173 ad
3200 3117 3363 3189 regni
3387 3115 3729 3188 dignitatem

2088 3211 2402 3283 profecisse
2446 3211 2555 3265 sub
2609 3209 2809 3264 David.
2844 3208 3038 3262 Prima
3070 3212 3206 3261 aetas
3253 3205 3361 3260 fuit
3390 3207 3500 3261 sub
3550 3206 3735 3259 Adam

2090 3317 2275 3370 usque
2307 3300 2377 3354 ad
2410 3299 2548 3366 Noe,
2582 3299 2839 3352 secunda
2870 3314 2903 3351 a
2933 3297 3051 3352 Noe
3082 3312 3270 3366 usque
3308 3296 3380 3349 ad
3412 3293 3730 3359 Abraham,

2086 3389 2261 3442 tertia
2292 3389 2363 3441 ab
2398 3387 2693 3441 Abraham
2728 3403 2914 3457 usque
2946 3386 3013 3439 ad
3052 3383 3245 3439 David.
3270 3384 3431 3446 Quod
3461 3398 3593 3437 vero
3614 3382 3736 3435 ani-

2085 3474 2261 3529 malia
2287 3476 2465 3528 divisa
2495 3480 2652 3540 sunt,
2688 3490 2811 3529 aves
2842 3491 2973 3528 vero
3014 3489 3121 3528 non
3152 3480 3279 3527 sunt
3305 3471 3513 3535 divisae,
3549 3469 3733 3541 signi-

2082 3564 2216 3617 ﬁcat
2246 3562 2384 3633 quia
2406 3562 2666 3616 carnales
2698 3562 2914 3632 quique
2940 3561 3244 3630 subjacent
3264 3559 3556 3614 divisioni.
3576 3559 3725 3613 Divi-

2080 3652 2303 3706 duntur
2322 3651 2477 3705 enim
2511 3668 2611 3721 per
2627 3642 2921 3705 sectarum
2949 3648 3244 3703 scandala.
3264 3647 3566 3719 Spiritales
3589 3664 3721 3703 vero

2080 3741 2181 3812 qui
2213 3740 2619 3811 signiﬁcantur
2641 3756 2742 3811 per
2772 3755 2904 3792 aves
2938 3736 3324 3791 indivisibiles
3356 3741 3720 3806 permanent,

2079 3830 2219 3901 quia
2249 3828 2471 3884 nullam
2504 3828 2632 3882 ﬁdei
2666 3827 2973 3898 patiuntur
3003 3824 3461 3895 corruptionem.

2150 3919 2308 3973 Vers.
2345 3920 2433 3973 11.
2474 3918 2723 3973 Volucres
2774 3933 2893 3987 qua:
2941 3914 3330 3970 descendebant
3359 3928 3525 3983 super
3570 3910 3734 3966 cada-

2078 4024 2225 4073 vera,
2246 4008 2539 4061 deemones
2553 4006 2889 4077 signiﬁcant
2906 4005 3005 4075 qui
3023 4020 3091 4058 ex
3104 4003 3158 4058 di
3172 4003 3386 4057 visione
3400 3999 3725 4056 carnalium

2079 4097 2392 4169 quemdam
2425 4095 2537 4150 sibi
2571 4101 2807 4164 pastum
2840 4093 3165 4165 requirunt.
3198 4092 3359 4157 Quod
3391 4107 3524 4146 vero
3555 4090 3732 4145 Abra-

2079 4188 2209 4241 ham
2238 4202 2409 4239 manu
2438 4184 2801 4254 easabigebat
2831 4182 3124 4254 signiﬁcat
3153 4180 3293 4252 quia
3322 4180 3508 4236 sancti
3540 4180 3738 4234 Patres

2079 4274 2309 4345 plebem
2330 4272 2510 4340 illam,
2531 4290 2705 4327 manu
2726 4277 2939 4327 sanctas
2962 4270 3338 4342 Operationis,
3354 4269 3736 4340 protegebant

2083 4364 2155 4417 ab
2187 4364 2427 4416 incursu
2454 4360 2815 4431 spiritalium
2838 4358 2925 4414 vel
2954 4357 3345 4429 corporalium
3378 4355 3663 4411 hostium.

2151 4450 2314 4505 Vers.
2351 4451 2446 4502 12.
2483 4449 2721 4520 Curaque
2750 4448 2829 4503 sol
2861 4448 3211 4502 occumberet.
3246 4442 3401 4501 Solis
3433 4442 3738 4498 accubitus

2083 4542 2260 4595 ﬁnem
2285 4539 2478 4593 saeculi
2498 4537 2812 4608 signiﬁcat,
2829 4536 3062 4607 quando
3087 4551 3189 4604 per
3210 4532 3638 4587 Antichristum
3664 4538 3739 4584 te-

2080 4629 2341 4683 nebrosus
2388 4628 2603 4696 horror,
2639 4626 2693 4680 id
2751 4629 2838 4679 est
2890 4620 3215 4694 persecutio
3246 4619 3331 4675 vel
3382 4617 3740 4691 perturbatio

2087 4720 2285 4773 futura
2317 4720 2424 4772 est.

2157 4806 2321 4862 Vers.
2358 4806 2442 4859 13.
2477 4805 2738 4874 Afﬂigent
2758 4818 2849 4858 eos
2880 4799 3303 4872 quadringentis
3322 4800 3507 4853 annis.
3531 4794 3743 4852 Atﬂicti

2089 4901 2229 4951 sunt
2258 4895 2330 4949 ab
2364 4892 2664 4964 Egyptiis,
2698 4892 2799 4947 sed
2854 4889 3061 4946 ultima
3111 4893 3274 4962 parte
3306 4891 3535 4943 tantum
3570 4885 3745 4940 istius

2089 4986 2389 5054 temporis.
3034 5028 3037 5031 .

2159 5073 2324 5127 Vers.
2392 5071 2475 5125 16.
2538 5071 2896 5125 Generatione
2952 5072 3150 5139 quarta
3206 5070 3543 5119 revertentur
3612 5060 3736 5114 huc.

2093 5161 2321 5232 Moyses
2352 5159 2492 5213 dicit
2527 5174 2539 5213 :
2574 5162 2770 5229 quinta
2814 5156 3187 5230 generatione
3219 5151 3438 5223 egressi
3472 5144 3749 5204 sunt‘ﬁlii

2096 5248 2270 5305 Israel
2287 5248 2355 5304 de
2380 5249 2640 5318 (Egypto.
2670 5247 2773 5301 Hic
2795 5263 2927 5301 vero
2953 5244 3134 5299 dicit:
3151 5241 3505 5311 generatione
3525 5242 3747 5309 quarta.

2096 5338 2205 5394 Sed
2237 5342 2554 5404 utrumque
2576 5352 2776 5389 verum
2793 5336 3050 5389 est.I\'am
3077 5330 3125 5385 si
3148 5346 3250 5401 per
3270 5327 3394 5383 Levi
3420 5326 3746 5395 computes,

2096 5430 2365 5496 quartam
2416 5422 2677 5479 invenies
2728 5421 3161 5493 generationem
3217 5419 3342 5473 ita:
3392 5412 3545 5481 Levi,
3577 5412 3748 5481 Caaz,

2095 5517 2240 5569 Caaz
2271 5513 2467 5585 genuit
2500 5514 2759 5581 Amram,
2793 5516 3032 5564 Amram
3084 5507 3288 5581 genuit
3313 5512 3527 5569 Aaron,
3558 5502 3748 5556 Aaron

2094 5602 2296 5677 genuit
2348 5601 2604 5668 Eleazar,
2638 5598 2872 5656 Eleazar
2919 5598 3122 5673 genuit
3174 5594 3441 5651 Pbinees.
3473 5590 3620 5649 Caaz
3665 5588 3751 5647 in-
