4040 6208
340 355 421 427 ιτ

904 363 1210 427 REMIGII
1253 362 2000 427 AN'l‘ISSlODORENSIS
2043 359 2215 426 OPP.
2260 361 2459 427 PARS
2503 361 2553 426 l.
2587 393 2662 411 --
2705 361 3177 426 EXEGETICA.

345 508 587 567 gressus
617 498 705 552 est
724 500 1037 570 Egyptum
1070 515 1204 554 cum
1228 502 1391 572 patre
1411 515 1519 554 suo
1543 498 1674 555 Levi
1700 516 1712 554 :
1742 496 1992 554 Phinees
2022 501 2074 567 Α
2105 496 2378 553 misertus
2400 513 2462 552 es
2476 495 2640 552 mihi.
2658 496 2867 553 Videre
2881 494 3160 552 enim'Dei
3173 493 3436 551 misereri
3454 497 3562 553 est.
3575 492 3741 562 Quod

340 599 475 652 vero
506 582 666 640 ﬁlius
697 584 950 642 Eleazari
979 587 1283 661 ingressus
1314 592 1404 645 est
1431 593 1647 644 terram
1681 588 1988 659 repromis-

342 673 546 729 sionis.
580 674 637 730 Si
668 691 802 730 vero
833 680 886 731 et
912 678 1205 747 quomodo
1239 678 1446 750 quinta
1474 678 1847 750 generatione
1878 676 1988 733 hoc

342 761 561 822 factum
595 763 673 819 sit
701 763 847 820 velis
879 766 1045 832 scire,
1073 784 1173 839 per
1192 767 1223 822 J
1233 768 1408 822 udam
1439 771 1779 838 computare
1809 766 1985 821 debe-

244 844 258 858 Χ
340 850 458 907 bis.
498 851 683 908 Judas
733 853 935 925 genuit
984 854 1218 923 Phares,
1254 855 1469 910 Phares
1519 855 1721 928 genuit
1760 857 1984 923 Esrom,

343 940 544 998 Esrom
566 941 1464 1013 genuitAminabad,Aminabad
1480 945 1681 1017 genuit
1701 946 1985 1013 Naasson,

340 1031 602 1085 Naasson
617 1031 819 1102 genuit
836 1030 1132 1087 Salmon.J
1141 1033 1286 1089 udas
1308 1033 1609 1106 ingressus
1623 1038 1711 1089 est
1723 1050 1856 1089 cum
1869 1032 1987 1089 filio

340 1134 446 1174 suo
476 1108 692 1174 Phares
712 1119 770 1173 in
800 1121 1133 1193 .Egyptum.
1164 1121 1393 1178 Naason
1425 1140 1557 1179 vero
1580 1123 1850 1194 princeps
1882 1124 1991 1178 fuit

338 1206 530 1263 tribus
557 1208 721 1263 Judae
755 1208 814 1262 in
845 1210 1092 1278 deserto,
1127 1212 1298 1281 cujus
1335 1210 1491 1268 filius
1524 1212 1759 1268 intravit
1788 1211 1848 1267 in
1878 1217 1989 1268 ter-

339 1313 465 1353 ram
497 1297 923 1368 promissionis.
1162 1288 1181 1297 “

406 1385 574 1442 Vers.
610 1387 696 1442 17.
755 1386 892 1443 Cum
939 1389 1277 1444 occubuisset
1309 1391 1427 1445 sol.
1482 1390 1800 1447 Occubitus
1849 1389 1991 1447 solis

340 1474 517 1532 linem
530 1474 726 1532 saeculi
751 1476 1989 1550 signiﬁcat,caligotenebrosatribulationem

339 1568 397 1619 et
426 1565 760 1643 angustiam
793 1582 919 1638 quae
954 1567 1150 1622 futura
1179 1571 1321 1623 erat.
1359 1569 1628 1625 Clibanus
1656 1568 1748 1625 vel
1778 1569 1989 1641 lampas

340 1653 486 1726 iguis
498 1654 771 1710 transiens
783 1671 885 1727 per
899 1655 1197 1712 divisiones
1211 1656 1506 1729 signiﬁcat
1514 1659 1537 1729 j
1550 1658 1807 1714 udicium
1832 1658 1987 1730 quod

343 1758 447 1815 per
475 1741 669 1815 ignem
684 1744 1068 1801 exercendum
1087 1749 1316 1817 est,quo
1335 1747 1644 1817 separandi
1662 1751 1801 1803 sunt
1821 1746 1987 1804 electi

346 1847 380 1886 a
411 1830 693 1903 reprobis.

414 1918 579 1976 Vers.
614 1921 700 1975 18.
733 1922 771 1977 Α
802 1922 1034 1995 ﬂumine
1057 1925 1295 1996 Egi/pii.
1329 1923 1587 1980 Flavium
1618 1925 1842 1997 [Egypti
1870 1940 1987 1979 non

344 2007 540 2064 Nilum
555 2009 835 2066 debemus
852 2010 1239 2084 accipere,sed
1256 2012 1668 2069 Rinocoluram
1686 2012 1988 2069 fluviolum

347 2097 446 2170 qui
475 2097 682 2153 dividit
710 2098 1082 2155 Paleastinam
1117 2104 1174 2156 et
1203 2106 1535 2175 Egyptum.

960 2206 1191 2276 CAPUT
1219 2192 1383 2263 XVI.‘

414 2293 580 2352 Vers.
615 2297 663 2351 1.
703 2297 881 2368 Igitur
907 2300 1058 2354 Sara
1101 2313 1245 2353 uxor
1273 2297 1553 2354 Abraham
1580 2314 1691 2355 non
1727 2304 1992 2370 genuerat

347 2384 563 2442 liberos.
593 2386 894 2450 Quomodo
914 2390 1103 2456 potest
1125 2386 1419 2443 Abraham
1442 2389 1707 2444 excusari
1730 2389 1802 2444 ab
1825 2387 1993 2443 adul-

343 2472 627 2545 terio,qui
656 2473 881 2530 vivente
901 2491 1080 2530 uxore
1110 2492 1218 2532 sua
1246 2475 1468 2532 ancillze
1481 2479 1728 2548 junctus
1748 2476 1993 2533 est?Sed

352 2560 600 2619 necdum
620 2561 990 2635 promulgata
1013 2568 1138 2619 erat
1158 2564 1551 2637 lexEvangelii
1578 2566 1752 2620 unius
1777 2564 1992 2621 uxoris.

351 2646 542 2705 Simul
571 2648 747 2705 etiam
787 2650 1053 2705 audierat
1096 2650 1608 2723 multiplicandum
1655 2669 1783 2708 esse
1813 2669 1997 2724 genus

354 2753 530 2795 suum
576 2737 728 2794 sicut
775 2736 973 2794 stellas
1019 2737 1165 2810 cmli,
1197 2740 1297 2795 sed
1346 2740 1640 2796 nesciebat
1686 2758 1788 2813 per
1818 2757 1997 2813 quam

355 2823 681 2892 mulierem,
713 2825 852 2898 quia
880 2826 1084 2883 Suram
1112 2826 1370 2883 sterilem
1416 2833 1670 2886 noverat.
1705 2830 1829 2885 Non
1860 2845 1997 2903 ergo

354 2913 465 2971 fuit
490 2913 550 2971 in
598 2913 1042 2971 concumbendo
1090 2914 1405 2971 libidinosa
1446 2916 1736 2990 voluptas,
1771 2919 1871 2974 sed
1904 2918 2000 2991 pia

355 3003 744 3076 propagandae
766 3002 948 3075 prolis
964 3003 1238 3060 Charitas.
1265 3004 1452 3061 Simul
1473 3006 1650 3062 etiam
1682 3007 1996 3063 dicendum

356 3091 618 3164 quiehoc
642 3091 939 3148 voluntate
960 3092 1155 3148 nimiae
1177 3095 1453 3166 cogentur.
1476 3095 1672 3151 uxoris
1695 3095 1827 3150 fecit
1847 3112 1995 3167 quae,

359 3181 502 3254 quia
520 3181 649 3252 ipsa
669 3179 821 3236 ﬁlios
840 3180 1054 3237 habere
1073 3199 1185 3238 non
1199 3187 1443 3254 poterat,
1466 3199 1534 3239 ex
1553 3183 1668 3240 alia
1688 3201 1786 3240 eos
1807 3184 1997 3240 susci-

360 3285 496 3341 pere
523 3268 812 3342 cupiebat.

435 3357 594 3414 Vers.
627 3360 682 3413 2.
726 3358 830 3416 Sed
855 3360 995 3430 forte
1025 3375 1094 3416 ea:
1142 3361 1245 3416 illa
1271 3362 1573 3433 suscipiam
1616 3362 1779 3430 ﬁlios.
1810 3361 1881 3417 Ut
1907 3360 2010 3417 illa

367 3446 628 3517 pariente
658 3445 847 3503 filium
879 3448 1202 3520 susciperet
1230 3454 1286 3505 et
1316 3449 1374 3504 in
1406 3448 1599 3505 locum
1633 3450 1852 3523 proprii
1879 3450 2011 3507 ado-

369 3536 578 3605 pteret.

442 3622 603 3679 Vers.
634 3624 688 3679 9.
724 3625 939 3681 Vocabis
983 3641 1180 3682 nomen
1225 3629 1342 3700 ejus
1386 3627 1605 3684 Ismael.
1639 3628 1748 3693 Qui
1798 3629 2011 3686 auditio

367 3710 804 3784 interpretatur.
829 3714 975 3780 Quia
994 3716 1147 3770 enim
1182 3716 1426 3789 angelus
1447 3717 1593 3772 dixit
1616 3735 1628 3772 :
1653 3718 1725 3773 Eo
1749 3718 1891 3790 quod
1908 3735 2010 3774 au-

365 3800 555 3858 dierat
581 3804 846 3861 Dominus
878 3821 1055 3860 vocem
1097 3812 1268 3875 tuam,
1300 3805 1436 3860 hinc
1466 3809 1703 3877 sumpta
1730 3806 2009 3879 etymolo-

365 3889 461 3962 gia
488 3895 728 3947 vocatus
758 3896 848 3947 est
874 3892 1103 3961 Ismael,
1137 3893 1192 3947 id
1226 3897 1315 3948 est
1340 3892 1570 3948 auditio.

432 3978 600 4034 Vers.
634 3981 720 4034 12.
769 3982 865 4037 Hic
886 3983 1036 4051 ferus
1090 3982 1249 4037 homo
1279 3983 1410 4037 erit.
1446 3981 1505 4037 Id
1539 3984 1629 4037 est
1678 3983 1925 4054 agrestis
1954 3987 2010 4038 et

363 4066 640 4123 rusticus.
658 4071 766 4124 Pro
790 4084 906 4139 quo
931 4069 1070 4125 LXX
1091 4070 1295 4125 dicunt
1318 4086 1330 4125 :
1355 4072 1453 4126 Hic
1472 4072 1579 4126 erit
1597 4071 1802 4127 Pharo.
1829 4073 2009 4129 Phara

360 4153 781 4226 interpretatur
808 4173 1031 4227 onager,
1073 4158 1413 4231 significans
1439 4165 1635 4216 autem
1666 4160 2005 4230 Saracenos,

362 4240 462 4314 qui
495 4243 565 4299 de
596 4244 803 4301 Ismael
827 4246 1052 4301 ducunt
1079 4246 1384 4320 originem,
1408 4249 1505 4320 qui
1540 4265 1641 4321 per
1668 4249 1848 4306 latam
1870 4250 2007 4306 soli-

359 4331 627 4389 tudinem
642 4333 880 4391 incertis
894 4335 1513 4409 sedibusvagantesim
1522 4343 1788 4411 pugnant
1803 4356 2008 4397 omnes

359 4421 545 4479 eremi
574 4422 796 4480 vicinos
827 4428 882 4480 et
904 4425 976 4480 ab
1006 4425 1282 4481 omnibus
1305 4426 1748 4499 impugnantur.
1775 4428 2005 4503 Allego-

361 4511 479 4567 rice
503 4511 591 4567 hee
611 4513 736 4568 duae
767 4511 1063 4586 mulieres,
1083 4519 1403 4586 exponente
1421 4516 1688 4588 Apostolo
1712 4518 2003 4589 (Galat.1v,

2096 591 2293 642 autem
2326 585 2421 641 hic
2442 586 2584 642 dicit
2619 603 2630 641 :
2663 586 2778 647 vidi
2804 587 3106 656 posteriora
3136 584 3369 641 videntis
3394 600 3484 640 me
3514 600 3747 642 concor-
3844 646 3847 649 ,

2097 674 2196 729 dat
2217 690 2350 729 cum
2380 690 2445 730 eo
2470 673 2596 729 loco
2627 674 2727 729 ubi
2751 674 3039 730 Dominus
3068 674 3140 730 ad
3162 677 3395 747 Moysen
3417 672 3564 729 dixit
3590 690 3603 728 :
3627 673 3748 730 Non

2097 766 2245 819 enim
2274 763 2478 819 videbit
2506 779 2592 818 me
2617 762 2777 818 homo
2805 766 2855 819 et
2884 765 3043 819 vivet.
3078 770 3159 818 Ac
3187 762 3398 818 deinde
3429 779 3444 818 :
3476 764 3576 817 Est
3599 761 3751 819 locus

2096 852 2242 924 apud
2272 867 2358 908 me
2383 870 2402 906 :
2422 852 2592 907 stabis
2617 868 2791 923 supra
2814 861 3048 921 petram.
3075 851 3211 907 Cum
3236 852 3632 923 pertransiero,
3650 868 3757 907 au-

2095 943 2279 1009 feram
2308 957 2538 995 manum
2560 957 2761 1008 meam,
2785 944 2831 996 et
2851 941 3060 996 videbis
3077 940 3380 1012 posteriora
3410 956 3531 997 mea
3552 940 3751 1012 (Exod.

2096 1047 2293 1096 χχχιιι,
2326 1030 2396 1084 20
2427 1038 2480 1085 et
2507 1032 2663 1102 seq.).
2698 1029 2865 1085 Illam
2894 1029 3051 1085 enim
3093 1028 3467 1100 sapientiam,
3500 1044 3629 1100 quae
3661 1032 3756 1083 est

2097 1119 2271 1187 Deus,
2305 1118 2657 1174 invisibilem
2709 1118 2868 1174 omni
2918 1122 3197 1175 creaturae
3244 1117 3502 1190 profecto
3551 1115 3754 1173 nullus

2095 1208 2292 1263 videre
2321 1210 2532 1280 potest.
2565 1209 2882 1263 Posteriora
2910 1211 3107 1263 autem
3145 1206 3239 1262 Dei
3282 1206 3631 1280 mysterium
3661 1210 3755 1263 est

2096 1296 2519 1353 incarnationis
2549 1296 2761 1353 Christi
2780 1313 2883 1370 per
2904 1313 3084 1369 quam
3112 1294 3294 1352 videri
3310 1295 3383 1352 ab
3405 1294 3752 1352 hominibus

2098 1386 2307 1458 potuit.
2338 1384 2504 1440 Unde
2533 1389 2591 1440 et
2620 1385 2769 1441 bene
2799 1384 2945 1441 dixit
2974 1401 2989 1441 :
3023 1387 3163 1444 Cum
3187 1384 3753 1457 pertransiero.Nam

2097 1474 2349 1529 transire
2379 1472 2638 1530 hominis
2666 1476 2775 1530 est.

2692 1577 2927 1634 CAPUT
2955 1577 3130 1634 XVII.

2171 1667 2332 1724 Vers.
2390 1669 2445 1723 5.
2504 1667 2621 1722 Non
2677 1667 2951 1723 vocaberis
3007 1667 3236 1727 Abram.
3292 1666 3388 1723 sed
3447 1666 3755 1724 Abraham.

2093 1757 2296 1813 Abram
2325 1756 2744 1828 interpretatur
2797 1760 2958 1828 pater
3002 1755 3275 1812 excelsus.
3305 1756 3591 1813 Abraham
3616 1773 3756 1814 vero

2094 1850 2255 1918 pater
2281 1846 2596 1902 multarum
2626 1846 2905 1914 gentium.
2941 1845 3205 1901 Tradunt
3238 1845 3461 1901 Hebraei
3490 1845 3648 1916 quod
3681 1845 3756 1901 de

2101 1933 2337 1990 nomine
2364 1934 2460 1990 Dei
2493 1934 2647 2007 quod
2681 1939 2936 2006 quatuor
2955 1932 3166 1991 litteris
3196 1933 3493 2004 scribitur,
3516 1935 3673 1990 unde
3692 1938 3756 1990 et

2098 2024 2623 2095 fetragrammaton
2647 2028 2888 2079 vocatur
2913 2028 2970 2079 et
2995 2022 3290 2080 ineffabile
3321 2023 3554 2090 dicitur,
3574 2024 3642 2081 he
3661 2022 3756 2079 lit-

2097 2116 2284 2170 teram
2316 2111 2617 2185 scripserit
2629 2112 2784 2169 Deus
2811 2116 2869 2168 et
2881 2111 3409 2170 addideritnomini
3427 2111 3752 2169 Abraham.

2099 2201 2383 2258 Similiter
2405 2202 2475 2258 de
2496 2202 2733 2257 nomine
2751 2200 2914 2257 Sarai
2925 2202 3011 2273 jot
3033 2201 3290 2258 litteram
3311 2200 3512 2257 tulerit
3522 2205 3579 2257 et
3590 2217 3750 2258 cam-

2101 2291 2233 2347 dem
2264 2293 2330 2347 he
2361 2290 2670 2347 addiderit.
2693 2290 2808 2347 Nec
2830 2290 3071 2360 mirum,
3086 2290 3135 2346 si
3168 2306 3274 2347 nos
3302 2307 3406 2362 pro
3436 2290 3553 2346 heu
3571 2290 3759 2348 habe-

2104 2396 2256 2448 mus,
2290 2380 2429 2452 quia
2470 2379 2690 2436 Hebrmi
2721 2396 2826 2452 pro
2854 2383 2923 2435 he
2951 2378 3239 2444 scribunt,
3269 2379 3371 2436 sed
3423 2395 3524 2452 per
3550 2396 3585 2435 a
3613 2395 3755 2451 pro-

2105 2470 2400 2525 nuntiant.
2435 2470 2683 2525 Vocatur
2704 2473 2899 2524 autem
2930 2468 3226 2524 Abraham
3235 2471 3401 2540 pater
3425 2469 3755 2540 multarum,

2105 2557 2478 2625 subauditur,
2510 2558 2757 2628 gentium
2793 2575 2812 2612 :
2863 2557 3003 2629 quia
3029 2572 3237 2613 omnes
3267 2559 3471 2629 gentes
3518 2556 3581 2613 in
3624 2559 3761 2630 ejus

2105 2644 2348 2711 semine,
2382 2644 2440 2701 id
2489 2650 2596 2713 est,
2631 2645 2689 2701 in
2738 2645 2966 2702 Christo
3019 2645 3323 2702 crediturae
3370 2649 3561 2702 erant.
3592 2648 3764 2703 Sami

2104 2751 2235 2791 vero
2267 2734 2685 2807 interpretatur
2704 2736 2960 2807 princeps
2997 2734 3286 2791 mea.Sara
3309 2733 3574 2792 absolute
3597 2736 3761 2805 prin-

2104 2839 2245 2895 ceps,
2280 2829 2344 2877 ut
2371 2823 2689 2880 subaudias
2707 2823 2972 2880 omnium
2995 2823 3329 2879 animarum
3362 2824 3423 2879 in
3452 2823 3755 2880 Christum

2107 2912 2491 2968 credentium.

2177 3001 2340 3057 Vers.
2373 3002 2428 3055 7.
2460 3001 2683 3057 Fcedere
2724 3002 3072 3073 sempiterno.
3106 3003 3383 3068 Quaerunt
3402 3001 3571 3058 multi
3602 3017 3752 3075 quo-

2109 3091 2283 3146 modo
2295 3091 2515 3146 dictum
2530 3091 3006 3162 sitsempiternum
3019 3089 3218 3163 fiedus,
3236 3106 3370 3146 eum
3386 3106 3763 3163 nequaquam

2114 3179 2173 3234 in
2205 3183 2486 3236 internum
2509 3179 2822 3235 duraverit.
2845 3179 2958 3235 Sed
2979 3178 3075 3235 hic
3093 3181 3491 3251 sempiternum
3519 3195 3624 3251 pro
3652 3194 3763 3237 sae-

2116 3269 2298 3325 culari
2319 3268 2554 3342 ponitur
2583 3268 2735 3341 quod
2760 3268 2953 3325 Graece
2974 3269 3171 3324 eonion
3201 3266 3435 3323 dicitur.
3473 3269 3586 3324 Eon
3600 3267 3762 3324 enim

2117 3359 2310 3417 Graece
2329 3364 2448 3416 tam
2471 3358 2895 3431 sempiternum
2916 3374 3095 3430 quam
3117 3356 3394 3414 saeculare
3418 3355 3506 3413 vel
3536 3361 3762 3431 tempo-

2117 3447 2238 3504 rale
2266 3453 2455 3521 potest
2483 3448 2687 3521 accipi.
2718 3447 2822 3504 Vel
2853 3446 3039 3521 magis
3064 3450 3299 3519 propter
3326 3444 3651 3518 spiritalem
3682 3445 3764 3504 si-

2117 3538 2551 3611 gnificationem
2578 3536 2980 3609 diciturfazdus
2992 3535 3555 3607 sempiternum,quia
3574 3535 3767 3592 fcedus

2117 3626 2327 3683 Christi
2359 3632 2417 3682 et
2458 3626 2518 3682 in
2548 3643 2735 3682 aevum
2766 3624 3030 3681 ﬁdelium
3078 3622 3440 3680 credentium
3471 3624 3576 3696 qui
3624 3627 3766 3681 sunt

2117 3714 2410 3789 spiritales
2441 3714 2543 3770 filii
2570 3713 2865 3770 Abraham
2896 3712 3058 3769 nullo
3089 3712 3204 3768 ﬁne
3233 3711 3665 3769 terminabitur.

2190 3805 2351 3860 Vers.
2391 3806 2475 3859 10.
2528 3804 2913 3860 Circumdetur
2956 3818 3114 3859 omne
3156 3800 3534 3858 masculinum
3582 3803 3644 3857 in
3669 3818 3765 3859 vo-

2121 3895 2220 3949 bis.
2251 3894 2391 3949 Jure
2419 3892 2709 3949 Abraham
2743 3890 2835 3949 lex
2864 3891 2983 3947 ista
3028 3890 3344 3947 censtituta
3372 3893 3462 3947 est
3508 3894 3595 3960 ut,
3626 3890 3768 3963 quia

2119 3983 2346 4055 primus
2392 3982 2568 4038 homo
2617 3998 2719 4054 per
2764 3979 3298 4053 prmvaricationem
3345 3968 3762 4036 mandatorum

2118 4072 2219 4129 Dei
2268 4070 2666 4143 displicuerat,
2703 4069 2989 4126 Abraham
3040 4069 3274 4142 signum
3327 4066 3556 4124 fmderis
3606 4072 3764 4126 esset

2117 4161 2271 4218 inter
2298 4160 2479 4217 Deum
2503 4164 2560 4216 et
2580 4157 2878 4215 hominem
2902 4159 2999 4230 (a).
3024 4157 3312 4225 Secundo,
3336 4161 3405 4214 ut
3433 4172 3538 4228 per
3557 4155 3765 4213 hanca

2118 4249 2342 4306 caeteris
2387 4247 2724 4305 nationibus
2771 4247 3241 4305 discernerentur
3282 4245 3342 4300 in
3393 4243 3763 4317 corporibus,

2116 4339 2328 4405 Tertio,
2355 4341 2421 4393 ut
2449 4337 2599 4393 hanc
2627 4353 2693 4393 eo
2717 4335 2980 4392 membro
3010 4333 3401 4406 suscipientes
3428 4333 3486 4389 in
3509 4350 3627 4406 quo
3657 4334 3765 4390 do-

2117 4426 2327 4484 minari
2358 4426 2538 4483 libido
2559 4424 2705 4482 solet
2726 4425 3017 4480 discerent
3034 4423 3365 4479 castitatem
3386 4422 3499 4479 sibi
3521 4437 3757 4479 servan-

2116 4518 2250 4572 dam
2283 4521 2339 4572 et
2363 4531 2597 4573 omnem
2629 4513 3056 4586 impudicitiam
3087 4512 3481 4569 recidendum.

357 4600 428 4655 22
445 4603 497 4655 et
519 4601 649 4671 seq).
678 4601 1044 4674 Synagogam
1066 4602 1459 4659 etEcelesiam
1481 4604 1834 4677 signiﬁcant.
1851 4609 2008 4680 Agar
2034 4613 2081 4678 D
2180 4606 2344 4662 Vers.
2382 4606 2464 4661 12.
2518 4605 2644 4660 Tam
2692 4603 3035 4670 vernaculus,
3069 4618 3234 4674 quam
3278 4601 3576 4673 emptitius.
3620 4599 3754 4657 Sive

359 4687 597 4758 quidem
630 4690 997 4763 Synagogam
1022 4708 1149 4764 qua:
1175 4691 1230 4747 in
1262 4693 1600 4749 servitutem
1631 4699 1870 4768 generat
1895 4712 2004 4768 po—

359 4775 564 4849 pulum
596 4778 930 4836 Judteorum
962 4781 1062 4852 qui
1094 4781 1194 4837 feri
1229 4786 1366 4838 sunt
1408 4786 1465 4837 et
1494 4784 2001 4855 agrestes,jugum

356 4866 586 4923 Domini
620 4866 741 4925 leve
755 4872 813 4924 et
835 4868 1010 4925 ﬁdem
1027 4870 1155 4941 ejus
1178 4870 1442 4927 nolentes
1467 4872 2001 4945 recipere,ideoque

355 4954 626 5029 dispersi,
645 4960 701 5013 et
720 4957 1052 5029 vagabundi
1070 4962 1210 5013 sunt
1231 4975 1332 5031 per
1351 4964 1539 5015 totum
1567 4961 1767 5017 orbem
1790 4965 1846 5018 et
1875 4978 1999 5019 om-

355 5044 530 5101 nibus
561 5046 814 5103 maxime
858 5046 1206 5103 Christianis
1236 5048 1531 5105 contrarii.
1566 5050 1709 5105 Sara
1736 5066 1866 5107 vero
1897 5044 1998 5107 Ec-

353 5131 593 5190 clesiam
615 5151 743 5206 quis
770 5136 1025 5208 primum
1044 5135 1261 5193 sterilis
1280 5140 1337 5192 et
1358 5137 1672 5194 infecunda
1692 5138 1819 5210 fuit,
1838 5145 1996 5211 post-

351 5238 421 5279 ea
449 5236 584 5279 vero
603 5223 663 5279 in
694 5222 1019 5281 libertatem
1043 5225 1175 5281 ﬁdei
1209 5229 1265 5281 et
1290 5227 1489 5299 gratiis
1505 5225 1732 5299 plebem
1753 5229 1995 5285 catholi-

351 5325 481 5369 cam
512 5312 826 5384 generavit.

420 5401 584 5459 Vers.
630 5402 718 5458 13.
752 5403 827 5458 Tu
870 5404 1032 5473 Deus,
1063 5405 1162 5474 qui
1202 5404 1395 5461 vidisti
1446 5422 1551 5462 nte.
1585 5406 1704 5463 Hoc
1750 5411 1858 5475 est,
1892 5406 1993 5478 qui

2112 4695 2261 4753 servi
2293 4694 2392 4767 qui
2415 4693 2697 4749 dominati
2722 4696 2880 4764 sunt,
2899 4691 3019 4748 sive
3049 4691 3149 4763 qui
3179 4690 3546 4763 exemptione
3576 4706 3752 4746 vene-

2114 4787 2268 4840 runt.
2302 4785 2373 4840 Et
2401 4782 2540 4855 quia
2564 4780 2842 4839 Dominus
2864 4780 3128 4837 omnium
3158 4783 3248 4836 est
3276 4783 3503 4836 creator
3526 4776 3763 4835 nullum

2109 4873 2321 4945 excipit
2349 4890 2385 4929 a
2413 4871 2621 4937 salute,
2652 4888 2757 4927 nec
2801 4874 3151 4943 cujusquam
3183 4868 3395 4943 accipit
3424 4882 3763 4941 personam,

2110 4963 2211 5018 sed
2244 4961 2509 5018 omnium
2541 4962 2868 5016 miseretur.

2177 5051 2340 5108 Vers.
2376 5052 2461 5107 14.
2496 5051 2569 5106 De
2594 5049 2794 5122 populo
2839 5063 2956 5104 suo.
2991 5047 3053 5102 Id
3085 5050 3179 5103 eat
3223 5047 3295 5103 de
3324 5049 3479 5102 emta
3528 5047 3763 5101 saneto-

2107 5157 2257 5196 rum.
2292 5139 2455 5196 Unde
2493 5142 2550 5195 et
2593 5137 2844 5209 legimus
2877 5154 2890 5192 :
2922 5138 2994 5193 Tu
3020 5144 3205 5194 autem
3250 5136 3356 5193 ibis
3383 5134 3454 5191 ad
3479 5133 3757 5207 populum

2107 5238 2282 5298 tuum,
2342 5230 2476 5301 quia
2526 5231 2748 5299 pactum
2800 5241 2982 5282 meum
3041 5227 3270 5282 irritum
3300 5225 3455 5295 fecit.
3509 5226 3757 5279 Pactum

2104 5316 2327 5374 scilicet
2343 5316 2486 5373 illud
2509 5315 2662 5388 quod
2687 5314 2827 5370 Ades
2846 5314 2903 5370 in
2927 5315 3198 5387 paradiso
3219 5315 3424 5370 datum
3444 5315 3552 5380 est,
3574 5312 3638 5368 in
3651 5326 3783 5383 quo.

2102 5422 2289 5462 omnes
2315 5408 2673 5478 peccaverunt
2700 5404 2874 5476 (Rom.
2906 5421 2993 5472 ιιι,
3026 5403 3133 5476 12).
3168 5402 3387 5459 Omnes
3416 5400 3575 5457 enim
3614 5413 3762 5455 cau-

420 5615 556 5698 _Cod.
589 5617 817 5689 Tegea,
851 5624 903 5673 et
941 5604 1235 5674 Abraham.
1270 5618 1425 5676 Idem
1477 5620 1792 5693 scripserat
1838 5620 2030 5692 prima
2067 5636 2280 5679 manus
2310 5619 2368 5677 in
2399 5619 2526 5689 cod,
2551 5620 2767 5689 Garst.,
2790 5618 2889 5676 sed
2933 5617 3048 5675 alia
3091 5616 3334 5689 antiqua
3363 5612 3632 5684 correxit,
3667 5612 3761 5670 ho-
