4040 6208
327 384 397 450 so
660 356 673 365 ’
1396 368 2018 447 COMMENTARIUS
2064 382 2143 446 IN
2188 381 2559 447 causam.
3643 386 3725 453 eo

334 517 529 578 saliter
548 518 607 575 in
629 518 820 575 Adam
841 518 1081 588 fuimus,
1101 526 1159 577 et
1178 521 1307 577 ideo
1324 521 1628 595 originalis
1650 523 1869 595 peccati
1884 520 1967 578 rei
1994 520 2049 585 Α
2080 523 2417 590 paruerunt.
2436 521 2601 576 Tunc
2614 537 2749 594 ergo
2771 520 3054 578 Dominus
3074 520 3233 580 venit
3252 525 3489 597 quando
3510 532 3719 601 myste-

331 626 549 668 Iumus.
581 610 709 666 Ilzec
730 614 927 665 autem
949 611 1318 667 circumcisio
1341 629 1467 683 quae
1484 613 1545 667 in
1567 629 1683 667 uno
1707 612 1969 667 membro

330 700 503 758 ﬁebat
533 698 827 770 signiﬁcat
855 699 1359 756 circumcisionem
1394 699 1717 771 spiritalem
1749 718 1878 773 quae
1910 701 1970 756 in

331 788 495 844 corde
525 793 581 843 et
604 787 663 842 in
693 789 969 844 omnibus
1019 790 1299 845 membris
1351 790 1675 846 exhibenda
1707 796 1813 846 est.
1845 791 1969 845 Cir-

331 877 779 933 cumcidendum
811 883 901 933 est
925 895 1023 934 cor
1052 896 1085 933 a
1131 879 1317 934 noxiis
1349 880 1817 951 cogitationibus,
1853 880 1970 936 cir-

330 966 697 1023 cumcidendi
729 973 871 1023 sunt
896 967 1048 1023 oculi
1099 984 1171 1024 ne
1216 969 1448 1023 videant
1486 970 1823 1038 vanitatem,
1860 968 1969 1025 cir-

331 1056 723 1112 cumcidenda:
754 1060 893 1110 sunt
923 1073 1115 1123 aures,
1149 1056 1205 1111 id
1239 1062 1348 1121 est,
1391 1057 1728 1112 obturandaz
1762 1074 1833 1112 ne
1865 1076 1969 1113 au-

330 1144 493 1200 diant
522 1144 893 1216 sanguinem,
925 1149 983 1201 et
1029 1146 1113 1200 sic
1144 1145 1201 1200 in
1224 1146 1498 1202 omnibus
1528 1146 1800 1202 sensibus
1829 1146 1971 1202 cele-

332 1233 553 1288 branda
577 1239 665 1289 est
695 1233 1082 1290 circumcisio.

398 1322 561 1377 Vers.
583 1324 663 1377 17.
680 1323 838 1378 Risit.
854 1323 978 1378 Non
995 1323 1375 1393 dubitatione,
1390 1325 1488 1380 sed
1506 1324 1717 1396 gaudio
1731 1328 1972 1384 credens

332 1411 706 1483 promissioni
732 1410 850 1466 Dei.
873 1412 1035 1468 Unde
1054 1417 1109 1467 et
1124 1412 1284 1467 ﬁlius
1302 1415 1430 1484 ejus
1449 1415 1629 1479 Isaac,
1648 1414 1707 1470 id
1722 1421 1810 1471 est
1826 1419 1971 1473 risus

329 1506 567 1556 vocatus
598 1504 704 1556 est.
742 1500 884 1557 Sara
931 1518 1063 1557 vero
1122 1506 1323 1573 postea
1380 1502 1789 1560 incredulitate
1821 1506 1968 1573 risit,

331 1590 486 1645 unde
513 1592 569 1645 et
598 1588 887 1661 increpari
928 1590 1161 1645 meruit.

399 1678 559 1735 Vers.
584 1680 672 1732 20.
706 1678 881 1750 Super
926 1681 1121 1735 Ismael
1168 1696 1375 1753 quoque
1424 1682 1683 1737 exaudiui
1710 1688 1782 1738 te.
1817 1686 1971 1739 Dixi-

331 1783 463 1823 mus
494 1767 767 1839 superius
796 1769 1024 1824 Ismaele
1050 1769 1284 1825 Judaaos
1332 1770 1653 1842 signiﬁcari
1686 1773 1785 1844 qui
1816 1775 1970 1829 aucti

2077 609 2229 663 rium
2264 609 2684 667 incarnationis
2714 612 2955 668 Abrahae
2987 614 3261 681 ostendit,
3303 615 3441 686 quia
3472 615 3562 672 lex
3591 634 3719 689 qua

2078 714 2182 770 per
2202 699 2437 771 Moysen
2463 701 2597 756 data
2617 707 2745 771 est,
2776 706 2831 757 et
2876 703 3179 775 prophetia
3227 721 3355 777 quas
3408 716 3508 777 per
3532 706 3717 763 Eliam

2080 786 2437 860 designatur,
2471 806 2701 861 semper
2730 792 2857 861 ejus
2898 792 3285 863 praedixerunt
3312 796 3647 851 adventum.

2149 894 2313 950 Vers.
2344 897 2397 949 6.
2431 897 2700 965 Accelera,
2733 900 2846 953 tria
2882 904 3003 954 sata
3047 901 3265 957 simile.
3314 903 3505 958 Satum
3535 920 3721 976 genus

2080 987 2169 1039 est
2200 1001 2507 1040 mensurae.
2546 987 2669 1041 Tria
2698 992 2817 1042 sata
2847 992 2965 1043 tres
2997 990 3330 1061 significant
3356 992 3507 1048 ﬁlios
3526 994 3664 1058 Noe,
3689 1013 3723 1049 ι

2081 1072 2297 1143 quibus
2336 1074 2786 1130 disseminatum
2820 1092 2993 1131 omne
3022 1094 3206 1149 genus
3233 1080 3561 1136 humanum
3592 1088 3725 1154 post

2080 1161 2388 1217 diluvium.
2415 1163 2520 1218 Per
2564 1166 2681 1219 tria
2710 1172 2826 1219 sata
2885 1166 3328 1237 signiﬁcabatur
3368 1172 3621 1227 Ecclesia
3667 1177 3725 1228 et

2081 1251 2340 1305 doctrina
2370 1252 2701 1324 evangelica
2731 1270 2834 1325 per
2861 1258 2977 1311 tres
3002 1256 3206 1311 mundi
3239 1265 3431 1329 partes
3453 1260 3722 1317 dissemi-

2083 1341 2295 1395 nanda.
2320 1340 2464 1396 Hinc
2490 1346 2544 1396 et
2564 1342 2623 1397 in
2646 1343 2955 1414 Evangelio
2979 1344 3210 1413 mulier,
3236 1347 3293 1401 id
3338 1354 3446 1414 est,
3469 1349 3724 1406 Ecclesia

2081 1428 2295 1484 dicitur
2315 1432 2609 1502 accepisse
2628 1432 2981 1488 fermentum
3004 1435 3348 1507 evangelica:
3370 1438 3651 1495 doctrinas
3668 1448 3725 1495 et

2082 1518 2459 1575 abscondisse
2474 1519 2617 1575 illud
2636 1523 2699 1576 in
2715 1524 2893 1577 tribus
2910 1526 3119 1595 farinae
3132 1526 3268 1579 satis
3294 1527 3443 1597 (Luc.
3467 1543 3591 1594 xm,
3609 1531 3720 1601 21).

2083 1607 2139 1662 id
2162 1613 2271 1675 est,
2296 1608 2355 1663 in
2376 1609 2565 1664 tribus
2584 1612 2787 1666 mundi
2811 1613 3097 1683 partibus,
3117 1613 3265 1669 Asia:
3281 1615 3726 1685 videlicet,Afri-

2082 1713 2181 1769 cm,
2207 1698 2468 1770 Europae,
2492 1701 2662 1755 donec
2675 1701 3310 1773 [emacularetur-totum,
3330 1705 3387 1760 id
3411 1710 3518 1773 est,
3545 1707 3726 1764 donec

2082 1787 2276 1841 omnis
2307 1788 2566 1844 mundus
2597 1790 2875 1845 crederet.
2908 1792 3078 1846 Panis
3117 1792 3411 1863 signiﬁcat
3441 1796 3724 1852 unitatem

328 1860 470 1912 sunt
498 1856 715 1912 carnali
746 1857 1116 1929 generatione
1146 1858 1204 1913 in
1256 1858 1605 1956 immensa“)
1640 1861 1969 1917 ΠιυῙῑῖῐυάί·
2005 1891 2053 1956 Β
2083 1874 2470 1943 credentium,
2506 1877 2647 1948 quia
2678 1878 2846 1949 panis
2867 1895 2936 1934 ex
2957 1879 3159 1936 multis
3180 1883 3725 1953 granisconﬁcitur.

329 1960 484 2039 nem.
520 1944 691 2039 Unde
742 1962 843 2018 per
899 1946 1244 2017 prophetam
1275 1947 1523 2006 dieitur:
1561 1948 1746 2005 θιονία
1770 1953 1973 2024 81η-ςαῦ
2006 1944 2051 1956 u
2081 1964 2279 2035 Azymi
2306 1982 2438 2021 vero
2471 1944 2726 2033 fuerunt,
2774 1968 2913 2039 quia
2971 1969 3166 2026 unitas
3180 1944 3428 2028 "sanctis
3461 1974 3725 2031 Ecclesia

330 2038 501 2101 utero,
529 2043 581 2090 et
601 2035 763 2091 vulva
782 2043 833 2092 et
856 2053 890 2091 a
923 2044 1183 2106 conceptu
1223 2040 1366 2104 (Ose.
1398 2055 1473 2103 Ix,
1508 2040 1616 2106 11).
1650 2071 1719 2080 -
1755 2042 1973 2098 Duode-

327 2124 438 2178 cim
461 2123 620 2179 duces
677 2125 986 2193 generabit.
1052 2125 1111 2179 Id
1169 2130 1259 2180 est
1317 2126 1621 2181 duodecim
1654 2131 1971 2200 apostolos,

328 2210 620 2267 maximos
652 2213 831 2267 duces
865 2212 1154 2279 Ecclesiae,
1198 2213 1301 2283 qui
1347 2231 1416 2268 ex
1463 2214 1564 2270 illo
1608 2217 1822 2289 p0pulo
1854 2220 1976 2274 nati

327 2305 493 2358 sunt.
515 2301 617 2355 Vel
639 2300 946 2355 duodecim
968 2300 1145 2355 duces
1168 2302 1309 2357 dicit
1330 2303 1637 2359 duodecim
1664 2305 1853 2377 ipsius
1874 2325 1975 2379 po-

328 2387 462 2460 puli
490 2389 699 2444 tribus.

402 2479 572 2531 Vers.
602 2479 691 2531 21.
726 2478 957 2532 Pactum
976 2494 1158 2533 meum
1184 2488 1421 2534 statuam
1455 2497 1595 2535 cum.
1618 2486 1796 2538 Isaac.
1834 2484 1979 2548 Quia

327 2563 735 2620 misericordia
757 2571 815 2620 et
841 2566 1028 2637 gratia
1048 2568 1176 2638 ejus
1196 2568 1256 2622 in
1281 2569 1494 2638 populo
1515 2575 1603 2625 est
1623 2571 1974 2629 Christiano.

401 2654 542 2709 Vers
570 2652 659 2707 23.
708 2653 1068 2710 Circumdidit
1114 2654 1404 2712 Ismaelem
1439 2666 1490 2711 et
1516 2662 1733 2714 cunctos
1764 2678 1971 2719 mares.

327 2742 520 2806 Quaeri
550 2746 760 2814 potest,
792 2743 843 2798 si
876 2759 1070 2799 mares
1099 2744 1545 2800 circumcisione
1575 2746 1973 2821 salvabantur,

328 2830 559 2887 femina:
584 2832 876 2903 quomodo
894 2831 1293 2904 salvabantur,
1316 2851 1444 2905 quas
1462 2851 1577 2891 non
1601 2836 1978 2895 circumcide-

328 2919 592 2976 bantur‘?
626 2921 833 2992 Utique
865 2922 977 2977 ﬁde
1007 2927 1064 2977 et
1100 2922 1427 2979 hostiarum
1478 2924 1791 2997 oblatione,
1826 2945 1976 3000 quo-

329 3010 504 3065 modo
525 3015 584 3066 et
610 3026 713 3082 per
733 3014 866 3065 ante
886 3010 1107 3066 dictum
1133 3017 1485 3084 praeceptum
1507 3012 1976 3074 circumcisionis

331 3099 518 3155 sancti
550 3098 818 3155 homines
850 3101 1310 3172 mundabantur,
1353 3103 1525 3172 juxta
1574 3105 1728 3174 quod
1760 3106 1976 3163 Paulus

332 3186 472 3245 dicit
497 3204 509 3244 :
545 3188 651 3259 ﬁde
677 3188 977 3259 puriﬁcans
1006 3190 1177 3245 corda
1206 3192 1341 3258 (Act.
1374 3208 1429 3259 x,
1458 3192 1534 3260 9).

921 3312 1160 3369 CAPUT
1199 3314 1394 3370 XVIII.

401 3400 571 3457 Vers.
607 3402 656 3456 1.
688 3401 954 3473 Apparuit
985 3405 1041 3457 ei
1071 3404 1333 3458 Dominus
1365 3405 1425 3457 in
1454 3406 1705 3462 convalle
1724 3409 1980 3481 Mambre,

336 3490 523 3555 Quaeri
560 3494 751 3562 potest
795 3492 965 3562 juxta
1020 3491 1297 3561 litteram,
1343 3492 1391 3547 si
1424 3494 1710 3549 Abraham
1745 3498 1984 3570 angelos

332 3577 706 3652 intelligebat
725 3595 853 3635 esse
870 3579 969 3651 qui
988 3580 1046 3634 in
1066 3582 1255 3653 ﬁgura
1274 3581 1581 3637 hominum
1601 3586 1979 3655 apparebant,

332 3683 435 3722 cur
454 3668 544 3725 eis
564 3685 631 3723 ea
647 3685 772 3740 qua
795 3669 1142 3725 mortalibus
1164 3672 1518 3726 conveniunt
1538 3673 1820 3745 obsequia
1843 3692 1983 3748 pra:-

330 3758 561 3828 paravit
579 3758 607 3812 ?
630 3758 918 3813 Fortassis
941 3759 1080 3830 quia
1100 3759 1292 3829 primo
1315 3760 1583 3815 homines
1621 3778 1749 3818 esse
1780 3765 1983 3820 crede-

330 3844 444 3916 bat,
471 3851 680 3919 postea
698 3863 833 3901 vero
855 3864 925 3902 ex
973 3847 1067 3902 his
1107 3864 1234 3919 quae
1286 3849 1358 3903 ab
1382 3848 1497 3904 illis
1519 3850 1675 3905 dicta
1725 3858 1864 3907 sunt
1891 3854 1981 3908 vel

327 3933 477 4001 facta
494 3934 740 4007 angelos
756 3934 1058 3991 intellexit.
1080 3936 1444 4009 lntelligebat
1460 3954 1558 3993 eos
1575 3955 1702 3995 esse
1719 3941 1980 4014 angelos,

331 4037 459 4078 cum
491 4040 599 4079 eos
630 4023 701 4078 ad
761 4022 970 4079 ccelum
1030 4024 1216 4080 redire
1258 4026 1508 4093 videbat,
1559 4029 1711 4083 sicut
1740 4029 1798 4085 in
1830 4030 1979 4087 libro

326 4110 661 4167 Judicicum
676 4113 747 4167 de
759 4112 1252 4183 Manuelegimus,
1269 4115 1365 4186 qui
1380 4115 1567 4186 primo
1589 4117 1792 4173 videns
1810 4136 1981 4191 ange-

328 4197 446 4255 lum
469 4199 780 4256 hominem
803 4216 933 4258 esse
955 4204 1199 4273 putavit,
1225 4203 1427 4258 dicens
1451 4220 1464 4258 :
1498 4208 1581 4259 Tu
1601 4221 1654 4261 es
1668 4207 1762 4261 ille
1783 4210 1868 4263 vir
1883 4211 1982 4279 qui

328 4287 539 4345 locutus
571 4305 626 4344 es
654 4290 884 4346 mulieri
924 4291 1120 4358 (Judic.
1170 4310 1295 4359 xm,
1332 4294 1417 4362 11)
1439 4293 1467 4347 ?
1497 4293 1759 4366 Cumque
1790 4297 1841 4351 ei
1873 4298 1979 4352 hu-

331 4378 637 4433 manitatis
678 4394 858 4433 causa
900 4378 1131 4434 haedum
1170 4379 1375 4436 fecisse
1422 4381 1718 4451 voluisset,
1751 4385 1896 4440 dicit
1926 4386 1977 4441 ei

333 4466 613 4539 angelus:
649 4466 709 4522 Si
736 4469 884 4536 cogis
940 4485 1046 4535 me,
1102 4485 1212 4524 non
1269 4470 1564 4526 comedam.
1622 4472 1719 4527 Sin
1756 4483 1977 4529 autem:

331 4555 459 4625 offer
497 4556 645 4610 illud
674 4557 920 4612 Domino.
955 4556 1218 4629 Cumque
1249 4557 1359 4615 hoc
1386 4559 1639 4625 fecisset,
1663 4564 1718 4616 et
1740 4562 1980 4618 flamma

332 4645 604 4700 sacriﬁcii
658 4646 1011 4715 ascenderet,
1072 4647 1315 4719 angelus
1371 4648 1429 4702 in
1496 4649 1737 4705 ﬂamma
1761 4653 1981 4723 pariter

333 4733 613 4788 ascendit.
648 4735 929 4789 Caeterum
955 4735 1026 4790 de
1051 4736 1194 4791 Sara
1228 4735 1373 4790 nulli
1405 4737 1652 4792 dubium
1686 4741 1840 4811 quod
1874 4740 1976 4795 ho-

332 4820 519 4877 mines
540 4838 673 4878 esse
707 4824 969 4894 putabat.
1020 4824 1166 4879 Nam
1212 4829 1269 4880 et
1316 4841 1525 4896 negare
1548 4842 1691 4882 ausa
1713 4833 1800 4882 est
1826 4829 1975 4901 quod

329 4910 577 4983 angelus
608 4911 754 4966 dixit
774 4913 845 4967 ad
869 4913 1165 4968 Abraham
1194 4931 1206 4967 :
1233 4913 1342 4968 Cur
1370 4916 1497 4969 risit
1516 4914 1655 4970 Sara
1678 4933 1821 4971 uxor
1839 4922 1933 4972 tua
1954 4922 1979 4971 ν

328 4997 572 5072 Negavit
600 5000 780 5070 enim,
813 5005 869 5055 et
897 5000 1080 5055 dixit:
1111 5003 1228 5057 Non
1256 5005 1379 5058 risi.

394 5088 641 5161 Mystice
670 5089 964 5145 Abraham
993 5089 1279 5162 triplicem
1339 5092 1521 5163 gessit
1569 5093 1839 5165 ﬁguram,
1873 5095 1977 5151 Dei

326 5174 598 5233 videlicet
617 5178 805 5233 Patris
831 5178 889 5232 in
911 5194 978 5234 eo
1023 5181 1177 5252 quod
1229 5180 1389 5236 Isaac
1412 5181 1643 5237 obtulit.
1694 5182 1895 5238 Gestat
1923 5188 1979 5239 et

329 5265 587 5339 ﬁguram
610 5266 745 5322 Filii
778 5268 837 5323 in
865 5284 931 5323 eo
960 5269 1115 5340 quod
1138 5269 1208 5323 de
1228 5270 1402 5325 domo
1424 5287 1532 5326 sua
1558 5276 1613 5325 et
1634 5272 1979 5343 cognatione

328 5354 521 5411 exivit.
556 5355 663 5411 Hic
691 5373 826 5413 vero
857 5374 1339 5429 unamquamque
1391 5363 1654 5414 sanctam
1687 5362 1980 5433 signiﬁcat

331 5444 596 5499 animam
622 5460 747 5517 quis
770 5446 952 5501 Deum
970 5446 1029 5502 in
1047 5447 1301 5516 hospitio
1315 5464 1432 5502 sua
1456 5450 1668 5503 mentis
1688 5466 1819 5505 cum
1844 5467 1982 5523 gau-

331 5530 424 5586 dio
450 5532 731 5605 suscipit,
758 5534 900 5591 Tres
930 5536 1084 5603 viros
1124 5538 1225 5607 qui
1283 5536 1334 5590 ei
1392 5544 1809 5608 apparuerunt,
1843 5540 1978 5612 qui-

330 5619 467 5675 dam
489 5621 957 5694 interpretantur
981 5623 1299 5695 Christum,
1321 5627 1377 5681 et
1413 5625 1609 5696 ipsum
1644 5627 1902 5700 Moysem
1923 5632 1982 5685 et

331 5709 521 5769 Eliam
542 5711 649 5782 qui
668 5714 843 5772 etiam
866 5732 1001 5774 cum
1019 5732 1087 5774 ea
1105 5716 1166 5774 in
1202 5717 1403 5773 monte
1434 5714 1836 5788 tun-figurati
1884 5734 1982 5789 ap-

2083 2052 2421 2124 incorrupta
2450 2060 2557 2110 est.
2600 2056 2974 2112 Subcinericei
3017 2074 3173 2123 vero,
3225 2059 3365 2131 quia
3412 2064 3595 2118 sancti
3626 2081 3729 2135 per

2084 2143 2402 2213 potentiam
2416 2145 2550 2214 igne
2562 2144 2813 2216 Spiritus
2827 2147 3045 2202 decocti
3061 2149 3205 2202 sacri
3216 2149 3303 2203 ﬁci
3315 2168 3347 2203 u
3358 2167 3411 2205 m
3426 2151 3512 2207 vel
3530 2168 3725 2209 escam

2085 2230 2488 2286 delectabilem
2516 2250 2578 2288 se
2607 2232 2768 2304 ipsos
2826 2240 2938 2289 Deo
2996 2235 3236 2291 faciunt.
3290 2240 3507 2294 Vitulus
3537 2241 3601 2297 de
3629 2259 3724 2297 ar-

2084 2327 2263 2374 mento
2293 2319 2560 2376 Christus
2589 2327 2679 2376 est
2709 2323 3034 2378 secundum
3074 2324 3501 2382 humanitatem
3530 2346 3597 2385 ex
3626 2346 3727 2401 pa-

2088 2407 2299 2472 tribus,
2326 2409 2397 2462 de
2419 2424 2535 2479 quo
2560 2426 2662 2480 per
2676 2410 3049 2466 Psalmistam
3074 2412 3289 2468 dicitur
3312 2431 3323 2467 :
3354 2416 3595 2473 Placebit
3616 2423 3700 2475 De

2085 2511 2253 2566 super
2279 2498 2516 2551 vitulum
2552 2499 2829 2553 novellum
2860 2500 3028 2569 (Psal.
3074 2518 3265 2573 vam,
3296 2503 3407 2575 32).

2162 2584 2318 2640 Vers.
2356 2588 2407 2640 8.
2448 2587 2702 2658 Tulitque
2733 2588 2994 2659 butyrum
3017 2600 3070 2644 et
3092 2591 3192 2645 lac.
3220 2595 3325 2646 Lac
3346 2593 3512 2649 cibus
3532 2594 3726 2651 infan-

2084 2673 2176 2727 tiae
2206 2678 2314 2741 est,
2347 2674 2594 2746 ideoque
2623 2676 2893 2747 designat
2920 2682 3170 2733 veterem
3219 2678 3428 2753 legem.
3459 2682 3728 2755 Butyrum

2085 2777 2217 2816 vero
2250 2764 2465 2834 pingue
2496 2769 2552 2818 et
2582 2764 2956 2835 coagulatum
2988 2767 3258 2823 doctrina
3286 2773 3375 2823 est
3395 2772 3732 2842 evangelica

2086 2850 2273 2906 solido
2297 2852 2425 2907 cibo
2447 2856 2679 2908 sanctos
2700 2854 2987 2909 reﬁciens.
3012 2857 3422 2913 Vituluscoctus
3434 2858 3728 2917 Christum

2087 2955 2327 3009 passum
2358 2941 2668 3013 signiﬁcat.
2712 2942 2902 2998 Stabat
2925 2944 3023 2998 sub
3054 2945 3265 3000 arbore.
3302 2947 3472 3001 Arbor
3497 2964 3728 3005 crucem

2087 3029 2480 3101 signiﬁcabat,
2510 3030 2608 3085 sub
2640 3048 2749 3100 qua
2781 3032 3055 3087 Abraham
3097 3034 3293 3099 stabat,
3342 3035 3481 3106 quia
3512 3042 3730 3107 myste-
3782 3023 3786 3028 ’

2086 3118 2243 3173 rium
2266 3118 2558 3190 passionis
2580 3118 2793 3175 Christi
2813 3120 3137 3193 inspirante
3171 3128 3287 3178 Deo
3309 3125 3436 3194 jam
3469 3131 3734 3183 contem-

2011 3254 2053 3321 C
2090 3207 2379 3321 plabaturr.

2162 3296 2329 3351 Vers.
2358 3297 2413 3349 9.
2443 3298 2575 3352 Ecce
2604 3301 2663 3351 in
2702 3300 3060 3356 tabernaculo
3118 3308 3213 3355 est.
3269 3301 3562 3358 Abraham
3594 3304 3735 3360 foris

2091 3400 2227 3439 cum
2251 3384 2475 3456 angelis
2491 3389 2616 3440 erat
2640 3404 2653 3452 ;
2679 3387 2823 3441 Sara
2842 3388 2900 3443 in
2919 3388 3312 3445 tabernaculis
3334 3389 3577 3446 latebat:
3598 3393 3737 3464 quia

2094 3471 2449 3542 sapientium
2472 3477 2528 3527 et
2549 3474 2850 3529 doctorum
2874 3480 3171 3547 estaperte
3195 3477 3735 3548 praedicare,exem-

2093 3560 2209 3631 plis
2235 3559 2381 3616 alios
2406 3561 2730 3617 instituere.
2760 3564 2982 3618 Inﬁrmi
3007 3581 3141 3619 vero
3164 3566 3424 3638 quinque
3459 3573 3516 3623 et
3538 3569 3735 3626 minus

2093 3647 2248 3704 docti
2262 3664 2323 3703 se
2336 3650 2491 3720 apud
2509 3665 2571 3703 se
2583 3650 2877 3705 continere
2895 3652 3174 3707 debentet
3187 3654 3525 3712 doctoribus
3539 3659 3732 3714 subdi.

2163 3754 2328 3810 Vers.
2358 3756 2441 3810 11.
2499 3757 2813 3811 Desierant.
2839 3758 2894 3812 id
2912 3762 3022 3826 est,
3046 3766 3431 3815 cessaverant.
3449 3762 3737 3833 Sara'eﬁeri

2088 3845 2400 3899 muliebria.
2428 3846 2489 3899 1d
2512 3849 2602 3899 est
2621 3852 2941 3916 menstrua,
2967 3847 3121 3918 quod
3145 3862 3278 3901 cum
3302 3848 3584 3921 contingit
3605 3868 3734 3906 mu-

2091 3932 2238 4003 lieri,
2272 3932 2550 3989 inhabilis
2574 3934 2699 4005 jam
2733 3939 2823 3989 est
2851 3934 2922 3989 ad
2955 3935 3338 4007 procreandos
3381 3934 3554 3992 ﬁlios.

2157 4020 2321 4076 Vers.
2354 4024 2443 4076 20.
2506 4023 2723 4078 Clamor
2780 4022 3135 4079 Sodomorum
3185 4028 3235 4079 et
3255 4026 3736 4084 Gomorrhaeorum

2087 4112 2487 4182 multiplicatus
2516 4118 2615 4167 est.
2650 4111 2723 4167 Ut
2752 4112 2958 4169 beatus
2988 4113 3301 4186 Gregorius
3341 4114 3499 4182 dicit,
3529 4132 3731 4188 pecca-

2088 4202 2215 4253 tum
2243 4216 2377 4254 cum
2406 4216 2541 4255 voce
2571 4206 2660 4256 est
2688 4207 2992 4271 peccatum
3027 4203 3084 4256 in
3137 4202 3359 4259 actione
3384 4222 3396 4259 :
3431 4212 3731 4276 peccatum

2087 4292 2282 4342 autem
2314 4304 2447 4342 cum
2480 4287 2733 4345 clamore
2766 4296 2855 4346 ost
2892 4292 3195 4346 deccatum
3253 4309 3386 4347 cum
3440 4292 3727 4351 libertate.

2088 4375 2234 4441 Quia
2254 4392 2389 4447 ergo
2436 4378 2743 4432 Sodomita:
2788 4379 2968 4435 libere
3004 4383 3061 4434 et
3082 4380 3467 4436 inverecunde
3497 4398 3729 4439 omnem

2087 4463 2514 4535 impudicitiam
2532 4468 3016 4534 exercebant,imo
3030 4468 3086 4521 in
3103 4467 3709 4539 pessimissceleribus

2087 4552 2435 4608 laetabantur
2466 4559 2522 4608 et
2550 4554 2908 4621 exultabant,
2942 4555 3071 4610 ideo
3101 4557 3311 4611 clamor
3356 4573 3556 4613 eorum
3587 4559 3730 4615 dici-

2085 4646 2181 4696 tur
2211 4642 2543 4713 pervenisse
2575 4644 2644 4698 ad
2671 4644 2875 4698 Deum.

2155 4732 2317 4786 Vers.
2350 4733 2439 4786 21.
2472 4732 2802 4788 Descendam
2856 4741 2905 4787 et
2962 4732 3152 4787 videbo
3211 4744 3396 4790 utrum
3436 4737 3731 4795 clamorem

2087 4822 2181 4892 qui
2210 4823 2351 4876 venit
2379 4822 2453 4876 ad
2476 4838 2562 4877 me
2590 4838 2749 4893 opere
2774 4822 3182 4894 compleverint.
3215 4824 3445 4880 Clamor
3488 4826 3726 4896 quidem

2087 4910 2155 4964 ad
2182 4909 2363 4965 Denm
2390 4916 2745 4981 pervenerat,
2767 4912 2864 4966 sed
2884 4928 2996 4966 non
3022 4911 3221 4967 statim
3250 4914 3727 4983 puniuntur,nisi

2084 4998 2345 5069 Angelus
2376 4999 2775 5055 descendisset
2805 5005 2861 5055 et
2892 5001 3136 5056 vidisset
3166 5006 3363 5056 utrum
3396 5002 3503 5056 hoc
3524 5018 3725 5073 perpe-

2085 5089 2361 5141 trassent.
2390 5087 2522 5141 Mox
2545 5093 2762 5155 autem,
2788 5094 2853 5143 ut
2872 5089 3172 5143 inventum
3196 5094 3305 5154 est,
3338 5089 3558 5160 absque
3581 5089 3725 5146 dila-

2083 5173 2241 5230 tione
2271 5174 2451 5230 misso
2481 5176 2702 5231 caalitus
2730 5175 2865 5248 igne
2895 5177 3227 5248 consumpti
3258 5177 3530 5233 sunt.Ubi
3556 5178 3727 5235 doco-

2088 5280 2221 5317 mur
2240 5280 2354 5319 non
2380 5264 2547 5320 facile
2570 5266 2787 5320 auditis
2810 5265 3198 5336 quorumdam
3234 5266 3579 5322 criminibus
3601 5284 3722 5323 cre—

2087 5353 2257 5408 dere:
2291 5353 2489 5407 statim
2530 5370 2685 5419 vero,
2719 5358 2785 5408 ut
2816 5370 2907 5408 res
2937 5353 3178 5423 probata
3226 5354 3419 5417 fuerit,
3451 5355 3725 5410 continuo

2088 5442 2229 5497 ultio
2262 5442 2656 5513 subsequitur.
2691 5442 2852 5508 Quod
2902 5447 3097 5497 autem
3146 5442 3371 5498 dicere:
3404 5442 3730 5499 descendam

2086 5542 2137 5588 et
2165 5532 2372 5600 videbo,
2399 5547 2559 5586 more
2583 5536 2780 5587 nostro
2805 5532 2960 5587 Deus
2979 5531 3239 5603 loquitur
3264 5533 3728 5602 tanquamdubi-

2087 5630 2222 5684 tans
2242 5628 2297 5680 et
2316 5623 2612 5696 ignorans,
2634 5620 2779 5677 Cum
2804 5626 3000 5678 tamen
3030 5621 3155 5692 ipse
3176 5623 3439 5678 sanctam
3466 5623 3524 5677 et
3545 5625 3731 5679 ratam

2087 5714 2300 5773 habeat
2338 5712 2667 5770 scientiam.
