4040 6208
284 339 359 404 91
845 335 1149 402 REMIGII
1195 334 1948 402 ANTISSIODORENSIS
1994 336 2165 400 OPP.
2212 335 2418 399 PARS
2463 336 2511 399 Ι.
2547 366 2624 382 --
2659 332 3123 399 EXEGETICA.
3607 333 3688 398 9!

242 503 249 516 ο
356 473 520 530 Vers.
551 473 640 528 26.
674 473 789 530 Non
816 473 1008 529 delebo
1035 478 1262 544 propter
1293 473 1713 544 quinquaginta.
1750 471 1927 533 Quin-
1961 478 2012 541 Α
2044 470 2260 527 saeculi.
2288 470 2450 525 Unde
2471 473 2527 525 et
2562 469 2766 524 merito
2792 471 2852 526 in
2881 477 3121 524 statuam
3151 468 3288 526 satis
3319 485 3488 526 versa
3509 467 3690 525 fuisse

286 563 682 636 quagenarius
706 579 988 618 numerus
1011 562 1239 617 dicatus
1261 567 1350 618 est
1369 559 1744 633 pcenitentias.
1774 559 1934 615 Unde

287 658 344 708 et
363 652 890 725 quinquagesimus
918 650 1182 724 psalmus
1213 651 1269 704 in
1305 648 1643 721 pcenitentia
1669 651 1935 703 cantatus

287 747 395 798 est.
429 741 592 807 Quod
623 757 759 813 ergo
791 741 968 796 dicit:
1017 742 1132 796 Non
1179 739 1363 794 delebo
1408 746 1627 809 propter
1656 737 1932 808 quinqua-

285 833 462 902 ginta,
482 831 736 886 ostendit
759 829 1018 901 potuisse
1040 847 1138 884 eos
1163 829 1233 883 ab
1253 827 1584 882 imminenti
1611 826 1848 880 interitu
1871 824 1935 879 li-

289 919 497 989 berari,
515 919 560 975 si
579 920 648 974 ad
663 919 1062 991 paenitentiam
1085 918 1393 989 confugere
1415 915 1754 971 voluissent.
1771 915 1932 978 Quod

289 1014 483 1063 autem
505 1007 786 1078 paulatim
810 1007 1213 1062 descendendo
1237 1007 1306 1060 ad
1330 1005 1513 1059 decem
1538 1003 1815 1075 pervenit,
1841 1019 1932 1057 os-

287 1097 474 1151 tendit
494 1098 789 1152 neminem
820 1113 988 1168 posse
1013 1095 1244 1161 salvari,
1273 1093 1385 1148 nisi
1407 1110 1540 1148 eum
1577 1092 1677 1164 qui
1702 1107 1933 1147 crucem

287 1184 499 1242 Christi
526 1186 673 1240 ferre
695 1202 948 1256 eumque
971 1184 1133 1254 sequi
1158 1183 1471 1248 studuerit,
1491 1189 1546 1236 et
1568 1182 1763 1235 decem
1789 1179 1933 1250 legis

288 1279 574 1345 praecepta
596 1272 940 1344 impleverit.
970 1272 1250 1327 Ucnarius
1273 1271 1428 1325 enim
1472 1286 1702 1323 crucem
1724 1268 1934 1323 Christi

287 1363 580 1434 designat,
609 1365 748 1433 quia
769 1362 994 1416 decima
1013 1361 1205 1416 littera
1222 1378 1338 1431 qua
1355 1360 1632 1413 denarius
1655 1373 1934 1412 numerus

287 1451 635 1523 exprimitur
666 1451 913 1523 ﬂguram
944 1450 1120 1505 habet
1157 1449 1362 1503 crucis.

907 1537 1135 1593 CAPUT
1175 1537 1314 1592 XIX.

359 1627 524 1682 Vers.
557 1628 606 1684 1.
644 1627 893 1683 Occurrii
920 1627 1134 1682 obviam
1164 1628 1262 1681 eis.
1297 1627 1378 1680 Ex
1409 1625 1518 1680 hoc
1551 1630 1690 1680 etex
1714 1623 1916 1678 multis

287 1713 417 1771 aliis
448 1715 886 1787 Scripturarum
920 1714 1060 1770 locis
1089 1713 1276 1770 virtus
1325 1712 1746 1784 hospitalitatis
1777 1727 1933 1766 com-

286 1805 599 1860 mendatur
619 1805 688 1859 de
714 1819 830 1875 qua
849 1808 905 1859 et
926 1804 1130 1859 beatus
1153 1802 1452 1874 apostolus
1476 1802 1678 1857 Petrus
1697 1800 1935 1870 [Paulus

2048 560 2281 626 dicitur,
2311 560 2450 631 quia
2480 575 2587 614 suo
2617 558 2901 630 exemplo,
2925 558 3100 615 veluti
3124 553 3264 614 salis
3290 559 3688 625 condimento,

2046 654 2270 704 mentes
2294 648 2608 720 legentium
2631 646 2718 703 vel
2743 647 3107 703 audientium
3139 664 3210 703 ne
3233 647 3370 704 talia
3395 649 3694 720 patiantur

2044 739 2267 794 edocet.

2114 827 2278 881 Vers.
2310 828 2401 880 20.
2438 832 2532 882 Est
2559 829 2750 881 civitas
2771 843 2969 898 parva.
3004 827 3065 881 Id
3095 831 3202 892 est,
3233 827 3408 899 Segor
3431 843 3557 898 quas
3587 844 3691 882 an-

2042 919 2136 970 tea
2156 916 2295 970 Bate
2316 915 2638 980 dicebatur,
2661 916 2985 970 secundum
3010 916 3163 986 quod
3187 915 3331 970 dixit
3355 933 3368 971 :
3392 918 3484 971 Est
3499 919 3694 972 civitas

2039 1021 2233 1074 parva,
2266 1019 2392 1074 quae
2419 1011 2611 1059 vocata
2642 1008 2718 1060 est
2749 1004 2939 1074 Segor,
2964 1005 3020 1059 id
3054 1009 3145 1059 est
3171 1005 3425 1075 parvula.
3453 1005 3694 1077 Mystice

2042 1110 2196 1148 mons
2229 1093 2637 1149 celsitudinem
2671 1094 2949 1148 virtutum
2984 1094 3275 1165 signiﬁcat
3295 1095 3366 1149 ad
3389 1112 3562 1166 quem
3585 1111 3695 1150 nos

2045 1182 2289 1253 angelus
2311 1182 2648 1237 cohortatur
2669 1182 2868 1237 dicens
2895 1201 2906 1237 :
2950 1185 3011 1237 In
3039 1191 3226 1238 monte
3251 1184 3468 1238 salvum
3499 1188 3550 1238 te
3578 1185 3692 1253 fac,

2045 1270 2193 1326 sicut
2225 1272 2379 1326 verbi
2414 1271 2602 1341 gratia
2631 1275 2720 1326 est
2748 1275 3119 1341 contemptus
3151 1272 3416 1326 omnium
3459 1271 3697 1327 faculta-

2046 1365 2190 1414 tum.
2217 1361 2301 1415 Ad
2323 1376 2500 1430 quam
2520 1360 2925 1431 perfectionem
2944 1359 3692 1417 Dominusinvitatdicens:

2045 1449 2105 1503 Si
2134 1451 2213 1504 vis
2239 1450 2513 1520 perfectus
2543 1464 2673 1514 esse,
2716 1449 2857 1503 vade
2885 1453 2935 1503 et
2965 1449 3131 1503 vende
3158 1451 3344 1504 omnia
3363 1465 3484 1521 quae
3504 1451 3692 1521 habes,

2042 1542 2094 1592 et
2112 1538 2193 1592 (ta
2220 1539 2550 1608 pauperibus
2577 1541 2627 1593 et
2656 1539 2800 1603 veni,
2834 1553 3059 1608 sequere
3090 1554 3194 1604 me,
3247 1541 3298 1592 et
3330 1539 3552 1593 habebis
3582 1538 3696 1594 the-

2043 1643 2272 1681 saurum
2305 1628 2364 1680 in
2396 1627 2529 1681 cceto
2561 1626 2787 1697 (Matth.
2817 1643 2931 1697 xix,
2956 1627 3069 1697 21).
3095 1626 3202 1691 Qui
3225 1643 3358 1682 vero
3379 1644 3443 1682 se
3489 1628 3698 1682 viderit

2045 1716 2114 1770 ad
2144 1716 2300 1770 hunc
2327 1720 2584 1770 montem
2610 1732 2723 1770 non
2750 1731 2920 1786 posse
2943 1715 3352 1783 conscendere,
3378 1716 3588 1772 melius
3607 1722 3699 1772 est

2047 1808 2110 1859 ut
2130 1806 2189 1859 in
2220 1803 2408 1872 Segor,
2431 1803 2539 1858 hoc
2560 1807 2666 1868 est,
2695 1803 2752 1857 in
2774 1804 3016 1873 parvula,
3041 1807 3360 1871 remaneat,
3386 1809 3696 1860 contentus

293 1894 473 1950 dicit:
501 1892 1116 1965 Hospitalitatemnolite
1144 1893 1410 1948 oblivisci.
1463 1897 1570 1946 Per
1619 1893 1763 1946 hanc
1791 1890 1940 1944 enim
1972 1890 2014 1910 ”
2049 1891 2238 1947 laicali
2273 1892 2390 1946 vita
2421 1897 2477 1946 et
2507 1891 2808 1946 communi
2861 1893 3320 1960 conversatione,
3355 1909 3532 1964 quam
3564 1899 3699 1966 post

281 1983 624 2054 placuerunt
654 1983 880 2054 quidam
936 1983 1152 2050 angelis
1210 1982 1440 2052 hospitio
1493 1981 1722 2051 receptis
1752 1978 1935 2050 (Hebr.

286 2089 412 2139 xm,
443 2073 522 2143 2).

358 2161 524 2216 Vers.
555 2160 608 2215 8.
644 2160 818 2215 llabeo
848 2159 984 2215 duas
1012 2159 1180 2230 ﬁlias.
1217 2158 1403 2223 Quaeri
1423 2156 1570 2212 solet
1595 2161 1794 2211 utrum
1818 2155 1940 2210 haec

289 2249 686 2322 compensatio
711 2249 833 2305 ﬁeri
857 2250 1084 2316 debeat,
1113 2252 1178 2304 ut
1196 2247 1465 2303 videlicet
1502 2248 1701 2301 minus
1742 2262 1940 2318 pecca-

292 2343 418 2394 tum
446 2339 570 2394 ﬁeri
605 2338 1017 2411 permittamus
1049 2343 1112 2393 ut
1143 2338 1378 2410 gravius
1399 2336 1679 2392 delictum
1703 2336 1935 2390 vitetur.

292 2429 434 2484 Ecce
461 2427 618 2483 enim
655 2430 756 2482 Lot
778 2428 928 2484 ﬁlias
954 2445 1092 2482 suas
1116 2427 1363 2482 incestui
1388 2427 1614 2481 tradere
1642 2423 1845 2489 voluit,
1870 2439 1940 2476 ne

294 2517 488 2586 majus
512 2519 816 2587 peccatum
838 2521 1039 2570 contra
1062 2521 1331 2570 naturam
1356 2515 1414 2568 in
1439 2515 1593 2568 viros
1617 2511 1940 2568 committe-

298 2610 476 2660 retur.
503 2604 613 2659 Sed
638 2603 748 2659 hoc
772 2606 1106 2675 perturbato
1131 2602 1326 2657 animo
1349 2603 1486 2656 dare
1508 2602 1811 2656 debemus.
1837 2597 1941 2654 Ne-

295 2693 487 2749 sciens
513 2709 648 2765 ergo
679 2692 778 2763 qui
811 2696 1025 2764 ageret,
1053 2693 1142 2747 vel
1165 2708 1280 2762 quo
1302 2689 1561 2762 hospites
1579 2690 1677 2761 (a),
1708 2704 1820 2759 quo
1843 2687 1942 2742 ho-

295 2782 484 2837 mines
515 2785 766 2852 putaret,
801 2781 910 2835 hoc
939 2779 1128 2853 egisse
1160 2780 1516 2834 credendum
1547 2783 1654 2832 est.

364 2870 530 2926 Vers.
563 2870 650 2939 lt.
691 2872 1082 2925 Percusserunt
1105 2870 1372 2924 caecitate.
1425 2868 1728 2932 Quoddam
1757 2881 1941 2937 genus

294 2955 571 3015 c'aaeitatis
594 2963 683 3015 est
704 2959 858 3029 quod
884 2957 1078 3014 Graece
1098 2959 1328 3013 aorasia
1349 2957 1526 3012 dicitu
1538 2974 1582 3023 r,
1607 2956 1662 3010 id
1687 2959 1793 3020 est,
1819 2952 1944 3008 avi-

295 3048 512 3118 dentia,
528 3064 643 3117 qua
657 3047 923 3119 quaedam
936 3045 1503 3117 videntur,qua3dam
1521 3061 1634 3099 non
1649 3043 1940 3096 videntur.

297 3135 606 3192 Sodomitas
629 3152 764 3208 ergo
792 3135 905 3190 alia
928 3135 1223 3199 videbant,
1248 3135 1344 3190 sed
1371 3134 1588 3189 ostium
1625 3132 1733 3186 Lot
1752 3131 1944 3186 videre

2049 1986 2348 2052 arreptum
2373 1981 2607 2036 virtutis
2631 1984 2890 2036 montem
2913 1981 2986 2036 ad
3010 1980 3278 2046 humilia,
3306 1981 3360 2037 id
3387 1987 3475 2037 est
3494 1983 3565 2038 ad
3588 1999 3698 2038 saa-

2048 2069 2269 2126 cularia
2292 2070 2505 2125 redeat.
2533 2068 2855 2140 Virginitas
2880 2086 3114 2140 quoque
3135 2069 3502 2126 celsissimus
3525 2087 3697 2127 mons

2049 2163 2138 2214 est
2158 2159 2228 2214 ad
2246 2175 2419 2229 quem
2435 2159 2637 2213 doctor
2650 2158 2914 2229 gentium
2930 2158 3220 2229 hortatur,
3236 2158 3462 2215 dicens:
3482 2165 3698 2215 Bonum

2048 2252 2124 2303 est
2140 2248 2370 2313 homini,
2393 2249 2443 2302 si
2460 2249 2541 2302 sic
2557 2249 2932 2318 permanserit
2950 2248 3095 2302 sicut
3111 2251 3167 2302 et
3182 2263 3278 2316 ego
3293 2250 3343 2316 (Ι
3360 2248 3478 2304 Cor.
3497 2266 3596 2318 vn,
3614 2250 3694 2316 8).

2048 2341 2324 2391 Hortatur
2345 2353 2480 2408 ergo
2506 2335 2749 2408 angelus
2777 2340 2878 2390 Lot
2901 2341 2965 2390 ut
2987 2336 3057 2389 ad
3081 2335 3237 2391 hunc
3261 2343 3516 2392 montem
3553 2355 3697 2394 con-

2050 2425 2310 2488 scendat,
2330 2425 2560 2496 fugiens
2577 2423 2847 2478 incendia
2864 2422 3197 2479 libidinum.
3219 2425 3328 2479 Sed
3349 2425 3448 2496 qui
3465 2441 3525 2481 se
3543 2427 3697 2483 vide-

2051 2513 2129 2568 rit
2157 2513 2267 2568 hoc
2301 2529 2416 2567 non
2447 2529 2619 2582 posse
2650 2528 2880 2567 servare
2911 2512 3228 2568 descendat
3258 2514 3331 2568 ad
3362 2514 3545 2585 Segor,
3588 2515 3698 2571 hoc

2051 2607 2159 2668 est,
2196 2605 2394 2656 utatur
2414 2600 2672 2672 legitimo
2699 2601 3158 2672 conjugio,.quia
3185 2600 3395 2658 melius
3418 2604 3698 2660 mediocri

2051 2691 2202 2746 bono
2238 2690 2321 2744 uti
2355 2706 2534 2760 quam
2568 2706 2670 2760 per
2700 2689 2948 2761 abrupta
2978 2689 3295 2745 libidinum
3327 2693 3696 2765 pracipitari.

2052 2779 2215 2835 Unde
2245 2783 2301 2834 et
2331 2778 2618 2834 Dominus
2659 2778 2940 2850 apostolis
2989 2779 3360 2836 dicentibus:
3412 2783 3476 2836 Si
3513 2784 3594 2838 sic
3621 2792 3702 2839 est

2051 2885 2216 2924 causa
2246 2870 2456 2932 uxoris,
2519 2883 2628 2923 non
2683 2868 2910 2936 expedit
2956 2869 3180 2939 nubere,
3215 2871 3547 2941 respondit:
3581 2874 3702 2928 Non

2052 2973 2236 3013 omnes
2254 2960 2479 3027 capiunt
2501 2957 2717 3012 verbum
2739 2957 2856 3023 hoc,
2878 2957 2971 3012 sed
3001 2957 3208 3028 quibus
3241 2959 3428 3014 datum
3465 2970 3576 3016 est:
3604 2965 3702 3032 qui

2051 3049 2223 3113 potest
2262 3061 2474 3117 capere,
2511 3048 2691 3117 capiat
2741 3046 2961 3117 (Matth.
3012 3063 3129 3117 xxx,
3165 3049 3232 3103 10
3258 3048 3416 3119 seq.).
3451 3050 3518 3104 Et
3546 3053 3697 3122 Apo-

2055 3135 2276 3190 stolus:
2310 3137 2544 3206 Pr0pter
2587 3136 3031 3206 fornicationem,
3081 3136 3295 3208 inquit,
3327 3141 3701 3211 unusquisque

298 3242 414 3280 non
441 3229 728 3297 poterant.
753 3223 1050 3280 Moraliter
1079 3225 1172 3279 Lot
1203 3225 1398 3295 justos
1440 3221 1752 3294 signiﬁcat,
1774 3218 1940 3274 Sodo-
1973 3209 2014 3276 C
2052 3241 2212 3279 suam
2239 3241 2467 3280 uxorem
2495 3224 2691 3279 habeat
2721 3225 2767 3294 (Ι
2798 3222 2922 3278 Cor.
2956 3241 3054 3294 vn,
3085 3225 3163 3296 2).

295 3317 446 3370 mitw
467 3313 695 3369 invidos
716 3318 773 3368 et
794 3314 1145 3368 detractores
1169 3312 1498 3383 designant,
1523 3309 1623 3381 qui
1653 3308 1934 3380 quodam-

299 3404 471 3460 modo
500 3405 696 3460 ostium
727 3411 986 3474 quaerunt
1018 3417 1120 3473 per
1149 3400 1305 3472 quod
1352 3400 1420 3454 ad
1455 3404 1557 3452 Lot
1587 3397 1940 3468 irrumpent,

299 3493 535 3565 quando
553 3492 820 3547 homines
835 3493 985 3547 bona
999 3491 1148 3545 facta
1166 3489 1586 3561 reprehendere
1599 3485 1821 3552 volunt,
1839 3483 1942 3540 sed

299 3599 416 3638 non
448 3585 696 3655 possunt
727 3581 982 3636 invenire
1011 3579 1234 3633 aditum
1285 3574 1770 3648 reprehendendi,
1805 3572 1945 3645 quia

297 3671 397 3728 illo
428 3670 658 3726 virtutis
689 3669 941 3725 claustro
974 3667 1199 3740 munito
1244 3669 1612 3736 corruptores
1658 3661 1944 3717 mentium

297 3761 443 3817 nihil
476 3760 694 3816 habent
725 3759 878 3831 quod
925 3757 1370 3830 reprehendant.

368 3854 532 3906 Vers.
568 3851 654 3904 14.
689 3851 920 3904 Locutus
976 3857 1057 3901 est
1116 3846 1186 3900 ad
1231 3860 1459 3916 generos
1509 3857 1655 3898 suos.
1698 3839 1946 3904 Quidam

299 3943 509 4010 putant
532 3939 636 3993 Lot
657 3937 934 3992 habuisse
962 3935 1113 3990 ﬁlias
1135 3951 1262 4006 qua:
1285 3933 1439 3986 viros
1476 3931 1762 3986 haberent
1802 3945 1948 4001 quos

302 4026 617 4099 appellavit
647 4041 893 4096 generos,
917 4029 973 4079 et
1002 4024 1134 4079 illas
1165 4039 1297 4078 cum
1330 4019 1555 4076 maritis
1589 4019 1645 4073 in
1680 4018 1950 4074 Sodomis

301 4114 678 4179 remansisse,
702 4113 932 4167 duabus
955 4112 1086 4168 aliis
1103 4128 1229 4184 quae
1253 4109 1378 4166 sine
1396 4109 1623 4164 maritis
1641 4113 1951 4163 erantcum

303 4209 465 4275 patre
490 4200 764 4274 egressis.
789 4201 899 4256 Sed
920 4200 1033 4255 alia
1050 4199 1356 4256 translatio
1374 4197 1515 4253 dicit
1531 4201 1728 4269 aperte
1744 4213 1763 4250 :
1787 4197 1952 4251 Locu-

303 4302 390 4346 tus
410 4295 488 4347 est
510 4291 579 4346 ad
600 4305 824 4362 sponsos
847 4291 942 4360 qui
961 4290 1238 4360 accepturi
1259 4291 1415 4343 erant
1454 4285 1609 4357 filias
1634 4287 1781 4358 Ergo
1804 4301 1955 4340 non-

305 4381 447 4436 dum
482 4384 648 4436 erant
679 4378 898 4452 generi,
934 4379 1029 4434 sed
1075 4394 1202 4433 esse
1232 4375 1522 4432 volebant.

375 4474 539 4525 VerSI
572 4471 658 4525 17.
691 4469 849 4524 ςαίυα
878 4469 1126 4523 animam
1155 4475 1326 4522 tuam.
1351 4464 1670 4537 Allcgorice
1697 4464 1799 4518 Lot
1821 4463 1958 4534 fuga

2124 3317 2287 3368 Vers.
2322 3314 2412 3368 24.
2445 3313 2600 3368 Ptuit
2626 3314 2893 3369 Dominus
2923 3315 3109 3381 ignem
3138 3317 3187 3368 et
3207 3314 3442 3386 sulphur
3458 3316 3526 3370 de
3543 3317 3694 3372 aeto.

2049 3404 2203 3471 Ignis
2233 3402 2498 3457 ardorem
2552 3401 2747 3472 habet,
2805 3401 3040 3473 sulphur
3094 3403 3355 3458 fetorem.
3389 3404 3535 3468 Quia
3559 3420 3697 3477 ergo

2049 3491 2148 3547 isti
2180 3492 2419 3546 ﬂamma
2445 3489 2707 3545 libidinis
2766 3494 3029 3546 arserant
3083 3495 3141 3546 et
3194 3492 3254 3547 in
3294 3493 3475 3548 fetore
3504 3494 3698 3549 carnis

2053 3581 2458 3647 versabantur,
2485 3579 2647 3648 juste
2669 3579 2848 3634 simul
2877 3580 3008 3652 igne
3027 3589 3078 3636 et
3099 3581 3366 3653 sulphure
3382 3583 3700 3654 perierunt.

2055 3668 2560 3724 Considerandum
2593 3667 2702 3722 hoc
2732 3667 2856 3723 loco
2888 3669 3043 3740 quod
3095 3669 3318 3741 primos
3371 3677 3705 3742 peccatores

2056 3773 2210 3828 aqua
2240 3755 2440 3811 diluvii
2489 3755 2914 3824 exterminavit,
2975 3758 3116 3829 quia
3173 3763 3230 3812 at
3290 3759 3403 3830 ipsi
3434 3760 3709 3816 similiter

2059 3845 2252 3900 carnis
2283 3844 2757 3916 soncupiscentia
2777 3850 2960 3900 Deum
2983 3846 3362 3903 offenderant.
3392 3849 3707 3905 Sodomitas

2059 3951 2193 3989 vero
2226 3935 2476 4005 graviori
2509 3933 2818 4005 supplicio,
2859 3933 2917 3990 id
2959 3939 3066 4006 est,
3117 3934 3271 4007 ignis
3320 3941 3375 3992 et
3403 3937 3710 4009 sulphuris

2063 4022 2277 4078 diluvio
2301 4022 2617 4094 perierunt,
2645 4022 2783 4093 quia
2803 4021 2907 4090 illi,
2938 4022 3073 4079 licet
3111 4041 3450 4081 mensuram
3472 4028 3711 4083 excede-

2064 4117 2213 4183 rent,
2237 4112 2584 4167 naturaliter
2611 4117 2805 4167 tamen
2829 4113 3150 4183 peccabant
3169 4131 3303 4170 cum
3329 4115 3584 4181 feminis,
3612 4115 3712 4172 isti

2062 4216 2217 4268 vero,
2243 4199 2718 4256 irrationabiliter
2741 4205 2799 4255 et
2819 4204 3022 4256 contra
3045 4209 3336 4270 naturam,
3352 4203 3480 4260 ideo
3492 4204 3717 4277 gravis-

2066 4289 2216 4345 simo
2248 4287 2520 4360 supplicii
2546 4288 2806 4359 exemplo
2838 4289 3097 4345 damnati
3126 4294 3285 4346 sunt.

2137 4377 2300 4433 Vers.
2333 4379 2423 4432 29.
2483 4376 2810 4432 Recordatus
2864 4386 2943 4433 est
2995 4378 3293 4435 Abraham.
3353 4381 3457 4437 His
3514 4381 3711 4438 verbis

2067 4466 2397 4522 ostenditur
2426 4465 2649 4520 meritis
2697 4464 2940 4520 Abrahae
2990 4466 3094 4522 Lot
3146 4466 3328 4523 fuisse
3375 4467 3711 4542 liberatum,

305 4561 377 4615 de
400 4560 673 4627 Sodoma,
699 4575 825 4630 qua:
840 4559 1011 4630 juxta
1029 4557 1203 4612 aliam
1223 4554 1709 4628 signiﬁcationem
1729 4551 1957 4643 eiecitas
1992 4579 2034 4643 ι)
2067 4555 2202 4612 licet
2223 4556 2525 4626 Scriptura
2550 4569 2683 4609 eum
2705 4552 2957 4626 appellet
2977 4570 3103 4610 esse
3117 4556 3349 4626 justum.
3375 4557 3486 4612 Sed
3517 4558 3715 4613 scien-

306 4649 744 4719 interpretetur,
769 4648 1058 4720 signiﬁcat
1079 4643 1650 4702 abrenuntiationem
1674 4641 1958 4713 cupidita-

307 4740 437 4790 tum
460 4739 515 4790 et
537 4735 941 4790 illecebrarum
969 4735 1183 4791 seaculi.
1210 4733 1548 4804 Praecipitur
1586 4747 1720 4803 ergo
1762 4731 1867 4784 Lot
1897 4734 1961 4784 ut

310 4824 497 4898 fugiat
521 4824 847 4878 incindium
867 4825 1130 4879 Sodoma:
1153 4827 1209 4878 et
1230 4840 1301 4877 ne
1322 4827 1473 4876 retro
1506 4820 1793 4891 aspiciat:
1822 4819 1960 4890 quia

311 4912 504 4969 omnis
530 4918 663 4985 post
701 4916 1031 4984 perceptam
1065 4909 1311 4984 gratiam
1342 4910 1464 4964 vias
1497 4909 1624 4962 vitae
1656 4907 1960 4980 ingressus

313 5019 428 5058 non
453 5004 624 5058 debet
644 5002 715 5057 ad
742 5019 810 5057 ea
833 5018 958 5074 quae
982 4999 1291 5071 dereliquit
1312 4998 1521 5052 iterum
1565 4997 1962 5068 redire,juxta

315 5091 468 5162 quod
495 5091 782 5146 Dominus
807 5090 951 5144 dicit
975 5090 1031 5143 in
1055 5085 1362 5159 Evangelia
1385 5084 1724 5157 praecipiens
1747 5087 1835 5141 ειη
1861 5086 1963 5140 illa

314 5179 426 5246 die,
459 5181 554 5250 qui
583 5181 753 5250 fuerit
783 5181 844 5234 in
870 5184 1014 5234 tecto
1045 5176 1133 5233 vet
1164 5179 1222 5230 in
1263 5190 1402 5246 agro
1452 5190 1561 5228 non
1607 5173 1789 5228 redeat
1819 5185 1962 5230 retro

316 5270 467 5340 (Luc.
500 5284 639 5338 xvn,
673 5269 783 5338 31).
817 5268 1158 5338 Exemplum
1207 5279 1441 5336 quoque
1494 5279 1963 5319 commemorans

317 5356 516 5413 uxoris
549 5357 652 5411 Lot
681 5373 830 5428 quas,
863 5372 996 5410 cum
1031 5360 1182 5410 retro
1234 5351 1563 5424 respiceret,
1614 5352 1672 5405 in
1705 5356 1958 5407 statuam

319 5445 458 5501 salis
475 5463 644 5502 versa
667 5445 966 5510 remansit,
993 5443 1329 5514 signiﬁcans
1349 5458 1446 5496 eos
1469 5441 1568 5512 qui
1593 5445 1725 5512 post
1745 5442 1964 5512 protes-

319 5550 447 5591 sam
465 5535 762 5590 servitutis
784 5534 857 5606 (b)
877 5533 976 5593 Dei
999 5532 1342 5587 relabuntur
1359 5531 1427 5586 ad
1457 5530 1964 5602 concupiscentiae

391 5658 468 5732 (a)
497 5660 635 5716 Cod.
669 5661 831 5733 Teg.,
864 5675 993 5732 quos
1024 5657 1278 5732 hospites.

2067 4646 2208 4699 dum
2232 4644 2372 4715 quia
2393 4660 2506 4698 non
2531 4643 2782 4714 perfecte
2802 4643 3004 4713 justus
3027 4648 3170 4712 erat,
3195 4643 3296 4699 sed
3311 4645 3484 4716 juxta
3503 4662 3714 4718 quem-

2069 4735 2204 4790 dam
2229 4732 2489 4787 modum.
2515 4731 2642 4787 Sive
2655 4732 2854 4802 justus
2877 4732 3060 4789 fuisse
3080 4733 3292 4790 dicitur
3313 4734 3386 4789 ad
3409 4751 3711 4808 compara-

2067 4823 2288 4878 tionem
2312 4821 2742 4876 Sodomitarum
2765 4821 2916 4877 inter
2962 4839 3109 4892 quos
3156 4823 3402 4891 vivebat,
3432 4824 3532 4895 qui
3554 4826 3716 4880 omni

2069 4909 2426 4966 immundita
2454 4913 2510 4964 et
2539 4909 2848 4980 iniquitate
2878 4909 3078 4982 repleti
3124 4917 3309 4968 erant.

2140 5001 2300 5056 Vers.
2335 5000 2424 5054 30.
2455 4998 2810 5070 Ascenditque
2841 5001 2934 5053 Lot
2976 4998 3041 5054 de
3095 5001 3277 5071 Segor.
3333 5003 3721 5067 Quaerendum

2070 5095 2158 5147 est
2181 5105 2381 5162 quare,
2408 5103 2541 5142 cum
2565 5087 2688 5158 ipse
2707 5085 2939 5158 petierit
2962 5096 3022 5143 ut
3043 5091 3220 5162 Segor
3241 5090 3550 5163 habitaret,
3580 5089 3716 5149 hor-

2073 5184 2233 5235 tante
2265 5175 2471 5249 angelo
2507 5180 2569 5229 ut
2595 5175 2652 5229 in
2678 5179 2873 5230 monte
2903 5173 3245 5246 salvaretur,
3279 5179 3496 5236 iterum
3519 5180 3722 5237 relicta

2073 5269 2253 5340 Segor
2276 5269 2530 5320 montem
2554 5263 2972 5320 conscenderit.
2997 5266 3106 5322 Sed
3131 5283 3201 5323 ex
3216 5267 3325 5324 hoc
3345 5285 3478 5325 vera
3496 5269 3727 5326 videtur

2075 5357 2448 5412 Hebraeorum
2472 5351 2666 5424 opinio
2692 5352 2792 5424 qui
2814 5353 3019 5411 dicunt
3050 5355 3200 5412 hanc
3239 5357 3529 5414 civitatem
3552 5358 3722 5416 tertio

2073 5451 2240 5501 terra:
2263 5446 2424 5498 motu
2449 5441 2755 5496 corruisse.
2779 5441 2896 5498 Hoc
2917 5444 3107 5500 sciens
3131 5445 3236 5501 Lot
3253 5445 3454 5502 timuit
3472 5446 3549 5503 ibi
3568 5465 3718 5520 esse,

2077 5536 2353 5606 reputans
2369 5530 2522 5603 apud
2537 5546 2599 5586 se
2613 5530 2750 5602 quia
2764 5531 2812 5586 si
2829 5531 2980 5588 alliis
2994 5533 3285 5592 stamibus
3297 5535 3419 5593 hac
3432 5536 3724 5595 ceciderat

2148 5657 2224 5730 (b)
2254 5657 2342 5716 Ita
2370 5658 2614 5727 uterque
2643 5655 2772 5714 cod.
