4040 6208
238 398 311 462 93
1351 393 1979 462 COMMENTARIUS
2023 394 2105 457 lN
2151 394 2517 461 enassm.
2642 374 2665 389 ‘
3564 407 3643 465 94

240 532 415 589 multo
446 530 677 589 facilius
711 549 867 590 nunc
896 531 1027 589 aliis
1076 532 1457 605 pereuntibus
1488 532 1615 604 ipsa
1646 546 1877 603 quoque
1907 532 1963 596 Α
1992 528 2205 584 Christi
2239 531 2540 601 praetendit
2562 530 2660 603 qui
2694 548 2797 590 nos
2828 532 2962 589 etin
2994 533 3265 605 presenti
3283 550 3387 607 per
3414 535 3643 610 baptis-

240 628 425 691 posset
454 621 661 695 perire.
694 623 762 678 Et
786 627 1021 695 propter
1037 622 1144 677 hoc
1173 625 1473 694 peccatum
1495 620 1875 685 inﬁdelitatis,

239 712 365 785 quia
383 711 591 785 angelo
611 730 725 767 non
758 712 1025 779 credidit,
1050 711 1253 765 dicunt
1275 709 1589 782 contigisse
1612 710 1661 764 ei
1686 709 1877 765 scelus

238 802 454 857 incesti.

296 890 457 947 Vers.
490 892 580 947 31.
637 893 803 946 Pater
830 898 1015 945 noster
1060 905 1230 942 senex
1257 894 1353 943 est.
1410 888 1701 943 Putabant
1750 887 1877 941 filias

235 979 329 1034 Lot
349 994 521 1033 omne
542 995 727 1049 genus
750 977 1055 1032 hominum
1076 976 1290 1047 ubique
1309 975 1879 1038 defecisse,nullum-

235 1084 336 1139 que
365 1066 623 1121 virorum
651 1066 1001 1120 remansisse
1025 1064 1135 1119 nisi
1160 1071 1380 1136 patrem
1405 1082 1600 1119 suum.
1620 1065 1749 1118 Ideo
1772 1064 1880 1118 hoc

234 1156 626 1229 cogitaverunt
659 1161 720 1209 ut
749 1172 815 1209 ex
852 1162 1013 1227 patre
1043 1171 1239 1209 semen
1273 1159 1582 1209 servarent.
1622 1158 1878 1220 Quarum

236 1245 581 1299 adulterium
605 1244 882 1316 Origenes
908 1242 1309 1315 multipliciter
1332 1248 1589 1304 excusat.
1615 1244 1753 1314 quia
1774 1243 1881 1297 hoc

234 1351 337 1389 non
369 1333 683 1389 libidinoso
716 1333 911 1387 animo
958 1333 1055 1387 sed
1091 1332 1284 1386 studio
1316 1333 1649 1404 reparandae
1700 1332 1880 1402 prolis

234 1426 489 1495 egerunt.
552 1423 658 1478 Lot
704 1438 835 1477 vero
866 1419 1286 1476 inexcusabilis
1335 1426 1423 1475 est
1481 1420 1689 1491 primo,
1726 1421 1881 1491 quod

232 1511 432 1583 angelo
465 1528 580 1566 non
616 1511 882 1577 credidit,
933 1510 1160 1580 deinde,
1195 1510 1349 1580 quod
1382 1508 1513 1564 vino
1558 1509 1881 1563 inebriatus

231 1603 343 1667 est;
371 1599 572 1671 sicque
604 1600 801 1654 minus
834 1603 1134 1671 peccatum
1188 1598 1299 1652 fuit
1329 1599 1377 1653 ei
1430 1615 1609 1653 causa
1642 1598 1880 1668 majoris

231 1687 511 1743 criminis.

291 1779 457 1831 Vers.
491 1776 579 1830 35.
613 1776 686 1832 Ac
714 1776 811 1831 ille
856 1791 965 1830 non
993 1777 1180 1846 sensit,
1211 1791 1310 1831 nec
1351 1774 1567 1846 quando
1592 1775 1691 1830 illa
1718 1792 1885 1831 accu-

229 1865 357 1933 buit,
388 1881 489 1919 nec
520 1865 737 1936 quando
766 1866 1028 1919 surrexit.
1064 1863 1180 1919 Hoc
1211 1864 1398 1920 Judaei
1431 1864 1489 1917 in
1515 1867 1745 1918 tantum
1765 1880 1880 1919 non

229 1954 530 2026 recipiunt,
567 1957 631 2008 ut
663 1954 890 2026 quoties
938 1954 1095 2008 hunc
1124 1952 1314 2007 locum
1348 1952 1551 2025 legunt
1593 1969 1875 2025 compun-

227 2048 454 2116 gantur.
493 2042 699 2099 Dicunt
729 2043 884 2097 enim
929 2060 1043 2097 non
1078 2058 1248 2115 posse
1285 2042 1407 2097 ﬁeri
1462 2047 1524 2096 ut
1558 2042 1732 2097 homo
1764 2060 1879 2097 non

228 2132 480 2187 sentiens
504 2132 876 2187 concumbat.

289 2219 454 2276 Vers.
487 2221 576 2275 3‘7.
609 2222 934 2292 Peperitque
964 2222 1139 2291 major
1167 2222 1371 2291 ﬁlium,
1427 2228 1478 2275 et
1509 2223 1720 2274 vocavit
1760 2236 1883 2274 eum

223 2311 402 2366 Moab.
436 2310 603 2363 Moab
635 2325 703 2363 ea:
730 2317 883 2379 patre
919 2309 1360 2380 interpretatur.

294 2396 460 2452 Vers.
493 2396 581 2452 38.
617 2398 805 2451 Minor
834 2412 1044 2467 quoque
1082 2398 1297 2468 peperit
1328 2396 1538 2468 ﬁlium,
1580 2404 1629 2450 et
1674 2398 1885 2451 vocavit

223 2500 424 2541 nomen
451 2486 568 2555 ejus
593 2490 797 2540 Αγηοη.
832 2490 1020 2539 Amon
1049 2483 1215 2556 ﬁlius
1231 2486 1436 2557 populi
1455 2486 1587 2551 mei,
1618 2483 1704 2538 vel
1735 2486 1885 2555 ﬁlius

224 2574 561 2642 generismei
576 2571 1010 2643 interpretatur.
1032 2573 1131 2627 Isti
1156 2573 1381 2627 fructus
1400 2577 1541 2627 sunt
1560 2573 1878 2641 ebrietatis,

226 2662 489 2717 Moabitae
520 2665 577 2715 et
606 2660 913 2725 Amonitae,
944 2661 1003 2715 id
1035 2666 1142 2727 est,
1175 2661 1273 2731 qui
1306 2677 1371 2716 ex
1394 2665 1558 2733 patre
1589 2664 1728 2714 sunt
1757 2661 1880 2715 dia-

229 2749 375 2819 bolo,
402 2750 572 2821 juxta
597 2750 749 2819 quod
777 2748 1299 2804 Dominustalibus
1319 2748 1489 2803 dicit:
1520 2750 1613 2803 Vos
1629 2766 1700 2803 ea:
1724 2757 1882 2819 patre

230 2838 442 2894 diabolo
472 2837 601 2892 estis
654 2840 988 2907 (Joan.vm,
1024 2838 1134 2908 44).
1198 2841 1265 2891 Et
1322 2842 1462 2893 sunt
1520 2836 1623 2891 ﬁlii
1679 2837 1877 2910 populi

232 2927 537 2983 invidentis
567 2930 624 2981 et
652 2926 1058 2999 persequentis
1090 2930 1342 2982 sanctos.

858 3032 1089 3088 CAPUT
1129 3034 1244 3089 XX.

296 3125 459 3178 Vers.
496 3124 545 3178 1.
579 3123 973 3194 Peregrinatus
1001 3130 1081 3177 est
1112 3123 1173 3177 in
1194 3122 1437 3178 Geraris.
1461 3122 1692 3178 Geraris
1725 3126 1879 3177 terra

234 3216 314 3267 est
341 3211 810 3268 Palestinorum.

1987 634 2149 674 mum
2181 624 2368 674 vetere
2399 620 2636 676 homine
2654 622 2830 687 exuit,
2865 628 2919 678 et
2946 624 3003 678 in
3031 624 3222 677 futuro
3247 641 3349 696 per
3381 642 3643 683 resurre-

1989 708 2239 764 ctionem
2273 709 2639 764 circumcidit
2672 712 2728 766 in
2763 712 2929 768 nobis
2960 730 3193 769 omnem
3226 714 3641 775 mortalitatem

1988 802 2044 852 et
2077 799 2533 870 corruptionem.
2558 800 2702 854 Nam
2720 806 2775 855 et
2798 804 2951 872 quod
2987 803 3044 857 in
3068 807 3259 859 octava
3282 805 3370 859 die
3389 806 3639 861 circum-

1990 887 2146 942 cisus
2161 894 2251 941 est
2267 890 2419 942 Isaac
2436 888 3065 960 designabaturoctava
3090 891 3282 947 saeculi
3300 898 3645 965 zetas,quan-

1991 977 2063 1031 do
2098 977 2447 1049 generaliter
2479 980 2823 1034 resurrectio
2848 987 3210 1035 mortuorum
3234 982 3639 1039 celebrabitur.

2061 1085 2223 1140 Vers.
2258 1086 2309 1138 8.
2378 1087 2519 1139 Fecit
2551 1089 2754 1155 grande
2807 1090 3147 1143 convivium.
3189 1090 3358 1144 Juxta
3390 1089 3643 1146 litteram

1999 1174 2442 1229 conveniontius
2480 1176 2586 1229 fuit
2610 1180 2671 1229 ut
2695 1176 2750 1229 in
2777 1177 3199 1232 dienalivitatis
3230 1178 3316 1233 vel
3341 1179 3644 1234 circumci-

1992 1262 2174 1318 sionis
2216 1264 2343 1333 ejus
2374 1264 2665 1318 Abraham
2697 1265 2933 1336 epulum
2988 1267 3217 1322 faceret.
3253 1268 3362 1322 Sed
3396 1269 3482 1323 vir
3514 1286 3645 1341 pro-

1990 1353 2219 1425 phetico
2256 1352 2463 1423 plenus
2484 1354 2689 1424 spiritu
2708 1354 2815 1409 hoc
2832 1355 2888 1409 in
2909 1356 2999 1411 die
3027 1356 3437 1412 ablactationis
3461 1359 3646 1414 facere

1993 1442 2219 1497 maluit.
2254 1442 2709 1512 Signiﬁcabatur
2734 1444 2890 1498 enim
2923 1461 3024 1514 per
3051 1444 3181 1509 hoc,
3214 1462 3330 1516 qua
3360 1448 3498 1500 tunc
3530 1447 3645 1503 Deo

1992 1534 2048 1585 et
2072 1528 2297 1600 angelis
2331 1530 2705 1586 festivitatem
2737 1533 3170 1603 quodammodo
3193 1534 3440 1589 facimus
3462 1552 3645 1605 quan-

1991 1618 2063 1673 do
2097 1617 2243 1673 lacte
2274 1618 2539 1673 infantiae
2568 1620 2812 1675 dimisso
2843 1620 2900 1674 in
2936 1622 3125 1677 virum
3166 1621 3485 1693 perfectum
3508 1640 3647 1680 eva-

1993 1708 2189 1763 dimus
2220 1713 2275 1764 et
2306 1707 2489 1764 solido
2512 1709 2638 1779 jam
2672 1709 2799 1764 cibo
2832 1711 3073 1766 utimur.

2062 1798 2225 1853 Vers.
2271 1800 2325 1852 9.
2379 1797 2694 1853 Ludentem.
2745 1799 3008 1855 Tradunt
3059 1801 3278 1856 Hebrazi
3307 1804 3461 1874 quod
3493 1803 3648 1860 idola

1912 1905 1957 1969 Β
1993 1890 2192 1944 fecerit
2209 1888 2377 1960 quasi
2393 1888 2603 1943 ludens
2618 1890 2832 1959 quibus
2848 1890 3155 1946 infantiam
3183 1893 3340 1947 Isaac
3357 1892 3649 1964 deciperet

1993 1979 2203 2034 Beatus
2238 1994 2467 2049 quoque
2501 1977 2888 2049 Hieronymus
2920 1979 3060 2033 dicit
3092 1981 3243 2051 quod
3268 1982 3434 2051 quasi
3461 1983 3650 2052 major

1991 2086 2095 2140 per
2120 2067 2325 2123 ludum
2359 2066 2746 2138 primogenita
2770 2068 2881 2122 sibi
2908 2069 3649 2141 przssumpseritAbsolute

1992 2162 2186 2212 autem
2206 2174 2525 2227 possumus
2548 2157 2738 2227 picere
2760 2157 2915 2227 quod
2939 2174 3073 2212 cum
3096 2158 3392 2214 lubricum
3415 2160 3650 2215 etlasci-

1989 2262 2127 2300 vum
2162 2247 2347 2300 facere
2377 2245 2623 2311 volebat,
2647 2245 2800 2299 sicut
2827 2245 2951 2316 ipse
2976 2252 3119 2301 erat.
3146 2247 3309 2302 Unde
3329 2252 3385 2304 et
3403 2250 3648 2319 Aposto-

1993 2333 2086 2389 lus
2107 2334 2259 2389 hunc
2279 2334 2483 2389 ludum
2512 2334 2974 2405 persecutionem
2991 2335 3249 2405 appellat
3269 2336 3497 2393 dicens:
3519 2338 3648 2410 Sed,

1996 2432 2125 2479 tunc
2160 2424 2298 2477 sicut
2330 2426 2377 2476 is
2426 2425 2526 2493 qui
2566 2422 2871 2477 secundum
2899 2439 3122 2478 carnem
3172 2433 3333 2480 natus
3363 2430 3441 2481 est
3457 2442 3650 2497 perse-

1991 2513 2258 2584 quebatur
2311 2529 2437 2567 eum
2467 2514 2569 2584 qui
2618 2512 2915 2567 secundum
2962 2514 3243 2583 spiritum,
3280 2516 3357 2569 ita
3396 2518 3446 2571 et
3487 2532 3652 2572 nume

1992 2601 2136 2669 (Gal.
2172 2618 2247 2666 IV,
2279 2600 2392 2671 29).

2064 2690 2225 2745 Vers.
2265 2689 2349 2743 11.
2381 2690 2527 2743 Dure
2550 2692 2757 2760 accepit
2777 2688 2874 2745 hoc
2898 2690 3201 2746 Abraham.
3232 2692 3381 2748 Licet
3409 2694 3564 2748 enim
3590 2693 3650 2749 in

1990 2777 2264 2850 mysterio
2279 2777 2389 2833 ista
2412 2778 2533 2832 ﬁeri
2553 2783 3148 2848 cognosceret,tamen
3170 2785 3414 2853 paterno
3433 2782 3644 2839 affectu

1988 2883 2126 2939 erga
2154 2866 2342 2921 ﬁlium
2375 2867 2741 2922 movebatur.

2058 2960 2223 3013 Vers.
2262 2956 2345 3010 14.
2381 2957 2645 3011 Bersabee
2677 2956 3089 3028 interpretatur
3136 2963 3332 3030 puteus
3378 2963 3646 3029 septimus

1986 3045 2074 3102 vel
2103 3050 2301 3117 puteus
2351 3046 2679 3117 juramenti.
2732 3045 2844 3101 Sed
2877 3044 3040 3101 locus
3095 3045 3193 3101 ille
3250 3049 3498 3104 necdum
3533 3048 3644 3108 hoc

1990 3151 2200 3189 nomen
2232 3134 2502 3189 habebat.
2536 3132 2698 3188 Unde
2729 3137 2785 3189 et
2817 3149 2918 3205 per
2943 3136 3469 3207 przsocupationem
3501 3139 3646 3196 acci-

2053 3224 2239 3277 endus
2271 3228 2381 3277 est.

295 3239 314 3265 ι
341 3239 810 3268 τωωδιιιιυι-υω.
1990 3239 2239 3295 piennus
2271 3239 2381 3277 BSt.

294 3300 453 3357 Vers.
502 3305 557 3356 2.
614 3302 759 3356 Misit
808 3300 1143 3367 Abimelech,
1194 3307 1246 3355 et
1305 3303 1435 3355 tulit
1491 3317 1629 3355 eam.
1690 3299 1878 3367 Quaeri
1910 3272 1952 3338 C
2063 3316 2227 3366 Vm.
2264 3311 2351 3365 t3.
2387 3312 2593 3383 Abjecit
2644 3311 2788 3381 Agar
2814 3328 3066 3382 puerum.
3118 3313 3243 3369 Non
3276 3330 3391 3385 quo
3423 3332 3556 3372 eum
3584 3317 3641 3373 in

234 3394 412 3460 potest
440 3390 505 3445 in
520 3389 752 3461 illajam
768 3394 938 3445 aetate
956 3390 1247 3462 quomodo
1264 3389 1449 3444 amari
1480 3394 1877 3459 poteratSara,

232 3493 350 3535 cum
369 3482 528 3535 esset
542 3496 689 3534 auus
705 3478 1029 3549 decrepita?
1044 3478 1155 3532 Sed
1176 3477 1283 3532 hoc
1302 3477 1636 3532 mirandum
1653 3477 1873 3547 potius,

239 3583 401 3638 quam
434 3567 842 3639 quaerendum,
878 3567 1035 3638 quod
1070 3572 1269 3622 tantus
1302 3566 1473 3621 decor
1504 3566 1700 3621 formae
1722 3566 1779 3621 in
1814 3581 1881 3620 ea

237 3654 473 3712 fueritut
490 3673 595 3712 nec
610 3662 881 3713 senectus
896 3656 1159 3726 ejusdem
1177 3654 1670 3727 pulchritudinem
1684 3659 1880 3725 potue-

242 3744 307 3800 rit
332 3746 632 3817 derogare.

301 3836 459 3890 Vers.
499 3836 552 3888 6.
578 3833 858 3890 Custodivi
878 3838 948 3903 te,
979 3850 1049 3889 ne
1077 3849 1327 3904 peccares
1357 3834 1416 3886 in
1446 3849 1547 3888 me.
1572 3837 1713 3887 Cum
1737 3833 1881 3888 dixit

244 3921 548 3978 Dominus:
582 3921 869 3977 Gustodivi
897 3931 969 3989 te,
997 3938 1067 3977 ne
1111 3912 1363 3993 peccares
1392 3923 1449 3976 in
1480 3937 1586 3989 me,
1628 3922 1882 3977 ostendit

242 4020 364 4090 quia
380 4021 478 4093 qui
498 4020 639 4075 talia
658 4024 839 4091 agunt
858 4020 915 4074 in
930 4020 1115 4075 Deum
1139 4025 1398 4091 peccant,
1417 4019 1547 4074 licet
1568 4036 1879 4091 peccamen

241 4107 503 4165 adulterii
532 4110 686 4182 apud
715 4108 910 4164 saeculi
937 4108 1207 4163 homines
1240 4114 1343 4163 aut
1371 4108 1491 4163 leve
1518 4113 1620 4163 aut
1650 4108 1879 4164 nullum

240 4201 481 4265 putetur.

299 4285 453 4343 Vers.
498 4288 581 4342 12.
615 4288 761 4343 Filia
788 4288 965 4359 patris
988 4289 1115 4352 mei,
1149 4294 1204 4342 et
1234 4303 1343 4341 non
1370 4288 1495 4358 ﬁlia
1523 4291 1719 4342 matris
1748 4302 1875 4344 mae.

242 4373 354 4429 Alia
368 4375 677 4432 translatio
702 4377 964 4447 apertius
979 4376 1121 4430 dicit
1142 4393 1160 4430 :
1180 4377 1219 4430 A
1237 4386 1414 4446 patre,
1440 4386 1490 4431 et
1511 4392 1619 4430 non
1636 4393 1668 4429 a
1684 4381 1874 4431 matre.

245 4460 433 4519 Fuerat
456 4465 617 4521 enim
652 4463 770 4519 ﬁlia
802 4470 956 4519 Aran
989 4464 1186 4519 fratris
1219 4464 1534 4533 Abraham,
1559 4482 1724 4519 soror
1754 4466 1875 4521 Lot.

301 4552 454 4609 Vers.
494 4555 583 4608 16.
621 4558 738 4609 Hoc
763 4555 880 4609 erit
911 4554 1160 4609 velamen
1190 4569 1499 4608 ocucorum.
1552 4555 1610 4607 Id
1644 4558 1733 4608 est
1752 4571 1770 4607 :
1818 4554 1877 4608 in

1987 3399 2230 3473 scapula
2261 3403 2517 3471 portaret
2547 3399 2671 3470 qui,
2704 3401 2938 3470 quando
2970 3400 3352 3457 circumcisus
3384 3408 3492 3471 est,
3527 3408 3643 3460 tre-

1987 3487 2176 3543 decim
2210 3502 2494 3541 annorum
2520 3503 2531 3539 :
2557 3487 2655 3541 sed
2688 3487 2888 3558 abjecit
2917 3505 3051 3543 eum
3078 3490 3148 3544 ab
3181 3490 3377 3546 animo
3407 3496 3463 3547 et
3503 3509 3642 3550 cura

1988 3593 2093 3632 sua
2125 3592 2257 3629 eum
2278 3573 2507 3644 repulit.
2542 3574 2635 3629 Sic
2667 3576 2823 3630 enim
2851 3576 3135 3633 usualiter
3162 3579 3319 3651 loqui
3349 3580 3638 3639 solemus:

1987 3666 2053 3719 ab
2050 3666 2161 3736 jeci
2197 3679 2266 3718 ex
2294 3665 2495 3717 animo.

2058 3754 2221 3808 Vers.
2258 3753 2345 3807 17.
2387 3752 2693 3807 Exaudivit
2724 3755 2991 3809 Dominus
3022 3769 3198 3809 vocem
3239 3760 3421 3826 pueri.
3464 3762 3642 3815 Matre

1988 3843 2161 3899 ﬂente
2206 3843 2368 3909 pueri
2404 3856 2581 3896 vocem
2607 3840 2825 3895 dicitur
2844 3843 3161 3908 exaudisse,
3191 3844 3330 3915 quia
3348 3861 3447 3917 pro
3466 3845 3564 3901 illo
3587 3852 3643 3903 et

1989 3948 2101 3986 non
2136 3948 2237 4002 pro
2270 3947 2329 3984 se
2361 3930 2555 3993 flebat,
2590 3929 2789 4001 sicque
2819 3947 2927 3986 vox
2960 3932 3163 3987 matris
3206 3934 3639 4003 quodammodo

1987 4038 2093 4075 vox
2127 4021 2287 4092 pueri
2320 4024 2464 4073 erat.
2497 4019 2709 4091 Typice
2752 4021 2904 4090 Agar
2931 4021 3299 4095 Synagogam
3348 4024 3637 4096 designat,

1991 4108 2195 4165 lsmael
2220 4108 2448 4179 plebem
2475 4107 2798 4164 Judaicam.
2830 4113 3103 4165 Portatur
3124 4111 3330 4167 Ismael
3356 4114 3428 4168 ab
3453 4116 3637 4187 Agar:

1988 4205 2043 4253 et
2076 4201 2343 4269 peccator
2372 4197 2623 4267 populus
2647 4198 2980 4253 Judzeorum
3018 4201 3176 4270 gravi
3213 4201 3639 4259 maledictionis

1990 4287 2241 4359 pondere
2254 4284 2502 4340 cervices
2526 4286 2731 4340 matris
2750 4304 2867 4341 sua:
2884 4288 3205 4360 Synagogw
3227 4292 3640 4361 premit.Panis

1987 4392 2161 4446 quem
2187 4374 2453 4446 portabat
2469 4374 2762 4445 significat
2790 4393 2971 4446 panes
2992 4378 3428 4448 propositionis,
3454 4381 3553 4450 qui
3579 4382 3638 4434 in

1990 4479 2190 4518 mensa
2221 4461 2567 4516 sanctiﬁcati
2594 4468 2777 4517 erant.
2794 4465 2947 4534 Aqua
2966 4482 3091 4534 quae
3115 4466 3198 4519 eis
3217 4466 3426 4521 defecit
3455 4468 3637 4539 signi-

1989 4552 2124 4606 ficat
2151 4550 2394 4623 legalem
2445 4549 2933 4620 puriﬁcationem,
2967 4553 3088 4606 sive
3135 4553 3311 4607 etiam
3344 4555 3635 4611 carnalem

244 4638 446 4698 funeris
486 4647 923 4715 praeparatone:
958 4646 1350 4713 Mememtoque
1388 4647 1439 4697 te
1467 4642 1877 4715 deprehensam.
1912 4640 1959 4703 B
1989 4640 2323 4696 Scribarum
2356 4643 2411 4692 et
2443 4638 2869 4693 Pharisworum
2893 4641 3217 4694 doctrinam
3243 4658 3369 4711 quae
3400 4644 3456 4697 in
3492 4644 3639 4715 pelle

246 4729 349 4784 Hoc
378 4732 543 4803 quasi
567 4732 821 4801 jocando
852 4732 993 4786 dicit
1015 4748 1257 4787 monens
1288 4748 1415 4786 eam
1449 4731 1779 4787 amabiliter
1809 4748 1880 4786 ne

247 4813 341 4873 hoc
357 4821 595 4875 auderet
610 4822 898 4889 facere,ne
910 4819 1187 4875 similiter
1210 4819 1573 4893 deprehensa
1589 4821 1881 4875 videretur

246 4906 459 4977 Mystice
480 4909 607 4964 loco
638 4910 747 4964 hoc
772 4908 1051 4964 Abraham
1071 4910 1363 4964 Christum
1398 4909 1707 4981 signiﬁcat,
1739 4912 1880 4965 Sara

245 5005 364 5049 vero
393 4996 729 5053 Ecclesiam.
745 4998 1035 5052 Abraham
1056 4997 1453 5052 honorabatur
1470 5002 1704 5069 propter
1727 4999 1878 5052 Sara;

248 5082 727 5152 pulchritudinem
742 5091 798 5141 et
818 5086 1082 5141 Christus
1096 5085 1370 5140 laudatur
1396 5086 1452 5140 in
1471 5088 1690 5141 mundo
1704 5094 1759 5141 et
1775 5089 1878 5141 bo-

249 5177 472 5228 noratur
500 5191 604 5246 per
631 5174 953 5230 Ecclesiam
979 5193 992 5243 ;
1021 5174 1159 5245 quia
1188 5175 1338 5230 sicut
1359 5174 1671 5230 Psalmista
1701 5175 1875 5231 dicit:

248 5256 504 5317 lirabilis
524 5264 664 5319 Deus
696 5265 756 5319 in
787 5266 991 5319 sanctis
1018 5265 1135 5318 suis
1166 5264 1278 5334 (Ps.
1304 5280 1438 5334 xvn,
1473 5264 1583 5333 36).
1620 5264 1879 5320 Habebat

250 5344 378 5404 Sara
400 5350 727 5418 virum,sed
758 5352 996 5419 latebat,
1020 5356 1076 5407 et
1096 5351 1347 5407 Ecclesia
1360 5352 1533 5408 habet
1554 5352 1875 5418 Christum,

250 5436 335 5489 sed
364 5438 592 5497 videtur
608 5440 666 5495 in
691 5440 960 5513 praesenti
985 5445 1253 5510 receptus
1267 5441 1503 5496 secretis
1523 5440 1875 5497 ccelestibus.

855 5544 1088 5603 CAPUT
1128 5542 1269 5599 XXI.

309 5628 466 5689 Vers.
502 5634 554 5689 4.
589 5635 945 5693 Circumcidit
965 5643 1160 5691 octava
1175 5632 1285 5688 die.
1319 5633 1715 5701 Circumcisio,
1740 5652 1873 5692 cum

252 5716 316 5772 ob
343 5719 556 5779 multas
586 5724 802 5798 ﬁguras
832 5726 1117 5797 precepts
1148 5723 1243 5790 sit,
1276 5721 1603 5794 specialiter
1626 5726 1873 5797 ﬁguram

1993 4734 2244 4789 mortua,
2280 4727 2387 4783 hoc
2418 4732 2524 4787 est.
2562 4727 2619 4780 in
2644 4727 2859 4781 carnali
2885 4728 3283 4786 observatione
3300 4733 3639 4789 contineba-

1990 4823 2088 4873 tur
2119 4819 2584 4871 etobservatores
2598 4816 2912 4884 suosjuxta
2933 4816 3181 4872 litteram
3208 4820 3505 4875 occidebat
3521 4838 3634 4876 non

1994 4907 2210 4962 habens
2242 4906 2515 4977 spiritum
2566 4904 2973 4960 viviﬁcantem.
3011 4908 3169 4970 Quod
3218 4911 3371 4979 Agar
3397 4924 3638 4978 puerum

1988 4998 2088 5051 sub
2120 4996 2312 5050 arbore
2340 4996 2567 5065 projecit
2586 5010 2683 5048 eos
2716 4994 3124 5067 signiﬁcatqui
3162 4998 3218 5050 in
3251 4996 3549 5051 Christum
3570 5013 3637 5051 ex

1988 5085 2086 5140 illo
2118 5083 2331 5156 populo
2356 5083 2656 5139 credentes
2678 5085 2887 5138 umbra
2911 5084 3199 5155 passionis
3221 5089 3279 5138 et
3298 5085 3487 5139 crucis
3510 5101 3639 5157 pro-

1987 5174 2350 5245 tegebantur.

2059 5280 2220 5335 Vers.
2257 5279 2339 5332 18.
2373 5278 2573 5348 Surge,
2606 5286 2659 5333 et
2706 5280 2833 5333 tolle
2864 5294 3115 5349 puerum,
3166 5283 3218 5333 et
3265 5282 3383 5335 tene
3409 5296 3640 5336 manum

1988 5372 2121 5442 ejus.
2152 5369 2267 5424 Hoc
2298 5372 2383 5422 est
2408 5368 2590 5440 junge
2621 5367 2867 5440 te'illi,et
2896 5366 3130 5421 ambula
3164 5368 3529 5424 cumillo.Sic
3552 5369 3638 5423 fa-

1988 5459 2150 5512 ciunt
2180 5456 2547 5511 ambulantes
2578 5456 2955 5510 simul.Juxta
2978 5456 3226 5511 litteram
3254 5456 3636 5528 intelligimus

1988 5551 2232 5602 matrem
2249 5562 2309 5599 se
2326 5544 2725 5614 abscondisse,
2748 5547 2981 5616 quando
3004 5541 3294 5603 dixitENon
3314 5546 3503 5602 videbo
3516 5562 3635 5603 mo-

1986 5638 2217 5692 rientem
2230 5649 2482 5705 puerum.
2526 5632 2716 5689 Monet
2738 5650 2871 5706 ergo
2912 5650 3038 5689 eam
3081 5632 3322 5706 angelus
3345 5638 3409 5690 ut
3448 5650 3635 5692 rever-

1986 5728 2145 5781 tatur
2159 5722 2231 5779 ad
2248 5737 2516 5795 puerum,
2541 5725 2599 5777 et
2610 5720 2775 5778 tollat
2786 5737 2944 5790 eum,
2969 5738 3083 5779 non
3103 5722 3173 5780 de
3189 5727 3343 5781 terra
3356 5722 3630 5797 erigenda
