4040 6208
376 340 450 406 ss
945 342 1253 408 neuneu
1295 326 2050 411 ANTISSIODORENSIS
2095 346 2270 412 ore.
2317 344 2521 410 pass
2563 344 2611 414 ι.
2647 380 2726 441 -τ
2754 341 3222 411 exeamus.

373 475 462 574 vel
491 475 798 574 portando,
830 477 932 534 sed
961 476 1022 534 in
1049 495 1158 535 sua
1185 495 1326 536 cura
1355 483 1412 535 et
1441 479 1803 551 providentia
1835 481 2024 537 susci-
2051 505 2106 574 Α
2137 480 2401 574 regnavit
2421 480 2681 574 Roboam
2703 480 2861 536 ﬁlius
2882 479 3369 574 Salomonis,qua
3389 480 3791 574 dicunturJu-

375 566 606 640 piendo.
1557 619 1564 626 .

442 655 606 712 Vers.
637 655 721 718 23.
760 657 922 712 Terra
951 658 1011 712 in
1056 673 1167 729 qua
1197 660 1435 712 versatus
1477 673 1534 712 es
1561 657 1792 713 advena.
1830 657 1890 713 Id
1933 662 2021 713 est

371 745 431 801 in
475 744 804 812 Palaestina,
841 745 1132 802 Abraham
1163 745 1316 801 enim
1363 746 1420 800 in
1453 745 1685 802 Geraris
1720 745 2021 803 habitabat

373 834 732 908 peregrinus.
765 835 978 891 Gerara
1032 852 1166 890 vero
1215 839 1303 891 est
1356 853 1481 907 quae
1516 852 1670 892 nunc
1716 837 2016 892 Palaestina

372 923 648 979 Salutaris
678 924 888 979 dicitur
924 925 1018 978 ubi
1055 929 1226 980 natus
1257 928 1346 979 est
1393 929 1573 992 Isaac,
1607 925 1743 980 licet
1774 925 2016 996 quidam

371 1018 640 1068 asserant
668 1030 800 1068 eum
835 1014 906 1067 ad
941 1013 1132 1068 ilicem
1166 1013 1425 1068 Mambre
1456 1019 1681 1070 natum.

438 1101 601 1156 Vers.
635 1103 724 1158 31.
782 1105 1004 1157 Vocatus
1049 1109 1127 1158 est
1173 1103 1320 1157 locus
1354 1104 1643 1158 Barsabee.
1693 1105 1891 1158 Puteus
1920 1103 2013 1158 Se-

358 1191 586 1263 ptimus,
619 1195 854 1264 prOpter
882 1209 980 1246 sex
1009 1208 1191 1263 agnas
1224 1209 1350 1263 quae
1383 1192 1461 1246 ibi
1509 1190 1820 1246 immolata
1853 1197 2011 1246 sunt.

366 1279 465 1334 Vel
505 1289 702 1350 puteus
752 1281 1077 1346 Juramenti,
1111 1280 1251 1351 quia
1300 1286 1543 1351 uterque
1573 1279 1652 1334 ibi
1693 1281 2011 1351 juraverat.

365 1368 534 1424 Sabee
580 1377 894 1440 utrumque
953 1374 1140 1438 sonat,
1190 1373 1242 1424 et
1287 1377 1486 1440 septem
1528 1377 1577 1424 et
1609 1369 2010 1439 jurumentum.

365 1457 484 1514 Hoc
513 1457 637 1512 loco
654 1459 1032 1529 quaerendum
1057 1457 1194 1529 quid
1219 1457 1296 1512 sit
1316 1458 1470 1528 quod
1501 1457 1772 1529 superius
1803 1455 2016 1529 legitur

365 1550 522 1618 Agar
541 1546 776 1601 stetisse
805 1547 876 1601 ad
903 1556 1130 1618 puteum
1141 1546 1450 1617 juramenti
1478 1547 1630 1618 quod
1665 1551 1863 1618 postea
1893 1545 2014 1601 lon-

363 1649 436 1707 go
465 1639 726 1707 tempore
738 1635 956 1691 factum
979 1645 1084 1692 est.
1112 1636 1263 1693 Need
1275 1651 1373 1690 um
1392 1635 1545 1690 enim
1570 1635 1650 1690 ita
1675 1636 2008 1690 vocabatur.

365 1725 513 1796 Ergo
543 1741 646 1795 per
676 1723 996 1797 prolepsin,
1026 1725 1082 1780 id
1113 1729 1202 1780 est
1229 1741 1331 1797 per
1361 1724 1886 1796 praeocupationem
1921 1740 2012 1779 ac-

381 1813 718 1885 cipiendum
748 1819 839 1870 est
860 1815 981 1885 :qui
1014 1814 1224 1869 modus
1253 1813 1564 1869 locutionis
1587 1811 2011 1868 usitatissimus

363 1905 453 1957 est
480 1901 540 1956 in
572 1902 784 1958 divinis
809 1901 1149 1975 Scripturis,
1182 1903 1450 1975 quamvis
1480 1901 1732 1974 potuerit
1759 1917 1886 1957 esse
1910 1900 2010 1956 illo

356 1994 618 2062 tempore
641 1991 765 2062 jam
791 1996 1018 2063 puteus.
1057 1993 1218 2058 Quod
1253 1992 1301 2047 si
1335 1991 1419 2046 ita
1437 1995 1547 2058 est,
1571 1995 1710 2046 tunc
1733 2007 1834 2062 per
1854 2006 2013 2046 reca-

359 2078 764 2152 pitulationem
799 2080 959 2136 locus
992 2081 1100 2137 iste
1132 2081 1506 2153 accipiendas
1535 2085 1641 2134 est.

427 2168 591 2225 Vers.
624 2171 714 2226 33.
745 2169 1034 2227 Plantavit
1062 2186 1254 2226 nemus
1285 2172 1345 2225 in
1378 2170 1657 2226 Bersabee.
1689 2169 1878 2240 Supra
1925 2168 2012 2224 di-

359 2257 513 2314 citur
545 2260 698 2331 quod
733 2276 847 2316 non
867 2259 1153 2316 dederitei
1175 2259 1736 2316 Deushaaredilatem
1760 2274 1858 2313 nec
1886 2274 2011 2328 pas-

355 2363 480 2404 sum
505 2347 665 2419 pedis
699 2349 836 2417 (Act.
868 2366 968 2418 v11,
1000 2351 1078 2421 5),
1137 2354 1201 2404 ut
1234 2348 1449 2404 Paulus
1499 2347 1798 2420 apostolus
1847 2346 2008 2404 dicit.

357 2436 468 2492 Sed
501 2437 886 2510 intelligimus
916 2438 1071 2494 circa
1101 2443 1343 2511 puteum
1393 2437 1574 2493 fuisse
1606 2436 1842 2508 aliquod
1875 2453 2009 2508 spa-

356 2525 504 2580 tium
518 2529 681 2582 terraa
699 2528 852 2598 quod
867 2527 1043 2583 simul
1061 2543 1194 2582 cum
1209 2532 1384 2598 puteo
1398 2525 1799 2596 injdominium
1814 2525 2010 2580 cessit.

967 2650 1202 2706 CAPUT
1235 2650 1404 2705 XXII.

429 2736 602 2794 Vers.
663 2739 714 2793 1.
776 2740 1018 2795 Tentavit
1061 2741 1201 2795 Deus
1259 2738 1552 2793 Abraham.
1614 2739 1714 2793 Est
1767 2737 2012 2794 tentatio

359 2841 488 2898 qua
519 2827 748 2898 probat,
774 2845 886 2884 non
911 2845 979 2883 ea
998 2845 1126 2899 qua:
1149 2828 1411 2882 damnat.
1437 2829 1690 2884 Tentavit
1719 2842 1855 2897 ergo
1876 2841 2011 2882 eum

357 2931 474 2972 non
505 2916 660 2987 quod
693 2915 820 2989 ipse
848 2916 1074 2988 aliquid
1105 2917 1360 2973 disceret
1379 2915 1858 2972 cuiomnianuda
1873 2918 2014 2971 sunt

357 3007 416 3060 et
433 3008 656 3075 aperta,
687 3005 788 3061 sed
821 3010 886 3061 ut
914 3004 1109 3077 ipsum
1139 3003 1432 3060 Abraham
1459 3004 1571 3060 sibi
1594 3004 1928 3060 ostenderet
1950 3008 2014 3060 ut

356 3098 731 3165 cognosceret
759 3099 992 3166 quantae
1021 3095 1156 3151 ﬁdei
1188 3094 1248 3150 in
1281 3093 1465 3150 Deum
1499 3099 1671 3149 esset.

447 3189 612 3244 Vers.
641 3189 696 3240 2.
729 3185 912 3257 Super
965 3199 1141 3239 unum
1168 3185 1458 3238 montium.
1492 3183 1714 3238 Hebraei
1767 3183 2011 3238 tradunt

356 3277 446 3335 vel
493 3278 802 3333 autumant
857 3273 1012 3330 hunc
1066 3277 1324 3329 montem
1380 3288 1508 3328 esse
1563 3273 1752 3341 Moria,
1800 3271 1860 3328 in
1891 3287 2006 3342 quo

359 3371 565 3440 postea
591 3363 879 3436 templum
910 3362 1011 3418 Dei
1041 3365 1093 3417 et
1133 3361 1324 3428 Dabir,
1366 3360 1422 3416 id
1454 3365 1543 3416 est
1571 3359 1874 3415 oraculum
1919 3364 2008 3415 est

358 3455 730 3512 aediﬁcatum.
763 3452 927 3509 Unde
949 3455 1006 3508 et
1027 3467 1196 3507 mons
1219 3450 1597 3506 Morialumen
1623 3449 1710 3506 vel
1725 3450 2008 3506 illumina-

359 3548 447 3601 tus
476 3543 918 3616 interpretatur.

427 3631 592 3688 Vers.
621 3633 709 3686 42.
744 3631 1000 3702 Cognovi.
1037 3629 1096 3685 ld
1128 3633 1217 3685 est
1241 3627 1513 3700 cognosci
1537 3628 1663 3683 feci.

427 3721 592 3779 Vers.
625 3721 713 3778 l3.
774 3722 1081 3778 Haerentem
1127 3719 1387 3774 cornibus
1416 3720 1563 3773 inter
1611 3732 1820 3788 vepres.
1879 3715 2010 3772 Alia

356 3811 662 3869 translatio
694 3811 889 3883 ipsum
923 3809 1164 3864 verbum
1188 3807 1352 3879 ponit
1380 3806 1752 3870 Hebraicum,
1776 3805 2006 3860 dicens:

357 3901 667 3960 Haerentem
695 3902 754 3955 in
802 3899 1040 3966 virgulto
1095 3897 1284 3953 Sabee.
1319 3895 1500 3950 Sabee
1547 3893 1874 3948 condensam
1921 3891 2009 3948 vel

356 3989 1042 4062 spissuminterpretatur,
1065 4002 1166 4058 per
1177 3985 1331 4056 quod
1352 3981 2009 4056 signiﬁcatdensitatem

358 4077 745 4150 virgultorum
777 4081 834 4131 et
860 4075 1124 4148 veprium
1149 4072 1437 4145 inquibus
1455 4071 1731 4127 cornibus
1757 4071 2013 4127 haerebat

360 4164 531 4220 aries.
563 4164 739 4220 Juxta
766 4163 1023 4218 litteram
1047 4178 1327 4234 magnum
1360 4161 1528 4216 nobis
1549 4158 1881 4232 exemplum
1905 4161 2008 4215 da-

359 4258 458 4310 tur
485 4268 710 4325 magna
728 4251 1067 4308 obedientie
1079 4251 1266 4307 sancti
1283 4248 1708 4320 Abraham,qui
1731 4264 1865 4305 cum
1888 4250 2014 4304 uni-

359 4359 494 4400 cum
519 4341 705 4398 ﬁlium
737 4341 976 4397 haberet
1004 4339 1385 4412 audissetque
1407 4356 1440 4395 a
1457 4339 1702 4395 Domino
1728 4355 1740 4394 :
1768 4340 1831 4395 In
1860 4341 2012 4396 Isaac

359 4432 638 4489 vocabitur
660 4431 765 4486 tibi
780 4447 988 4498 semen,
1011 4434 1209 4486 tamen
1239 4446 1354 4484 non
1377 4427 1666 4484 dubitavit
1685 4444 1820 4483 eum
1843 4429 2011 4484 oﬂ‘er-

359 4538 421 4578 re
450 4520 588 4587 Deo,
635 4520 878 4585 credens,
933 4520 1088 4592 quod
1119 4522 1176 4575 et
1219 4517 1534 4590 Apostolus
1563 4516 1736 4573 dicit:
1798 4517 1947 4586 Quod
1977 4534 2012 4572 a

360 4611 588 4665 mortuis
632 4626 759 4666 eum
797 4613 971 4680 posset
1020 4607 1356 4664 resuscitare
1403 4606 1595 4677 (Hebr.
1627 4623 1703 4677 XI,
1739 4607 1850 4664 19).
1909 4605 2006 4660 ΑΙ·
2039 4596 2090 4659 D

360 4697 610 4770 legorice
638 4698 912 4754 Abraham
931 4698 1032 4754 Dei
1048 4697 1234 4754 Patris
1246 4696 1492 4752 hocloco
1505 4695 1654 4767 gerit
1674 4711 2006 4766 personam,

358 4791 516 4844 Isaae
544 4787 775 4844 Domini
805 4789 942 4843 Jesu
972 4787 1208 4842 Christi.
1243 4785 1570 4841 Immolatio
1605 4785 1762 4839 Isaac
1794 4783 2012 4854 passio-

361 4893 494 4934 nem
526 4875 740 4932 Christi
772 4876 1058 4948 designat.
1087 4877 1233 4932 Bene
1259 4879 1455 4930 autem
1480 4873 1728 4928 dicitur:
1756 4873 1872 4944 Ipse
1888 4889 2013 4945 por-

364 4967 520 5023 tabat
551 4967 705 5037 ligna
735 4965 1070 5022 holocausti:
1105 4964 1245 5036 quia
1274 4962 1540 5018 Christus
1569 4977 1801 5017 crucem
1841 4977 2011 5017 suam

360 5038 661 5126 bajulavit,
687 5056 860 5126 juxta
890 5055 1043 5126 quod
1081 5053 1136 5108 in
1184 5053 1312 5123 ejus
1345 5050 1615 5122 passione
1645 5049 1863 5106 dicitur
1883 5069 1901 5105 :
1951 5051 2016 5106 Et

361 5144 616 5214 bajulans
643 5145 755 5200 sibi
781 5159 998 5199 crucem
1015 5143 1158 5198 exiit
1177 5142 1234 5195 in
1269 5141 1446 5195 locum
1468 5141 1567 5210 qui
1577 5147 1804 5194 vocatur
1825 5139 2014 5207 Golgo-

359 5233 454 5288 tha
507 5232 685 5304 (Joan.
747 5249 864 5299 XIX,
929 5233 1036 5302 17).
1101 5235 1218 5286 Duo
1269 5230 1378 5284 viri
1433 5227 1533 5300 qui
1581 5228 2016 5283 comitabantur

363 5339 497 5380 cum
518 5320 834 5386 Abraham,
861 5320 1112 5393 populus
1133 5318 1490 5374 Judzeorum.
1507 5319 1620 5372 Duo
1635 5322 1834 5373 autem
1861 5317 2014 5384 ideo,

362 5411 504 5483 quia
531 5408 630 5464 ille'
651 5410 905 5482 p0pulus
922 5414 1053 5481 post
1068 5412 1314 5463 mortem
1340 5404 1669 5462 Salomonis
1686 5405 1907 5462 divisus
1929 5409 2019 5461 est

369 5501 423 5556 in
458 5500 572 5556 duo
601 5515 798 5572 regna,
830 5499 888 5554 in
911 5500 1108 5554 decem
1132 5496 1398 5552 videlicet
1421 5494 1610 5550 tribus
1626 5495 1842 5567 quibus
1861 5495 2020 5551 Jero-

365 5589 538 5646 boam
569 5588 896 5661 imperavit,
932 5605 1059 5661 qua:
1091 5591 1373 5644 vocantur
1424 5583 1620 5653 Israel,
1653 5589 1710 5638 et
1764 5584 1821 5639 in
1872 5585 2019 5641 duas

362 5677 506 5740 alias
540 5677 750 5747 tribus,
781 5678 812 5736 J
822 5677 935 5735 uda
953 5675 1222 5735 videlicet
1247 5680 1303 5734 et
1322 5673 1652 5746 Benjamin,
1679 5689 1854 5744 super
1872 5690 2019 5746 quas

2129 569 2222 639 da,
2251 585 2386 624 cum
2417 568 2634 640 quibus
2665 573 2788 624 erat
2815 573 2871 624 et
2919 569 3109 626 tribus
3165 569 3566 641 sacerdotalis,
3600 571 3659 628 id
3702 576 3792 628 est

2133 659 2278 713 Levi.
2311 659 2511 714 Asinus
2543 675 2718 730 quem
2751 675 2951 714 secum
3005 659 3302 714 ducebant
3335 660 3652 716 stultitiam
3682 661 3789 718 Ju-

2128 747 2385 801 dasorum
2405 747 2914 820 designat.Asinus
2934 748 3089 802 enim
3108 748 3263 819 quod
3285 750 3553 820 portabat
3573 749 3791 808 nescie-

2129 835 2262 890 bat:
2298 841 2353 890 ct
2391 836 2575 890 Judaei
2611 837 2667 890 in
2703 835 2868 891 libris
2918 835 3272 907 propheticis
3299 837 3591 893 Christum
3626 839 3788 911 lege-

2126 923 2285 986 bant,
2320 925 2417 980 sed
2438 924 2762 980 venientem
2796 925 3347 998 nonintelligebant.
3376 926 3538 982 Unde
3561 933 3617 983 et
3639 927 3788 985 bene

2125 1011 2209 1067 eis
2231 1012 2482 1068 dicitur:
2545 1015 2867 1084 Exspectate
2893 1013 2980 1068 hic
3008 1030 3134 1068 cum
3181 1015 3354 1070 asino.
3388 1015 3583 1087 Usque
3613 1017 3786 1072 hodie

2122 1100 2278 1155 enim
2309 1108 2367 1156 et
2417 1119 2600 1171 usque
2631 1102 2702 1156 ad
2762 1102 2936 1156 ﬁnem
2971 1101 3167 1156 saeculi
3224 1102 3393 1174 quasi
3445 1109 3787 1176 exspectant

2124 1187 2422 1243 Christum
2449 1205 2582 1244 cum
2605 1188 2856 1244 stultitia
2879 1206 2987 1244 sua
3010 1194 3070 1243 ut
3089 1189 3400 1260 Apostolus
3421 1190 3564 1246 dicit
3587 1208 3600 1246 :
3623 1192 3788 1248 Ceci-

2121 1279 2202 1332 tas
2231 1294 2300 1332 ea:
2323 1281 2488 1348 parte
2534 1280 2763 1348 contigit
2794 1280 2853 1332 in
2897 1279 3084 1342 Israel,
3132 1277 3298 1334 donec
3335 1281 3621 1351 plenitudo
3651 1298 3784 1348 gen-

2123 1367 2265 1420 tium
2313 1369 2563 1434 introeat,
2591 1375 2641 1422 et
2671 1369 2751 1423 sic
2798 1369 2975 1422 omnis
3004 1369 3180 1423 Israel
3212 1367 3408 1424 salvus
3456 1370 3554 1440 ﬁat
3602 1371 3780 1441 (Rom.

2122 1471 2200 1519 x1,
2233 1455 2346 1525 25).
2379 1454 2540 1519 Quod
2573 1456 2750 1510 dicit:
2788 1460 3087 1527 Postquam
3118 1456 3552 1524 adoraverimus,
3601 1475 3781 1514 rever-

2123 1552 2302 1598 temur
2321 1543 2401 1600 ad
2421 1560 2530 1614 vos,
2560 1544 2855 1616 significat
2876 1544 3031 1616 quod
3055 1543 3295 1618 impleta
3315 1547 3588 1618 passione
3609 1546 3667 1602 in
3693 1547 3780 1603 ul-

2123 1631 2266 1687 tima
2297 1632 2490 1688 saeculi
2527 1637 2694 1688 (etate
2721 1637 3045 1688 revertatur
3074 1633 3248 1703 Deus,
3283 1639 3342 1690 et
3372 1635 3785 1693 reconcilietur

2117 1721 2338 1778 Judaeis
2375 1722 2769 1778 credentibus.
2805 1723 2968 1788 Quod
2999 1727 3196 1778 autem
3227 1725 3388 1780 tertio
3438 1724 3528 1780 die
3552 1726 3783 1782 elevatis

2119 1811 2317 1878 oculis,
2349 1814 2465 1866 tres
2489 1811 2614 1866 dies
2644 1811 2758 1866 tria
2779 1811 3123 1882 signiﬁcant
3145 1811 3343 1869 seaculi
3364 1816 3625 1884 tempora
3646 1819 3785 1872 ante

2120 1897 2330 1970 legem,
2365 1899 2475 1954 sub
2499 1897 2625 1971 lege
2651 1903 2707 1953 et
2737 1899 2848 1954 sub
2871 1900 3080 1972 gratia.
3103 1899 3249 1956 Nam
3280 1906 3338 1956 et
3357 1901 3458 1957 Dei
3483 1903 3664 1960 Filius
3686 1903 3781 1961 die

2123 1987 2295 2043 tertio
2323 1987 2394 2042 ad
2413 1988 2648 2058 nuptias
2673 1987 2888 2043 dicitur
2909 1989 3137 2045 venisse
3167 1994 3224 2046 et
3253 2007 3468 2062 aquam
3496 1991 3554 2046 in
3579 1992 3780 2049 vinum

2122 2076 2493 2146 convertisse,
2519 2077 2659 2148 quia
2679 2077 2848 2132 tertio
2881 2077 3075 2133 seculi
3097 2082 3359 2150 tempore
3380 2081 3534 2136 venit
3553 2081 3624 2136 ad
3649 2098 3786 2141 con-

2115 2165 2481 2238 jungendam
2505 2165 2617 2220 sibi
2642 2165 2957 2221 Ecclesiam
2988 2171 3046 2222 et
3070 2166 3217 2240 legis
3247 2166 3503 2224 litteram
3526 2169 3582 2224 in
3605 2169 3782 2242 spiri-

2121 2252 2299 2309 talem
2333 2253 2690 2310 intellectum
2713 2257 3182 2311 convertendam.
3207 2257 3364 2312 Aries
3387 2258 3484 2331 qui
3510 2259 3785 2331 apparuit

2121 2343 2363 2400 Abrahae
2400 2343 2822 2399 humanitatem
2857 2344 3071 2400 Christi
3096 2345 3366 2418 designat
3393 2347 3464 2403 de
3495 2364 3608 2419 quo
3630 2352 3782 2406 bene

2122 2431 2300 2488 dicitu
2313 2451 2339 2487 r
2367 2433 2521 2504 quod
2546 2432 2756 2489 haereat
2773 2433 3034 2488 cornibus
3058 2435 3207 2490 inter
3227 2451 3433 2506 vepres,
3452 2436 3591 2507 quia
3611 2436 3776 2492 Chri-

2124 2525 2255 2576 stus
2276 2521 2435 2576 cruci
2457 2521 2668 2577 al‘ﬁxus
2689 2525 3016 2590 est,manus
3037 2523 3166 2594 ejus
3186 2521 3244 2578 in
3268 2523 3629 2588 cornibus,id
3667 2530 3778 2594 est,

2122 2609 2182 2664 in
2213 2610 2470 2665 brachiis
2502 2611 2694 2666 crucis
2725 2609 3042 2667 haerebant.
3076 2611 3208 2668 Sive
3239 2611 3482 2669 haerebat
3515 2615 3660 2668 inter
3685 2631 3778 2669 ve-

2115 2714 2265 2770 pres,
2297 2698 2438 2770 quia
2467 2699 2654 2770 spinis
2686 2705 2997 2756 coronatus
3028 2705 3140 2757 est.
3198 2702 3360 2768 Quod
3393 2705 3590 2758 autem
3621 2704 3779 2760 aries

2122 2786 2463 2843 immolatus
2492 2791 2583 2842 est
2638 2789 2796 2843 Isaac
2826 2793 3022 2844 autem
3057 2788 3258 2858 evasit,
3317 2789 3607 2862 signiﬁcat
3636 2791 3782 2864 quia

2122 2892 2223 2948 per
2253 2874 2680 2932 humanitatem
2716 2877 2833 2948 pati
2867 2877 3072 2949 potuit,
3115 2893 3218 2950 per
3247 2877 3609 2936 divinitatem
3641 2897 3781 2938 vero

2121 2963 2506 3036 impassibilis
2531 2965 2766 3021 mansit.
2799 2966 2944 3022 Nam
2977 2967 3104 3022 duae
3137 2971 3278 3022 sunt
3305 2967 3364 3022 in
3386 2967 3614 3024 Christo
3635 2969 3780 3024 sub-

2121 3053 2347 3109 stantiae
2377 3054 2463 3110 vel
2495 3059 2738 3111 naturae.
2767 3055 2942 3111 Juxta
2971 3053 3222 3112 litteram
3245 3056 3384 3129 quia
3415 3056 3565 3114 aries
3585 3058 3781 3114 corni-

2123 3143 2232 3198 bus
2249 3142 2506 3198 haarebat
2520 3143 2670 3199 inter
2688 3159 2916 3216 vepres,
2937 3143 3070 3200 inde
3089 3144 3278 3200 ,11]άωὶ
3315 3144 3375 3200 in
3398 3145 3782 3203 solemnitati-

2040 3226 2082 3292 C
2121 3231 2232 3288 bus
2261 3231 2422 3287 tubis
2451 3231 2678 3288 corneis
2709 3232 2899 3289 solent
2922 3249 3146 3302 canere,
3181 3238 3248 3290 ut
3276 3251 3380 3308 per
3405 3235 3514 3292 hoc
3545 3252 3781 3294 memor

2116 3321 2192 3376 sit
2211 3321 2365 3377 Deus
2387 3337 2588 3377 eorum
2611 3326 2668 3377 et
2685 3323 3096 3395 repropitietur
3113 3322 3230 3380 illis
3243 3328 3478 3397 pr0pter
3499 3341 3775 3398 magnam

2116 3410 2362 3466 Abrahae
2395 3409 2807 3466 obedientiam.

2185 3498 2348 3554 Vers.
2398 3500 2482 3554 14.
2517 3501 2578 3555 In
2627 3503 2808 3556 monte
2850 3501 3124 3556 Dominus
3167 3501 3386 3558 videbit.
3439 3501 3555 3558 Hoc
3605 3503 3774 3574 quasi

2116 3588 2486 3660 proverbium
2516 3587 2770 3643 obtinuit
2790 3589 2946 3660 apud
2971 3589 3206 3646 Judaeos
3230 3595 3294 3646 ut
3325 3591 3554 3662 quoties
3577 3591 3776 3665 aliqua

2118 3676 2461 3732 necessitate
2493 3676 2580 3731 vel
2616 3677 2890 3750 angustia
2913 3682 3206 3745 tenentur,
3233 3679 3466 3736 dicant:
3499 3683 3563 3738 In
3591 3686 3775 3738 monte

2118 3766 2383 3820 Dominus
2424 3765 2644 3833 videbit,
2693 3765 2783 3822 vel
2843 3772 2908 3823 ut
2955 3767 3014 3822 in
3075 3767 3309 3826 Hebreo
3367 3769 3652 3826 habetur:
3709 3773 3773 3828 In

2117 3857 2300 3910 monte
2331 3854 2593 3909 Dominus
2625 3854 2924 3922 videbitur,
2958 3855 3068 3912 hoc
3099 3861 3188 3913 est
3215 3857 3590 3914 miserebitur
3616 3862 3675 3915 et
3703 3858 3773 3914 li-

2118 3941 2342 3998 berabit
2378 3960 2503 3998 nos.

2190 4030 2351 4087 Vers.
2388 4032 2472 4085 16.
2507 4036 2613 4087 Per
2642 4034 3027 4105 memetipsum
3067 4035 3283 4106 juravi,
3313 4034 3456 4091 dicit
3482 4036 3769 4093 Dominus.

2122 4120 2310 4176 Omnis
2329 4121 2484 4176 homo
2508 4136 2610 4192 per
2654 4123 2917 4194 majorem
2945 4138 3004 4178 se
3032 4124 3210 4195 jurat,
3245 4127 3312 4180 ut
3340 4124 3650 4197 Apostolus
3682 4125 3772 4182 di-

2121 4210 2218 4278 cit,
2277 4211 2415 4265 Deus
2467 4217 2676 4277 autem,
2725 4212 2856 4281 quia
2910 4213 3189 4268 neminem
3254 4228 3312 4268 se
3359 4213 3527 4269 habet
3603 4216 3777 4288 majo-

2121 4315 2238 4354 rem
2289 4315 2389 4370 per
2431 4301 2784 4364 semetipsum
2838 4300 3054 4355 dicitur
3097 4302 3295 4371 jurare
3353 4301 3535 4372 (Hebr.
3594 4303 3670 4372 vi,
3704 4303 3774 4359 l3

2119 4395 2172 4444 et
2197 4387 2354 4461 seq.).

2191 4477 2354 4533 Vers.
2387 4479 2475 4532 20.
2535 4477 2737 4534 Melcha
2777 4493 2930 4534 soror
2977 4477 3157 4536 Sara.
3217 4480 3515 4535 Abraham
3569 4479 3774 4536 Saram

2119 4567 2286 4622 duxit
2316 4583 2578 4638 uxorem,
2613 4565 2899 4622 Melcham
2931 4584 3065 4624 vero
3095 4567 3340 4625 Nachor.

2190 4660 2355 4712 Vers.
2387 4656 2477 4712 2t.
2533 4657 2661 4722 Has,
2694 4672 2762 4711 ex
2809 4671 2923 4727 quo
2953 4665 3102 4712 terra
3129 4658 3243 4713 Hus
3289 4655 3504 4712 dicitur
3532 4657 3593 4712 in
3620 4657 3770 4713 Job:

2119 4748 2236 4801 Buz.
2265 4763 2416 4813 vero,
2452 4745 2523 4800 de
2580 4762 2695 4818 quo
2723 4747 2966 4812 Buzites,
3008 4751 3248 4802 vocatus
3302 4750 3391 4802 est
3420 4745 3543 4802 Elia
3598 4760 3773 4818 quem

2119 4835 2294 4892 etiam
2327 4839 2639 4890 autumant
2654 4834 3011 4892 Hebraeiesse
3031 4834 3287 4892 Balaam.
3305 4836 3537 4891 Gamuel
3559 4839 3779 4908 patrem

2118 4926 2404 4997 Syrorum.
2447 4923 2608 4987 Quod
2641 4921 2782 4979 dicit
2809 4927 3023 4995 patrem
3053 4925 3325 4996 Syrorum
3355 4936 3471 4981 non
3500 4927 3591 4980 est
3621 4922 3777 4980 refe-

2121 5014 2368 5070 rendum
2401 5013 2486 5069 eis
2515 5012 2616 5084 qui
2675 5011 2784 5067 hoc
2813 5012 3186 5079 nuntiabant,
3217 5013 3318 5069 sed
3369 5013 3564 5086 potius
3595 5011 3647 5069 ei
3672 5009 3780 5084 qui

2121 5103 2294 5176 longo
2325 5106 2456 5176 post
2481 5105 2741 5174 tempore
2793 5099 3047 5172 scripsit.

2716 5223 2948 5280 CAPUT
2986 5224 3186 5282 XXIII.

2195 5317 2360 5372 Vers.
2394 5315 2448 5370 3.
2479 5313 2612 5370 Heth
2641 5329 2677 5369 a
2705 5329 2819 5386 quo
2849 5313 3069 5370 Hethai
3103 5315 3401 5371 dicuntur.
3765 5390 3768 5393 _

2197 5405 2361 5460 Vers.
2393 5404 2447 5458 7.
2482 5401 2738 5459 Surrein
2765 5405 2814 5459 et
2843 5403 3110 5462 adoravit.
3137 5404 3282 5461 Cum
3315 5403 3601 5460 Dominus
3622 5402 3786 5461 dicat

2128 5496 2187 5551 in
2221 5495 2381 5566 lege:
2441 5492 2735 5548 Dominum
2777 5493 2944 5548 Deum
2975 5501 3129 5549 tuum
3158 5492 3413 5549 adorabis
3460 5501 3512 5548 et
3541 5492 3636 5548 illi
3677 5493 3786 5548 soli

2126 5585 2348 5655 servies,
2381 5581 2523 5655 quid
2555 5585 2645 5638 est
2691 5582 2847 5654 quod
2877 5582 3166 5638 Abraham
3223 5580 3494 5638 homines
3551 5579 3786 5656 legatur

2131 5671 2449 5733 adorasse?
2504 5671 2616 5730 Sed
2650 5670 2808 5728 aliud
2840 5673 2952 5740 est,
3001 5669 3187 5729 Deum
3213 5671 3458 5731 adorare
3489 5659 3779 5766 comedo,
