4040 6208
251 353 317 416 97
1387 347 2007 411 COMMENTARIUS
2054 348 2131 409 lN
2178 346 2549 411 GENESIM.
3568 356 3649 423 98

254 505 354 563 quo
386 487 548 544 solus
579 487 859 544 colendus
880 490 937 541 et
961 484 1296 542 adorandus
1320 488 1441 551 est;
1476 483 1652 553 aliud,
1687 498 1800 555 quo
1824 497 1885 539 se
1915 492 1971 559 Α
2001 498 2104 537 sus
2134 487 2222 538 est
2253 486 2318 537 ut
2348 483 2621 539 invitatos
2649 484 2718 539 ad
2744 486 3007 556 paratam
3030 502 3254 542 omnem
3280 488 3471 544 venire
3496 491 3648 547 face-

256 577 427 634 sancti
445 576 713 632 homines
728 575 973 631 invicem
986 576 1525 644 veneranturatque
1539 571 1891 643 suscipiunt,

259 665 509 739 quamvis
542 682 657 721 non
696 665 941 720 dixerit:
975 665 1268 719 Dominum
1316 662 1485 716 Deum
1512 663 1672 716 tuum
1703 659 1893 716 solum

257 754 523 825 adorabis,
558 754 714 810 sicut
745 753 923 809 dixit:
958 752 1049 807 Illi
1076 752 1186 807 soli
1211 752 1435 805 servies.
1470 750 1573 805 Est
1598 750 1752 805 enim
1781 764 1897 805 ser-

257 845 400 900 vitus
422 861 552 916 quae
576 842 684 899 soli
703 845 814 898 Deo
836 843 1099 906 debetur,
1115 857 1242 911 quae
1271 839 1463 895 Graece
1479 838 1890 894 latriadicitur.

254 932 405 990 Unde
440 938 495 988 et
510 931 821 987 idololatriae
836 931 1113 985 dicuntur
1134 930 1231 1000 qui
1250 928 1444 983 relicto
1460 934 1715 983 creatore
1729 945 1890 984 crea-

253 1030 380 1078 turre
415 1021 696 1076 serviunt.
730 1019 878 1074 Nam
911 1020 1065 1090 quod
1095 1017 1411 1090 Apostolus
1432 1017 1608 1072 dicit:
1644 1023 1750 1073 Per
1768 1018 1893 1073 cha-

156 1162 157 1165 η
250 1114 469 1167 ritatem
499 1112 700 1165 servite
731 1111 967 1164 invicem
996 1107 1144 1179 (Gal.
1178 1125 1232 1173 v,
1270 1107 1378 1176 13),
1414 1106 1483 1160 de
1513 1105 1614 1161 illa
1645 1106 1893 1162 servitu-

247 1204 301 1256 te
322 1199 545 1255 dictum
567 1202 655 1253 est
680 1214 794 1269 qua
816 1196 1005 1253 sancti
1037 1196 1306 1251 homines
1338 1211 1398 1250 se
1428 1194 1787 1266 praeveniunt
1817 1194 1894 1249 si-

251 1288 420 1361 bique
453 1288 878 1359 obsequuntur,
918 1303 1043 1357 quae
1071 1285 1263 1341 Graece
1293 1284 1445 1338 dulia
1469 1283 1702 1339 dicitur.
1732 1283 1895 1339 Unde

252 1382 305 1434 et
329 1394 530 1433 servos
559 1376 714 1431 dulos
748 1391 1042 1431 vocamus.
1087 1374 1248 1437 Quod
1291 1390 1424 1428 vero
1458 1372 1515 1426 in
1547 1372 1893 1445 Apocalypsi

250 1465 492 1539 angelus
514 1464 803 1522 volentem
825 1481 885 1521 se
906 1464 1190 1521 Joannem
1216 1463 1459 1517 adorare
1480 1460 1799 1534 prohibuit,
1814 1462 1897 1516 di-

249 1572 380 1612 cens
409 1571 424 1611 :
464 1554 588 1610 vide
616 1570 686 1609 ne
710 1555 930 1624 feceris,
967 1551 1238 1608 fortassis
1269 1551 1505 1623 aliquod
1539 1550 1801 1605 divinum
1833 1550 1893 1605 in

249 1646 450 1717 angelo
474 1644 809 1716 suspicatus
832 1644 1022 1698 fuerat
1037 1642 1293 1697 Joannes
1310 1645 1367 1695 et
1387 1640 1515 1696 ideo
1539 1639 1692 1695 sicut
1708 1640 1892 1695 Deum

242 1733 500 1789 voluerat
530 1734 794 1799 adorare,
826 1731 1041 1786 idcirco
1074 1729 1408 1802 prohibitus
1437 1733 1544 1784 est.

314 1822 479 1878 Vers.
516 1823 599 1877 17.
637 1822 1107 1892 Conﬁrmatusque
1136 1835 1265 1890 ager
1292 1826 1372 1874 est
1395 1818 1662 1890 quondam
1688 1818 1895 1890 Ephre-

246 1913 350 1967 nis.
386 1910 649 1965 Primum
686 1910 908 1965 dictum
940 1913 1027 1964 est
1056 1908 1299 1977 Ephron,
1335 1908 1393 1961 id
1425 1912 1514 1963 est
1542 1906 1898 1977 conﬁrmatus

248 2009 300 2056 et
325 2001 625 2073 perfectus,
651 2000 751 2055 sed
777 2004 1087 2071 postquam
1112 1997 1359 2068 pretium
1385 2012 1453 2051 ex
1475 1996 1778 2068 Sepultura
1796 2012 1897 2051 ac-

247 2090 417 2162 cepit,
434 2088 569 2144 licet
588 2092 829 2161 cogente
845 2087 1162 2153 Abraham,
1178 2087 1557 2141 immutatum
1580 2090 1668 2141 est
1685 2102 1898 2141 nomen

245 2180 372 2250 ejus
404 2183 464 2233 et
493 2178 715 2233 dictum
746 2181 836 2232 est
863 2177 1105 2247 Ephran,
1140 2176 1198 2229 id
1231 2180 1320 2229 est
1349 2176 1607 2245 inﬁrmus
1651 2176 1738 2229 vel
1792 2177 1897 2229 im-

237 2267 539 2337 perfectus.
554 2265 811 2320 Audiant
826 2264 933 2319 hoc
951 2264 1051 2334 qui
1074 2262 1406 2334 sepulturas
1429 2268 1799 2317 mortuorum
1819 2262 1897 2331 (a)

241 2356 533 2410 vendunt.
584 2353 643 2407 Si
674 2353 829 2407 enim
862 2352 958 2406 ille
988 2350 1090 2423 qui
1119 2351 1253 2405 licet
1283 2351 1501 2404 invitus
1534 2358 1725 2405 tamen
1759 2366 1900 2421 quo-

241 2443 432 2497 modo
464 2440 675 2497 adduci
706 2440 893 2512 potuit
922 2444 987 2495 ut
1018 2438 1271 2510 pretium
1303 2439 1372 2493 de
1404 2437 1706 2509 sepultura
1752 2438 1901 2493 acci-

241 2534 406 2603 peret
441 2528 701 2583 nominis
740 2528 1149 2582 immutatione
1197 2528 1510 2580 damnatus
1557 2530 1663 2591 est,
1720 2524 1902 2580 multo

241 2618 438 2691 magis
458 2617 582 2684 isti,
607 2617 704 2688 qui
730 2633 844 2671 non
871 2620 1180 2687 coguntur,
1208 2615 1309 2669 sed
1340 2614 1453 2685 ipsi
1475 2614 1613 2685 quid
1639 2614 1899 2685 exigunt,

242 2706 690 2762 damnabuntur
705 2709 763 2759 et
779 2704 932 2758 inter
946 2704 1226 2775 perfectos
1244 2718 1361 2757 non
1380 2702 1898 2773 computabuntur.

241 2797 306 2851 In
336 2812 445 2867 quo
484 2798 605 2850 erat
640 2794 903 2865 spelunca
945 2792 1167 2862 duplex.
1217 2791 1454 2862 Mystice
1504 2792 1761 2861 spelunca
1797 2790 1897 2844 du-

245 2884 382 2953 plex
407 2883 809 2956 operationem
834 2885 1052 2937 rectam
1080 2884 1137 2934 et
1154 2878 1701 2951 contemplationem
1726 2878 1903 2951 signi-

247 2974 400 3044 ﬁcat,
430 2973 684 3028 activam
705 2970 971 3026 videlicet
991 2974 1043 3025 et
1067 2968 1600 3040 contemplativam.
1636 2968 1779 3023 Sara
1809 2983 1900 3022 er-

245 3078 313 3133 go
343 3064 406 3117 in
442 3060 667 3133 duplici
699 3059 980 3132 spelunca
1004 3057 1305 3130 sepelitur,
1336 3074 1468 3113 cum
1492 3058 1689 3112 anima
1711 3056 1902 3111 ﬁdelis

239 3151 666 3223 cupiditatibus
696 3154 751 3204 et
780 3148 1085 3204 desideriis
1124 3147 1321 3203 saeculi
1354 3154 1584 3202 mortua
1617 3146 1727 3201 sub
1756 3144 1895 3199 boni

1926 1866 1973 1930 B

2003 576 2109 627 ret.
2164 571 2320 626 Misit
2367 589 2570 627 servus
2621 591 2860 628 manum
2896 574 3007 629 sub
3055 576 3270 631 femore
3302 577 3525 633 domini
3558 579 3647 635 sui

2003 661 2321 726 Abraham,
2346 662 2483 732 quia
2504 662 2769 719 doctores
2801 680 3035 719 summa
3063 666 3433 723 veneratione
3454 667 3649 723 incar-

2004 750 2297 804 nationem
2347 750 2561 805 Christi
2611 752 2961 824 suscipiunt.
3000 754 3065 808 Et
3098 772 3209 809 non
3241 772 3404 828 super
3434 757 3647 825 femur,

2001 840 2101 894 sub
2128 842 2340 909 femore
2368 856 2608 894 manum
2649 841 2829 912 ponit,
2881 843 3018 914 quia
3067 861 3300 899 carnem
3350 845 3562 902 Christi
3614 867 3647 904 a

2005 944 2175 983 carne
2229 933 2565 984 casterorum
2621 930 2927 985 hominum
2977 932 3147 1005 longe
3189 933 3405 990 distare
3437 936 3649 993 intelli-

2004 1022 2168 1088 gunt.
2219 1016 2434 1071 Christi
2480 1017 2635 1072 enim
2667 1034 2800 1073 caro
2831 1020 2900 1074 de
2932 1020 3168 1092 Virgine
3199 1024 3325 1078 sine
3356 1024 3484 1080 labe
3517 1043 3645 1098 pec-

2005 1105 2115 1157 cati
2151 1109 2289 1157 nata
2318 1108 2424 1158 est.
2473 1104 2704 1159 Rebecca
2746 1122 2871 1177 quae
2904 1107 3183 1177 patientia
3211 1109 3646 1184 interpretatur,

2004 1191 2258 1247 Ecclesia
2280 1197 2455 1247 estex
2470 1193 2742 1263 gentibus
2766 1211 2893 1264 quas
2918 1212 3020 1266 per
3040 1197 3379 1268 patientiam
3406 1202 3650 1259 virtutes

2004 1280 2141 1335 suas
2174 1281 2449 1335 custodit.
2481 1284 2618 1335 Fons
2646 1283 2717 1336 ad
2741 1300 2914 1353 quem
2943 1301 3145 1341 servus
3172 1289 3335 1343 stetit
3357 1289 3651 1361 signiﬁcat

2004 1370 2224 1424 ﬂuenta
2254 1371 2527 1425 doctrinas
2559 1372 2920 1444 evangelicae,
2968 1373 3054 1427 vel
3098 1376 3276 1431 etiam
3309 1395 3651 1436 sacramen-

2005 1462 2128 1513 tum
2161 1459 2529 1529 baptismatis
2560 1460 2630 1514 ad
2674 1461 2827 1531 quod
2874 1462 3187 1519 festinabat
3222 1466 3350 1536 jam
3396 1469 3646 1538 Rebecca,

2004 1546 2063 1601 id
2092 1552 2208 1613 est,
2252 1546 2541 1616 Ecclesia;
2588 1564 2721 1603 cum
2767 1549 3001 1621 hydria,
3051 1551 3108 1606 id
3156 1558 3245 1608 est
3292 1571 3423 1610 cum
3476 1556 3647 1613 Verbi

2005 1652 2299 1691 mensura.
2358 1637 2503 1692 Bene
2553 1643 2749 1692 autem
2802 1640 3063 1711 hydriam
3106 1642 3175 1696 de
3219 1645 3443 1715 scopula
3487 1663 3653 1719 super

2002 1726 2166 1780 ulnas
2212 1726 2516 1797 deposuisse
2560 1727 2789 1782 dicitur.
2836 1730 2939 1784 l‘er
2964 1732 3219 1802 scapulas
3248 1733 3403 1789 enim
3436 1735 3648 1792 intelli-

2004 1815 2164 1886 gitur
2191 1814 2461 1871 voluntas
2489 1816 2641 1871 bona
2664 1817 2722 1871 in
2746 1834 2862 1888 qua
2890 1819 3147 1890 primum
3173 1822 3347 1877 ﬁdem
3370 1827 3648 1898 suscepit.

2008 1905 2113 1961 Per
2142 1906 2336 1960 ulnam
2367 1922 2499 1961 vero
2530 1907 2807 1977 operatio,
2859 1925 2984 1979 quae
3029 1910 3204 1965 ﬁdem
3250 1913 3651 1986 subsequitur.

2008 1993 2364 2050 Ornamenta
2381 1996 2595 2066 quibus
2619 2012 2817 2052 servus
2836 1997 3155 2054 Rebeccam
3174 2001 3467 2057 decoravit
3484 2005 3533 2059 vi
3542 2011 3658 2060 rtu-

2009 2085 2096 2138 tes
2128 2088 2186 2137 et
2216 2089 2501 2154 praecepta
2526 2084 2829 2139 doctorum
2862 2092 3020 2144 sunt.
3045 2089 3263 2144 lnauris
3283 2091 3439 2146 enim
3462 2092 3656 2148 humi-

2010 2170 2236 2226 litatem
2271 2171 2407 2226 boni
2438 2173 2724 2228 auditoris
2768 2173 3063 2245 signiﬁcat
3107 2193 3224 2247 qua
3256 2178 3316 2232 in
3348 2179 3659 2238 dilectione

2017 2260 2114 2313 Dei
2145 2264 2200 2313 et
2230 2259 2475 2329 proximi
2509 2262 2756 2331 proﬁcit.
2801 2264 2957 2317 Unde
2986 2268 3044 2318 et
3071 2266 3205 2320 duos
3232 2268 3394 2322 siclos
3426 2269 3660 2325 inaures

2013 2347 2291 2402 habuisse
2324 2348 2616 2402 dicuntur.
2651 2350 2898 2405 Armillis
2934 2368 3068 2406 vero
3099 2353 3490 2411 obedientiam
3523 2358 3660 2414 boni

2013 2435 2323 2500 auditoris,
2373 2435 2457 2491 vel
2504 2438 2714 2492 bonam
2757 2441 3151 2510 operationem
3183 2443 3492 2514 signiﬁcat.
3527 2448 3663 2511 Quae

2014 2525 2381 2595 appendebat
2427 2526 2609 2580 decem
2653 2527 2830 2593 siclos,
2880 2529 3017 2599 quia
3064 2532 3259 2587 omnis
3292 2540 3491 2590 nostra
3523 2551 3658 2607 ope-

2015 2613 2161 2667 ratio
2192 2613 2249 2666 in
2283 2615 2481 2668 decem
2516 2614 2661 2686 legis
2694 2617 2997 2687 praeceptis
3026 2621 3315 2675 consistit.

2079 2718 2242 2773 Vers.
2265 2720 2353 2773 22.
2386 2724 2675 2791 Postquam
2701 2723 2955 2779 biberunt
2974 2727 3188 2781 cameli.
3210 2727 3370 2790 Quod
3395 2730 3653 2787 Rebecca

2011 2824 2125 2862 non
2150 2806 2339 2862 solum
2362 2808 2481 2864 viro
2496 2811 2655 2864 dedit
2676 2815 3298 2882 potum,verumetiam
3316 2820 3551 2875 camelos
3568 2821 3667 2875 ad-

2011 2897 2268 2967 aquavit,
2302 2897 2593 2968 signiﬁcat
2624 2900 2760 2971 quia
2788 2902 3044 2958 Ecclesia
3066 2905 3210 2959 nulli
3233 2906 3402 2962 debet
3423 2909 3660 2965 subtra-

2012 2983 2150 3040 here
2166 2986 2407 3041 verbum
2430 2988 2879 3058 praadicationis,
2900 2992 2998 3045 sed
3025 2993 3389 3064 sapientibus
3414 3003 3470 3051 et
3492 2997 3666 3053 stulte

2011 3073 2071 3127 in
2113 3089 2423 3129 commune
2463 3077 2832 3132 annuntiare.
2869 3078 3013 3134 Hinc
3043 3082 3263 3137 Paulus
3294 3083 3472 3139 dicit:
3508 3084 3664 3143 Grae-

2011 3164 2090 3217 cis
2138 3171 2189 3218 et
2244 3164 2509 3230 barbaris,
2558 3167 2901 3237 sapientibus
2954 3173 3006 3223 et
3064 3172 3452 3241 insipientibus
3506 3174 3665 3229 debi-

237 3241 425 3310 operis
450 3245 511 3294 et
535 3236 1047 3309 contemplationis
1074 3236 1331 3308 tegmine
1362 3235 1601 3291 celatur.
1647 3234 1808 3290 Unde
1837 3237 1895 3289 et
1926 3230 1968 3294 C
2007 3258 2093 3305 ιον
2136 3268 2259 3306 sum
2304 3254 2481 3323 (Rom,
2531 3271 2581 3322 ι,
2616 3230 2737 3325 ’1.4),
2779 3255 2875 3310 vel
2907 3256 3091 3312 aliter,
3128 3230 3233 3314 Ρὲι·
3260 3262 3497 3317 camelos
3532 3279 3664 3318 car-

242 3329 550 3400 apostolus
578 3326 796 3382 Paulus
824 3326 967 3380 dicit
1000 3342 1013 3380 :
1062 3326 1265 3381 Mortui
1291 3327 1441 3392 estis,
1476 3331 1531 3379 et
1558 3326 1676 3379 vita
1716 3327 1903 3379 vestra

239 3418 563 3474 abscondita
590 3419 670 3473 est
704 3432 831 3473 cum
864 3416 1085 3471 Christo
1119 3416 1175 3468 in
1207 3416 1334 3469 Deo.

843 3538 1082 3594 CAPUT
1124 3537 1323 3594 XXIV.

312 3629 481 3687 Vers.
510 3632 568 3684 2.
592 3631 739 3685 Pone
766 3645 993 3684 manum
1020 3632 1174 3681 tuam
1195 3626 1294 3682 sub
1322 3629 1529 3697 femore
1546 3641 1687 3681 meo.
1723 3625 1907 3681 Judaei

248 3718 469 3786 dicunt,
486 3720 554 3774 in
579 3717 1040 3774 sanctiﬁcatione
1055 3716 1371 3783 Abraham,
1388 3716 1446 3770 id
1462 3721 1569 3782 est,
1583 3715 1644 3769 in
1663 3716 1909 3771 circum-

249 3807 747 3880 cisionejurasse.
772 3807 881 3861 Sed
911 3805 1119 3861 melius
1141 3810 1230 3861 est
1248 3810 1311 3859 ut
1332 3804 1440 3860 hoc
1462 3806 1530 3860 ad
1556 3806 1909 3860 incarnatio-

248 3912 373 3952 nem
388 3897 619 3952 Christi
640 3897 885 3951 referam
896 3912 982 3950 us.
999 3895 1325 3949 Praevidens
1343 3900 1538 3949 autem
1558 3900 1797 3950 sanctus
1816 3912 1914 3966 pa—

246 3986 499 4041 triarcha
524 3984 849 4053 Christum,
874 3984 971 4054 qui
1006 3983 1294 4055 perfectus
1325 3986 1479 4038 esset
1507 3983 1681 4038 homo
1706 3987 1764 4038 et
1783 4000 1912 4055 per-

246 4072 425 4130 fectus
447 4080 632 4139 Deus,
648 4074 719 4129 de
740 4090 847 4129 sua
869 4073 1143 4145 progenie
1165 4070 1550 4137 nasciturum,
1568 4073 1677 4127 sub
1699 4073 1916 4128 femore

246 4179 346 4218 suo
377 4164 667 4236 praecepit
707 4166 772 4216 ut
819 4177 1062 4216 manum
1108 4161 1364 4215 mitteret
1395 4160 1717 4231 etjuraret.
1772 4161 1919 4226 Quia

2017 3356 2149 3394 nem
2182 3347 2441 3396 nostram
2472 3343 2753 3398 debemus
2794 3345 3074 3417 accipere.
3126 3349 3343 3403 Cameli
3387 3366 3522 3419 ergo
3562 3352 3667 3406 ad-

2018 3433 2331 3498 aquantur,
2366 3432 2599 3499 quando
2622 3448 2762 3487 cura
2783 3435 3044 3505 corporis
3066 3436 3279 3508 agitur,
3312 3455 3427 3494 non
3462 3446 3659 3497 tamen

2016 3515 2075 3569 in
2108 3516 2435 3582 desideriis,
2487 3519 2587 3572 sed
2636 3520 2696 3574 in
2745 3523 3109 3593 necessitate,
3154 3530 3219 3581 ut
3258 3526 3516 3584 Rebecca
3544 3530 3663 3587 sive

2022 3604 2221 3660 anima
2248 3610 2476 3677 gestare
2505 3608 2712 3677 possit.

2092 3715 2256 3768 Vers.
2308 3714 2397 3767 25.
2446 3715 2611 3769 Locus
2656 3718 2929 3787 spatiosus
2981 3719 3050 3773 ad
3096 3724 3449 3779 manendum.
3500 3726 3670 3782 Locus

2018 3804 2292 3874 spatiosus
2322 3803 2394 3858 ad
2422 3804 2759 3860 manendum
2790 3823 2965 3878 quem
2989 3809 3248 3865 Rebecca
3269 3813 3423 3882 apud
3456 3829 3519 3868 se
3542 3830 3670 3870 esse

2022 3892 2162 3946 dicit
2191 3891 2281 3947 lex
2309 3898 2397 3947 est
2427 3894 2711 3949 naturalis
2743 3912 2920 3967 quam
2963 3904 3166 3953 sancta
3194 3900 3472 3971 Ecclesia,
3509 3907 3671 3958 ante-

2024 3998 2199 4052 quam
2233 3982 2303 4036 ad
2336 3982 2632 4038 Christum
2667 3986 2905 4056 veniret,
2956 3987 3227 4056 habebat,
3270 4006 3388 4061 qua
3417 3992 3669 4048 dicitur:

2025 4073 2373 4143 Quzcunque
2402 4075 2568 4129 vultis
2597 4081 2659 4129 ut
2688 4078 2901 4146 faciant
2931 4079 3079 4134 vobis
3109 4080 3375 4149 homines,
3407 4081 3594 4138 eadem
3622 4085 3673 4138 et

2023 4177 2115 4216 vos
2142 4164 2311 4231 facile
2349 4164 2473 4217 illis
2514 4165 2724 4232 (Matth.
2760 4184 2858 4233 vn,
2895 4167 3001 4239 12).
3054 4174 3202 4241 Ergo
3250 4188 3352 4243 per
3394 4171 3544 4228 hanc
3585 4171 3668 4229 le-

249 4252 396 4307 enim
422 4252 738 4310 hominem
764 4255 821 4305 et
846 4251 916 4305 de
938 4266 1045 4304 sua
1066 4265 1240 4305 carne
1262 4248 1627 4305 nasciturum
1654 4250 1921 4321 praevidit
2026 4265 2161 4320 gem
2211 4256 2431 4306 naturae
2479 4256 2919 4325 praeparabatur
2965 4258 3265 4330 ingressus
3322 4260 3435 4334 legi
3490 4278 3669 4319 evan—

248 4339 367 4396 ideo
401 4343 598 4397 dixit:
635 4347 788 4395 Pone
812 4355 1043 4394 manum
1065 4343 1223 4392 tuum
1246 4338 1346 4393 sub
1376 4339 1586 4409 femore
1602 4354 1740 4394 meo.
1776 4338 1922 4404 Quia
2027 4338 2243 4408 gelicae.

250 4444 373 4486 vero
404 4430 599 4487 Deum
637 4428 892 4501 agnovit,
929 4428 1059 4483 ideo
1090 4427 1399 4500 subjungit
1433 4444 1445 4481 :
1488 4429 1625 4483 Jura
1654 4429 1797 4482 mihi
1820 4444 1924 4501 per

250 4518 415 4575 Deum
446 4521 597 4587 caeli,
633 4518 691 4573 id
724 4521 833 4585 est,
870 4534 972 4589 per
1002 4516 1369 4572 divinitatem
1402 4517 1529 4586 ejus
1551 4516 1650 4587 qui
1688 4518 1757 4571 de
1790 4533 1922 4572 mea

253 4623 421 4665 carne
454 4607 806 4665 nasciturus
844 4612 951 4662 est.

314 4702 483 4754 Vers.
512 4699 606 4753 13.
634 4699 823 4770 Igitur
844 4712 936 4767 ego
956 4700 1037 4751 sto
1060 4708 1229 4766 prope
1256 4697 1470 4766 fontem
1498 4709 1677 4767 aquae.
1706 4695 1916 4750 Beatus

256 4788 635 4859 Augustinus
667 4785 875 4857 quaerit
906 4785 1014 4840 hoc
1044 4784 1169 4840 loco
1197 4784 1267 4839 ad
1300 4784 1556 4839 litteram
1585 4789 1779 4839 utrum
1808 4784 1916 4839 hoc

252 4891 414 4949 agere
430 4878 765 4932 debeamus
784 4882 846 4929 ut
865 4876 1099 4947 signum
1115 4874 1275 4929 aDeo
1295 4874 1742 4945 petamus.Pene
1759 4874 1915 4929 enim

252 4964 392 5020 nihil
419 4966 664 5021 videtur
688 4965 917 5019 dill‘erre
944 4964 1014 5018 ab
1037 4965 1303 5035 augurio.
1328 4964 1437 5017 Sed
1460 4962 1619 5017 aliud
1642 4970 1728 5017 est
1750 4964 1915 5035 signo

249 5052 440 5127 aliquo
456 5058 518 5110 in
538 5070 659 5125 quo
675 5052 1029 5108 miraculum
1048 5053 1123 5107 sit
1140 5051 1499 5107 voluntatem
1520 5052 1612 5106 Dei
1632 5068 1913 5123 quaerere,

250 5143 427 5212 aliud,
444 5145 511 5200 in
531 5144 777 5199 vocibus
794 5142 986 5197 avium
1000 5142 1085 5196 vel
1131 5147 1428 5197 mutorum
1470 5140 1816 5196 animalium
1835 5141 1918 5195 di-

249 5232 617 5290 vinationem
665 5237 919 5304 captare,
954 5232 1247 5302 quamvis,
1276 5248 1381 5286 nec
1411 5230 1554 5285 illud
1590 5230 1650 5284 in
1682 5247 1917 5285 summa

253 5324 612 5379 necessitate
669 5321 1141 5393 presumendum
1196 5321 1290 5377 sit.
1342 5320 1663 5393 Allegorice
1712 5336 1914 5375 servus

253 5411 557 5468 Abraham
593 5410 835 5466 chorum
868 5410 1161 5482 signiﬁcat
1199 5415 1535 5465 sanctorum
1584 5410 1908 5465 doctorum.

252 5500 353 5557 Hic
366 5507 460 5557 est
476 5501 585 5555 ille
604 5516 805 5555 servus
820 5500 919 5571 qui
938 5499 994 5553 in
1012 5498 1315 5571 Evangelio
1334 5516 1367 5555 a
1383 5498 1629 5555 Domino
1648 5514 1755 5555 suo
1776 5498 1915 5555 mis-

321 5678 402 5766 (α)
432 5678 700 5751 Uterque
728 5678 835 5737 cod
863 5676 1119 5740 vendant.

2100 4426 2266 4484 Vers.
2306 4430 2395 4483 29.
2429 4432 2669 4487 Habebat
2697 4434 2924 4490 Rebecca
2951 4438 3179 4505 fratrem
3212 4439 3435 4493 nomine
3464 4439 3668 4494 Laban.

2034 4516 2227 4571 Laban
2250 4518 2496 4589 ﬁguram
2521 4526 2679 4575 tenet
2696 4522 3019 4577 carnalium
3046 4524 3373 4580 hominum.
3406 4526 3509 4581 Hic
3534 4543 3670 4600 ergo

1942 4597 1988 4662 D
2019 4605 2208 4659 virum
2253 4611 2420 4661 vocat
2456 4607 2741 4663 dominum
2770 4619 2823 4664 et
2855 4611 3193 4667 benedictum
3220 4614 3441 4668 Domini
3473 4597 3668 4688 appel-

2027 4693 2127 4761 lat,
2162 4695 2301 4766 quia
2329 4695 2590 4752 carnales
2620 4698 2838 4768 quique
2867 4705 3204 4756 sanctorum
3226 4702 3529 4760 doctorum
3555 4705 3668 4761 vir~

2026 4788 2181 4839 tutes
2232 4784 2599 4840 admirantur
2646 4803 2862 4858 eosque
2918 4789 3233 4860 honorant,
3296 4809 3669 4865 nequaquam

2026 4877 2221 4928 tamen
2281 4875 2353 4929 ad
2409 4874 2641 4929 illorum
2704 4878 3119 4947 perfectionem
3176 4880 3521 4937 imitandam
3576 4900 3669 4938 as-

2026 4966 2293 5033 surgunt.

2094 5049 2259 5105 Vers.
2306 5052 2396 5105 50.
2446 5054 2485 5106 A
2548 5054 2778 5109 Domino
2835 5072 3076 5128 egressus
3132 5065 3212 5111 est
3266 5073 3464 5112 sermo.
3524 5058 3671 5121 Quia

2025 5138 2287 5193 sciebant
2316 5141 2608 5195 Abraham
2660 5144 3003 5215 prophetam
3054 5161 3203 5210 esse,
3250 5145 3465 5201 idcirco
3513 5148 3668 5219 quod

2022 5227 2316 5282 Abraham
2369 5246 2402 5283 a
2453 5230 2692 5285 Domino
2742 5248 3043 5303 egressum
3098 5249 3225 5288 esse
3269 5234 3493 5298 dicunt,
3553 5235 3671 5290 sive

2024 5316 2197 5371 etiam
2230 5317 2369 5388 quia
2401 5335 2601 5374 servus
2622 5320 2915 5374 Abraham
2939 5319 3173 5392 signum
3198 5339 3228 5376 a
3254 5322 3495 5378 Domino
3518 5339 3670 5394 quaa-

2023 5405 2201 5460 sierat
2216 5407 2383 5478 eique
2401 5424 2535 5462 mox
2552 5408 2785 5479 signum
2806 5409 3008 5465 datum
3027 5409 3233 5480 fuerat,
3248 5411 3460 5468 idcirco
3473 5411 3657 5468 Deum

2020 5493 2281 5551 locutum
2315 5511 2444 5552 esse
2479 5496 2773 5555 dixerunt.
