4040 6208
399 311 475 372 99
937 307 1238 371 REMIGII
1285 307 2036 371 ANTISSIODORENSIS
2081 309 2256 370 OPP.
2305 309 2530 370 PARS.
2577 310 2622 369 Ι.
2660 339 2736 353 -—
2764 308 3231 370 EXEGETICA.

3699 309 3820 374 100

470 442 628 499 Vere.
677 443 766 498 61.
816 443 990 513 Igitur
1037 443 1272 499 Rebecca
1317 452 1368 500 et
1407 443 1614 516 puellae
1637 422 1787 516 ejus.
1833 441 2049 500 Puella
2079 444 2133 510 Α
2234 443 2396 498 Vers.
2447 443 2538 497 67.
2589 442 2896 498 Introduxit
2942 458 3064 498 eum
3111 444 3172 498 in
3214 443 3628 500 tabernaculum
3660 446 3814 502 Sara

343 555 350 562 ί
399 548 525 603 quae
550 531 870 586 Rebeccam
904 531 976 586 ad
1008 535 1172 587 Isaac
1203 537 1522 603 prosecutae
1549 537 1688 587 sunt
1717 532 2053 605 signiﬁcant
2162 533 2362 588 matris
2393 547 2526 587 sum.
2574 531 2719 595 Quia
2756 530 3020 588 Christus
3051 531 3366 588 Ecclesiam
3401 532 3460 588 in
3490 532 3684 589 locum
3713 537 3812 608 Sy-

398 620 600 676 ﬁdeles
631 620 860 675 animas
891 638 1016 692 quae
1047 620 1108 675 in
1150 620 1409 677 Ecclesia
1439 621 1784 693 simpliciter
1814 638 2047 677 conver-

395 713 618 770 santur.
670 726 784 764 non
838 714 1035 764 tamen
1069 710 1138 764 ad
1175 709 1501 766 thalamum
1535 709 2048 782 contemplationis

394 798 756 870 perveniunt.

464 922 626 977 Vers.
685 924 774 976 62.
835 923 1139 978 Habitabat
1191 925 1251 978 in
1308 927 1455 978 terra
1511 924 1774 979 australi.
1835 923 1895 978 Id
1956 928 2047 978 est

393 1011 451 1065 in
484 1011 717 1066 Gerara.
750 1012 987 1083 Mystice
1013 1017 1212 1082 puteus
1241 1013 1478 1066 videntis
1502 1017 1554 1067 et
1574 1014 1804 1067 viventis
1825 1013 2042 1081 (Jerem.

393 1116 529 1163 χχιι,
560 1101 653 1166 24)
684 1106 887 1154 sancta
918 1099 1219 1170 Scriptura
1256 1107 1344 1156 est
1374 1118 1475 1172 per
1507 1118 1683 1173 quam
1714 1101 1814 1156 Dei
1847 1100 2044 1172 cogni-

277 1236 282 1241 .
390 1187 608 1243 tionem
630 1188 973 1259 accipimus.
1001 1189 1130 1259 Ipse
1153 1189 1352 1243 videns
1373 1194 1430 1243 et
1447 1190 1646 1244 vivens
1668 1188 1767 1259 qui
1791 1205 1892 1260 per
1913 1205 2043 1260 pro-

388 1275 626 1346 phetam
675 1277 938 1347 loquitur
969 1295 982 1332 :
1042 1279 1163 1332 Vivo
1213 1294 1329 1348 ego,
1359 1277 1494 1332 dicit
1527 1279 1809 1333 Dominus.
1846 1278 2045 1333 Omnia

386 1366 540 1421 nuda
570 1369 620 1420 et
651 1369 842 1436 aperta
881 1375 1008 1420 sunt
1055 1367 1226 1420 oculis
1261 1368 1378 1435 eius
1423 1367 1624 1436 (Hebr.
1660 1383 1732 1433 IV,
1768 1366 1885 1437 13).
1936 1366 2044 1421 Via

389 1471 516 1524 quae
567 1455 727 1509 ducit
769 1455 840 1508 ad
893 1460 1134 1524 puteum
1181 1454 1428 1510 viventis
1466 1462 1522 1510 et
1564 1455 1815 1510 videntis
1847 1455 2041 1526 passio

388 1542 599 1597 Christi
632 1559 759 1613 quae
791 1560 896 1597 nos
927 1543 999 1597 ad
1027 1542 1393 1598 intellectum
1429 1544 1864 1615 Scripturarum
1911 1560 2039 1615 per-

389 1632 568 1688 ducit.
585 1630 782 1702 Neque
801 1633 956 1688 cnim
977 1632 1146 1687 aliter
1162 1649 1229 1687 ea
1244 1649 1368 1702 quae
1390 1632 1449 1687 in
1467 1633 1647 1688 Veteri
1667 1634 2040 1688 Testamento

388 1719 605 1791 scripta
634 1725 799 1774 erant
829 1719 1153 1792 intelligere
1179 1737 1511 1791 possemus,
1540 1721 1654 1776 nisi
1684 1721 1743 1775 in
1769 1719 2040 1792 passione

287 1845 296 1850 -
386 1808 628 1879 impleta
650 1808 1024 1864 claruissent.
1051 1809 1118 1864 Et
1137 1810 1461 1865 notandum
1488 1810 1640 1881 quod
1667 1810 1840 1864 dicit:
1866 1809 2047 1866 deam.
2076 1815 2123 1879 B

386 1897 632 1952 bulabat.
652 1897 1036 1952 Deambulare
1060 1913 1312 1968 namque
1337 1904 1424 1953 est
1446 1899 1635 1954 eundo
1659 1903 1716 1954 et
1740 1899 2033 1954 redeundo

386 1986 496 2041 iter
517 1987 906 2057 frequentare.
930 1986 1024 2040 Sic
1053 1991 1109 2041 et
1139 1987 1333 2057 passio
1363 1986 1577 2042 Christi
1610 1987 1835 2043 diverso
1861 1987 2034 2043 modo

386 2079 444 2130 et
471 2079 732 2146 tempore
763 2076 1128 2145 frequentata
1155 2081 1263 2129 est.
1317 2075 1482 2131 Nunc
1531 2075 1683 2130 enim
1737 2092 1771 2130 a
1814 2075 2033 2130 Judaeis

386 2163 769 2234 blasphemiis
792 2171 848 2218 et
872 2162 1244 2218 contumeliis
1270 2163 1686 2230 insectabatur,
1710 2181 1866 2219 nunc
1887 2163 2035 2220 cola-

343 2280 348 2296 ι
384 2253 752 2325 phizabatur,
785 2253 956 2308 modo
988 2254 1419 2324 conspuehatur
1450 2270 1463 2308 :
1515 2253 1600 2309 sic
1640 2258 1697 2308 et
1725 2253 1827 2308 tali
1862 2255 2032 2309 modo

385 2360 487 2413 per
505 2343 658 2397 viam
686 2360 803 2398 sua:
829 2341 1121 2414 passionis
1142 2343 1550 2399 deambulabat.
1577 2344 1739 2408 Quod
1775 2342 2033 2400 Rebecca

384 2433 545 2487 Isaac
571 2431 628 2485 in
661 2437 813 2486 terra
839 2431 1093 2486 Australi
1119 2431 1332 2502 reperit
1357 2431 1649 2503 signiﬁcat
1670 2432 1807 2503 quia
1829 2436 2034 2488 sancta

381 2519 658 2584 Ecclesia,
692 2520 894 2575 relicto
927 2519 1136 2591 frigore
1169 2520 1554 2589 inﬁdelitatis,
1587 2525 1644 2575 et
1675 2520 1865 2576 calore
1897 2521 2030 2577 fidei

386 2625 670 2668 succensa
699 2609 770 2662 ad
804 2607 1101 2663 Christum
1131 2608 1310 2662 venit.

452 2743 615 2797 Vers.
646 2741 736 2796 63.
767 2743 1022 2812 Egressus
1069 2741 1252 2810 fuerat
1280 2740 1349 2794 ad
1379 2740 1750 2797 meditandum
1780 2745 1839 2797 in
1869 2759 2026 2814 agro.

383 2831 628 2897 Quidam
662 2831 888 2886 codices
921 2829 1138 2884 habent
1169 2844 1182 2882 :
1229 2829 1306 2883 ad
1340 2832 1758 2885 exercitandum
1787 2832 1842 2886 in
1875 2849 2026 2903 agro.

379 2919 506 2975 Alia
539 2936 771 2992 quoque
799 2917 1106 2972 translatio
1138 2917 1278 2971 dicit
1306 2935 1318 2971 ε
1354 2927 1416 2973 ut
1450 2917 1766 2990 loqueretur
1786 2923 1842 2975 in
1868 2937 2024 2993 agro.

383 3011 655 3065 Inclinato
678 3009 803 3078 jam
835 3006 1099 3071 die.Quia
1132 3007 1221 3060 vir
1241 3009 1614 3079 sanctusjam
1651 3014 1780 3080 post
1813 3027 2025 3065 nonam

381 3099 582 3154 horam
609 3098 720 3152 diei
746 3097 817 3150 ad
843 3112 1142 3166 vesperam
1167 3095 1502 3150 inclinatam
1536 3113 1808 3168 egressus
1840 3098 2028 3154 fuerat

382 3187 542 3244 solus
571 3191 636 3240 ut
665 3186 780 3240 Deo
811 3183 1147 3256 spirituales
1191 3183 1456 3239 victimas
1507 3185 1865 3252 immolaret,
1917 3187 2022 3242 hoc
2054 3177 2095 3242 C

381 3279 490 3345 est,
523 3278 585 3329 ut
614 3274 905 3328 orationes
938 3278 994 3327 et
1023 3273 1270 3344 hymnos
1302 3273 1671 3344 persolveret.
1707 3274 2024 3345 Allegorice

381 3380 520 3435 ager
538 3381 632 3418 mu
645 3364 795 3417 udus
814 3369 923 3432 est,
939 3361 1282 3416 sicDomino
1304 3362 1641 3432 parabolam
1665 3380 1833 3418 suam
1857 3380 2024 3436 expo-

381 3457 554 3511 nente
579 3470 592 3508 :
628 3452 732 3519 Qui
760 3453 1000 3506 seminat
1049 3455 1127 3506 est
1166 3452 1342 3506 Filius
1373 3451 1608 3506 hominis
1637 3471 1655 3506 :
1685 3469 1814 3522 ager
1842 3458 2024 3509 autem

379 3553 456 3599 est
501 3541 738 3596 mundus
786 3541 990 3611 (Matth.
1033 3557 1164 3605 XIII,
1197 3541 1304 3612 38).
1361 3541 1520 3595 Isaac
1563 3558 1698 3613 ergo
1748 3542 2024 3598 inclinata

379 3631 499 3703 jam
531 3630 624 3686 die
649 3630 718 3685 ad
753 3628 1157 3684 meditandum
1183 3629 1239 3683 in
1268 3645 1405 3701 agro
1426 3645 1696 3701 egressus
1728 3637 1850 3686 est:
1886 3631 2024 3701 quia

379 3721 480 3776 Dei
503 3718 683 3776 Filius
706 3718 1028 3774 novissima
1049 3718 1244 3774 saeculi
1267 3723 1431 3773 aetate
1447 3719 1604 3772 venit
1626 3720 1681 3772 in
1709 3720 2019 3791 mundum,

373 3810 544 3882 juxta
573 3809 729 3881 quod
757 3825 859 3880 per
889 3807 1232 3880 prophetam
1281 3807 1503 3861 dictum
1547 3807 1734 3862 fuerat
1765 3824 1778 3860 :
1831 3811 2021 3877 Egres-

377 3917 470 3956 sus
516 3915 572 3955 es
624 3900 681 3953 in
723 3898 956 3952 salutem
995 3897 1184 3968 populi
1225 3898 1317 3950 tui
1361 3912 1486 3950 cum
1521 3895 1729 3951 Christo
1758 3901 1851 3952 tuo
1880 3897 2019 3968 (Ha-

379 3988 494 4044 bac.
533 4004 620 4052 ιιι,
653 3987 762 4055 13).
795 3987 857 4042 Ut
883 3994 1250 4050 exerceretur,
1285 3984 1394 4038 hoc
1425 3989 1534 4051 est,
1570 3985 1861 4056 passionis
1905 4003 2020 4041 suae

377 4082 672 4133 certamen
702 4073 992 4144 impleret.
1026 4074 1265 4144 Cumque
1297 4074 1529 4129 levasset
1559 4075 1739 4129 oculos
1759 4076 1903 4131 vidit
1930 4092 2020 4131 ca-

376 4166 544 4220 melos
569 4163 842 4218 venientes
861 4162 1074 4232 procul.
1099 4162 1208 4216 Per
1224 4163 1513 4230 camelum,
1538 4167 1868 4218 tortuosum
1896 4163 2019 4219 ani-

378 4252 494 4310 mal
525 4257 583 4307 et
611 4268 720 4307 sua
749 4254 976 4305 struma
1019 4250 1400 4322 ponderatum
1431 4251 1797 4323 significatur
1825 4255 2016 4324 genti-

375 4343 528 4414 litas,
554 4340 746 4414 pravis
769 4339 1031 4394 moribus
1054 4343 1318 4394 tortuosa
1345 4344 1400 4394 et
1420 4339 1747 4395 idololatria
1769 4359 2014 4415 praegra-

373 4437 524 4498 vata,
559 4447 688 4503 qua:
716 4430 854 4501 quia
883 4446 951 4484 ex
982 4430 1108 4500 ipsa
1138 4427 1352 4500 reperit
1398 4445 1545 4500 quos
1575 4430 1806 4498 coleret,
1849 4433 2014 4504 quasi

373 4525 738 4578 strumosum
788 4517 1006 4573 animal
1049 4517 1293 4589 gibbum
1335 4516 1393 4572 in
1425 4518 1596 4573 dorso
1631 4521 1917 4590 portabat.
1953 4525 2015 4577 In

373 4609 596 4665 camelo
651 4607 808 4663 enim
869 4606 1079 4661 sedens
1147 4606 1401 4660 Rebecca
1465 4607 1535 4662 ad
1606 4612 1767 4662 Isaac
1831 4610 2016 4674 venit,

373 4698 512 4769 quia
531 4701 733 4752 sancta
755 4695 1002 4750 Ecclesia
1022 4694 1133 4749 adh
1145 4710 1213 4749 ue
1228 4694 1571 4765 gentilitatis
1589 4712 1781 4752 errore
1798 4700 2020 4754 conﬁsa

371 4789 428 4840 et
457 4785 626 4856 quasi
658 4789 985 4840 sustentata
1013 4785 1084 4838 ad
1125 4783 1339 4839 Christi
1389 4783 1634 4853 gratiam
1676 4791 1876 4841 vocata
1908 4793 2014 4842 est.

442 4924 606 4975 Vers.
647 4919 734 4974 64.
785 4918 1020 4975 Rebecca
1067 4922 1344 4989 conspecto
1391 4917 1539 4971 Isaac
1580 4916 1644 4972 de
1687 4919 1894 4976 camelo
1921 4919 2016 4977 de-

370 5009 594 5065 scendit.
624 5008 770 5072 Quia
790 5007 1046 5062 Ecclesia
1066 5007 1297 5077 cognito
1324 5005 1552 5061 Christo
1577 5023 1639 5061 se
1664 5024 1766 5079 pro
1788 5009 1912 5064 suis
1934 5025 2018 5064 er-

369 5099 600 5154 roribus
631 5097 873 5153 confusa
931 5094 1278 5150 humiliavit.
1313 5093 1479 5150 Unde
1505 5099 1560 5149 et
1583 5097 1729 5152 bene
1757 5113 1817 5152 se
1843 5097 2016 5170 pallio

369 5187 670 5261 operuisse
697 5186 931 5253 dicitur,
957 5185 1096 5257 quia
1115 5183 1452 5239 confusione
1483 5189 1540 5238 et
1570 5185 1781 5241 erroris
1804 5187 1892 5241 sui
1919 5205 2016 5243 ru-

371 5278 510 5333 bore
539 5292 603 5332 se
633 5275 878 5347 Operuit.
914 5275 1075 5330 Unde
1107 5279 1162 5328 et
1193 5271 1408 5328 Paulus
1441 5272 1797 5344 quibusdam
1828 5275 2014 5347 loqui-

369 5371 504 5426 tur:
537 5366 703 5434 Quem
729 5367 975 5434 fructum
1005 5362 1272 5418 habuistis
1301 5366 1429 5417 tunc
1467 5364 1523 5418 in
1566 5363 1671 5433 his,
1719 5365 1780 5419 in
1823 5363 2016 5435 quibus

368 5471 516 5512 nunc
569 5453 926 5510 erubescitis?
982 5454 1164 5520 (Rom.
1225 5469 1303 5519 vx,
1362 5451 1486 5524 21.)
1535 5451 1680 5507 Nam
1740 5456 1796 5508 et
1855 5451 2014 5509 Psal-

369 5544 546 5602 mista
592 5543 776 5601 dicit:
829 5540 1051 5617 Operuit
1092 5541 1345 5619 confusio
1385 5542 1585 5614 faciem
1622 5557 1800 5598 meam
1828 5542 2009 5616 (Psal.

370 5649 570 5708 wan,
601 5633 679 5717 8).

2162 637 2399 694 nagogaa
2429 621 2733 677 constituit
2762 621 2832 676 de
2865 637 2980 693 qua
3001 637 3236 676 carnem
3269 626 3693 694 assumpserat.
3717 624 3804 679 Ac-

2158 713 2298 782 cepit
2327 727 2451 767 eam
2481 727 2732 767 uxorem.
2789 710 2936 776 Quia
2979 709 3227 782 gratiam
3273 728 3450 782 quam
3487 710 3587 766 illa
3617 728 3812 784 quon-

2158 800 2293 856 dam
2349 800 2600 855 habebat
2648 816 2807 855 novae
2857 817 3084 871 sponsae
3115 794 3403 869 attribuit,
3437 800 3813 873 despondeas

2158 904 2288 944 eam
2333 889 2445 944 sibi
2497 907 2610 943 non
2662 888 2971 945 habentem
3006 887 3322 960 maculam,
3355 905 3544 962 neque
3577 907 3808 964 rugam.

2160 979 2222 1034 Ut
2243 977 2484 1034 dolorem
2513 980 2610 1050 qui
2629 994 2698 1033 ea:
2725 982 2898 1033 morte
2925 979 3122 1033 matris
3152 977 3428 1035 acciderat
3458 987 3808 1051 temperaret.

2153 1071 2303 1124 Mors
2332 1069 2528 1122 matris
2558 1073 2646 1123 est
2671 1066 2982 1122 inﬁdelitas
3013 1067 3326 1140 Synagogze
3361 1085 3464 1140 pro
3495 1085 3613 1140 qua
3643 1068 3805 1124 Chri-

2154 1161 2281 1213 stus
2311 1156 2562 1213 multum
2597 1156 2800 1235 doluit.
2847 1156 3008 1212 Unde
3041 1161 3097 1211 et
3129 1157 3187 1211 in
3221 1157 3495 1229 passione
3524 1158 3759 1214 dicebat
3788 1179 3801 1216 :

2159 1247 2348 1301 Tristis
2372 1251 2450 1302 est
2468 1248 2656 1302 anima
2686 1262 2860 1317 usque
2888 1247 2967 1301 ad
2997 1254 3224 1301 mortem
3257 1246 3468 1315 (Matth.
3505 1264 3657 1318 xxvx,
3690 1247 3804 1318 38).

2153 1333 2276 1390 Non
2331 1335 2486 1390 enim
2533 1352 2633 1406 pro
2686 1331 2956 1404 passione
3006 1334 3372 1402 tristabatur,
3419 1336 3518 1392 sed
3562 1353 3667 1408 pro
3695 1341 3799 1392 Ju-

2153 1424 2408 1479 daeorum
2447 1424 2788 1495 perditione.
2822 1428 2987 1478 Hunc
3009 1439 3144 1495 ergo
3175 1423 3432 1480 dolorem
3455 1425 3802 1497 temperavit

2155 1529 2354 1568 amore
2386 1513 2822 1584 ltebeccaz,quia
2839 1513 3123 1567 damnum
3150 1518 3206 1568 et
3227 1512 3592 1585 expeditione
3617 1514 3794 1570 unius

2150 1601 2338 1673 plebis
2387 1603 2846 1674 recompensavit
2893 1601 3005 1656 ﬁde
3043 1605 3101 1657 et
3141 1599 3328 1657 salute
3361 1603 3624 1658 omnium
3657 1619 3798 1675 gen-

2151 1690 2326 1745 tium.

2755 1850 2989 1907 CAPUT
3027 1850 3188 1906 XXV.

2214 1995 2376 2046 Vers.
2413 1992 2464 2046 1.
2496 1992 2772 2047 Abraham
2802 2008 2925 2048 vero
2957 1993 3121 2048 duxit
3149 1994 3324 2048 aliam
3363 2009 3594 2050 umorem
3637 1995 3796 2051 Cetu-

2142 2096 2284 2134 ram.
2309 2081 2444 2144 Quae
2465 2079 2887 2152 interpretatur
2908 2081 3160 2152 copulata
3182 2081 3266 2137 vel
3288 2082 3596 2153 conjuncta.
3631 2083 3796 2140 Unde

2143 2168 2615 2224 traduntHebraei
2639 2168 2790 2224 hanc
2808 2185 2935 2224 esse
2946 2173 3099 2241 Agar
3115 2173 3360 2226 matrem
3382 2171 3643 2227 lsmaelis
3661 2188 3792 2244 quae

2142 2257 2306 2330 prius
2355 2257 2683 2312 concubina
2731 2258 2941 2325 fuerat,
2996 2259 3097 2313 sed
3153 2264 3283 2331 post
3335 2264 3581 2315 mortem
3633 2261 3788 2316 Sara

2139 2347 2382 2403 Abrahae
2399 2346 2662 2420 legitime
2684 2347 3071 2418 copulabatur
3092 2363 3106 2404 :
3131 2348 3286 2419 quod
3306 2349 3434 2404 ideo
3456 2349 3708 2420 ﬁngunt,
3724 2355 3791 2405 ut

2140 2441 2422 2492 excusent
2449 2434 2740 2491 Abraham
2771 2451 2844 2491 ne
2865 2435 2992 2506 jam
3023 2452 3198 2492 senex
3217 2441 3276 2492 et
3295 2436 3597 2508 depositus
3622 2437 3789 2494 novis

2142 2524 2362 2596 nuptiis
2390 2524 2656 2578 videatur
2684 2523 3001 2580 Iascivisse.

2211 2614 2370 2668 Vers.
2400 2615 2455 2667 2.
2492 2614 2627 2680 Quw
2650 2615 2882 2684 peperit.
2930 2613 2997 2668 Hi
3028 2614 3129 2684 qui
3157 2614 3229 2669 de
3260 2615 3469 2670 Cetura
3497 2615 3618 2670 nati
3648 2621 3792 2672 sunt

2139 2708 2570 2773 occupaverunt
2600 2708 2815 2756 terram
2847 2703 3196 2774 Trogoditen
3229 2709 3286 2758 et
3313 2703 3614 2772 Arabiam,
3658 2722 3789 2777 qua

2138 2792 2438 2847 Eudemon
2471 2790 2704 2854 dicitur,
2739 2806 2924 2861 usque
2955 2791 3028 2847 ad
3062 2808 3221 2847 mare
3249 2792 3535 2848 Rubrum.

2136 2880 2456 2951 Allegorice
2487 2879 2638 2934 sicut
2663 2896 2766 2950 per
2793 2887 2949 2951 Agar
2977 2884 3034 2934 et
3065 2880 3371 2936 Ismaelem
3401 2880 3789 2953 designantur

2135 2968 2319 3026 Judaei
2339 2967 2398 3023 in
2415 2968 2758 3024 servitutem
2777 2968 3056 3040 generati,
3074 2969 3156 3023 ita
3176 2984 3279 3041 per
3295 2969 3564 3025 Ceturam
3581 2976 3640 3026 et
3655 2973 3787 3042 ejus

2136 3056 2287 3112 ﬁlios
2318 3057 2702 3128 designantur
2731 3056 2990 3112 heretici
3022 3056 3124 3128 qui
3143 3057 3388 3114 in‘Novo
3407 3063 3783 3116 Testamento

2135 3147 2246 3203 sub
2277 3151 2555 3218 praetextu
2586 3145 2843 3200 nominis
2875 3145 3088 3202 Christi
3123 3146 3272 3202 male
3293 3147 3364 3202 de
3389 3148 3519 3218 ejus
3541 3149 3782 3206 veritate

2134 3236 2266 3292 ﬁdei
2317 3239 2664 3290 senserunt.
2700 3233 2863 3289 Unde
2901 3234 3049 3290 bene
3079 3239 3281 3306 postea
3309 3235 3605 3292 Abraham
3639 3237 3782 3293 ﬁliis

2133 3325 2592 3381 concubinarum
2616 3339 2861 3378 munera
2882 3322 3127 3394 largitus
3149 3324 3330 3379 fuisse
3353 3324 3586 3392 dicitur,
3602 3325 3783 3382 haere-

2133 3415 2372 3470 ditatem
2395 3430 2526 3468 vero
2549 3411 2710 3468 solus
2740 3413 2901 3479 Isaac
2929 3417 3278 3469 consecutus
3299 3417 3412 3478 est,
3435 3413 3574 3484 quia
3594 3414 3774 3470 haere-

2130 3504 2261 3559 ticis
2282 3503 2549 3558 Christus
2571 3502 2630 3555 in
2653 3501 2924 3572 praesenti
2945 3501 3226 3557 beneﬁcia
3253 3500 3506 3557 scientiae
3528 3508 3584 3557 et
3606 3502 3778 3560 intel-

2131 3592 2382 3665 ligentiae
2436 3589 2659 3655 tribuit,
2709 3589 2836 3646 sola
2878 3595 3074 3646 autem
3107 3590 3362 3647 Ecclesia
3391 3590 3678 3648 catholica
3704 3593 3777 3649 ad

2133 3697 2377 3753 regnum
2409 3680 2769 3750 perducitur.

2202 3770 2363 3824 Vers.
2397 3769 2449 3822 3.
2473 3769 2721 3823 Assurim
2742 3767 2801 3822 in
2823 3770 3186 3836 negotiatores
3216 3770 3585 3826 transfertur.
3609 3771 3778 3827 Latu-

2128 3861 2254 3928 sim,
2280 3872 2358 3914 aes
2379 3855 2465 3912 vel
2486 3855 2721 3912 metalla
2739 3857 3018 3912 cadentes.
3056 3862 3287 3927 Lomim,
3322 3858 3697 3931 phylarchus,
3721 3859 3780 3916 id

2130 3950 2215 4003 est
2242 3947 2495 4018 princeps
2524 3947 2790 4000 tribuum.

2201 4035 2363 4090 Vers.
2396 4035 2450 4090 8.
2472 4035 2738 4104 Deﬁciens
2757 4039 3008 4090 mortuus
3029 4044 3126 4090 est.
3156 4036 3367 4091 Beatus
3393 4035 3783 4110 Hieronymus

2130 4122 2394 4180 dicithoc
2413 4122 2562 4179 male
2581 4123 2846 4178 additum
2868 4124 3218 4196 scriptorum
3236 4124 3392 4180 vitio.
3408 4125 3609 4198 Neque
3621 4126 3782 4182 enim

2127 4213 2366 4284 defectus
2389 4210 2472 4266 vel
2490 4210 2826 4266 imminutio
2850 4213 3011 4282 justo
3042 4213 3162 4268 viro
3193 4215 3484 4279 convenit,
3516 4231 3650 4270 cum
3682 4231 3783 4286 po-

2125 4301 2246 4357 tius
2268 4301 2465 4372 augeri
2490 4304 2547 4355 et
2569 4299 2944 4372 multiplicari
2962 4301 3168 4356 debeat
3191 4301 3501 4358 Psalmista
3521 4303 3778 4359 dicente:

2125 4394 2313 4449 Justus
2343 4399 2396 4444 et
2439 4389 2627 4444 cedrus
2678 4390 2876 4445 Libani
2921 4390 3395 4462 multiplicabitur
3446 4392 3620 4464 (Psal.
3653 4409 3776 4460 xei,

2130 4481 2238 4551 13).
2271 4479 2482 4534 Plenus
2510 4478 2748 4534 dierum.
2780 4479 3084 4536 Plenitudo
3106 4479 3163 4535 in
3196 4486 3350 4548 ortu,
3381 4486 3512 4536 actu
3535 4486 3594 4536 et
3612 4480 3778 4538 obitu

2049 4544 2095 4609 Ῑ)
2127 4544 2461 4624 sanctorum
2481 4566 2629 4623 solet
2649 4566 2914 4623 inveniri.
2939 4568 3007 4622 Et
3028 4567 3158 4624 ideo
3181 4544 3645 4625 recte'Abraham
3663 4569 3776 4641 ple-

2124 4675 2230 4712 nus
2250 4657 2468 4712 dierum
2494 4662 2761 4713 mortuus
2786 4657 2964 4712 fuisse
2989 4656 3222 4728 legitur,
3249 4662 3697 4715 consummatus
3719 4662 3778 4714 et

2126 4747 2416 4818 perfectus
2438 4751 2562 4801 erat
2581 4745 2852 4802 omnibus
2876 4745 3209 4801 virtutibus.
3235 4746 3481 4802 Econtra
3502 4745 3562 4802 in
3586 4763 3778 4819 repro-

2125 4835 2219 4890 bis
2250 4834 2449 4891 omnia
2473 4836 2728 4908 quadam
2753 4833 3189 4906 imperfectione
3213 4839 3508 4890 notantur.
3535 4835 3699 4890 Unde
3719 4840 3779 4891 et

2124 4923 2389 4996 psalmus
2406 4924 2544 4979 :Viri
2557 4926 2888 4995 sanguinum
2900 4930 2949 4978 et
2963 4921 3137 4978 dolosi
3149 4939 3260 4978 non
3274 4923 3644 4980 dimidiabunt
3659 4923 3779 4980 dies

2122 5029 2246 5070 suos
2277 5013 2451 5084 (Psal.
2489 5029 2594 5078 LIV,
2626 5013 2738 5079 24).
2790 5042 2858 5052 ——
2912 5010 3276 5082 Congregatus
3306 5018 3385 5069 est
3416 5013 3485 5068 ad
3511 5013 3778 5084 populum

2121 5119 2308 5168 suum,
2323 5102 2378 5156 id
2398 5107 2488 5157 est
2503 5101 2574 5156 ad
2592 5100 3025 5156 multitudinem
3047 5101 3497 5172 praecedentium
3515 5105 3775 5174 patrum.

2195 5195 2361 5246 Vers.
2400 5189 2483 5244 13.
2516 5190 2953 5260 Primogenitum
2983 5190 3235 5246 lsmaelis
3262 5189 3534 5245 Nabaoth.
3580 5191 3626 5244 A
3657 5207 3776 5262 quo

2123 5277 2317 5336 omnis
2349 5277 2505 5351 regio
2529 5295 2562 5332 a
2581 5278 2726 5333 mari
2754 5277 2949 5334 Rubro
2973 5295 3157 5350 usque
3182 5278 3252 5335 ad
3279 5277 3631 5351 Euphratem
3657 5280 3775 5334 Να-

2125 5367 2342 5424 ὺαιΙιέΒα
2373 5366 2604 5420 dicitur.

2194 5455 2358 5513 Vers.
2397 5454 2480 5509 18.
2514 5454 2591 5509 Ab
2618 5455 2826 5511 Hevila.
2865 5455 2926 5511 Id
2959 5460 3048 5512 est
3077 5456 3147 5511 ab
3181 5455 3366 5512 India.
3400 5457 3601 5513 Coram
3631 5471 3773 5511 cun-

2121 5547 2220 5602 ctis
2279 5543 2545 5616 fratribus
2599 5543 2754 5601 obiit.
2813 5544 2873 5600 Id
2934 5549 3022 5602 est
3079 5546 3136 5600 in
3187 5545 3464 5603 manibus
3521 5544 3772 5602 fratrum

2123 5650 2397 5709 suorum,
2448 5632 2727 5697 omnibus
2767 5632 3032 5724 videlicet
3077 5633 3270 5702 adhuc
3317 5633 3768 5715 superstitibus,
