4040 6208
299 357 408 420 101

1409 349 2032 420 COMMENTARIUS
2077 349 2156 417 IN
2203 351 2543 418 GENESIM
2558 401 2571 415 .

3586 352 3700 415 102

303 494 357 546 et
385 488 551 545 nullo
582 493 717 546 ante
746 504 880 544 eum
913 491 1097 544 morte
1130 496 1430 562 praerepto.
1493 491 1709 546 Fratres
1740 497 1935 545 autem
1966 490 2019 556 Α
2053 489 2333 544 auxilium
2369 488 2507 544 mali
2535 489 2892 560 superantur
2923 502 2955 540 a
2982 481 3152 540 bonis
3183 487 3238 539 et
3294 483 3434 539 vitia
3485 486 3704 541 cedunt

302 595 401 652 pro
433 577 571 634 ﬁliis
603 577 796 650 posuit
827 577 978 632 sicut
1007 583 1064 632 et
1091 593 1157 631 eo
1186 577 1310 632 loco
1342 578 1440 632 ubi
1469 578 1527 632 in
1562 579 1942 651 sequentibus
2051 579 2385 632 virtutibus.

301 667 472 724 Jacob
503 667 649 722 dixit
678 668 750 721 ad
785 667 1002 721 Laban:
1039 667 1178 734 Quid
1205 670 1426 738 peccavi
1449 667 1568 738 tibi,
1604 677 1662 722 ut
1692 670 1943 738 inseque-

303 758 438 812 reris
464 765 589 828 post
612 756 873 811 me‘IPone
903 772 1089 810 coram
1117 758 1389 826 fratribus
1428 759 1566 812 meis
1598 765 1648 812 et
1675 759 1944 826 fratribus

2122 667 2284 721 Vers.
2329 669 2418 722 25.
2474 667 2579 734 Qui
2635 666 2787 736 prior
2827 680 3071 735 egressus
3127 663 3318 736 fuerat
3365 666 3587 717 vocatus
3619 671 3696 718 est

2057 756 2222 809 Edam
2257 755 2334 809 vel
2368 756 2556 823 Ru/us.
2585 755 2749 808 Edam
2779 753 2934 807 enim
2968 751 3385 823 interpretatur
3427 752 3586 820 rufus
3616 751 3704 806 vel

301 845 629 916 tuis.Neque
653 844 1097 900 enimJacobibi
1120 843 1264 899 alios
1282 845 1943 918 fratreshabebatquam
2053 845 2271 911 rubcus,
2303 861 2336 899 a
2369 861 2484 915 quo
2520 843 2753 896 Idumaei
2817 847 3116 896 vocantur.
3177 839 3462 910 Ilispidus,
3499 839 3553 894 id
3612 844 3702 895 est

299 950 434 990 suos
463 932 700 988 liberos.

2056 937 2283 988 setosus
2316 933 2467 1002 qoud
2507 930 2777 986 llebraice
2816 930 3028 984 dicitur
3057 930 3224 984 Scira
3253 945 3367 1000 quo
3383 945 3551 983 mons
3583 929 3710 984 Scir

367 1021 533 1076 Vers.
567 1022 657 1076 20.
718 1022 791 1076 De
846 1020 1250 1092 Mesopotamia.
1307 1022 1730 1094 MeSOpotamia
1788 1023 1947 1095 regio
2055 1026 2293 1075 vocatus
2326 1025 2432 1076 est.
2466 1021 2614 1092 Ergo
2649 1019 2917 1074 novimus
2949 1036 3081 1073 eum
3115 1017 3459 1073 trinomium
3494 1018 3702 1084 fuisse,

303 1109 661 1166 fertilissima
689 1115 778 1165 est
799 1127 924 1181 qua:
951 1111 1032 1165 sic
1048 1115 1285 1166 vocatur
1307 1111 1504 1166 (ἂνωαο
1522 1112 1759 1167 nomine
1771 1113 1946 1167 etiam

302 1201 429 1256 ideo
461 1200 614 1272 quod
660 1199 850 1254 media
880 1199 958 1254 sit
990 1200 1262 1254 interduo
1297 1199 1949 1274 flumina,'l‘igrinvide-

301 1289 433 1344 licet
461 1293 518 1343 et
547 1288 925 1359 Euphratem.
959 1288 1105 1343 Nam
1156 1305 1334 1344 mesos
1393 1291 1642 1360 medius,
1705 1299 1952 1362 potamos

302 1378 514 1434 ﬂuvius
545 1378 778 1432 dicitur.
811 1377 955 1432 Hinc
979 1377 1427 1450 bippOpotamos
1483 1396 1670 1451 equus
1703 1379 1953 1436 fluvialis

370 1483 535 1539 Vcrs.
566 1485 656 1538 21.
691 1485 801 1555 Dep
819 1489 1028 1539 recalus
1058 1493 1137 1540 est
1165 1501 1264 1556 pro
1292 1502 1390 1540 sua
1424 1503 1617 1555 uxore,
1671 1488 1953 1542 Dominus

302 1572 650 1645 promiserat
677 1573 924 1628 Abrahae
959 1574 1113 1644 quod
1151 1574 1569 1647 multiplicaret
1591 1593 1789 1630 semen
1823 1577 1954 1646 ejus

302 1662 451 1718 sicut
482 1661 684 1717 stellas
716 1660 844 1716 ccnli
869 1667 925 1717 et
945 1663 1097 1718 sicut
1120 1680 1358 1719 arenam
1386 1665 1726 1730 maris.Quae
1755 1665 1954 1720 multi-

301 1749 535 1822 plicatio
568 1767 670 1822 per
700 1755 860 1806 Isaac
901 1752 1100 1807 futura
1145 1757 1268 1807 erat
1291 1754 1462 1824 juxta
1521 1755 1677 1824 quod
1709 1753 1954 1809 Abrahm

305 1839 524 1894 dictum
559 1843 648 1895 est
680 1859 692 1895 :
726 1839 786 1892 In
823 1841 974 1895 Isaac
1003 1841 1282 1896 vocabitur
1305 1843 1406 1896 tibi
1434 1843 1795 1907 semen.Quid
1819 1860 1954 1915 ergo
1986 1859 2032 1923 Β

307 1933 392 1983 est
423 1929 578 2000 quod
615 1933 774 1983 Isaac
798 1928 1055 1984 sterilem
1089 1947 1326 1986 uxorem
1360 1933 1600 1986 sortitus
1630 1937 1736 1999 est,
1769 1933 1816 1987 si
1851 1949 1954 2005 per

306 2034 438 2074 eum
453 2034 648 2073 semen
673 2017 919 2072 Abrahae
944 2018 1456 2092 multiplicandum
1478 2022 1740 2076 erat?Sed
1766 2021 1956 2077 scien-

307 2106 446 2161 dum
476 2106 614 2178 quia
645 2107 830 2161 sancti
863 2123 929 2162 ea
953 2124 1079 2178 quae
1103 2110 1320 2163 orando
1345 2109 1608 2164 obtinent
1639 2111 1721 2165 sic
1745 2112 1956 2181 praede—

310 2195 529 2250 stinata
607 2201 745 2250 sunt
775 2201 839 2249 ut
868 2197 1140 2266 precibus
1170 2196 1652 2268 impetrent.Hinc
1682 2205 1771 2253 est
1801 2200 1954 2270 quod

306 2300 412 2356 per
435 2285 594 2339 Isaac
618 2283 1130 2355 multiplicandum
1157 2291 1492 2340 eratsemen
1546 2287 1786 2341 Abrahae
1818 2304 1830 2340 :
1855 2287 1954 2342 sed

307 2371 422 2427 hoc
457 2371 651 2442 ipsum
685 2373 902 2426 orando
952 2372 1222 2427 obtinuit.
1255 2373 1399 2428 Nam
1459 2375 1734 2429 omnibus
1776 2375 1959 2444 justis

304 2466 707 2530 praeparatum
742 2466 831 2516 est
871 2467 1001 2515 ante
1032 2461 1240 2516 saicula
1293 2478 1538 2533 regnum
1577 2462 1692 2529 Dei,
1748 2465 1959 2526 sedita

306 2553 373 2603 ut
404 2549 624 2603 orando
656 2554 712 2604 et
735 2548 1058 2604 laborando
1075 2551 1146 2604 ad
1170 2549 1314 2604 illud
1347 2568 1454 2606 suo
1476 2557 1734 2624 tempore
1762 2570 1957 2624 perve-

311 2636 501 2692 niaut.

376 2725 544 2782 Vers.
578 2728 666 2781 22.
698 2726 1144 2796 Collidebantur,
1175 2730 1552 2800 Septuaginta
1588 2731 1828 2786 dicunt:
1855 2737 1958 2786 Lu-

309 2815 516 2872 debaat
538 2821 588 2870 et
617 2817 995 2871 calcitrabant.
1031 2848 1097 2858 —
1125 2818 1486 2888 Perrexitque
1538 2827 1597 2874 ut
1649 2821 1958 2877 consuleret

313 2905 915 2970 Dominquuzeritur
944 2922 1060 2976 quo
1093 2907 1408 2978 perrexerit
1427 2907 1732 2964 consulere
1766 2910 1956 2965 Domi-

316 2994 744 3049 num.Necdum
769 2995 924 3050 enim
941 2995 1658 3060 tabernaculum,necdum
1672 2999 1956 3070 templum

317 3084 411 3138 Dei
444 3083 795 3139 aedificatum
827 3088 970 3139 erat.
1023 3091 1104 3140 An
1158 3084 1303 3139 forte
1359 3086 1610 3157 perrexit
1665 3086 1805 3142 illuc
1857 3089 1955 3144 ubi

316 3173 607 3228 Abraham
626 3173 805 3228 altare
822 3173 1068 3228 Domino
1091 3173 1690 3245 ediﬁcaverat,aut,ut
1721 3177 1957 3247 quidam

318 3267 547 3332 putant,
573 3262 768 3317 adhuc
800 3261 1220 3317 Melchisedech
1284 3265 1554 3318 sacerdos
1589 3265 1683 3320 Dei
1714 3265 1958 3336 vivebat,

317 3351 584 3421 quamvis
619 3350 804 3422 possit
831 3351 985 3405 credi
1021 3351 1202 3405 fuisse
1232 3356 1372 3405 tunc
1394 3352 1676 3422 temporis
1709 3352 1964 3425 aliquem

319 3445 584 3494 sanctum
615 3439 807 3494 virum
842 3441 910 3494 ad
949 3457 1125 3510 quem
1159 3438 1586 3494 consulendum
1621 3440 1970 3513 soliti‘crant

320 3544 549 3601 pergere
577 3528 608 3582 ‘P
638 3532 835 3584 Potest
866 3533 921 3582 et
950 3527 1094 3582 illud
1131 3528 1424 3597 dici,quod
1448 3533 1643 3584 mente
1674 3536 1730 3584 et
1760 3531 1971 3602 cogita-

322 3616 466 3674 tione
496 3619 566 3674 ad
607 3617 788 3673 Deum
825 3617 1225 3690 perrexerit,et
1257 3615 1523 3689 allegatis
1547 3617 1880 3689 potionibus
1912 3620 1968 3675 in

324 3703 442 3762 loco
467 3706 996 3778 dormierit,ibique
1027 3724 1130 3778 per
1151 3706 1434 3762 visionem
1459 3723 1806 3779 responsum
1833 3707 1972 3763 divi-

328 3811 459 3852 num
492 3795 803 3868 acceperit.

395 3903 558 3959 Vers.
594 3903 686 3957 23.
725 3903 857 3958 Duae
874 3911 1056 3973 gentes
1087 3903 1144 3956 in
1178 3909 1335 3958 utero
1364 3911 1454 3958 tuo
1499 3912 1643 3958 sunt.
1675 3904 1850 3960 Juxta
1878 3905 1974 3960 lit-

334 3995 505 4047 teram
539 3993 694 4048 duas
724 3997 926 4063 gentes
961 3993 1349 4046 ldumzeorum
1382 3997 1440 4046 et
1467 3994 1798 4048 Iudaeorum
1832 3995 1975 4049 dicit

336 4079 487 4143 Quod
520 4098 660 4136 vero
693 4083 750 4135 in
783 4081 1160 4152 sequentibus
1192 4081 1530 4152 dicitzillajor
1545 4084 1746 4137 serviet
1768 4085 1975 4139 minori

335 4166 470 4224 illud
491 4169 977 4242 tempusquando
1000 4169 1148 4223 Esau
1174 4171 1360 4238 major
1381 4170 1769 4225 ldumzeorum
1794 4171 1972 4226 servi-

334 4257 405 4310 vit
430 4259 638 4324 Jacob,
671 4258 729 4312 id
761 4262 850 4312 est
876 4257 1303 4313 Judacis.David
1325 4259 1480 4313 enim
1508 4275 1604 4313 eos
1634 4258 1974 4317 tributarios

332 4344 455 4401 fecit
482 4353 540 4402 et
571 4346 660 4403 sic
680 4347 1006 4402 servierunt
1029 4347 1139 4402 sub
1165 4347 1383 4401 tributo
1399 4365 1703 4419 usquequo
1732 4349 1970 4404 rebella-

327 4443 541 4502 verunt,
565 4438 746 4507 juxta
775 4436 931 4506 quod
965 4436 1022 4490 in
1049 4435 1196 4490 libro
1231 4436 1452 4508 Regum
1485 4435 1713 4508 legitur:
1747 4439 1975 4493 Recessit

330 4523 484 4580 Edam
510 4544 579 4582 ne
615 4533 752 4580 esset
779 4524 876 4579 sub
913 4525 1057 4580 Iuda
1089 4525 1185 4595 (IV
1233 4526 1356 4596 Reg.
1391 4542 1512 4591 vm,
1563 4527 1679 4594 20).
1737 4527 1974 4599 Mystice

331 4611 382 4664 hi
416 4615 530 4670 duo
561 4613 788 4687 gemini
812 4613 958 4667 duos
988 4613 1321 4685 significant
1345 4613 1767 4685 populos,Esau
1789 4617 1978 4686 major

329 4706 458 4757 natu
487 4703 749 4770 Judzeos,
777 4703 960 4758 Jacob
992 4719 1125 4757 vero
1158 4703 1348 4758 minor
1377 4703 1652 4774 gentilem
1686 4705 1968 4775 populum

333 4789 503 4862 itajor
530 4808 670 4865 ergo
697 4791 874 4847 servit
889 4790 1267 4861 minori,quia
1297 4791 1576 4846 Judaicus
1604 4792 1858 4864 populus
1884 4794 1968 4848 di-

336 4894 564 4949 spersus
583 4898 686 4952 per
705 4885 894 4936 totum
916 4880 1115 4934 orbem
1145 4879 1321 4934 servit
1339 4881 1754 4951 gentibus,non
1779 4881 1970 4937 solum

339 4969 612 5040 corporali
649 4969 1152 5038 servitute,verum
1185 4967 1358 5022 etiam
1382 4969 1519 5039 quia
1540 4967 1724 5040 legem
1758 4975 1815 5024 et
1847 4988 1972 5042 pro-

341 5055 537 5126 phetas
567 5059 638 5112 ad
673 5058 933 5128 gentium
968 5057 1250 5112 utilitates
1281 5062 1483 5112 servat.
1518 5057 1576 5111 ln
1610 5057 1777 5112 nobis
1797 5058 1970 5114 etiam

341 5141 474 5213 ipsis
500 5147 623 5202 bc
657 5146 779 5200 rixa
810 5146 1060 5200 duorum
1095 5145 1442 5216 populorum
1476 5145 1672 5216 agitur
1700 5163 1833 5200 cum
1883 5146 1973 5202 lex

341 5233 520 5288 carnis
551 5233 992 5305 repugnatJIegi
1027 5235 1226 5303 menti,
1277 5251 1411 5288 cum
1468 5234 1609 5288 vitia
1657 5233 1972 5291 virtutibus
2032 5292 2037 5298 ,

342 5322 945 5378 contraveniunt.Nam
981 5340 1083 5394 per
1109 5323 1388 5393 majorem
1421 5321 1561 5378 vitia
1591 5323 1973 5395 designantur

342 5409 469 5478 quia
499 5410 670 5482 plura
699 5416 839 5466 sunt
868 5411 1206 5474 virtutibus,
1226 5416 1282 5465 et
1313 5427 1544 5482 semper
1575 5429 1818 5467 numero
1844 5413 1971 5484 plu-

342 5510 428 5552 res
454 5498 541 5553 vel
578 5500 800 5571 priores
832 5505 972 5555 sunt
1004 5499 1142 5554 mali
1176 5515 1351 5570 quam
1385 5499 1543 5554 boni.
1595 5501 1705 5555 Sed
1740 5517 1841 5573 per
1871 5503 1969 5557 Dei

2059 1110 2199 1180 quia
2232 1117 2471 1164 vocatus
2501 1114 2589 1163 est
2620 1111 2790 1173 Esau,
2827 1108 3009 1162 Etlom:
3047 1108 3185 1162 Seir.
3218 1107 3387 1162 Iacob
3418 1108 3704 1180 interpre-

2059 1203 2218 1252 tatur
2248 1197 2895 1269 supplantalor.Mystice
2916 1196 3095 1250 Jacob
3112 1195 3390 1267 gentilem
3408 1199 3692 1268 populum

2061 1285 2327 1341 videlicet
2356 1286 2667 1341 .ludaicum
2697 1285 3116 1357 supplantavit,
3153 1284 3207 1338 id
3252 1289 3341 1339 est
3371 1285 3481 1339 sub
3508 1285 3708 1357 planta

2066 1375 2247 1439 misit,
2281 1375 2418 1446 quia
2451 1373 2614 1445 quasi
2651 1391 2827 1444 super
2857 1389 2988 1427 eum
3023 1373 3550 1444 ascendit,quando
3581 1375 3708 1444 ejus

2062 1463 2406 1535 dignitatem
2441 1462 2678 1534 accepit.

2131 1551 2293 1607 Vers.
2327 1554 2416 1606 27.
2455 1554 2652 1606 Factus
2684 1559 2761 1606 cst
2792 1552 2932 1605 Esau
2965 1553 3050 1605 vir
3077 1567 3290 1620 gnarus
3317 1552 3572 1606 venandi.
3605 1552 3711 1607 Per

2062 1642 2205 1695 Esau
2238 1645 2545 1696 venatorem
2577 1640 2684 1694 hoc
2716 1640 2839 1694 loco
2874 1639 3258 1710 designantur
3296 1639 3564 1695 homines
3597 1644 3711 1695 ter-

2065 1746 2201 1784 rena
2231 1733 2642 1801 quaerentes,et
2662 1729 2841 1783 lucris
2864 1727 3059 1784 saeculi
3085 1729 3251 1798 quasi
3276 1730 3564 1784 venationi
3592 1730 3708 1786 insi

2063 1824 2303 1874 stentes.
2337 1819 2440 1882 Qui
2471 1819 2614 1873 bene
2645 1818 2818 1872 etiam
2843 1819 3083 1888 agricola
3117 1818 3294 1873 fuisse
3328 1819 3707 1891 dicitur,quia

2065 1908 2334 1963 homines
2357 1907 2548 1963 szeculi
2585 1912 2800 1978 quanto
2835 1905 2966 1978 plus
3004 1907 3212 1961 intima
3243 1923 3347 1962 sua
3381 1907 3705 1979 negligunt.

2063 2001 2224 2052 tanto
2256 1997 2444 2068 magis
2466 1997 2521 2050 in
2553 1995 2780 2050 cultura
2799 1997 2850 2050 et
2883 1996 3077 2050 studio
3097 2012 3292 2051 rerum
3327 1999 3710 2068 praesentium

2065 2086 2616 2157 occupanturJacob
2648 2101 2772 2140 vero
2797 2086 3033 2155 simplex
3062 2084 3343 2140 habitabat
3371 2087 3430 2139 in
3460 2086 3718 2141 taberna-

2065 2173 2377 2237 culis.Quia
2407 2173 2817 2244 unusquisque
2839 2178 3076 2227 sanctus
3094 2178 3147 2226 et
3172 2172 3368 2228 minus
3389 2173 3445 2227 in
3473 2177 3720 2230 terrenis

2067 2266 2383 2331 occupatus
2400 2261 2557 2314 intra
2578 2262 2816 2314 domum
2832 2265 3045 2314 sanctae
3065 2261 3433 2316 conscientiae
3458 2262 3706 2330 habitat,

2068 2367 2171 2405 nec
2205 2367 2306 2420 per
2335 2349 2620 2404 exteriora
2653 2348 3151 2419 spargitur.Juxta
3178 2347 3430 2403 litteram
3466 2365 3568 2420 pro
3587 2352 3718 2404 sim-

2064 2439 2208 2510 plici
2225 2437 2336 2492 alia
2363 2437 2667 2491 translatio
2689 2437 2864 2491 habet
2884 2438 3004 2491 sine
3023 2436 3328 2508 dolo,quod
3348 2437 3541 2492 Graece
3567 2438 3722 2509 apta-

2066 2528 2255 2597 stes,id
2285 2533 2370 2582 est
2391 2543 2498 2581 non
2529 2527 2683 2595 ﬁctus
2712 2524 2941 2580 dicitur.
2981 2526 3090 2580 Sed
3124 2527 3417 2597 quomodo
3439 2525 3564 2582 sine
3585 2526 3719 2583 dolo

2066 2621 2190 2672 erat
2218 2616 2317 2686 qui
2353 2617 2589 2669 fratrem
2624 2631 2797 2667 suum
2833 2613 2966 2668 dolo
3022 2614 3304 2686 decepit?
3332 2616 3440 2670 Sed
3494 2615 3602 2671 hoc
3634 2617 3705 2672 ad

2068 2705 2434 2777 mysterium,
2463 2720 2575 2758 non
2613 2704 2678 2757 ad
2717 2701 3004 2757 malitiam
3037 2704 3165 2773 ejus
3199 2704 3569 2759 referendum
3602 2694 3710 2773 est,

2068 2795 2206 2866 quia
2238 2795 2424 2848 omnia
2461 2795 2521 2846 in
2549 2793 2736 2863 ﬁgura
2765 2791 3147 2861 contingebant
3184 2793 3232 2861 (1
3261 2794 3382 2848 Cor.
3416 2809 3473 2859 x,
3508 2794 3614 2865 11).

2120 2883 2350 2938 Vers.3l
2365 2882 2560 2936 .Vende
2577 2882 3110 2951 mihiprimogenzta.
3123 2882 3692 2954 Primogenitaldicun
3704 2914 3720 2923 -

2068 2971 2511 3042 turomuiaquaa
2529 2969 2757 3024 vulvam
2777 2970 2982 3024 matris
2999 2986 3106 3041 ape
3119 2970 3434 3041 riunt,qua3
3459 2971 3724 3042 speciali-

2069 3066 2156 3117 ter
2171 3061 2572 3132 primogenitis
2587 3058 2722 3113 filiis
2739 3059 3421 3128 debebantur,Nonnulli
3439 3061 3640 3115 dicunt
3661 3079 3727 3134 pr

2069 3149 2554 3224 mogenitavocari
2569 3152 2782 3204 vestem
2800 3165 2913 3218 qua
2927 3148 3325 3203 induebantur
3339 3149 3726 3222 primogenita

1991 3221 2034 3285 θ
2077 3245 2133 3294 et
2168 3221 2497 3294 sacerdotes
2531 3237 2933 3290 fiebant.Hanc
2965 3236 3146 3307 igitur
3167 3237 3510 3308 dignitatem
3539 3221 3718 3311 quam

2075 3329 2226 3383 Esau
2262 3326 2686 3398 primogenitus
2719 3325 2978 3396 accipere
3009 3325 3210 3380 debuit
3232 3327 3550 3397 cupiditate
3574 3328 3722 3399 gulae

2078 3419 2388 3487 superatus
2421 3413 2630 3467 minori
2663 3413 2823 3466 fratri
2857 3430 2964 3468 suo
2993 3413 3514 3477 vendidit.Quibus
3537 3416 3728 3472 modis

2077 3505 2214 3559 vitio
2248 3503 2396 3574 gulre
2419 3501 3064 3556 tentamur?Sciendum
3093 3507 3289 3558 autem
3323 3503 3584 3576 quinque
3606 3522 3726 3561 mo-

2081 3592 2172 3647 dis
2203 3607 2310 3646 nos
2339 3591 2476 3644 vitio
2509 3589 2655 3659 gula:
2691 3590 2900 3644 tentari
2937 3607 2949 3642 :
2986 3590 3195 3661 primo.
3232 3609 3365 3647 cum
3426 3595 3560 3664 quis
3593 3600 3728 3650 ante

2082 3682 2284 3736 horam
2319 3678 2663 3749 dispositam
2696 3677 2931 3732 velante
2963 3679 3368 3734 necessitatem
3395 3682 3520 3736 vult
3539 3699 3729 3738 come-

2082 3771 2236 3826 dere.
2274 3768 2540 3824 Secundo
2574 3782 2708 3820 cum
2740 3765 3015 3822 lautiores
3040 3767 3200 3822 cibos
3229 3769 3493 3838 requirit.
3517 3772 3727 3836 Tertio,

2083 3876 2216 3914 cum
2249 3857 2578 3914 accuratius
2620 3871 2962 3912 communes
2994 3855 3156 3910 cibos
3213 3855 3338 3910 vult
3395 3859 3729 3928 praeparari.

2084 3951 2322 4016 Quarto,
2353 3964 2486 4002 cum
2521 3945 2878 4002 comedendo
2912 3945 3149 4000 modum
3207 3945 3450 4000 excedit.
3495 3947 3732 4015 Quinto,

2083 4056 2213 4096 cum
2247 4035 2601 4108 despicabile
2633 4040 2722 4090 est
2752 4034 2904 4106 quod
2931 4033 3040 4088 vile
3071 4038 3159 4088 est
3197 4035 3441 4106 percipit
3491 4036 3549 4090 in
3603 4037 3730 4109 ipso

2084 4132 2226 4183 aestu
2262 4125 2534 4186 desiderii
2569 4125 2756 4195 magis
2809 4124 3083 4178 ostendit.
3119 4128 3238 4178 Hac
3297 4125 3484 4196 specie
3544 4125 3733 4184 victus

2085 4219 2233 4272 Esau
2267 4215 2564 4285 displicuit
2587 4219 2643 4268 et
2665 4213 3282 4284 rcprobatusest.Hinc
3301 4215 3507 4270 beatus
3527 4220 3730 4288 Augu-

2083 4305 2276 4362 stinus
2306 4304 2447 4358 dicit
2480 4321 2491 4358 :
2527 4327 2553 4353 ‹‹
2586 4303 2707 4356 Non
2741 4318 2876 4374 ergo
2898 4302 3335 4357 immunditiam
3367 4303 3728 4367 obsonii,sed

2083 4392 2586 4448 immmunditiam
2620 4393 2797 4446 timeo
2829 4390 3189 4462 cupiditatis.
3224 4413 3250 4439 »
3287 4391 3523 4461 Mystice
3544 4391 3734 4446 Judaei

2085 4483 2184 4554 qui
2219 4499 2320 4553 per
2352 4482 2500 4535 Esau
2535 4477 3161 4552 significantur,carnis
3193 4494 3310 4532 suae
3331 4478 3735 4548 voluptatibus

2009 4582 2054 4646 D
2088 4571 2267 4627 dediti
2292 4575 2348 4624 et
2379 4569 2628 4624 terrenis
2663 4567 2940 4639 operibus
2969 4567 3234 4636 occupati
3270 4581 3384 4620 non
3417 4565 3609 4621 solum
3642 4566 3733 4621 di-

2085 4660 2366 4732 gnitatem
2401 4674 2579 4729 quam
2613 4656 2673 4710 in
2713 4656 2982 4727 praesenti
3041 4655 3336 4709 habebant
3386 4655 3736 4711 dimiserunt

2082 4765 2282 4805 verum
2315 4747 2490 4801 etiam
2515 4744 2678 4799 illam
2705 4743 3130 4799 beatitudinem
3155 4759 3280 4814 quze
3312 4744 3397 4799 eis
3420 4745 3734 4816 repromis-

2083 4856 2147 4894 sa
2177 4842 2319 4903 erat,
2352 4842 2410 4892 et
2439 4834 2630 4892 omnis
2663 4849 2864 4888 eorum
2896 4831 3152 4904 dignitas
3197 4833 3269 4888 ad
3314 4833 3592 4904 gentilem
3625 4849 3726 4904 po-

2084 4925 2289 4998 pulum
2322 4923 2606 4980 translata
2637 4928 2743 4991 est,

2667 5082 2901 5138 CAPUT
2933 5080 3126 5136 XXVI.

2153 5230 2318 5297 Vcrs,
2356 5230 2439 5281 1οε
2477 5228 2656 5294 Quare
2677 5224 2995 5294 imposuisti
3019 5222 3048 5276 ?
3080 5221 3137 5276 Id
3171 5225 3279 5285 est,
3333 5236 3511 5291 quare
3561 5221 3730 5275 dece-

2083 5321 2217 5396 pisti
2248 5321 2274 5374 ‘?
2304 5317 2449 5373 Hinc
2480 5318 2795 5385 impostores
2826 5312 3102 5365 dicuntur

2153 5411 2314 5462 ναι-ε.
2353 5407 2437 5460 18.
2474 5405 2706 5458 Rursum
2738 5401 2876 5471 fodit
2906 5399 3058 5455 alios
3086 5408 3278 5470 puteos
3307 5415 3440 5470 quos
3467 5398 3724 5469 foderant

2080 5501 2228 5557 servi
2280 5497 2457 5568 patris
2476 5495 2584 5548 sui.
2619 5489 2940 5562 Allegorice
2975 5490 3134 5545 Isaac
3157 5489 3408 5544 Cristum
3438 5487 3734 5561 signiﬁcat

405 5674 477 5749 (a)
507 5676 669 5749 Cod,,
700 5686 997 5754 apotamos.
1031 5679 1165 5747 Qum
1204 5693 1312 5736 vox
1342 5692 1476 5734 cum
1527 5692 1688 5754 seqq.
1723 5678 1886 5740 deest
1939 5680 1999 5740 in
2039 5681 2167 5742 cod.
2200 5678 2337 5754 Teg.
