4040 6208
314 318 432 381 103

885 311 1189 377 REMIGII
1233 311 1997 378 ANTISSIODORENSIS
2040 312 2212 376 OPP.
2261 313 2458 376 PARS
2502 314 2628 375 I.—
2680 313 3149 377 EXEGETICA.

3607 308 3725 376 104

314 450 436 523 qui,
470 465 602 504 cum
633 447 888 503 venisset
911 463 1015 519 per
1044 445 1468 502 Incarnationis
1510 444 1854 518 mysterium
1887 445 1958 500 ad
1987 447 2041 512 Α
2073 461 2207 502 eum
2231 463 2345 501 non
2369 446 2829 517 vidit,signiﬁcat
2850 447 2989 519 quia
3002 451 3334 504 DeusPatsr
3355 446 3718 504 vocationem

315 542 622 594 torrentem
659 540 867 592 nostrae
901 534 1294 600 mortalitatis,
1326 535 1465 606 fodit
1488 539 1674 606 puteos
1726 534 1781 589 id
1834 540 1942 601 est,

313 625 540 700 aperuit
569 624 873 682 scientiam
905 625 1495 697 Scripturarum,qnos
1522 624 1801 696 fodiebant
1814 627 1956 679 servi

305 717 489 787 patris
517 716 634 786 ejus
665 714 982 777 Abraham,
1014 712 1235 768 scilicet
1273 716 1514 784 Moyses,
1551 712 1756 778 David,
1789 711 1960 768 Salo-

312 820 451 860 mon
482 808 538 859 et
569 803 767 875 magni
805 819 940 859 voce
972 801 1283 874 prophetae.
1319 801 1387 854 Hi
1419 801 1571 856 enim
1608 800 1755 855 servi
1784 800 1962 854 Abra—

312 892 470 964 ham,
506 892 563 946 id
587 896 693 962 est,
727 890 1148 963 omnipotentis
1173 889 1274 944 Dei
1306 890 1475 959 cujus
1499 889 1747 959 ﬁguram
1770 889 1958 943 Abra-

310 981 446 1038 ham
478 982 758 1054 gestabat.
790 981 898 1036 Sed
931 980 1039 1035 hos
1087 982 1273 1050 puteos
1332 978 1606 1034 Palestini
1654 978 1960 1034 invidentes

311 1079 454 1128 terra
479 1071 708 1143 repleam
723 1069 1139 1136 unt,Palzstini
1156 1068 1386 1124 Judaaos
1410 1066 1953 1138 designantalienos

309 1177 344 1215 a
373 1159 488 1215 Deo
522 1159 620 1230 qui
643 1159 976 1229 Scripturas
1002 1161 1384 1229 perruperant
1405 1161 1634 1212 terreno
1658 1155 1957 1211 intellectu

309 1248 462 1305 Nam
499 1247 792 1304 Palaestini
825 1248 998 1302 alieni
1028 1247 1504 1318 interpretantur.

379 1340 544 1392 Vers.
581 1337 664 1391 19.
695 1337 966 1392 Foderunt
995 1337 1056 1389 in
1087 1338 1326 1390 torrente
1354 1343 1404 1390 et
1450 1349 1703 1405 reperere
1752 1349 1958 1405 aquam

309 1427 516 1481 vivam.
549 1425 708 1480 Servi
741 1426 899 1480 Isaac
930 1427 990 1479 in
1021 1429 1260 1479 torrente
1308 1440 1509 1495 aquam
1537 1425 1718 1478 vivam
1745 1437 1959 1494 repere-

312 1522 465 1572 runt.
499 1514 607 1580 Qui
639 1519 778 1569 sunt
804 1515 951 1569 servi
980 1515 1130 1569 Isaac
1159 1513 1272 1568 nisi
1331 1511 1660 1576 Mattheus,
1705 1511 1956 1577 Marcus,

312 1609 518 1668 Lucas,
550 1607 606 1658 et
634 1603 890 1658 Joannes
921 1603 1226 1674 caaterique
1275 1599 1522 1673 apostoli
1577 1599 1676 1671 qui
1729 1617 1956 1671 aquam,

311 1692 370 1746 id
401 1696 510 1760 est,
535 1690 925 1762 evangelicam
949 1691 1275 1746 doctrinam
1307 1698 1629 1761 repererunt
1649 1690 1959 1744 etcreden-

311 1779 469 1834 tibus
492 1779 861 1834 tradiderunt
889 1779 918 1833 ‘l
950 1779 1060 1834 Sed
1123 1795 1356 1833 rursum
1416 1778 1708 1833 Palaestini
1733 1777 1959 1847 jurgati

309 1877 437 1924 sunt
465 1885 484 1922 :
507 1868 646 1940 quia
673 1867 858 1923 Judaei
890 1867 1236 1939 evangelicae
1264 1865 1539 1922 doctrinae
1590 1866 1949 1930 restiterunt,

201 1977 212 1980 ·
309 1974 414 2014 nec
444 1974 591 2013 nova
620 1957 790 2013 condi
830 1955 1256 2028 permittentes,
1313 1971 1418 2010 nec
1469 1959 1664 2011 vetera
1716 1953 1954 2027 purgari

306 2045 586 2102 valentes.

377 2136 540 2200 Vers,
579 2135 670 2190 22.
721 2133 991 2189 Foderunt
1046 2133 1221 2188 alium
1274 2135 1500 2204 puteum
1540 2148 1636 2201 pro
1691 2149 1796 2204 quo
1841 2148 1953 2188 non

307 2224 716 2290 contenderunt,
751 2227 860 2279 Pro
889 2223 1058 2278 tertio
1083 2226 1247 2295 puteo
1269 2223 1394 2292 jam
1428 2222 1562 2276 victi
1594 2237 1700 2278 non
1729 2229 1950 2278 conten-

311 2313 532 2379 derunt,
561 2314 718 2386 quia,
753 2317 1066 2386 postquam
1102 2313 1244 2366 fides
1276 2309 1581 2366 Trinitatis
1615 2316 1828 2366 sanctae
1855 2327 1956 2382 per

308 2405 598 2463 mundum
631 2402 931 2474 praedicari
957 2399 1440 2473 cmpit,patientia
1453 2405 1787 2455 sanctorum
1820 2398 1953 2454 victi

307 2491 623 2550 adversarii
638 2489 1201 2546 cessaverunt.Unde
1226 2490 1370 2542 bene
1392 2493 1566 2559 puteo
1584 2504 1794 2542 nomen
1819 2488 1954 2542 inde

309 2580 566 2653 positum
599 2581 689 2632 est
718 2578 790 2646 ei,
825 2577 1084 2631 latitudo.
1147 2576 1432 2630 Dilatatus
1477 2579 1567 2630 est
1595 2575 1751 2629 enim
1782 2591 1954 2631 verus

309 2670 490 2734 Isaac,
524 2667 583 2721 id
615 2669 704 2720 est
735 2665 1003 2720 Christus
1034 2663 1148 2719 ﬁde
1179 2663 1446 2718 omnium
1477 2664 1866 2726 credentium,
1898 2667 1956 2718 et

313 2762 486 2813 notus
516 2755 752 2826 quidem
785 2757 956 2808 antea
984 2757 1212 2807 tantum
1247 2751 1305 2806 in
1353 2751 1556 2807 Judeea
1594 2751 1747 2807 Deus
1780 2752 1952 2807 modo

310 2861 444 2901 vero
475 2843 689 2899 dicitur
721 2858 735 2897 ε
767 2847 836 2898 1η
868 2856 1084 2897 omnem
1129 2845 1338 2896 terram
1369 2841 1545 2895 exivit
1572 2856 1736 2896 sonus
1764 2855 1955 2895 eorum

310 2932 440 2989 etin
468 2932 603 3004 ﬁnes
624 2931 767 2987 orbis
796 2939 966 2986 terra?
992 2929 1156 2985 verba
1175 2944 1361 2983 eorum
1382 2928 1554 2998 (Psal.
1580 2945 1736 2997 xvm,
1768 2928 1844 2999 5).

384 3021 681 3078 Moraliter
707 3025 894 3092 puteos
925 3019 1424 3091 fodimus.quando
1464 3017 1672 3072 divinas
1699 3018 1954 3072 scientiae

311 3111 432 3167 alta
458 3109 723 3182 sapimus
751 3107 839 3164 vel
871 3113 1266 3180 penetramus.
1327 3109 1481 3172 Quos
1517 3111 1711 3162 tamen
1748 3109 1954 3177 puteos

312 3199 589 3271 allophyli
611 3203 765 3252 terra
795 3195 1163 3268 repleverunt
1199 3212 1212 3250 :
1243 3195 1381 3266 quia
1430 3195 1598 3251 nobis
1659 3195 1950 3266 profunda
1984 3184 2026 3250 (ἶ

302 3288 737 3361 Scripturarum
761 3284 1251 3357 investigantibus
1273 3300 1424 3356 saepe
1447 3285 1738 3339 daemones
1764 3289 1949 3339 terre-

304 3395 410 3433 nas
439 3376 822 3449 cogitationes
836 3377 1216 3446 aggerunt,ut
1249 3390 1284 3426 a
1314 3372 1483 3428 nobis
1506 3389 1718 3444 aquam
1741 3371 1949 3427 divinae

308 3466 560 3523 scientia:
591 3465 820 3520 tollant.

371 3555 537 3612 Vcrs.
569 3554 661 3608 26.
694 3551 1011 3608 Ablmelech
1041 3555 1094 3607 et
1126 3552 1352 3608 Ochoza.
1388 3552 1491 3606 Hic
1549 3550 1762 3607 Ochom
1819 3567 1950 3622 pro-

302 3644 498 3700 nubus
519 3646 644 3698 erat
667 3641 1398 3713 Abimelech.Septuaginta
1420 3657 1521 3712 pro
1551 3639 1775 3696 Ochoza
1787 3640 1950 3695 colle-

298 3735 452 3805 gium
471 3735 720 3804 ponunt,
744 3734 808 3786 ut
840 3747 952 3785 non
987 3729 1064 3786 sit
1094 3746 1306 3784 nomen
1339 3728 1726 3795 hominis,sed
1756 3727 1950 3782 multi-

298 3823 563 3878 tudinem
597 3820 919 3877 amicorum
951 3820 1235 3892 designet,
1267 3820 1326 3888 "ge
1375 3818 1593 3888 quibus
1633 3833 1786 3873 unus
1816 3821 1942 3871 erat

307 3912 524 3983 Phicol,
555 3911 676 3966 dux
706 3909 982 3965 militum.

368 4000 534 4055 Vers.
570 3999 660 4054 33.
693 3998 975 4053 Bersabee.
1017 3997 1142 4052 Non
1199 3996 1352 4051 sicut
1408 3994 1700 4066 superius,
1754 4002 1948 4065 puteus

299 4089 584 4160 septimus,
614 4084 703 4142 vel
734 4094 932 4156 puteus
955 4085 1269 4156 juramenti
1307 4085 1408 4140 sed
1463 4088 1659 4155 puteus
1687 4085 1954 4139 sanctita-

299 4178 392 4242 tis,
421 4173 567 4231 Nam
596 4177 688 4230 sin
718 4173 914 4230 littera
948 4174 1011 4230 in
1040 4174 1259 4229 samech
1287 4190 1454 4229 versa
1479 4178 1585 4228 est.

881 4332 1118 4389 CAPUT
1167 4333 1388 4400 XXVII,

2075 534 2333 606 gentium
2371 552 2472 606 per
2503 535 2815 608 prophetas
2876 535 3280 609 multipliciter
3339 535 3581 610 praedixi
3616 537 3718 593 sed

2073 639 2171 679 eas
2202 624 2632 695 quodammodo
2663 641 2778 680 non
2813 624 2973 692 vidit;
3009 628 3118 681 hoc
3148 629 3257 681 est.
3289 641 3403 680 non
3437 624 3719 682 misertus

2073 727 2271 766 earum
2306 711 2686 784 permisitque
2716 711 2943 784 ingredi
2975 714 3096 768 vias
3126 729 3285 779 suae,
3311 717 3368 768 et
3395 729 3590 768 errare
3616 729 3720 784 per

2073 801 2334 873 quinque
2351 800 2545 856 saeculi
2563 802 2949 865 aetates.Quod
2969 817 3102 858 vero
3117 801 3298 856 Jacob
3323 817 3437 856 non
3457 802 3528 856 de
3548 817 3720 858 vena-

2071 889 2356 957 tione,sed
2388 889 2458 944 de
2489 891 2826 945 domesticis
2849 889 3290 957 animalibus,id
3314 895 3403 946 est
3423 889 3714 956 haedis,ci-

2070 979 2174 1034 bos
2197 979 2342 1051 patri
2362 978 2584 1050 paravit
2605 979 2876 1052 designat
2900 978 3036 1050 quia
3053 977 3305 1050 populus
3321 979 3583 1051 gentium
3601 995 3715 1036 non

2069 1067 2129 1122 in
2161 1069 2546 1124 exterioribus
2578 1085 2685 1124 nec
2718 1069 2775 1124 in
2809 1069 3006 1123 littera
3027 1067 3171 1140 legis
3203 1068 3320 1125 Deo
3349 1067 3578 1140 placere
3599 1073 3720 1124 stu-

2068 1156 2198 1212 duit
2226 1157 2326 1212 sed
2362 1156 2419 1211 in
2455 1173 2518 1212 se
2548 1156 2674 1228 ipso
2742 1155 3097 1229 acceptabile
3148 1156 3556 1213 holocaustum
3617 1174 3722 1230 per

2069 1246 2242 1300 fidem
2273 1249 2330 1301 et
2359 1246 2730 1302 dilectionem
2758 1245 3196 1312 obtulit,dieens
3219 1263 3353 1302 cum
3380 1245 3716 1302 Psalmista:

2068 1334 2128 1388 In
2157 1351 2244 1390 me
2263 1343 2410 1402 sunt,
2441 1335 2604 1402 Deus,
2637 1343 2757 1390 vota
2788 1343 2889 1390 tua
2913 1349 3038 1406 quae
3096 1333 3324 1391 reddam
3373 1334 3717 1391 laudationes

2067 1424 2172 1477 tibi
2200 1424 2375 1494 (Psal.
2412 1440 2499 1492 ιν,
2538 1424 2646 1494 12).
2681 1455 2747 1465 -
2782 1424 2950 1479 Vestes
2982 1427 3128 1479 Esau
3184 1422 3401 1495 quibus
3458 1423 3718 1480 Rebecca

2068 1511 2352 1567 minorem
2386 1511 2573 1568 ﬁlium
2601 1512 3200 1582 vestivit,ornamenta
3215 1516 3355 1568 sunt
3374 1511 3705 1568 divinorum

2069 1605 2511 1674 praeceptorum,
2545 1601 2760 1672 quibus
2791 1600 2888 1656 ille
2921 1601 3078 1672 prior
3130 1599 3385 1673 populus
3415 1601 3715 1673 quondam

2066 1689 2454 1746 decorabatur
2485 1709 2498 1757 ;
2533 1693 2634 1746 sed
2667 1689 2766 1745 illo
2799 1705 2900 1762 per
2934 1688 3342 1746 inﬁdelitatem
3372 1690 3706 1762 reprobate,

2066 1782 2270 1849 gentes
2299 1778 2360 1834 in
2393 1779 2692 1834 Christum
2741 1779 3041 1836 credentes
3071 1768 3420 1847 vestiuntur,
3468 1779 3714 1837 Domino

2063 1867 2288 1922 dicente
2322 1886 2335 1936 ;
2371 1870 2670 1940 Auferetur
2696 1886 2730 1924 a
2759 1869 2907 1924 vobis
2963 1884 3195 1938 regnum
3239 1869 3355 1925 Dei.
3397 1877 3447 1925 et
3487 1868 3715 1926 dabitur

2059 1957 2208 2026 genti
2235 1957 2470 2027 facienti
2498 1959 2715 2027 fructus
2761 1958 2877 2030 ejus
2929 1958 3134 2027 (Matth.
3192 1973 3312 2025 χχι,
3367 1956 3488 2029 li3).
3546 1958 3713 2022 Quod

2061 2061 2192 2100 vero
2225 2045 2479 2118 pellibus
2509 2047 2810 2102 hmdorum
2832 2063 3030 2102 manus
3051 2046 3244 2102 etcolli
3272 2046 3424 2102 nuda
3455 2047 3713 2119 protexit

2062 2135 2350 2208 designat,
2384 2135 2523 2206 quia
2551 2139 2754 2208 gentes
2785 2135 2856 2191 ad
2913 2135 3091 2191 ﬁdem
3133 2132 3433 2191 venientes
3467 2140 3707 2208 peccata

2063 2241 2306 2296 operum
2329 2225 2588 2280 confiteri
2617 2242 2730 2280 non
2755 2225 3353 2280 erubescunt.Haedus
3384 2225 3540 2280 enim
3572 2241 3708 2297 pec-

2063 2319 2318 2368 catorem
2341 2312 2632 2386 designat,
2692 2313 2934 2370 Domino
2965 2314 3192 2369 dicente
3221 2331 3233 2368 :
3259 2312 3470 2370 Statuet
3524 2329 3646 2369 oves
3674 2330 3712 2368 a

2061 2404 2297 2468 dextris,
2329 2402 2511 2460 ha’dos
2559 2406 2742 2458 autem
2781 2420 2815 2457 a
2869 2404 3108 2458 sinistris
3166 2402 3373 2473 (Matth,
3424 2419 3552 2472 xxv,
3585 2403 3703 2474 33).

2063 2491 2222 2557 Quod
2255 2490 2415 2546 dicit:
2450 2491 2705 2546 Voluntas
2734 2493 2833 2546 Dei
2860 2492 2971 2562 fuit
2993 2495 3052 2546 ut
3080 2491 3185 2547 cito
3213 2491 3356 2546 mihi
3375 2495 3705 2560 occurreret,

2063 2579 2203 2650 quod
2230 2579 2496 2645 volebam,
2532 2579 2706 2634 citam
2735 2579 2939 2634 mundi
2971 2579 3406 2635 conversionem
3433 2579 3708 2653 designat

2064 2673 2213 2723 Pene
2233 2668 2585 2732 enimmodo
2609 2668 2938 2724 incredibili
2963 2669 3116 2724 intra
3130 2668 3538 2724 brevissimum
3563 2674 3710 2725 tem-

2064 2757 2222 2828 poris
2242 2755 2498 2827 spatium
2525 2757 2669 2813 fides
2689 2756 2905 2814 Christi
2926 2775 3029 2830 per
3051 2757 3391 2813 universum
3417 2758 3708 2816 mundum

2064 2845 2335 2901 nuntiata
2364 2851 2472 2901 est.

2135 2953 2292 3008 Vers.
2319 2954 2410 3007 27.
2445 2955 2714 3021 Accessit,
2744 2960 2796 3008 et
2826 2953 3099 3009 osculatus
3148 2960 3222 3008 est
3250 2969 3393 3008 eum.
3455 2952 3713 3010 Osculum

2063 3041 2386 3114 patris,quo
2413 3041 2590 3097 Jacob
2613 3041 2911 3097 osculatus
2941 3040 3587 3112 est,reconciliationem
3621 3043 3708 3099 si-

2063 3129 2302 3204 gniﬁcat
2323 3131 2735 3201 mundi,quam
2785 3130 3155 3186 desiderabat
3173 3129 3430 3187 Ecclesia
3463 3130 3712 3204 loquens

2065 3221 2123 3275 in
2154 3219 2408 3275 Canticis
2440 3220 3047 3288 canticorum,dicens:
3081 3218 3400 3287 :Osculetur
3423 3236 3509 3276 me
3539 3221 3714 3277 osculi

2056 3311 2170 3364 oris
2202 3310 2287 3364 tui
2314 3308 2492 3379 (Cant.
2527 3325 2566 3376 1,
2603 3308 2674 3379 1).
2709 3339 2777 3350 ——
2805 3309 2934 3364 Ecce
2961 3309 3093 3364 odor
3118 3310 3228 3378 lilii
3249 3311 3359 3365 mei
3407 3310 3548 3366 sicut
3574 3311 3706 3366 odor

2058 3399 2179 3469 agri
2204 3399 2374 3467 pleni.
2407 3397 2556 3454 Odor
2578 3398 3026 3453 vestimentorum
3055 3403 3145 3454 est
3174 3399 3492 3470 fragrantia
3520 3399 3710 3456 virtu-

2058 3490 2207 3542 tum.
2241 3488 2390 3542 Bene
2421 3492 2619 3543 autem
2644 3503 2778 3557 agro
2802 3488 2964 3558 pleno
2995 3488 3140 3542 odor
3161 3487 3257 3542 ille
3309 3492 3705 3560 comparatur,

2060 3576 2200 3647 quia
2229 3581 2567 3632 sanctorum
2595 3576 2909 3631 virtutibus
2969 3576 3228 3632 mundus
3286 3575 3542 3649 repletus
3593 3580 3703 3633 est.

2059 3664 2224 3720 Unde
2253 3669 2310 3720 et
2338 3663 2554 3720 Paulus
2584 3665 2812 3721 dicebat
2843 3664 3068 3720 :Chrtsti
3097 3667 3266 3721 bonus
3292 3665 3424 3722 odor
3451 3681 3706 3722 summus

2060 3755 2170 3808 Deo
2201 3755 2258 3807 in
2289 3754 2440 3808 omni
2472 3752 2586 3809 loco
2617 3753 2690 3825 (ll
2719 3753 2839 3809 Cor.
2877 3771 2939 3821 II,
2975 3755 3082 3823 15].
3135 3756 3281 3826 Ager
3308 3754 3464 3810 enim
3497 3753 3706 3826 plenus

2063 3845 2152 3896 est
2177 3841 2435 3896 mundus
2467 3847 2806 3898 sanctorum
2838 3842 3009 3898 benis
3039 3843 3315 3914 operibus
3347 3843 3708 3900 refertus.1bi

2064 3928 2326 3985 redolent
2354 3947 2496 3985 rosae
2525 3932 3140 4004 martyrum,l'ragrant
3162 3931 3284 3986 lilia
3313 3932 3712 4002 virtutum,re-

2064 4019 2292 4090 spirant
2319 4017 2480 4074 viola:
2540 4020 2987 4086 continentium,
3045 4019 3147 4076 ubi
3202 4021 3378 4077 etiam
3437 4021 3712 4078 ﬂorentes

2061 4107 2240 4163 vineae
2285 4107 2684 4180 apostolorum
2744 4108 2914 4181 longe
2971 4109 3201 4182 lateque
3243 4127 3421 4166 suum
3471 4111 3710 4168 odorem

2069 4197 2400 4270 propinant.

2136 4308 2300 4359 Vers.
2331 4305 2421 4359 28.
2453 4305 2547 4359 Det
2575 4303 2675 4360 tibi
2719 4305 2860 4360 Deus
2919 4303 2985 4361 de
3029 4321 3154 4362 rore
3177 4304 3318 4361 celi.
3380 4307 3481 4364 Ros
3504 4305 3715 4363 leniter

2066 4393 2222 4448 cadit
2250 4397 2309 4448 et
2325 4409 2504 4464 prope
2525 4393 2652 4448 sine
2675 4393 3125 4465 sensu,ideoque
3145 4393 3420 4450 subtilem
3443 4394 3717 4468 designat

371 4479 536 4536 vers.
580 4481 630 4535 1,
690 4478 933 4550 Cumque
986 4478 1253 4533 senuisse:
1309 4476 1460 4532 Isaac
1489 4483 1540 4532 et
1569 4477 1957 4550 caligaverunt
1995 4553 2021 4556 _
2067 4482 2640 4554 contemplationem.
2674 4481 2971 4554 Pinguedo
3000 4499 3135 4538 vero
3164 4487 3330 4538 terrae
3353 4483 3508 4540 bona
3535 4482 3716 4556 signi~

302 4566 456 4625 oculi
483 4570 604 4638 ejus
626 4567 1015 4624 etc.Diximus
1036 4564 1308 4638 superius
1335 4565 1494 4621 Isaac
1526 4569 1730 4637 typum
1764 4569 1959 4620 tenere
1990 4553 2036 4618 Β
2069 4571 2207 4626 ﬁcat
2227 4553 2808 4642 opera.Benedicitur
2827 4587 2963 4643 ergo
2993 4570 3310 4643 Jacob,hoc
3349 4576 3438 4628 est
3473 4553 3717 4644 gentilis

304 4657 404 4712 Dei
437 4657 856 4728 omnipotentis
889 4654 1092 4721 Patris,
1125 4654 1279 4711 Esau
1310 4671 1445 4710 vero
1503 4653 1957 4726 primogenitum

307 4744 559 4816 figuram
592 4744 805 4798 habere
828 4743 1056 4798 Judaici
1089 4742 1290 4816 populi
1312 4743 1382 4798 de
1409 4742 1673 4814 quoipso
1706 4742 1776 4796 ad
1810 4741 1959 4797 Pha-

306 4849 543 4890 raonem
581 4849 594 4887 :
627 4833 781 4903 ﬁlius
809 4833 1208 4903 primogenitus
1269 4848 1418 4886 meus
1445 4831 1616 4886 Israel.
1647 4830 1845 4899 (Exod.
1882 4847 1955 4896 iv,

303 4923 420 4993 22).
444 4921 749 4978 Desiderat
778 4921 938 4976 Isaac
969 4919 1116 4976 cibis
1146 4921 1248 4974 ﬁlii
1284 4921 1374 4975 sui
1405 4919 1557 4975 vesci
1589 4923 1645 4974 et
1679 4924 1826 4974 Deus
1862 4919 1960 4974 Pa-

308 5015 400 5067 ter
428 5011 804 5067 desiderabat
837 5009 1009 5064 bonis
1039 5009 1313 5080 operibus
1343 5009 1506 5064 illius
1539 5008 1739 5079 populi
1771 5009 1955 5080 pasci.

308 5101 414 5156 Sed
446 5099 545 5155 illo
581 5100 996 5173 negligente,et
1025 5099 1082 5153 in
1119 5096 1760 5169 exterioribus(a)quasi
1783 5097 1840 5151 in
1864 5113 1957 5152 ve-

311 5190 546 5246 natione
577 5193 857 5261 occupato
891 5188 1173 5253 Rebecca,
1204 5186 1263 5241 id
1295 5189 1385 5242 est
1412 5189 1589 5242 mater
1611 5188 1816 5258 gratia,
1855 5185 1961 5241 mi-

313 5294 514 5334 norem
545 5277 820 5345 ﬁlium,id
854 5283 943 5333 cst
971 5277 1249 5350 gentilem
1314 5275 1616 5348 populum,
1649 5275 1962 5348 supposuit

313 5367 526 5441 prioris
557 5366 750 5424 locum
781 5383 848 5421 ac
865 5367 1208 5438 dignitatem
1245 5364 1735 5439 praeripuitouod
1760 5371 1959 5420 autem

316 5458 476 5514 Isaac
492 5454 754 5528 caligans
785 5454 971 5510 oculis
987 5456 1165 5511 Jacob
1195 5454 1315 5510 lilio
1347 5454 1544 5510 futura
1567 5453 1958 5525 praedixit,sed

386 5633 466 5710 (α)
494 5631 748 5708 Uterque
776 5632 971 5706 codd.,
1001 5648 1073 5690 ea:
1099 5633 1475 5691 interioribus.

2071 4659 2416 4732 populus,ut
2443 4659 2661 4715 caelesti
2676 4659 3166 4731 contemplatione
3181 4660 3421 4716 etbonis
3434 4660 3716 4732 operibus

2071 4750 2256 4821 possit
2284 4737 2602 4804 abundare.
2634 4748 3042 4804 Abundantiam
3061 4751 3474 4819 frumenti,vini
3501 4758 3552 4805 et
3579 4749 3713 4806 olei.

2073 4839 2135 4892 ln
2167 4837 2462 4893 frumento
2494 4847 2548 4893 et
2578 4837 2710 4893 vino
2741 4837 2996 4893 charitas
3017 4843 3073 4893 et
3095 4838 3284 4894 fervor
3304 4855 3461 4894 novae
3484 4854 3718 4893 conver-

2071 4927 2337 4995 sationis;
2370 4927 2429 4982 in
2461 4926 2585 4982 oleo
2614 4943 2746 4982 vero
2777 4925 3189 4982 misericordia:
3208 4943 3385 4999 opera
3406 4927 3718 4999 designan-

2071 5015 2449 5071 tur.Possunt
2477 5016 2592 5071 etia
2621 5015 2679 5070 in
2717 5016 3006 5070 frumento
3025 5019 3082 5070 et
3110 5015 3246 5072 vino
3278 5015 3556 5089 mysteria
3585 5031 3718 5072 cor-

2071 5103 2228 5177 poris
2259 5109 2315 5159 et
2342 5103 2648 5176 sanguinis
2677 5102 2888 5158 Christi
2919 5103 3102 5175 accipi
3125 5105 3203 5170 ;in
3236 5104 3362 5160 oleo
3385 5103 3716 5161 misericor-

2071 5194 2168 5250 dia
2198 5193 2321 5257 Dei,
2355 5210 2473 5264 qua
2503 5209 2688 5264 genus
2720 5191 3048 5248 humanum
3107 5192 3396 5250 salvatum
3433 5198 3524 5248 est
3542 5195 3717 5264 juxta

2071 5284 2227 5354 quod
2262 5299 2366 5354 per
2395 5281 2736 5352 prOphetam
2768 5280 2992 5337 dictum
3025 5287 3115 5338 est
3147 5301 3160 5339 :
3213 5282 3604 5354 Computrescet
3617 5282 3714 5354 ju-

2053 5387 2200 5442 ~gum
2226 5388 2261 5425 a
2284 5372 2427 5441 [acie
2456 5369 2565 5425 olei
2589 5369 2715 5440 (Isa.
2747 5386 2803 5437 x,
2835 5369 2953 5442 27),
3003 5371 3061 5426 id
3109 5373 3200 5427 est
3241 5372 3462 5444 jugum
3494 5370 3717 5444 peccati

2068 5475 2138 5516 ex
2167 5459 2477 5533 praesentia
2507 5457 2920 5518 misericordiae
2955 5459 3070 5516 Dei.
