4040 6208
361 383 479 445 109

1477 380 2100 447 COMMENTARIUS
2147 381 2224 443 IN
2271 381 2638 445 GENESIM.

3646 388 3764 450 HO

358 517 707 572 mercedem.
741 518 953 591 Typice
984 518 1201 587 Laban,
1228 520 1328 591 qui
1351 518 1769 591 interpretatur
1787 517 2003 573 dealba-
2031 525 2086 590 Α
2116 519 2311 570 turma
2335 516 2585 572 duarum
2612 516 2960 573 ancillarum
2979 515 3204 589 Zelphaa
3228 518 3284 571 et
3304 515 3451 571 Balze
3470 533 3604 572 cum
3628 518 3763 574 ﬁliis

356 607 450 671 tio,
483 606 781 663 diabolum
809 608 1120 681 signiﬁcat,
1156 607 1256 681 qui
1286 607 1421 664 licet
1450 608 1526 663 sit
1556 625 1662 663 suo
1694 607 1898 663 merito
1920 610 2003 661 te-

356 695 664 763 nebrosus,
695 701 893 752 tamen
940 698 1321 770 transﬁgurat
1349 714 1411 753 se
1437 698 1495 752 in
1528 696 1801 769 angelum
1834 696 2001 751 lucis.

426 781 590 839 Vere.
636 786 723 854 11,
777 786 863 839 12.
916 787 1171 858 Dixitque
1216 789 1438 857 angelus
1474 788 1623 841 Dei:
1653 785 1848 841 Jacob!
1891 784 2008 839 vidi

356 873 543 927 omnia
582 888 707 944 quae
734 875 868 944 fecit
914 876 1014 931 tibi
1042 876 1246 931 Laban.
1282 875 1359 929 Ex
1389 875 1498 930 hoc
1545 874 1670 929 loco
1720 873 2004 928 discimus

356 961 512 1032 quod
548 979 615 1017 ea
643 978 771 1033 quae
792 962 971 1019 Jacob
998 965 1151 1029 fecit,
1185 982 1299 1020 non
1332 962 1462 1019 dolo
1494 978 1598 1017 nec
1629 962 1833 1017 fraude
1863 961 2001 1033 egit,

353 1048 455 1104 sed
476 1048 672 1105 divina
693 1050 1097 1123 dispositione,
1128 1052 1214 1107 vel
1235 1053 1411 1107 etiam
1430 1044 1569 1123 quia
1589 1050 1710 1105 haec
1737 1050 1794 1104 in
1816 1050 2003 1122 ﬁgura

349 1138 725 1210 gerebantur,
780 1142 933 1197 unde
982 1147 1039 1197 et
1090 1140 1350 1214 angelica
1414 1140 1637 1196 visione
1687 1139 2003 1196 confortari

353 1228 588 1283 meruit.

420 1318 584 1373 Vere.
640 1318 726 1373 31.
776 1318 975 1374 Contra
1026 1328 1263 1375 montem
1310 1318 1533 1374 Galaad.
1570 1318 1785 1374 Galaad
1814 1317 2000 1372 inter-

347 1409 613 1476 pretatur
649 1423 840 1463 acerus
892 1410 1207 1464 testimonii.
1241 1409 1354 1463 Sed
1407 1408 1657 1463 necdum
1710 1406 1872 1463 locus
1902 1406 1998 1462 ille

347 1494 431 1548 ita
460 1495 772 1551 vocabatur
798 1514 810 1563 ;
847 1502 1047 1568 postea
1068 1498 1224 1553 enim
1252 1497 1332 1552 ita
1360 1501 1599 1553 vocatus
1630 1501 1739 1564 est,
1764 1513 1897 1551 cum
1921 1496 1998 1551 si-

346 1582 403 1638 bi
435 1587 641 1639 mutuo
665 1586 972 1656 jurasscnt
992 1587 1173 1642 Jacob
1204 1591 1259 1642 et
1293 1587 1509 1654 Laban,
1543 1590 1599 1641 et
1621 1601 1891 1641 acervum
1915 1584 1995 1641 la-

346 1672 552 1744 pidum
573 1672 632 1728 in
656 1674 1060 1731 testimonium
1090 1675 1716 1746 congregassent.Ergo
1741 1691 1844 1746 per
1864 1691 1995 1746 pro-

344 1760 557 1834 lepsin,
588 1762 646 1818 id
678 1768 767 1819 est
789 1780 893 1836 per
921 1764 1484 1836 praoccbpationem
1516 1763 1679 1820 locus
1708 1764 1819 1820 iste
1845 1763 1998 1821 acci-

344 1849 597 1921 piendus
631 1855 737 1908 est.

414 1938 572 1995 Vere.
604 1940 694 1995 35.
730 1941 885 2010 Quod
922 1957 1108 1998 coram
1156 1946 1208 1997 te
1237 1958 1525 2011 assurgere
1554 1957 1778 2013 nequeo.
1814 1942 1993 1996 Natu-

342 2044 405 2083 ra
434 2029 602 2085 docet
631 2036 697 2085 ut
726 2029 830 2085 ﬁlii
863 2031 1204 2102 parentibus
1252 2035 1562 2103 assurgant
1594 2034 1649 2085 et
1680 2047 1778 2086 eos
1811 2030 1994 2085 hono-

341 2124 490 2174 rent.
526 2118 670 2174 Cum
704 2134 839 2191 ergo
864 2119 1078 2175 Rachel
1112 2121 1357 2185 sederet,
1390 2125 1447 2175 et
1474 2119 1623 2192 patri
1648 2136 1762 2174 non
1793 2136 1995 2174 assur-

334 2211 805 2278 geret,excusans
831 2224 893 2264 se
916 2208 1059 2263 dicit
1083 2228 1094 2264 :
1124 2214 1204 2266 Ne
1227 2210 1504 2263 irascatur
1530 2206 1786 2263 dominus
1815 2223 1992 2262 meus.

337 2294 560 2352 Causas
592 2296 767 2351 etiam
802 2313 949 2368 quas
995 2312 1307 2367 assurgere
1353 2295 1640 2365 nequiret,
1674 2294 1995 2366 composite

339 2383 640 2456 signiﬁcat
669 2384 868 2440 dicens
900 2389 1202 2439 menstrua
1234 2383 1345 2439 sibi
1379 2383 1735 2455 provenisse.
1769 2384 1885 2438 Hoc
1908 2386 1996 2439 est

337 2471 499 2526 enim
522 2473 676 2544 quod
702 2472 845 2527 dicit
860 2491 872 2528 :
887 2473 1052 2528 Juxta
1072 2472 1517 2528 consuetudinem
1534 2474 1877 2542 feminarum
1903 2489 1992 2527 ac-

331 2559 472 2615 cidit
497 2559 658 2615 mihi.
679 2560 993 2633 Allegorice
1024 2562 1220 2616 Laban
1251 2559 1549 2616 diabolum
1580 2560 1666 2616 vel
1701 2562 1990 2616 mundum

333 2647 649 2719 signiﬁcat,
671 2648 768 2719 qui
797 2648 1104 2704 dealbatus
1122 2653 1178 2704 et
1201 2648 1443 2720 pulcher
1462 2653 1551 2704 est
1571 2648 1696 2703 suis
1714 2648 1989 2703 amatori-

334 2736 465 2791 bus.
495 2736 656 2792 Idola
687 2737 872 2792 Laban
920 2737 1256 2808 signiﬁcant
1302 2736 1623 2792 avaritiam.
1658 2737 1804 2791 Dicit
1832 2736 1987 2792 enim

332 2827 649 2897 Apostolus
691 2844 704 2881 :
756 2833 806 2881 et
855 2828 1112 2890 avaritia,
1144 2841 1263 2897 qua:
1310 2831 1391 2881 est
1443 2826 1711 2881 idolorum
1755 2826 1989 2881 servitus

332 2914 551 2986 (Ephes.
586 2934 640 2981 v,
672 2916 750 2973 5).
772 2913 901 2970 Hinc
930 2914 1237 2987 requisivit
1264 2915 1458 2970 Laban
1477 2915 1549 2970 ab
1573 2915 1776 2982 Jacob,
1798 2931 1984 2987 quan-

332 3003 409 3058 do
439 3002 708 3059 diabolus
731 3019 910 3076 regna
928 3002 1132 3058 mundi
1152 3007 1209 3057 et
1238 3001 1487 3073 gloriam
1513 3007 1570 3058 et
1589 3002 1872 3058 honorem
1896 3018 1987 3058 eo-

332 3107 466 3147 rum
482 3092 711 3147 Christo
727 3091 1190 3163 ostendit(quem
1208 3091 1387 3146 Jacob
1414 3090 1725 3163 signiﬁcat)
1737 3133 1750 3158 ,
1767 3095 1984 3162 putans

331 3181 397 3235 in
428 3196 492 3236 eo
523 3180 757 3253 aliquod
783 3180 1037 3235 avaritia:
1060 3180 1372 3252 vestigium
1396 3196 1567 3252 posse
1590 3179 1983 3252 reperire.Sed

2118 605 2260 658 suis.
2298 606 2567 661 Secunda
2600 611 2795 662 turma
2826 608 2934 663 fuit
2966 606 3071 661 Liae
3103 609 3159 661 et
3186 604 3453 661 Rachelie
3479 610 3535 660 et
3563 623 3767 663 eorum
3861 618 3871 627 '

2113 693 2211 764 qui
2242 711 2375 749 cum
2408 696 2491 751 eis
2521 701 2705 751 erant.
2739 697 2849 752 Sed
2883 696 3061 769 quaeri
3094 699 3287 768 potest
3315 695 3425 750 hoc.
3454 694 3599 761 loco,
3631 713 3766 753 cum

2115 786 2265 837 Deus
2290 783 2850 854 promisissetJacob
2870 785 3151 841 auxilium
3176 798 3346 839 suum
3370 784 3572 839 dicens
3598 802 3610 839 :
3640 786 3767 840 Noli

2114 873 2325 936 timere,
2358 888 2451 943 ego
2483 882 2660 929 tecum
2704 892 2849 945 sum,
2884 884 2933 931 et
2976 873 3382 945 multiplicabo,
3414 889 3518 928 cur
3562 873 3767 929 timue-

2112 960 2189 1013 rit
2220 964 2277 1015 et
2319 962 2631 1033 providerit
2679 963 2851 1018 saluti
2883 981 3023 1029 suae,
3056 968 3113 1019 et
3162 981 3277 1019 non
3311 963 3505 1036 potius
3557 978 3619 1018 se
3655 965 3764 1019 Deo

2111 1050 2474 1105 commiserit
2496 1052 2939 1107 custodiendum
2952 1052 2979 1107 ?
2995 1054 3103 1108 Sed
3119 1053 3227 1109 hoc
3242 1069 3550 1111 monemur
3573 1069 3763 1110 exem-

2111 1137 2208 1209 plo
2240 1156 2311 1194 ne
2331 1139 2513 1195 Deum
2547 1144 2860 1212 tentemus,
2886 1142 3027 1196 dum
3050 1142 3337 1197 habemus
3359 1142 3514 1213 quod
3538 1159 3640 1215 pro
3662 1159 3760 1199 sa-

2110 1224 2231 1282 lute
2244 1231 2443 1283 nostra
2456 1229 2947 1297 faciamus.Deniq
2958 1248 3026 1286 ue
3038 1232 3122 1286 et]
3131 1231 3569 1304 acob,quamvis
3583 1248 3686 1304 pro
3699 1248 3761 1289 se

2110 1314 2220 1370 sibi
2254 1317 2590 1388 providerit,
2621 1318 2933 1375 audiamus
2954 1324 3149 1375 tamen
3178 1320 3318 1391 quid
3340 1321 3753 1378 oransdixerit.

2179 1402 2340 1459 Vers.
2374 1403 2427 1471 9,
2464 1405 2547 1459 11.
2585 1406 2724 1461 Deus
2748 1409 2926 1479 patris
2950 1410 3061 1463 mei
3091 1407 3396 1476 Abraham,
3423 1424 3554 1463 erue
3582 1426 3669 1465 me
3698 1410 3764 1466 de

2108 1508 2275 1547 manu
2323 1494 2519 1563 fratris
2565 1497 2694 1550 mei.
2728 1496 2879 1551 Dum
2930 1514 3064 1569 ergo
3113 1501 3169 1553 et
3219 1497 3331 1553 sibi
3384 1498 3660 1569 providet,
3706 1502 3765 1554 et

2112 1581 2293 1636 Deum
2346 1588 2492 1649 orati,
2526 1585 2625 1639 dat
2674 1587 2841 1641 nobis
2889 1587 3221 1659 exemplum
3271 1591 3335 1641 ut
3365 1588 3492 1641 vitae
3545 1590 3761 1643 nostra:

2108 1671 2540 1743 provideamus,
2589 1679 2645 1730 et
2694 1680 2887 1730 tamen
2942 1675 3203 1731 divinum
3254 1675 3536 1732 auxilium
3591 1677 3762 1733 nobis

2108 1759 2313 1815 adesse
2344 1778 2638 1833 rogemus.

2176 1848 2342 1905 Vers.
2374 1852 2463 1905 24.
2502 1855 2564 1907 Et
2594 1868 2710 1908 ecce
2738 1855 2826 1908 vir
2878 1853 3340 1926 luctabatur_cum
3386 1870 3467 1911 eo.
3499 1854 3598 1909 Vir
3628 1854 3757 1923 ista,

2106 1937 2208 2009 qui
2240 1955 2373 1993 cum
2403 1942 2582 1996 Jacob
2614 1941 2968 2010 luctabatur,
3004 1943 3250 2015 angelus
3302 1946 3443 2000 erat.
3478 1942 3759 1999 Luctatua

2106 2030 2299 2082 autem
2346 2044 2461 2083 non
2512 2029 2915 2102 complexione
2962 2032 3360 2101 brachiorum,
3394 2032 3495 2088 sed
3545 2031 3758 2087 obnixa

2103 2131 2290 2185 prece,
2324 2133 2440 2187 qua
2475 2117 2890 2174 obsecrabatur
2921 2123 2985 2174 ut
3035 2137 3097 2174 se
3127 2120 3512 2176 benediceret.
3548 2121 3617 2176 Et
3647 2120 3756 2177 hoc

2104 2203 2260 2259 enim
2293 2205 2435 2261 Osee
2460 2206 2744 2279 propheta
2765 2208 3021 2263 ostendit
3036 2209 3237 2264 dicens
3264 2227 3276 2264 :
3300 2210 3541 2265 Invaluit
3562 2211 3637 2265 ad
3658 2226 3758 2265 an-

2103 2292 2369 2363 gelum,et
2399 2296 2738 2367 confortatus
2763 2300 2857 2351 est.
2890 2298 3082 2360 Flevit,
3115 2300 3165 2351 et
3214 2299 3428 2366 rogavit
3454 2313 3581 2352 eum
3612 2297 3753 2368 (Ose.

2103 2396 2204 2446 ΧΠ,
2239 2382 2313 2452 4).
2348 2381 2587 2453 Mystice
2607 2383 2786 2438 Jacob
2819 2382 3067 2439 claudus
3098 2389 3155 2439 et
3184 2384 3351 2439 fortis
3378 2386 3525 2441 duas
3555 2390 3750 2458 partes

2106 2469 2331 2524 Iudaici
2364 2471 2562 2542 populi
2598 2471 2911 2543 signiﬁcat,
2946 2472 3144 2527 ﬁdeles
3170 2472 3439 2530 videlicet
3468 2478 3525 2529 et
3553 2474 3759 2530 inﬁdo-

2103 2558 2203 2612 les.
2220 2558 2477 2613 Claudus
2495 2560 2648 2613 enim
2680 2565 2804 2614 erat
2824 2560 3003 2616 Jacob
3028 2561 3085 2615 in
3118 2561 3479 2633 inﬁdelibus,
3494 2579 3676 2618 sanus
3697 2568 3757 2619 et

2100 2644 2263 2700 fortis
2296 2645 2355 2699 in
2403 2645 2695 2701 ﬁdelibus.
2730 2648 2890 2711 Quod
2922 2664 3056 2702 vero
3102 2665 3336 2703 nervum
3366 2651 3591 2719 femoris
3629 2653 3754 2720 ejus

2097 2734 2321 2803 angelus
2354 2736 2549 2805 tetigit,
2574 2741 2630 2789 et
2659 2737 2945 2805 emarcuit,
2965 2735 3264 2792 moraliter
3295 2737 3589 2809 signiﬁcat
3614 2738 3751 2810 quia

2098 2837 2460 2894 quaecunque
2491 2823 2643 2878 Deus
2676 2841 2784 2879 sua
2828 2824 3233 2882 benedictione
3263 2826 3556 2897 dignatur,
3590 2827 3649 2881 in
3681 2843 3747 2883 eo

2096 2926 2328 2966 omnem
2359 2912 2550 2967 carnis
2580 2912 2935 2985 voluptatem
2969 2913 3106 2968 facit
3135 2930 3546 2970 emarcescere.

2166 2999 2327 3055 Vers.
2361 2999 2451 3054 2-8.
2482 3032 2548 3041 —-
2579 3001 2680 3056 Sed
2712 3002 2880 3057 Israel
2909 3004 3014 3057 erit
3042 3019 3238 3057 nomen
3289 3012 3463 3058 tuum.
3500 3003 3744 3059 Mutatio

2095 3088 2350 3143 nominis
2372 3089 2702 3144 benedictio
2721 3091 2849 3144 fuit.
2871 3089 3046 3146 Israel
3068 3092 3570 3160 autem,quamvis
3596 3091 3745 3148 bene

2094 3176 2164 3231 ab
2201 3177 2476 3233 omnibus
2521 3180 2606 3232 vir
2633 3170 2821 3235 videns
2872 3184 3045 3234 Deum
3076 3180 3441 3253 interpretari
3492 3181 3740 3250 dicatur,

327 3269 514 3324 Jacob
544 3269 851 3341 ignorabat
880 3269 1056 3337 idola,
1078 3269 1217 3341 quia
1236 3268 1507 3324 Christus
1529 3268 1752 3324 nullam
1775 3268 1983 3324 habuit
2013 3253 2055 3319 C
2095 3265 2308 3321 melius
2330 3269 2590 3338 princeps
2613 3284 2737 3322 cum
2766 3269 2869 3323 Deo
2892 3268 3122 3323 dicitur.
3152 3269 3222 3324 Et
3251 3274 3340 3324 est
3362 3286 3572 3325 sensus
3600 3288 3612 3325 :
3636 3271 3742 3326 Ne-

331 3358 541 3413 mundi
573 3359 970 3429 cupiditatem.
1005 3356 1218 3413 Rachel
1250 3358 1441 3412 furata
1470 3361 1560 3411 est
1590 3356 1767 3423 idola,
1799 3374 1984 3428 eaque

332 3446 537 3502 subter
553 3452 876 3502 stramenta
892 3447 1257 3502 abscondens
1275 3447 1529 3517 desuper
1542 3445 1858 3516 sedit,quia
1873 3446 1984 3500 Ec-

333 3532 515 3590 clesia
533 3534 773 3591 veniens
802 3535 875 3590 ad
896 3535 1217 3602 Christum,
1234 3533 1586 3605 cupiditates
1616 3532 1832 3603 saeculi,
1853 3532 1986 3604 qui-

328 3623 449 3679 bus
479 3628 650 3681 antea
679 3624 979 3695 servierat,
1014 3639 1194 3696 quam
1226 3627 1423 3678 essent
1471 3621 1859 3693 despicienda:
1890 3638 1984 3677 co-

324 3710 552 3783 gnovit,
584 3727 800 3782 easque
831 3727 935 3783 per
964 3708 1367 3781 paenitentiam
1400 3708 1675 3780 sedendo,
1710 3709 1768 3763 id
1803 3712 1893 3765 est
1925 3725 1987 3764 se

331 3798 725 3870 humiliando,
751 3800 1075 3856 abscondit.
1096 3799 1291 3855 Sessio
1313 3814 1569 3870 namque
1590 3797 1985 3854 humilitatem

331 3887 652 3961 signiﬁcat.
687 3887 849 3944 Unde
881 3887 1195 3945 Psalmista
1226 3904 1239 3942 :
1274 3887 1490 3958 Surgite
1510 3892 1804 3959 postquam
1834 3887 1986 3943 sede-

330 3979 466 4033 ritis
496 3978 607 4049 (Ps.
641 3993 796 4045 xxvr,
827 3978 903 4048 2).

410 4066 570 4133 Vere,
606 4067 696 4121 37.
739 4067 885 4121 Pone
914 4064 1005 4120 hic
1050 4081 1237 4121 coram
1264 4066 1533 4136 fratribus
1580 4067 1735 4120 meis.
1768 4066 1991 4120 Fratres

338 4170 506 4209 more
534 4154 847 4227 Scriptum
879 4152 1033 4209 ﬁlios
1063 4152 1338 4226 appellat.

413 4242 578 4310 Vere,
612 4243 699 4297 40.
731 4244 887 4298 Αἱείιι
932 4243 1137 4298 urebar
1162 4246 1216 4298 et
1252 4242 1395 4313 gelu.
1452 4241 1575 4297 Uno
1625 4242 1813 4316 verbo.
1836 4242 1990 4312 quod

340 4334 436 4387 est
462 4330 683 4400 urebar,
706 4331 778 4388 ad
810 4332 926 4387 duo
951 4331 1242 4387 contraria
1261 4331 1669 4402 respondit,ad
1703 4334 1909 4385 aestum
1934 4334 1993 4385 et

337 4418 415 4473 ad
447 4418 601 4491 gelu,
635 4419 773 4490 quia
800 4436 956 4475 unus
988 4420 1228 4475 effectus
1261 4423 1349 4474 est
1379 4418 1588 4474 caloris
1617 4424 1675 4474 et
1700 4418 1953 4489 frigoris.

414 4507 578 4563 Vere.
611 4508 698 4563 42.
732 4509 910 4564 Timor
934 4509 1117 4579 Isaac.
1152 4507 1260 4575 Qui
1293 4507 1365 4563 ab
1398 4507 1559 4563 omni
1608 4511 1874 4562 creatura
1906 4511 1996 4562 est

344 4596 670 4652 timendus.

421 4688 586 4739 Vere.
617 4685 708 4739 50.
741 4685 939 4741 Nullus
986 4685 1253 4741 sermonis
1281 4686 1458 4740 nostri
1502 4685 1652 4739 testis
1695 4687 1775 4739 est
1801 4685 2001 4755 absque

342 4776 474 4830 Deo.
507 4772 718 4830 Nullus
748 4780 839 4830 est
867 4773 1139 4830 videlicet
1186 4777 1616 4828 extraneorum.
1647 4773 1751 4827 Vel
1801 4772 1999 4829 nullus

341 4862 574 4934 absque
615 4862 754 4929 Deo,
785 4863 926 4935 quia
970 4860 1174 4919 nullus
1220 4862 1349 4932 ejus
1380 4860 1715 4917 testimonio
1761 4878 2000 4933 compa-

353 4950 471 5007 rari
502 4954 709 5021 potest.

939 5055 1173 5112 CAPUT
1202 5054 1418 5110 XXXII.

424 5162 588 5219 Vere.
642 5166 695 5218 2.
749 5162 939 5218 Castra
981 5163 1078 5218 Dei
1126 5165 1255 5217 sunt
1301 5162 1437 5217 haec.
1495 5160 1553 5214 Id
1608 5163 1697 5215 est
1744 5160 2008 5232 angelica

352 5251 614 5323 agmina.
648 5251 714 5306 Et
764 5252 911 5308 bene
940 5250 1203 5324 pergenti
1250 5249 1430 5305 Jacob
1461 5248 1533 5305 ad
1583 5249 1822 5305 fratrem
1855 5250 2007 5306 obvii

352 5340 599 5396 fuerunt
628 5339 818 5413 angeli
870 5339 991 5408 Dei,
1025 5343 1089 5395 ut
1116 5337 1385 5393 videlicet
1433 5354 1536 5409 per
1565 5336 1674 5393 hoc
1724 5339 2010 5395 conforta-

286 5482 309 5491 ,
356 5434 525 5484 retur
554 5433 612 5485 et
643 5446 759 5485 non
790 5432 1077 5485 metueret
1105 5427 1343 5482 fratrem
1375 5442 1617 5482 securus
1648 5427 1719 5482 de
1748 5427 2009 5500 angelico

364 5517 608 5574 auxilio.

434 5606 602 5663 Vera.
631 5608 689 5664 7.
726 5608 929 5663 Divisit
957 5608 1019 5661 in
1052 5604 1190 5660 duas
1237 5610 1459 5659 turmas.
1494 5601 1644 5669 Non,
1678 5608 1742 5659 ut
1771 5604 2011 5677 quidam

357 5700 595 5775 putant,
626 5695 685 5754 in
717 5700 860 5765 tres,
889 5696 986 5754 sed
1018 5696 1078 5753 in
1106 5693 1241 5753 duas
1271 5700 1484 5755 turmas
1509 5692 1795 5766 populum.
1821 5694 2015 5755 Prima

2091 3370 2368 3425 quaquam
2391 3356 2536 3410 ultra
2563 3356 2844 3411 vocaberis
2863 3357 3049 3427 Jacob,
3074 3357 3165 3412 sed
3194 3358 3367 3412 Israel
3384 3358 3496 3413 erit
3530 3374 3743 3413 nomen

2090 3446 2283 3511 tuum,
2309 3442 2365 3496 id
2399 3446 2506 3506 est,
2540 3443 2694 3498 sicut
2724 3460 2829 3515 ego
2853 3444 3124 3517 princeps
3154 3462 3308 3515 sum,
3333 3445 3416 3502 sic
3449 3451 3505 3501 et
3538 3450 3617 3517 tu,
3644 3446 3742 3519 qui

2095 3546 2325 3584 mecum
2356 3530 2563 3586 luctari
2595 3532 2855 3603 potuisti.

2164 3617 2330 3673 Vers.
2362 3619 2452 3672 30.
2484 3620 2755 3674 PHANUEL
2782 3622 2958 3691 facies
2988 3623 3089 3677 Dei
3128 3623 3566 3694 interpretatur.
3601 3624 3750 3689 Quia

2097 3707 2255 3762 enim
2287 3706 2385 3762 ille
2437 3707 2627 3763 dixit:
2663 3708 2783 3764 Vidi
2829 3710 2999 3764 Deum
3045 3713 3195 3780 facie
3241 3711 3312 3765 ad
3362 3713 3579 3781 faciem,
3616 3711 3747 3765 ideo

2096 3794 2289 3851 locum
2319 3794 2486 3852 illum
2518 3796 2772 3852 Phanuel
2801 3797 3134 3870 appellavit.

2669 3921 2899 3978 CAPUT
2927 3922 3166 3978 XXXIII.

2170 4008 2329 4065 Vere.
2362 4009 2444 4063 10.
2481 4009 2569 4065 Sic
2596 4010 2719 4066 vide
2745 4013 2951 4082 faciem
2988 4019 3159 4080 tuam,
3191 4012 3352 4084 quasi
3390 4013 3605 4068 vultum
3633 4012 3757 4068 Dei.

2102 4099 2216 4153 Hoc
2265 4098 2335 4152 ad
2385 4097 2783 4155 adulationem
2816 4100 2981 4166 dixit,
3011 4100 3098 4155 vel
3152 4100 3343 4172 magis
3412 4102 3759 4173 perturbato

2102 4186 2297 4242 animo
2316 4186 2387 4241 ob
2404 4186 2674 4243 timorem
2697 4188 2913 4245 fratris.
2932 4189 3210 4253 Quamvis
3234 4189 3407 4245 etiam
3432 4190 3759 4263 possetdici

2102 4274 2242 4345 quia
2270 4274 2452 4328 Deum
2507 4292 2610 4346 pro
2643 4275 2839 4348 aliquo
2895 4294 3109 4350 magno
3138 4278 3259 4333 viro
3308 4280 3527 4350 posuit.
3561 4277 3762 4333 Solent

2103 4362 2260 4419 enim
2291 4362 2477 4417 sancti
2509 4362 2614 4417 viri
2646 4364 2733 4419 dii
2780 4365 3084 4437 appellari,
3117 4366 3270 4420 sicut
3299 4366 3482 4436 Moysi
3537 4365 3760 4419 dictum

2104 4455 2193 4507 est
2227 4468 2239 4505 :
2266 4452 2529 4505 constitui
2557 4457 2609 4507 te
2638 4452 2797 4507 deum
2819 4454 3129 4508 Pharaonis
3156 4453 3350 4522 (Exod.
3382 4469 3485 4518 vn,
3520 4453 3593 4523 1).
3612 4452 3761 4507 Nam

2105 4543 2163 4595 et
2190 4538 2249 4594 in
2282 4540 2475 4594 Graeco
2505 4555 2616 4594 non
2641 4540 2891 4596 habetur
2917 4545 2978 4595 tu
3010 4541 3153 4595 Theu
3181 4557 3316 4595 cum
3340 4540 3611 4609 articulo,
3641 4557 3760 4611 quo

2028 4617 2074 4681 Ι)
2106 4627 2302 4683 divina
2324 4627 2658 4683 substantia
2680 4627 3044 4700 intelligitur,
3071 4629 3169 4685 sed
3199 4628 3466 4685 absoluto
3504 4630 3681 4695 Theu,
3702 4629 3763 4683 in

2111 4732 2226 4787 quo
2255 4715 2431 4771 homo
2463 4715 2849 4787 signiﬁcatur.

2180 4804 2343 4860 Vere.
2370 4805 2461 4858 28.
2496 4805 2741 4860 Transiit
2796 4807 2856 4859 in
2904 4805 3108 4877 Solem,
3140 4807 3332 4863 urbem
3377 4807 3768 4863 Sichimorum.

2112 4893 2297 4949 Salem
2326 4910 2429 4965 pro
2451 4892 2664 4948 Sichem
2679 4893 2886 4949 beatus
2909 4894 3298 4969 Hieronymus
3320 4899 3592 4967 corrupte
3613 4894 3770 4966 posi-

2113 4988 2241 5037 tum
2272 4982 2640 5036 dicit.Potest
2675 4982 2854 5036 etiam
2887 4983 3135 5056 intelligi
3168 4985 3316 5039 duas
3349 4999 3475 5038 esse
3508 4983 3771 5037 civitates

2116 5070 2294 5125 unius
2343 5068 2601 5124 nominis
2635 5087 2647 5124 :
2680 5068 2871 5125 Salem
2923 5071 3064 5127 urbs
3092 5072 3519 5137 Jebusaaorum,
3551 5070 3609 5124 in
3656 5085 3775 5140 qua

2117 5158 2378 5231 regnavit
2407 5156 2835 5213 Melchisedech
2863 5176 2877 5225 ;
2908 5164 2965 5213 et
2996 5158 3111 5213 alia
3139 5159 3269 5213 Sale
3298 5158 3441 5213 urbs
3491 5157 3776 5213 Sichimo-

2118 5263 2247 5303 rum
2271 5263 2283 5300 :
2306 5246 2401 5301 sed
2435 5246 2682 5301 diversis
2704 5245 2915 5301 litteris
2939 5244 3280 5301 scribuntur
3302 5247 3457 5319 apud
3480 5246 3775 5315 Hebraeos,

2120 5340 2173 5392 et
2204 5336 2491 5390 diversam
2523 5334 2741 5389 habent
2762 5335 3328 5406 interpretationem.
3356 5334 3461 5390 Illa
3490 5334 3645 5392 enim
3671 5334 3775 5390 Sa-

2121 5424 2236 5480 lem
2267 5424 2418 5495 pacis
2445 5424 2641 5477 civitas
2666 5420 2900 5489 dicitur,
2929 5422 3049 5477 haec
3077 5439 3213 5479 vero
3245 5423 3376 5479 Sale
3398 5425 3779 5480 consummata

2122 5513 2557 5585 interpretatur.

2692 5598 2926 5655 CAPUT
2956 5599 3195 5656 XXXIV.

2197 5693 2360 5753 Vera.
2397 5689 2448 5746 1.
2480 5688 2715 5767 Egressi:
2760 5693 2839 5747 est
2864 5689 3029 5749 Dina.
3061 5687 3374 5766 Allegorice
3402 5686 3548 5754 Dina
3598 5689 3779 5768 signi-
