4040 6208
227 309 380 396 'm

832 339 1139 403 REMIGII
1184 301 1935 406 ANTISSIODORENSIS
1979 346 2152 405 OPP.
2200 347 2397 407 PARS
2443 347 2492 406 Ι.
2527 381 2604 388 -
2633 345 3104 408 EXEGETICA.

3549 341 3665 402 112

275 470 407 523 ficat
437 469 695 526 animam
737 488 846 528 sua
874 473 1070 530 studia
1117 475 1527 549 negligentem,
1561 481 1618 532 et
1663 477 1910 534 aliorum
1940 480 1993 544 Α
2024 476 2188 532 ritale
2218 494 2418 533 semen
2439 478 2618 534 Jacob
2642 477 2907 550 pertinet.
2936 477 3034 533 Ille
3063 476 3220 532 enim
3250 479 3453 547 postea
3481 471 3661 529 Jacob

271 557 422 613 facta
439 558 761 616 studiosius
790 561 1206 634 inquirentem.
1224 565 1399 628 Quasi
1423 566 1576 620 enim
1619 566 1916 637 egreditur

271 647 341 702 ad
370 647 651 704 videndas
680 649 976 718 mulieres,
1003 669 1135 707 cum
1162 670 1270 708 sua
1290 653 1496 709 intima
1516 654 1750 726 projicit
1779 652 1835 710 et
1854 655 1913 708 in

272 736 658 793 exterioribus
687 744 1026 811 occupatur.
1050 741 1179 796 Mox
1210 759 1345 815 ergo
1377 747 1439 797 ut
1467 743 1550 798 ita
1570 744 1863 816 egreditur
1883 761 1917 798 a

272 825 513 894 Sichem,
547 826 604 881 id
637 831 725 881 est
754 845 786 883 a
817 828 1067 897 diabolo,
1103 830 1455 902 opprimitur
1484 837 1539 887 et
1574 833 1911 888 incestatur.

275 913 438 969 Unde
468 914 613 969 bene
649 915 1081 988 Dinajudicium
1111 920 1259 974 istud
1289 920 1720 991 interpretatur.
1754 921 1913 976 Istud

276 1002 432 1057 enim
477 1008 566 1058 est
607 1004 916 1072 judicium,
950 1012 1034 1074 ut,
1069 1008 1206 1078 quia
1253 1014 1458 1080 sponte
1507 1026 1570 1065 se
1618 1009 1916 1084 negligens

277 1096 572 1164 evagatur,
608 1109 741 1148 mox
767 1111 800 1148 a
831 1095 1062 1150 diabolo
1092 1102 1522 1168 corrumpatur.

344 1179 507 1235 Vers.
540 1181 594 1234 3.
629 1180 791 1244 Quod
837 1177 980 1239 vero
1003 1184 1164 1252 dicit,
1197 1187 1572 1254 conglutinata
1602 1192 1680 1243 est
1727 1189 1919 1243 anima

273 1268 389 1340 ejus
417 1285 540 1324 cum
569 1285 652 1336 ea,
685 1270 978 1342 significat
1025 1273 1283 1328 animam
1314 1276 1733 1332 consuetudine
1763 1277 1918 1332 mala

275 1358 442 1428 quasi
463 1358 615 1413 uniri
642 1376 774 1414 cum
798 1360 1122 1430 diabolo,ut
1142 1379 1255 1418 non
1281 1363 1471 1419 solum
1498 1372 1926 1437 peccet,verum.

278 1447 451 1500 etiam
483 1449 761 1519 peccandi
783 1449 987 1505 effectu
1011 1455 1068 1506 et
1097 1451 1475 1510 delectatione
1498 1459 1780 1510 teneatur.
1807 1456 1915 1510 Sed

278 1539 334 1590 et
359 1535 407 1590 si
461 1533 775 1608 aliquando
805 1539 1156 1611 resipiscens
1187 1542 1570 1598 constritatur
1601 1560 1702 1615 per
1732 1545 1916 1616 pceni-

280 1623 826 1690 tentiam,diabolus
848 1628 1120 1699 proponit
1149 1646 1282 1701 spes
1303 1647 1481 1686 vanas
1505 1635 1568 1685 ut
1591 1629 1794 1686 utilem
1815 1632 1920 1686 tri-

278 1712 497 1769 stitiam
528 1712 600 1769 ab
646 1731 712 1770 ea
759 1717 984 1771 auferat
1027 1718 1199 1773 modo
1231 1719 1427 1774 dicens
1481 1720 1917 1776 misericordem

279 1818 405 1858 esse
465 1802 670 1870 Deum,
731 1805 903 1859 modo
953 1805 1199 1861 aliorum
1250 1809 1401 1863 facta
1449 1811 1714 1879 graviora
1761 1826 1918 1864 com-

279 1908 632 1959 memorans,
694 1910 848 1948 nunc
916 1895 1114 1950 dicens
1166 1897 1332 1967 quasi
1390 1897 1533 1951 nihil
1578 1915 1707 1954 esse
1766 1899 1917 1970 quod

278 1982 434 2049 fecit,
492 1999 647 2037 nunc
705 1983 937 2054 prolixae
1004 1983 1128 2037 vita:
1185 1990 1450 2056 tempora
1504 1990 1573 2041 ad
1634 1987 1918 2059 agendam

279 2070 677 2142 paenitentiam
699 2071 1070 2143 repromittit.
1089 2076 1206 2127 Hoc
1233 2077 1339 2140 est,
1365 2075 1517 2144 quod
1545 2074 1921 2142 dicit,tristem

281 2160 540 2215 blanditis
569 2160 840 2216 definivit.
878 2160 983 2216 Sed
1018 2166 1280 2232 pastores
1313 2163 1577 2220 Ecclesia:
1617 2165 1784 2237 quasi
1820 2165 1920 2220 ﬁlii

277 2249 455 2305 Jacob
485 2249 912 2312 debentcarnis
941 2251 1028 2305 vel
1049 2250 1257 2307 anima;
1289 2258 1591 2324 peccatum
1625 2252 1846 2320 ulcisci,
1867 2257 1923 2310 et

279 2338 471 2411 gladio
521 2341 776 2410 spiritus,
828 2340 966 2411 quod
1014 2341 1236 2395 verbum
1284 2342 1379 2396 Dei
1430 2343 1643 2413 (Ep/tes.
1678 2360 1752 2408 v1,
1811 2343 1919 2413 17),

280 2427 506 2498 punire,
527 2429 712 2498 parati
737 2431 1314 2500 semper,secundum
1339 2431 1706 2500 Apostolum,
1730 2432 1924 2486 ulcisci

280 2531 495 2571 omnem
547 2515 973 2570 inobedientiam
1020 2518 1092 2587 (II
1120 2517 1240 2572 Cor.
1288 2535 1342 2585 x,
1391 2519 1465 2589 6).
1500 2519 1684 2583 Quaeri
1736 2523 1924 2590 potest

282 2606 606 2665 secundum
637 2604 890 2659 litteram
908 2605 1198 2675 quomodo
1219 2604 1320 2659 filii
1354 2622 1474 2660 rem
1503 2612 1619 2660 tam
1648 2623 1921 2679 magnam

285 2699 469 2753 facere
492 2693 804 2768 potuerint,
830 2695 983 2765 quod
1012 2694 1279 2764 superius
1306 2694 1431 2766 ipse
1450 2696 1629 2750 Jacob
1653 2695 1924 2768 parvulos

283 2786 596 2861 appellavit
625 2784 824 2840 dicens
875 2783 944 2838 ad
1001 2783 1152 2837 Esau
1216 2783 1416 2838 :Nosti
1460 2785 1599 2854 quod
1653 2786 1925 2855 parvulos

283 2877 516 2934 habeam
543 2891 753 2930 mecum
774 2872 802 2927 ‘?
833 2872 943 2928 Sed
977 2871 1279 2928 sciendum
1312 2889 1424 2927 non
1457 2890 1632 2945 parvo
1663 2878 1924 2945 tempore

280 2967 359 3023 ibi
392 2971 685 3022 moratum
715 2963 914 3018 Jacob.
945 2961 1091 3016 Nam
1123 2966 1179 3016 et
1206 2961 1649 3016 tabernaculum
1673 2963 1753 3016 ibi
1776 2963 1923 3030 ﬁxit,

281 3060 336 3110 et
358 3054 539 3110 altare
560 3052 904 3118 construxit,
927 3055 984 3106 et
1004 3055 1230 3122 partem
1263 3050 1459 3122 magni
1483 3050 1602 3120 agri
1625 3051 1766 3105 emit
1788 3067 1921 3106 cen-

277 3149 403 3198 tum
435 3141 622 3214 agnis.
646 3141 753 3196 Per
768 3140 875 3194 hoc
899 3155 1033 3211 ergo
1053 3139 1380 3194 ostenditur
1401 3139 1498 3194 diu
1527 3139 1604 3193 ibi
1623 3139 1922 3196 habitasse

2023 571 2260 622 vocatus
2291 572 2398 622 est.
2430 567 2624 622 Sancti
2653 582 2786 622 vero
2817 584 3042 635 omnes,
3079 566 3136 620 id
3169 569 3258 620 est
3286 579 3457 618 verus
3489 559 3668 617 Israel

2024 661 2334 726 postquam
2350 673 2580 711 omnem
2597 657 3030 727 corruptionem
3055 657 3473 711 etvetustatem
3499 651 3674 722 depo-

2025 743 2225 814 suerit,
2261 761 2374 798 non
2408 745 2634 799 dicetur
2669 745 2850 808 Jacob,
2885 743 2941 799 id
2975 749 3065 799 est
3095 738 3504 814 supplantator
3532 742 3672 807 (non

2025 833 2180 886 enim
2213 837 2383 887 erunt
2413 833 2550 887 vitia
2581 851 2706 905 quae
2738 832 3119 905 supplantet),
3149 832 3250 886 sed
3281 830 3477 902 potius
3507 828 3675 883 Israel

2024 921 2628 992 vocabitur,quoniam
2646 923 2826 977 Deum
2851 921 3103 976 sicutest
3121 919 3425 986 videbit,et
3442 933 3677 974 summa

2026 1009 2326 1064 beatitudo
2353 1010 2464 1064 erit
2493 1009 2543 1063 ei
2567 1010 2711 1065 visio
2736 1008 3211 1076 creatoris.Reges
3227 1008 3297 1062 de
3317 1007 3518 1062 lumbis
3538 1008 3672 1061 tuis.

2028 1099 2088 1152 Id
2114 1102 2201 1152 est
2223 1098 2320 1169 qui
2342 1115 2469 1152 vere
2492 1115 2655 1170 reges
2678 1102 2833 1164 sunt,
2859 1097 3204 1169 semetipsos
3227 1096 3546 1152 secundum
3581 1111 3678 1150 vo-

2025 1185 2309 1241 luntatem
2347 1186 2441 1240 Dei
2487 1187 2632 1242 bene
2685 1191 2970 1259 regentes,
3004 1185 3104 1256 qui
3154 1185 3257 1240 filii
3309 1188 3449 1240 sunt
3494 1183 3673 1240 Israel

2026 1290 2129 1346 per
2156 1273 2565 1330 imitationem.

2096 1363 2260 1418 Vers.
2296 1364 2381 1417 14.
2414 1365 2606 1420 Erexit
2636 1363 2858 1419 titulum
2901 1363 3197 1434 lapideum.
3231 1363 3489 1419 Observa
3519 1363 3674 1441 quod

2028 1469 2144 1506 non
2175 1451 2335 1518 dicit,
2354 1453 2532 1507 libans
2556 1454 2628 1518 ei,
2662 1453 2784 1519 sed,
2810 1469 2973 1523 super
2998 1469 3141 1508 eum.
3169 1453 3293 1507 Non
3316 1453 3472 1507 enim
3497 1451 3676 1523 lapidi

2027 1540 2395 1610 sacriﬁcavit,
2429 1541 2582 1613 quod
2606 1540 2923 1596 idololatria
2954 1541 3194 1607 faciunt,
3215 1540 3315 1597 sed
3352 1541 3462 1596 Deo
3503 1557 3680 1612 super

2028 1628 2281 1701 lapidem
2315 1631 2683 1686 sacrificavit.

2099 1717 2261 1773 Vers.
2297 1720 2382 1773 16.
2415 1719 2680 1789 Ephrata.
2715 1720 2849 1789 Ipsa
2897 1722 2986 1774 est
3017 1718 3376 1786 Bethlehem,
3411 1723 3469 1774 et
3501 1721 3677 1775 inter-

2031 1811 2290 1878 pretatur
2306 1809 2492 1878 frugis
2519 1816 2696 1868 terra;
2719 1807 3057 1863 Bethlehem
3082 1813 3276 1864 autem
3302 1807 3492 1864 domus
3511 1811 3678 1880 panis

2031 1895 2467 1966 interpretatur.

2103 1984 2356 2039 Vers.18.
2388 1991 2552 2040 Pater
2570 1987 3004 2056 appellavileum
3027 1987 3677 2057 Benjamin.Mater,qua

2031 2089 2133 2144 pro
2160 2072 2259 2129 illo
2311 2074 2694 2142 moriebatur,
2725 2075 2935 2130 doloris
2983 2077 3166 2147 ﬁlium
3195 2075 3510 2146 appellavit.
3541 2075 3681 2131 Erat

2030 2162 2183 2216 enim
2220 2162 2696 2233 prophetiaPauli
2731 2164 3112 2236 apostoli,qui
3146 2165 3214 2219 de
3239 2163 3341 2219 illa
3373 2163 3526 2218 tribu
3545 2164 3676 2236 fuit,

2032 2252 2132 2321 qui
2167 2256 2434 2318 matrem,
2465 2251 2522 2305 id
2555 2257 2644 2307 est
2665 2252 3000 2321 Ecclesiam,
3027 2252 3428 2325 persequendo
3463 2269 3677 2324 magno

2033 2339 2228 2394 dolore
2257 2340 2465 2396 affecit.
2501 2340 2666 2396 Pater
2713 2357 2868 2411 vero,
2902 2340 3224 2413 previdens
3270 2339 3438 2396 illum
3469 2341 3678 2414 spiritu

2032 2428 2366 2500 prophetico
2382 2430 2830 2484 convertendum
2842 2429 3436 2500 ,vocavitillumﬁlium
3448 2430 3677 2497 dextra,

2034 2517 2171 2587 quia
2203 2518 2270 2572 de
2301 2518 2540 2573 sinistra
2586 2517 2948 2573 infidelitatis
2981 2519 3422 2574 transferendus
3454 2523 3578 2574 erat
3607 2519 3680 2574 ad

2033 2605 2327 2660 dexteram
2350 2605 2482 2660 fidei
2507 2610 2562 2660 et
2586 2605 3033 2677 praedicationis.
3050 2606 3370 2679 Allegorice
3383 2610 3682 2680 Benjamin

2032 2692 2092 2747 in
2126 2693 2234 2748 hoc
2260 2693 2384 2749 loco
2417 2694 2705 2750 civitatem
2735 2695 3061 2768 Jerusalem
3103 2696 3476 2768 significavit,
3508 2699 3681 2767 cujus

2033 2783 2220 2853 major
2238 2799 2371 2854 pars
2392 2784 2448 2837 in
2466 2784 2617 2838 tribu
2644 2784 2947 2855 Beniamin
2971 2785 3082 2840 sita
3108 2789 3248 2840 erat.
3270 2786 3404 2849 Quae
3432 2791 3680 2841 matrem

2032 2887 2222 2939 suam,
2257 2872 2313 2926 id
2345 2877 2434 2927 est
2460 2877 2842 2947 Synagogam,
2878 2874 3075 2930 dolore
3105 2890 3292 2946 usque
3323 2874 3394 2929 ad
3428 2879 3677 2931 mortem

2032 2959 2242 3029 affecit,
2266 2962 2500 3031 quando
2533 2962 2736 3016 mundi
2770 2963 3219 3034 Redemptorem
3250 2963 3322 3018 ad
3348 2979 3546 3018 necem
3577 2980 3682 3036 po-

2031 3050 2218 3120 poscit
2247 3049 2508 3106 clamans
2544 3069 2556 3107 :
2591 3051 2880 3121 Cruci/iga,
2907 3052 3166 3121 cruciﬁge
3194 3069 3321 3107 eum
3347 3053 3679 3125 (Joan.xrx).

2102 3155 2266 3213 Vers.
2295 3158 2354 3210 21
2373 3199 2385 3212 .
2425 3158 2591 3212 Trans
2618 3157 2820 3212 turrim
2840 3159 3042 3228 gregis.
3077 3157 3261 3229 Gregis
3290 3159 3493 3213 turrim
3515 3157 3681 3226 dicit.

272 3232 473 3298 Jacob,
507 3247 620 3303 quo
653 3237 909 3302 tempore
936 3233 993 3283 et
1022 3227 1126 3281 filii
1157 3228 1284 3299 ejus
1308 3233 1648 3298 (creverunt,
1677 3233 1736 3284 et
1766 3228 1914 3283 Dina

2031 3244 2084 3299 id
2107 3249 2195 3299 est
2215 3244 2428 3317 gregis.
2445 3245 2711 3300 Tradunt
2732 3215 2917 3300 Judaei
2935 3215 3028 3300 hic
3053 3215 3254 3318 postea
3275 3246 3562 3319 templum
3581 3215 3681 3304 Dei

275 3321 494 3378 nubilis
526 3322 676 3376 facta
697 3323 803 3374 est.
829 3318 992 3383 Quod
1017 3317 1249 3372 Simeon
1272 3321 1327 3371 et
1356 3317 1485 3372 Levi
1510 3321 1735 3372 tantum
1758 3333 1914 3372 com-

208 3401 210 3404 ’
276 3414 678 3465 memorantur
707 3407 766 3462 in
801 3406 1072 3470 facinore,
1106 3405 1409 3462 sciendum
1456 3407 1654 3478 plures
1684 3423 1781 3462 eos
1813 3406 1916 3462 ha-

273 3499 475 3556 buisse
505 3496 714 3566 socios,
738 3495 839 3550 sed
873 3494 966 3550 isti
998 3499 1263 3550 auctores
1284 3495 1457 3551 caedis
1493 3495 1747 3564 fuerunt,
1770 3511 1914 3567 quo-

276 3603 406 3644 rum
439 3603 603 3644 soror
630 3585 859 3642 uterina
888 3587 1012 3640 erat
1042 3583 1204 3640 Dina.

853 3730 1086 3802 CAPUT
1103 3701 1325 3798 xxxv.

342 3896 507 3951 Vers.
541 3895 592 3947 4.
624 3893 690 3946 Et
718 3892 968 3960 inaures,
998 3901 1122 3960 quae
1151 3892 1309 3940 erant
1339 3886 1401 3939 in
1443 3885 1673 3940 auribus
1701 3901 1912 3942 earum.

269 3986 494 4040 Inaures
508 3982 577 4035 ad
592 3981 996 4036 ornamentum
1014 3975 1306 4046 pertinent
1320 3973 1506 4045 magis
1520 3990 1698 4046 quam
1710 3974 1779 4028 ad
1797 3974 1915 4030 ido-

269 4071 576 4127 lolatriam.
592 4068 739 4123 Nam
763 4070 819 4121 et
836 4063 1106 4135 superius
1129 4079 1330 4118 servus
1353 4061 1648 4117 Abraham
1676 4062 1912 4119 inaures

265 4153 931 4233 imposuissediciturad
947 4152 1270 4208 ornandam
1285 4151 1910 4225 faciemRebeccaeEgo

266 4240 1236 4315 sciamusvocariphylacteria,quee
1251 4238 1421 4294 idolis
1435 4239 1853 4311 imponebantu
1863 4259 1909 4297 r.

335 4339 498 4394 Vers.
543 4337 596 4390 5.
633 4335 823 4388 Terror
851 4331 949 4386 Dei
991 4330 1197 4384 invasit
1244 4343 1428 4383 omnes
1475 4344 1572 4399 per
1612 4330 1912 4385 circuitum

262 4430 536 4484 nationes.
574 4423 647 4480 Ut
691 4419 1143 4494 promissionem
1196 4433 1365 4471 suam
1415 4416 1570 4472 Deus
1619 4417 1907 4489 impleret,

264 4534 441 4589 quam
463 4516 534 4570 ad
556 4513 733 4569 Jacob
756 4511 1057 4576 habuerat,
1083 4507 1211 4561 ideo
1233 4506 1426 4561 divino
1447 4510 1665 4562 terrore
1683 4506 1910 4562 habita-

2026 3333 2266 3402 factum,
2305 3334 2456 3389 unde
2476 3336 2647 3390 turris
2676 3337 2881 3405 gregis,
2903 3335 2960 3389 id
2983 3341 3073 3391 est
3093 3334 3512 3406 multitudinis,
3532 3352 3672 3392 con-

2024 3423 2491 3495 gregationis,vel
2507 3427 2689 3479 coetus
2703 3423 2994 3496 appellatu
3005 3425 3272 3480 r.Beatus
3286 3425 3675 3498 Hieronymus

2026 3513 2228 3567 turrim
2257 3514 2434 3583 gregis
2466 3511 2608 3565 dicit
2654 3513 2853 3566 turrim
2880 3517 3189 3583 pastorum,
3221 3529 3351 3584 quae
3383 3518 3474 3569 est
3518 3513 3673 3570 ultra

2027 3600 2488 3670 Bethlehem,ubi
2510 3604 2772 3671 pastores
2785 3602 2970 3656 sancti
2991 3601 3253 3674 angelico
3274 3601 3449 3657 aﬁ‘atu
3467 3607 3673 3659 natum

2024 3689 2338 3745 Dominum
2387 3697 2797 3761 cognoverunt,
2832 3690 2930 3744 ubi
2963 3690 3142 3746 etiam
3174 3691 3441 3762 ipsorum
3489 3690 3670 3748 trium

2024 3781 2324 3849 pastorum
2347 3793 2589 3849 corpora
2604 3777 3086 3848 requiescunt.De
3107 3779 3215 3834 hac
3237 3779 3387 3834 turri
3409 3795 3511 3851 per
3537 3795 3675 3852 pro-

2023 3865 2260 3938 phetam
2292 3866 2632 3938 praedictum
2664 3867 2851 3922 fuerat
2877 3881 2896 3923 :
2918 3869 2983 3922 Et
3011 3876 3069 3922 tu
3098 3869 3270 3923 turris
3291 3870 3483 3941 gregis
3501 3869 3674 3925 nebu-

2022 3955 2157 4024 losa,
2180 3954 2250 4010 ad
2272 3963 2322 4011 te
2337 3957 2513 4010 veniet
2528 3959 2762 4025 potestas
2784 3958 2967 4027 prima
2981 3955 3120 4028 ﬁliae
3137 3959 3273 4013 Sion
3293 3957 3474 4026 (Mich.
3502 3975 3575 4024 Iv,
3593 3959 3671 4030 8).

2089 4044 2254 4100 Vers.
2287 4044 2375 4097 22.
2409 4044 2576 4112 Abiit,
2603 4053 2654 4099 et
2683 4044 2940 4100 dormivit
2966 4061 3089 4100 cum
3135 4047 3438 4102 concubina
3486 4048 3671 4117 patris

2018 4136 2127 4189 sui.
2159 4133 2336 4187 Juxta
2365 4131 2615 4188 litteram
2639 4132 2865 4188 facinus
2891 4133 3095 4190 Ruben
3127 4134 3498 4191 describitur.
3514 4135 3668 4191 Alle-

2018 4222 2213 4294 gorice
2239 4237 2374 4276 vero
2423 4220 2606 4276 Ruben
2635 4221 3060 4294 primogenitus
3111 4223 3344 4279 Judaaos
3375 4223 3667 4296 designat,

2017 4310 2232 4380 quibus
2263 4309 2450 4381 primo
2482 4310 2735 4382 cognitio
2765 4311 2867 4366 Dei
2918 4312 3070 4367 facta
3100 4315 3208 4377 est,
3243 4316 3302 4368 et
3333 4312 3402 4367 de
3450 4312 3669 4384 quibus

2018 4399 2238 4454 dictum
2279 4403 2368 4454 est
2401 4417 2412 4453 :
2444 4399 2626 4454 Filius
2667 4401 3072 4471 primogenitus
3120 4417 3277 4456 meus
3304 4401 3496 4457 Israel.
3530 4400 3670 4457 Bala

2018 4488 2343 4543 concubina
2370 4486 2558 4558 legem
2582 4488 2870 4560 designat.
2901 4488 3062 4552 Quod
3096 4489 3252 4543 enim
3284 4487 3376 4544 lex
3404 4505 3506 4560 per
3525 4506 3668 4546 con-

263 4575 419 4662 tbres
444 4608 609 4658 terrae
631 4601 792 4655 illius
815 4597 1078 4670 perculit.
1113 4600 1311 4666 Neque
1333 4594 1501 4649 aliter
1522 4612 1624 4666 per
1649 4595 1908 4650 medium

2031 4576 2292 4631 :ubinam
2325 4575 2684 4649 designetur,
2707 4577 3008 4647 apostolus
3026 4575 3242 4632 Paulus
3271 4577 3549 4648 ostendit,
3567 4579 3667 4650 qui

264 4691 498 4749 illarum
530 4688 832 4744 nationum
862 4686 1040 4740 Jacob
1073 4682 1291 4738 illaesus
1320 4682 1568 4737 transire
1599 4683 1903 4753 potuisset.

336 4781 500 4836 Vers.
537 4778 622 4832 10.
674 4777 790 4830 Non
845 4773 1125 4828 vocaberis
1176 4772 1322 4825 ultra
1367 4771 1548 4828 Jacob.
1583 4772 1713 4841 Ipsa
1761 4788 1907 4841 pene

265 4871 438 4927 verba
467 4883 594 4940 qum
626 4862 870 4936 angelus
902 4861 1145 4928 dixerat,
1179 4859 1324 4914 dixit
1353 4864 1409 4914 et
1440 4858 1756 4926 Dominus;
1790 4876 1904 4916 non

263 4962 626 5025 tamen_tunc
674 4957 912 5008 vocatus
943 4955 1032 5006 est
1060 4947 1260 5018 Israel,
1294 4949 1396 5004 sed
1446 4947 1784 5020 praedictum
1819 4952 1908 5006 est

261 5048 310 5105 ei
344 5047 497 5120 quod
529 5047 611 5100 ita
639 5042 936 5099 vocandus
968 5044 1142 5095 esset.
1175 5038 1336 5102 Quod
1386 5054 1521 5108 ergo
1553 5037 1632 5093 ibi
1664 5039 1904 5110 praedic-

259 5143 387 5194 tum
418 5140 527 5200 est,
561 5134 654 5188 hic
685 5137 773 5188 est
802 5131 1129 5203 impletum.

328 5226 493 5281 Vers.
522 5224 607 5277 11.
630 5221 814 5276 Cresce
833 5224 884 5275 et
904 5215 1421 5289 multiplz'care.Hoc
1447 5215 1658 5270 melius
1681 5214 1752 5269 ad
1783 5213 1904 5286 spi-

256 5316 484 5371 ritalem
499 5309 675 5367 Israel
699 5307 1072 5379 reiertur,qui
1095 5304 1302 5360 crescit
1319 5307 1376 5360 et
1396 5302 1822 5374 multiplicatur
1845 5303 1902 5357 in

257 5403 594 5459 virtutibus.
619 5397 823 5454 Omnis
849 5397 1005 5452 enim
1025 5395 1362 5466 quicunque
1390 5391 1798 5463 supplantator
1819 5396 1907 5447 est

258 5493 554 5560 vitiorum,
579 5492 636 5544 et
665 5490 860 5542 mente
893 5489 1070 5539 Deum
1093 5480 1540 5552 contemplatur,
1570 5479 1904 5537 recteJacob

259 5580 348 5636 vel
378 5579 544 5636 Israel
590 5574 940 5649 appellatur.
974 5571 1135 5636 Quod
1183 5587 1319 5642 ergo
1372 5569 1558 5625 dicit:
1597 5569 1749 5626 Ultra
1793 5584 1903 5624 non

260 5667 539 5734 vocaberis
568 5664 754 5733 Jacob,
781 5679 897 5721 non
923 5660 996 5718 ad
1017 5659 1184 5718 illum
1215 5657 1536 5728 hominem,
1560 5657 1661 5714 sed
1684 5657 1757 5714 ad
1779 5656 1901 5732 spi-

2016 4665 2677 4737 perAgarconcubinam
2699 4665 2942 4719 Abrahae
2965 4664 3108 4719 dicit
3130 4665 3428 4736 designari
3454 4665 3664 4738 legem,

2015 4770 2141 4824 quis
2184 4753 2243 4808 in
2294 4758 2490 4808 monte
2539 4754 2678 4808 Sina
2708 4754 2844 4808 data
2891 4759 2980 4808 est
3011 4753 3157 4822 (Gal.
3206 4771 3287 4820 ιν,
3313 4755 3426 4824 24).
3478 4755 3668 4810 Ruben

2013 4859 2146 4898 vero
2176 4859 2299 4897 cum
2328 4844 2633 4897 concubina
2666 4844 2842 4912 patris
2873 4843 3184 4904 concubuit,
3215 4843 3355 4913 quia
3382 4843 3668 4900 Judaicus

2014 4931 2266 5004 populus
2301 4931 2485 5003 legem
2501 4935 2761 4988 sanctam
2777 4931 3068 5000 etjustam
3085 4931 3345 5002 corrupit
3368 4930 3532 4986 falsis
3550 4935 3671 4987 tra-

2013 5020 2357 5084 ditionibus,
2390 5025 2562 5089 atque
2588 5017 2932 5088 dignitatem
2968 5019 3340 5092 primogeniti
3368 5018 3587 5074 amisit.

2084 5130 2246 5181 Vers.
2278 5126 2367 5181 26.
2400 5125 2470 5179 Hi
2497 5123 2612 5194 filii
2659 5123 2851 5190 Jacob,
2883 5126 2978 5197 qui
3009 5127 3129 5180 nati
3152 5130 3282 5180 sunt
3311 5128 3363 5182 ei
3405 5143 3466 5180 in
3494 5125 3665 5181 Meso-

2011 5217 2273 5287 potamia.
2296 5213 2482 5278 Quaeri
2507 5217 2695 5283 potest
2716 5229 2896 5282 quare
2921 5230 3125 5269 omnes
3152 5214 3211 5268 in
3243 5211 3665 5286 Mesopotamia

2011 5302 2119 5357 hos
2142 5306 2309 5357 natos
2331 5301 2628 5369 dicit,cum
2645 5301 2946 5370 Benjamin
2973 5319 3083 5358 non
3103 5302 3178 5357 sit
3206 5307 3379 5358 natus
3400 5303 3460 5358 in
3482 5305 3664 5357 Meso-

2013 5390 2311 5462 potamia?
2343 5388 2537 5444 Potest
2567 5387 2751 5444 facilis
2781 5406 2909 5444 esse
2940 5392 3260 5461 responsio,
3295 5395 3361 5446 ut
3389 5391 3660 5446 dicamus

2013 5495 2113 5550 per
2142 5477 2544 5550 synecdochen
2575 5494 2704 5534 esse
2736 5477 3045 5544 dictum,id
3073 5485 3162 5534 est
3194 5497 3228 5534 a
3256 5484 3376 5534 toto
3399 5484 3652 5551 partem.

2011 5566 2115 5622 Vel
2137 5566 2311 5622 etiam
2334 5567 2460 5622 ideo
2483 5583 2686 5623 omnes
2706 5566 2982 5622 dicuntur
3003 5565 3060 5621 in
3077 5566 3497 5639 Mesopotamia
3508 5566 3657 5638 nati,

2012 5655 2152 5731 quia
2173 5655 2500 5733 Beniamin,
2520 5655 2663 5714 dicit
2682 5654 2762 5712 ibi
2785 5658 2957 5714 natus
2973 5670 3088 5713 non
3109 5655 3206 5727 sit,
3224 5672 3437 5716 causas
3456 5659 3656 5722 tamen
