4040 6208
250 390 368 458 115

827 397 1131 462 REMIGII
1178 396 1934 464 ANTISSIODORENSIS
1979 396 2156 462 OPP.
2203 399 2400 463 PARS
2444 402 2491 463 l.
2527 434 2602 448 -—
2631 398 3098 464 EXEGETIGA.

3550 395 3660 464 116

243 529 380 588 ﬁnis
412 531 692 605 corporis.
729 533 796 588 Et
827 535 1024 589 caudae
1044 534 1240 591 hostia
1269 535 1767 606 oﬂ‘ertur,quando
1787 533 1898 589 vir-
1925 535 1981 601 Α
2007 539 2154 606 cepto
2189 537 2309 609 fetu
2336 536 2633 608 appellavit
2661 552 2860 592 nomen
2889 538 3005 609 ejus
3030 540 3206 602 Onan,
3247 539 3304 592 et
3333 538 3541 592 cetera
3569 551 3666 590 us-

244 627 341 680 tus
374 622 646 679 inchoata
674 622 746 679 ad
779 623 1189 695 perfectionem
1220 625 1545 679 deducitur.

315 712 480 768 Vers.
541 714 631 768 25.
691 717 980 770 Portantes
1008 721 1212 769 stacten
1270 716 1330 768 in
1368 716 1681 786 Egyptum.
1713 716 1903 768 Stacte

245 805 413 875 gutta
441 801 692 873 myrrhae
722 802 968 871 arboris,
1001 803 1290 874 quamvis,
1323 807 1380 858 et
1407 802 1536 874 ipsa
1577 818 1771 874 myrra
1801 818 1902 856 vo-

247 891 720 946 cetur.Extractio
753 891 968 963 Joseph
1001 893 1074 947 de
1103 892 1354 949 cisterna
1411 890 1898 947 resurrectionem

246 977 540 1052 signiﬁcat
567 979 801 1036 Christi.

319 1072 482 1124 Vers.
541 1070 628 1123 27.
686 1069 956 1124 Venditus
986 1078 1066 1124 est
1095 1069 1292 1139 Joseph
1321 1069 1567 1125 Ismaelis
1596 1071 1895 1137 negotiato-

243 1157 398 1213 ribus
421 1159 654 1214 consilio
673 1158 826 1214 Iuda:
851 1157 1496 1228 patri-irchaz.Venditus
1513 1163 1602 1213 est
1630 1157 1896 1212 Christus

244 1246 491 1302 consilio
521 1247 683 1302 Judte
711 1247 1061 1313 Scarioth,et
1093 1253 1224 1318 post
1254 1265 1287 1301 a
1317 1248 1590 1318 gentibus
1621 1246 1806 1318 pretio
1830 1247 1895 1300 fi-

214 1335 336 1392 ‘dei
379 1336 474 1408 (a).
513 1337 576 1391 In
606 1335 742 1391 LXX
772 1335 1043 1402 habetur,
1076 1337 1281 1391 aureis.
1313 1337 1418 1391 Sed
1455 1335 1664 1390 melius
1697 1335 1754 1390 in
1787 1335 1894 1390 He-

242 1424 438 1480 braica
469 1424 710 1480 veritate
740 1424 989 1480 habetur
1036 1442 1106 1479 xx
1166 1425 1475 1497 argenteis.
1509 1425 1705 1496 Neque
1737 1424 1893 1480 enim

241 1529 442 1568 servus
472 1512 834 1585 pretiosioris
884 1512 1101 1569 metalli
1137 1513 1321 1586 pretio
1352 1514 1518 1569 vendi
1551 1513 1754 1569 debuit
1779 1530 1892 1585 quo

236 1602 538 1658 Dominus.
571 1603 679 1657 Sed
709 1602 818 1658 hoc
841 1603 1007 1673 juxta
1040 1603 1309 1657 litteram.
1366 1603 1753 1667 Quaerendum
1804 1607 1893 1658 est

237 1691 377 1764 quid
411 1691 489 1746 sit
544 1693 698 1764 quod
733 1691 1006 1764 superius
1063 1691 1204 1747 dicit
1264 1709 1276 1745 :
1344 1692 1602 1747 Viderunt
1660 1694 1891 1749 viatores

234 1781 546 1836 Ismaelitas
573 1782 760 1836 venire
783 1797 794 1834 :
820 1784 876 1835 et
905 1780 1000 1835 hic
1031 1779 1582 1844 dicit,vendiderunt
1603 1797 1737 1836 eum
1762 1781 1889 1836 Ma-

2011 639 2146 695 que,
2179 624 2382 680 occidit
2430 641 2555 686 eum
2593 625 2872 692 Dominus,
2935 627 3068 698 quia
3123 641 3237 680 rem
3294 623 3666 680 detestabilem

2008 715 2233 783 laceret.
2267 713 2454 769 Judas
2485 713 2593 768 hoc
2621 713 2745 769 loco
2780 720 2956 786 typus
2987 719 3076 770 est
3107 713 3276 787 regiae
3309 712 3663 785 stirpisque

2009 803 2080 858 de
2102 802 2257 858 Juda
2287 802 2736 858 descendit.Duo
2768 803 2870 859 filii
2899 804 3066 859 Juda:
3097 804 3212 859 duo
3235 819 3450 875 genera
3481 801 3662 875 signi-

2011 891 2188 946 ficant
2219 890 2505 946 malorum
2539 892 2865 964 hominum,
2901 891 3238 948 nocentium
3269 890 3665 962 videlicet,qui

2011 979 2418 1052 significantur
2437 997 2539 1052 per
2566 983 2687 1049 Her,
2720 982 2790 1037 de
2824 999 2938 1054 quo
2971 981 3188 1037 dicitur
3234 997 3247 1036 :
3281 982 3407 1036 Fuit
3434 982 3540 1036 Her
3565 996 3662 1036 ne-

2009 1084 2173 1140 quam
2217 1084 2396 1123 coram
2429 1069 2675 1139 Domino,
2733 1075 2786 1124 et
2827 1069 2894 1124 ab
2952 1087 3010 1125 eo
3040 1071 3250 1126 occisus
3279 1078 3376 1124 est.
3419 1069 3580 1124 Unde
3609 1073 3667 1124 et

2009 1157 2123 1212 Her
2147 1159 2310 1230 pellis
2356 1157 2443 1213 vel
2501 1159 2733 1230 pellicus
2789 1158 3226 1230 interpretatur.
3283 1157 3458 1214 Pellis
3505 1157 3662 1213 enim

2007 1251 2244 1318 peccata
2295 1246 2586 1319 signiﬁcat
2617 1265 2630 1302 :
2663 1253 2721 1304 et
2770 1247 2942 1320 primi
2973 1252 3246 1320 parentes
3297 1247 3481 1303 nostri
3533 1251 3666 1319 post

2006 1339 2304 1405 peccatum
2332 1335 2563 1391 tunicas
2587 1335 2858 1408 pelliceas
2882 1336 3155 1408 leguntur
3177 1335 3662 1391 habuisse.Aliud

2001 1439 2189 1495 genus
2219 1429 2309 1479 est
2339 1422 2627 1479 malorum
2661 1423 2969 1480 hominum
3002 1429 3282 1497 praestare
3311 1423 3662 1492 nolentium,

2003 1511 2059 1567 id
2091 1515 2178 1567 est
2209 1512 2566 1583 benefacere,
2601 1530 2750 1586 quos
2782 1513 3076 1586 significat
3107 1513 3285 1571 Onan.
3320 1513 3666 1585 Interpreta-

1999 1604 2096 1655 tur
2123 1600 2280 1657 enim
2309 1617 2510 1657 maeror
2531 1617 2744 1670 eorum,
2793 1602 3165 1672 subauditur,
3202 1602 3420 1674 quibus
3445 1601 3668 1656 beneﬁ-

1999 1689 2152 1745 cium
2186 1695 2457 1762 praestare
2486 1707 2601 1745 non
2633 1690 2794 1755 vult;
2830 1691 2902 1746 de
2958 1707 3074 1762 quo
3128 1690 3362 1758 dicitur,
3409 1689 3550 1762 quia
3575 1706 3662 1745 se-

1994 1795 2119 1834 men
2141 1779 2405 1850 fundebat
2437 1781 2498 1834 in
2529 1783 2734 1834 terram
2763 1780 2954 1836 nolens
3010 1781 3166 1835 nasci
3194 1780 3338 1850 ﬁlios
3363 1781 3536 1852 fratri
3562 1794 3664 1834 suo

235 1868 496 1924 dianitis.
531 1869 736 1925 Ismael
792 1869 902 1924 fuit
956 1869 1028 1924 de
1077 1874 1248 1942 Agar,
1290 1869 1523 1925 Madian
1554 1870 1624 1926 de
1655 1870 1884 1926 Cetura.
1918 1907 1966 1972 B
1993 1871 2228 1924 mortuo.
2261 1869 2332 1923 Et
2360 1868 2468 1972 hos
2497 1868 2768 1972 ergoqui
2800 1867 2953 1924 male
2982 1867 3221 1936 faciunt,
3281 1872 3340 1924 et
3390 1865 3523 1924 illos
3556 1867 3657 1939 qui

235 1959 385 2030 Ergo
414 1974 550 2014 vera
578 1962 666 2015 est
697 1957 892 2029 opinio
926 1958 1316 2022 Hebraeorum,
1349 1957 1448 2030 qui
1479 1957 1682 2014 dicunt
1735 1961 1889 2030 Agar

237 2049 296 2102 et
315 2046 569 2101 Cituram
597 2063 776 2102 unam
796 2046 976 2102 fuisse
999 2046 1503 2102 feminam.Potest
1531 2051 1590 2102 et
1618 2046 1728 2102 hoc
1749 2047 1886 2115 dici,

239 2135 380 2208 quia
408 2136 680 2207 superius
700 2135 953 2208 legimus
971 2135 1124 2208 quod
1139 2135 1432 2197 Abraham
1452 2135 1590 2191 filiis
1611 2136 1886 2192 concubi-

235 2240 446 2282 narum
479 2224 702 2280 dederit
758 2239 1024 2294 munera,
1084 2228 1139 2279 et
1193 2224 1547 2296 separaverit
1576 2241 1675 2280 eos
1707 2242 1740 2279 a
1769 2224 1886 2281 ﬁlio

235 2312 398 2370 Isaac
431 2314 503 2369 ad
536 2312 821 2370 orientem
852 2331 871 2368 :
901 2317 1042 2368 tunc
1073 2312 1130 2367 hi
1163 2313 1519 2378 duo,lsmael
1551 2313 1816 2371 videlicet
1832 2319 1889 2370 et

232 2404 489 2470 Madian,
525 2403 704 2460 simul
735 2403 1000 2460 habitare
1034 2406 1331 2474 coeperunt
1357 2407 1414 2458 ct
1445 2420 1618 2459 unam
1651 2410 1884 2477 gentem

237 2491 589 2634 ὼίέῗέἓεῐῗιὲί.
644 2579 908 2634 Tulerunt
936 2581 1184 2634 tunicam
1232 2581 1369 2650 ejus.
1417 2580 1642 2636 Tunica
1667 2581 1886 2653 Joseph

233 2683 366 2724 caro
397 2669 486 2722 est
513 2665 934 2738 Christi,quam
967 2668 1037 2722 de
1065 2667 1308 2748 Virgine
1338 2668 1594 2739 sumpsit
1624 2673 1682 2723 et
1710 2669 1886 2724 variis

233 2757 518 2812 virtutum
541 2755 746 2828 ﬁguris
768 2756 1320 2813 decoravit.Hancin
1346 2757 1404 2813 in
1429 2757 1715 2830 sanguine
1738 2758 1886 2812 haedi

231 2845 794 2918 tinxerunt,quando
825 2845 1105 2901 invidiam
1139 2847 1357 2918 peccati
1389 2847 1441 2903 ei
1471 2847 1657 2902 facere
1688 2846 1883 2903 volue-

234 2938 393 3004 runt,
418 2938 761 2990 accusantes
783 2949 918 2989 eum
949 2935 1104 3006 apud
1126 2935 1432 3007 praesidem
1464 2935 1631 3008 quasi
1655 2937 1888 2994 seditio-

234 3039 370 3083 sum
403 3030 459 3079 et
479 3027 942 3080 commoventem
973 3025 1277 3096 populum.

304 3112 468 3168 Vers.
500 3114 590 3183 32,
619 3112 706 3167 33.
742 3114 892 3169 Hanc
921 3115 1474 3186 invenimus,usque,
1503 3117 1623 3186 fera
1648 3119 1887 3188 pessima

233 3201 509 3258 devoravit
536 3200 965 3257 eum.Planctus
996 3201 1106 3257 iste
1134 3202 1314 3258 Jacob
1345 3204 1721 3276 propheticus
1752 3205 1884 3278 plus

1995 1960 2270 2026 praestare
2300 1955 2527 2022 nolunt,
2562 1956 2704 2013 ultio
2735 1957 2933 2012 divina
2964 1957 3338 2013 condemnat.

2070 2064 2308 2119 Tertium
2355 2080 2562 2136 quoque
2613 2066 2844 2136 peperit.
2901 2063 3154 2134 Tertius,
3187 2065 3289 2136 qui
3321 2063 3450 2122 sine
3479 2081 3660 2120 uxore

1996 2157 2140 2220 erat,
2201 2157 2258 2208 et
2316 2154 2443 2209 Sela
2497 2158 2758 2222 vocatur,
2817 2152 2964 2209 illud
3042 2153 3339 2227 signiﬁcat
3394 2158 3651 2225 tempus,

1997 2242 2231 2313 quando
2259 2242 2445 2298 Judaei
2504 2243 2634 2299 sine
2689 2258 2846 2314 rege,
2879 2243 3005 2299 sine
3054 2243 3374 2314 sacerdote,
3406 2243 3532 2298 sine
3560 2260 3656 2299 sa-

1997 2330 2214 2387 crificio
2245 2337 2430 2388 erant.
2465 2332 2626 2390 Unde
2655 2336 2712 2388 et
2741 2331 2873 2388 Sela
2922 2331 3122 2387 divisio
3151 2333 3272 2404 ejus
3303 2332 3658 2404 interpreta-

2000 2424 2115 2476 tur.

2067 2513 2232 2565 Vers.
2275 2511 2353 2564 14.
2385 2509 2732 2566 Theristrum
2759 2525 2942 2581 genus
2995 2512 3086 2564 est
3126 2508 3477 2581 vestimenti,
3537 2526 3654 2581 quo

1996 2597 2288 2654 Palaestini
2319 2602 2376 2653 et
2407 2598 2660 2653 maxime
2683 2598 2933 2653 Arabica
2965 2596 3240 2653 mulieres
3274 2597 3643 2654 utuntur.Di-

1996 2687 2149 2742 citur
2176 2691 2370 2742 autem
2409 2686 2750 2752 theristrum,
2782 2702 2848 2742 eo
2879 2686 3034 2758 quod
3067 2683 3126 2741 in
3157 2686 3329 2753 theri,
3361 2687 3420 2742 id
3463 2691 3554 2742 est
3595 2687 3658 2742 in

1995 2780 2214 2843 testate,
2250 2775 2348 2830 illo
2377 2774 2665 2831 velamine
2695 2779 2963 2830 utuntur.
2997 2774 3292 2831 Discimus
3321 2779 3518 2832 autem
3577 2793 3647 2832 ex

1995 2864 2106 2920 hoc
2137 2864 2261 2920 loco
2291 2863 2391 2920 illo
2423 2863 2598 2920 etiam
2631 2869 2891 2936 tempore
2942 2863 3059 2920 alia
3087 2863 3270 2920 fuisse
3297 2864 3658 2921 vestimenta

1993 2952 2324 3025 viduarum,
2357 2958 2416 3009 et
2443 2953 2558 3009 alia
2587 2953 2981 3009 meretricum.

2063 3041 2226 3098 Vers.
2257 3042 2346 3098 23.
2382 3043 2584 3100 Habeat
2608 3043 2740 3112 sibi,
2798 3050 2944 3099 certe
2971 3041 3250 3099 mendacii
3297 3057 3395 3098 nos
3425 3059 3656 3114 arguere

1991 3147 2102 3188 non
2128 3133 2324 3204 potuit.
2359 3133 2421 3188 In
2453 3132 2602 3188 facto
2631 3131 2792 3187 Judas
2819 3149 2934 3188 non
2979 3131 3223 3200 justitia,
3249 3133 3350 3188 sed
3387 3132 3529 3188 lides
3557 3149 3655 3206 ap-

1995 3225 2179 3293 paret.
2211 3221 2267 3275 Si
2300 3221 2455 3276 enim
2475 3221 2678 3291 justus
2709 3220 2932 3288 fuisset,
2976 3220 3303 3276 castitatem
3334 3226 3652 3277 servasset.

241 3289 396 3381 dolet
425 3291 496 3346 de
523 3290 859 3381 Judaeorum
885 3290 1208 3362 perditione
1234 3275 1409 3364 quam
1443 3275 1512 3348 de
1543 3293 1646 3348 ﬁlii
1678 3275 1768 3350 sui
1789 3296 1884 3352 Jo—
1915 3275 1957 3341 (ἶ
2194 3275 2389 3366 αυιέω
2421 3275 2499 3364 ω’
2513 3275 2932 3381 δοοτυίι,ρυίέ
2948 3309 3405 3381 δωάαω,ριιθω
3438 3275 3655 3381 pum—1i-

238 3379 404 3451 seph,
438 3383 503 3435 ut
531 3380 1007 3452 putabat,morte.
1039 3382 1176 3436 Fera
1205 3387 1398 3437 autem
1425 3399 1666 3454 pessima
1697 3400 1886 3458 popu-

238 3465 332 3522 lus
364 3473 489 3523 erat
507 3469 944 3539 Judaeorum,de
964 3469 1183 3541 quibus
1201 3469 1338 3526 olim
1371 3471 1684 3529 Psalmista
1715 3489 1727 3528 :
1752 3475 1886 3530 Filii

237 3555 732 3621 hominum,dentes
760 3572 949 3612 eorum
971 3574 1130 3612 anna
1149 3566 1201 3613 et
1229 3561 1442 3630 sagittae
1463 3560 1629 3628 (Psal.
1666 3578 1776 3627 va,
1801 3563 1877 3634 5).

303 3643 468 3701 Vera.
497 3644 586 3700 35.
619 3647 831 3714 Lugens
855 3648 937 3703 in.
973 3648 1277 3718 infernum.
1339 3647 1486 3704 Hinc
1525 3647 1732 3704 beatus
1762 3655 1879 3705 Au-

229 3733 504 3807 gustinus
525 3734 733 3807 quaerit
754 3739 950 3790 utrum
965 3735 1074 3791 soli
1090 3735 1226 3791 mali
1243 3737 1312 3792 ad
1335 3737 1627 3792 infernum
1644 3739 1880 3794 descen-

227 3823 389 3890 dant,
423 3841 494 3880 an
529 3823 666 3880 mali
713 3823 888 3880 simul
922 3829 979 3881 et
1007 3825 1165 3880 boni.
1193 3827 1308 3880 Aut
1357 3825 1501 3880 forte
1553 3827 1877 3896 perturbati

225 3912 407 3968 animi
439 3913 616 3969 verba
645 3917 806 3968 sunt.
837 3915 945 3968 Sed
978 3912 1252 3968 credibile
1277 3917 1366 3968 est
1393 3913 1574 3968 fuisse
1597 3915 1749 3985 apud
1784 3915 1877 3969 in-

225 3999 460 4055 fernum
492 4002 758 4071 quaedam
818 4000 946 4056 loca
973 4002 1285 4057 secretiora
1315 4005 1373 4056 et
1403 4000 1600 4056 minus
1627 4003 1878 4074 pmnalia

223 4093 357 4143 ante
382 4087 710 4159 passionem
736 4088 1064 4155 Domini,ad
1089 4106 1215 4160 quae
1228 4089 1402 4145 etiam
1425 4091 1608 4145 sancti
1634 4091 1876 4148 descen-

223 4174 816 4248 bebant,quianullus
829 4176 1167 4249 paradisum
1183 4178 1408 4249 ingredi
1423 4179 1874 4249 poterat,nullus

222 4270 451 4338 portam
477 4265 638 4338 regni
663 4265 913 4321 caelestis
937 4266 1363 4334 intrare,donec
1386 4266 1650 4324 Christus
1681 4268 1873 4326 rhom-

222 4354 448 4428 phaeam
482 4355 714 4428 igneam
745 4360 1060 4412 amoveret.

291 4445 454 4502 Vers.
511 4447 602 4502 26.
635 4445 930 4514 Putiphari
957 4445 1221 4501 eunucho.
1285 4445 1450 4501 Hunc
1482 4445 1593 4502 alia
1624 4449 1870 4506 transla-

1995 3403 2173 3471 serat,
2235 3399 2484 3455 remisit.
2517 3398 2755 3471 Mystice
2811 3398 2992 3454 ludas
3023 3397 3133 3452 hoc
3163 3397 3288 3454 loco
3332 3414 3652 3470 personam

1993 3487 2143 3560 gerit
2171 3487 2401 3544 Christi.
2435 3487 2712 3558 Thamar,
2774 3503 2901 3558 qua
2933 3487 3251 3542 amaritudo
3280 3486 3367 3542 vel
3397 3503 3644 3543 commu-

1992 3585 2111 3632 tata
2143 3577 2761 3650 interpretatur,typus
2785 3580 2875 3632 est
2905 3575 3194 3642 Ecclesiae,
3231 3592 3356 3648 quae
3389 3575 3449 3631 in
3481 3592 3650 3632 ama-

1989 3665 2245 3720 ritudine
2274 3664 2612 3720 idololatria
2633 3663 2996 3720 versabatur.
3029 3665 3137 3720 Sed
3173 3664 3331 3720 venit
3386 3665 3459 3720 ad
3518 3680 3652 3723 eam

1986 3753 2194 3821 Judas,
2225 3752 2530 3824 requisivit
2557 3769 2691 3810 cum
2729 3757 2959 3825 pastore
2990 3770 3098 3809 suo
3133 3752 3490 3809 Odollamita
3545 3756 3644 3825 qui

1987 3841 2160 3897 Hiras
2191 3841 2524 3898 vocabatur.
2584 3843 2745 3897 Hiras
2779 3846 2976 3898 autem
3008 3841 3425 3914 interpretatur
3446 3845 3648 3914 fratris

1985 3933 2098 3987 mei
2143 3932 2300 3998 visio,
2349 3931 2636 3987 Joannem
2679 3931 3004 4002 Baptistae)
3061 3931 3403 4003 designans,
3463 3947 3644 4004 quem

1985 4017 2254 4076 Christus
2285 4024 2418 4075 ante
2449 4036 2512 4075 se
2540 4035 2866 4091 praeconem
2899 4018 3201 4092 praemisit.
3233 4021 3372 4076 Erat
3405 4019 3646 4076 Odolla-

1982 4112 2140 4173 mzta,
2204 4107 2306 4180 qui
2355 4108 2771 4181 interpretatur
2799 4110 3192 4174 testimonium,
3224 4108 3361 4180 quia
3393 4109 3640 4166 Domino

1983 4197 2386 4254 testimonium
2426 4197 2482 4253 in
2516 4215 2669 4270 aqua
2695 4197 2971 4254 Jordanis
3004 4195 3322 4269 perhibuit.
3363 4197 3513 4254 Venit
3539 4199 3638 4254 Ju-

1980 4286 2080 4342 das
2126 4287 2198 4342 ad
2223 4287 2525 4342 tondendas
2554 4303 2691 4343 oves.
2737 4287 2908 4343 Venit
2935 4286 3208 4342 Christus
3237 4286 3310 4341 ad
3343 4285 3635 4356 homines,

1981 4380 2046 4431 ut
2071 4391 2169 4432 eos
2206 4375 2518 4432 velleribus
2563 4380 2622 4432 et
2651 4376 2925 4432 sordibus
2955 4379 3327 4447 peccatorum
3358 4391 3636 4432 exonera-

1979 4468 2084 4520 rct.
2121 4465 2265 4520 Tunc
2293 4464 2526 4521 Thamar
2578 4465 2734 4535 vidit,
2791 4464 2850 4520 id
2909 4469 2998 4520 est
3058 4464 3344 4520 misertus
3387 4468 3477 4520 est
3536 4466 3636 4520 Ec-

217 4535 298 4590 tio
317 4552 433 4590 non
458 4535 806 4608 magistrum
838 4535 1188 4600 militiae,sed
1217 4535 1759 4608 archimagirum,id
1780 4543 1869 4595 est
1977 4553 2188 4618 elegia},
2219 4560 2276 4610 et
2309 4559 2528 4610 mutato
2582 4555 2818 4610 nomine
2849 4559 2906 4610 οι
2953 4553 3156 4609 habitu
3211 4553 3347 4609 fecit
3396 4569 3525 4609 eam
3556 4554 3630 4610 de

217 4622 538 4695 principem
594 4639 917 4695 coquorum
950 4622 1205 4696 appellat
1261 4624 1358 4696 qui
1391 4625 1562 4681 etiam
1597 4628 1868 4685 sacerdos

1997 4647 2279 4716 Synagoga
2308 4642 2644 4714 Ecclesiam,
2699 4643 2770 4698 de
2801 4642 3106 4698 meretrice
3137 4657 3436 4714 sponsam.
3467 4641 3630 4706 Quod

212 4709 530 4782 Heliopolis
563 4712 744 4768 fuisse
773 4711 1005 4767 dicitur.
1040 4713 1146 4769 Ubi
1182 4713 1362 4784 quaeri
1395 4719 1586 4786 potest
1615 4732 1858 4788 quomo-

1974 4737 2167 4787 autem
2202 4749 2317 4788 non
2369 4731 2637 4805 cognovit
2689 4748 2840 4799 eam,
2897 4731 3005 4786 hoc
3035 4735 3127 4786 est
3183 4731 3336 4803 quod
3371 4730 3496 4803 ipse
3526 4747 3631 4804 per

211 4799 286 4855 do
316 4815 556 4892 uxorem
605 4799 829 4855 habens
855 4801 1140 4892 sacerdos
1197 4803 1651 4892 esseﬂpotuerit.
1712 4805 1858 4860 Nam
1968 4819 2346 4876 psalmistam
2396 4799 2538 4876 άῖοίι
2570 4837 2583 4876 ε
2619 4821 2862 4892 populus
2909 4835 3068 4892 quem
3096 4799 3482 4890 ηονδόορπυύί,
3511 4799 3626 4876 ξεν-

209 4888 582 4962 gerophantaa
639 4890 1038 4962 Egyptiorum
1120 4907 1234 4946 non
1300 4891 1413 4948 nisi
1469 4892 1613 4948 casti
1672 4897 1729 4949 et
1785 4894 1858 4950 ab

1997 4911 2105 4966 ivit
2133 4910 2274 4965 mihi
2301 4911 2467 4980 (Psal.
2499 4926 2636 4970 xvn.
2672 4888 2780 4979 lii).
2839 4888 3008 4965 Dedit
3035 4908 3088 4963 ei
3120 4925 3222 4981 pro
3287 4888 3620 4965 arrhaboue

209 4978 490 5034 nitoribus
520 4977 694 5034 alieni
723 4994 850 5035 esse
880 4983 1168 5050 poterant.
1201 4981 1466 5036 Tradunt
1514 4981 1702 5038 Judaei
1759 4983 1856 5039 Jo-

208 5067 350 5139 seph
385 5067 849 5140 pulcherrimum
886 5068 1086 5136 fuisse,
1120 5073 1177 5125 et
1207 5070 1278 5124 ob
1310 5069 1418 5126 hoc
1449 5071 1519 5126 ad
1552 5076 1722 5145 turpe
1755 5072 1860 5128 mi-

207 5156 514 5213 nisterium
569 5161 856 5230 emptum,
888 5157 990 5214 sed
1027 5159 1175 5214 Deus
1224 5159 1352 5230 ejus
1381 5157 1572 5215 virilia
1602 5161 1854 5228 arefecit,

1965 5000 2264 5066 annulum,
2297 4999 2568 5062 baculum,
2599 4998 2906 5069 armillam,
2963 4997 3180 5070 pignus
3232 4997 3503 5054 videlicet
3526 5015 3624 5053 vo-

1966 5087 2230 5155 cationis,
2256 5087 2696 5160 justiﬁcationis
2725 5092 2783 5144 et
2797 5086 3256 5159 glorificationis,
3289 5085 3442 5142 sicut
3467 5088 3625 5159 Apo-

1966 5177 2151 5233 stolus
2177 5176 2318 5232 dicit
2349 5195 2362 5232 :
2397 5177 2536 5245 Quos
2582 5179 2810 5245 vocavit,
2871 5176 2965 5232 hos
3005 5176 3384 5247 justiﬁcavit;
3412 5179 3464 5232 et
3491 5191 3625 5247 quos

205 5263 278 5303 ne
298 5251 525 5304 castum
559 5263 803 5320 puerum
835 5263 1208 5319 corrumpere
1237 5251 1458 5319 posset.
1486 5249 1648 5306 Tunc
1666 5251 1856 5308 factus

1997 5266 2298 5336 ustiﬁcavit,
2330 5265 2456 5320 illo:
2483 5273 2534 5320 et
2563 5264 2896 5336 gloriﬁcavit
2926 5265 3100 5337 (Rom.
3131 5281 3248 5335 vm,
3281 5264 3395 5332 30).

206 5340 295 5391 ut
323 5338 593 5392 sacerdos
626 5335 964 5408 Heliopolis,
997 5335 1097 5409 qui
1127 5340 1300 5392 antea
1332 5335 1555 5394 laicalis
1585 5342 1727 5394 erat.

761 5459 995 5516 CAPUT
1034 5459 1321 5516 XXXVIII.

273 5548 437 5605 Vers.
470 5551 617 5606 3-10.
681 5551 892 5605 Vocavit
939 5565 1141 5605 nomen
1170 5549 1287 5621 ejus
1316 5550 1440 5606 Her.
1484 5552 1692 5606 Rursus
1719 5565 1851 5606 con-

2036 5372 2198 5428 Vers.
2231 5372 2320 5426 26.
2351 5372 2561 5428 Iustior
2613 5387 2699 5427 me
2755 5375 2860 5428 est.
2923 5372 3062 5441 Quia
3120 5387 3230 5428 non
3257 5369 3471 5427 tradidi
3499 5386 3621 5428 eam

1965 5462 2091 5518 Sela
2119 5461 2237 5532 ﬁlio
2264 5476 2402 5518 meo.
2452 5460 2584 5517 Alia
2643 5461 2947 5518 translatio
3005 5460 3167 5527 dicit,
3205 5460 3508 5530 Justiﬁcata
3537 5468 3620 5516 est

1963 5567 2034 5608 ex
2062 5549 2227 5621 me,id
2263 5555 2354 5607 est
2384 5550 2498 5607 mei
2528 5550 2982 5624 comparatione.
3013 5550 3138 5607 Non
3171 5547 3328 5605 enim
3357 5547 3618 5605 fecithoc

271 5727 349 5798 (ι)
379 5725 464 5784 lta
492 5727 622 5782 sed.
654 5728 949 5799 Tegerns;
983 5727 1084 5783 sed
1113 5729 1328 5798 ϐαιὴ,
1350 5731 1563 5798 emptus
1593 5730 1862 5800 argenteis
1899 5730 2074 5802 pretio
2104 5727 2254 5801 ﬁdei.
