4040 6208
287 408 392 475 11⁸1

1398 406 2017 477 COMMENTARIUS
2062 404 2142 471 IN
2190 407 2559 474 GENESIM.

3568 400 3687 467 118

284 544 1138 620 desideriovagmlibidinis,sed
1154 547 1706 619 amoregenerandae
1722 545 1920 618 prolis.
1953 546 2007 611 Α
2036 544 2091 617 gi
2125 545 2456 616 porrigebat
2485 543 2569 600 vel
2604 542 2969 617 propinabat.
3006 544 3125 598 Hoc
3144 536 3544 597 ministerium
3570 555 3684 596 non

294 681 304 692 .
349 641 512 692 Vers.
544 636 635 691 29.
661 638 837 705 Quare
857 637 1033 693 divisa
1052 646 1132 693 est
1153 642 1376 709 propter
1396 646 1443 693 te
1486 638 1728 692 maceria
1746 636 1773 690 ‘?
1803 640 1922 692 Ma-

281 728 479 782 ceriam
504 730 671 782 vocat
713 726 1182 782 membranulam
1241 727 1653 781 secundarum.
1711 724 1925 780 Phares

282 819 471 871 autem
498 814 921 887 interpretatur
948 816 1167 883 divisio,
1200 832 1232 870 a
1263 832 1379 886 quo
1413 814 1708 870 Pharisaei.

342 904 507 960 Vers.
554 905 643 958 30.
701 905 841 959 Zara
906 905 1323 976 interpretatur
1383 904 1595 969 Oriens,
1644 902 1730 957 vel
1789 902 1927 974 quia

280 992 434 1066 prior
489 994 684 1064 egredi
758 994 977 1058 debuit,
1057 994 1147 1049 vel
1232 993 1369 1063 quia
1448 1010 1516 1048 ex
1598 991 1759 1047 illius
1838 992 1923 1046 fa-

282 1080 444 1137 milia
474 1082 815 1152 multijusti
856 1088 912 1136 et
970 1082 1262 1153 sapientes
1318 1083 1501 1137 exorti
1560 1086 1714 1136 sunt.
1775 1080 1925 1135 Alle-

280 1170 468 1241 gorice
496 1186 599 1242 per
644 1170 752 1225 hos
806 1172 957 1225 duos
1013 1170 1165 1225 filios
1221 1171 1386 1225 Judas
1446 1171 1563 1225 duo
1610 1169 1808 1241 populi
1858 1170 1924 1222 fi-

280 1262 566 1331 gurantur
590 1277 603 1326 ;
630 1275 730 1331 per
751 1261 974 1325 Zaram,
1005 1260 1104 1330 qui
1131 1260 1358 1331 primus
1405 1276 1645 1314 manum
1706 1258 1922 1327 eduxit,

276 1347 1308 1420 Judaicuspopulusdesignatur,qui
1329 1348 1499 1419 quasi
1526 1364 1767 1401 manum
1787 1364 1927 1418 prie-

276 1436 423 1502 buit,
456 1437 690 1507 quando
722 1453 784 1491 se
810 1446 1200 1508 praeparatum
1232 1437 1304 1491 ad
1336 1436 1435 1491 Dei
1488 1437 1770 1491 mandata
1814 1436 1922 1489 im-

276 1523 488 1597 plenda
508 1525 781 1580 ostendit.
810 1526 913 1581 Cui
938 1527 1200 1581 obstetrix
1226 1526 1701 1595 coccinumligare
1726 1526 1920 1589 voluit,

276 1614 329 1669 id
366 1617 457 1669 est
488 1614 601 1669 fide
633 1614 944 1669 Dominicis
984 1614 1277 1686 passionis
1299 1618 1354 1669 et
1376 1615 1565 1670 crucis
1615 1613 1781 1667 illum
1832 1613 1923 1666 in-

274 1700 509 1773 signire.
537 1701 850 1757 Coccinum
880 1719 1035 1772 vero,
1070 1703 1225 1773 quod
1255 1701 1561 1773 sanguinis
1592 1701 1769 1756 habet
1826 1718 1920 1755 co-

270 1789 475 1858 lorem,
509 1790 722 1846 Christi
754 1792 972 1845 indicat
1001 1792 1357 1862 passionem.
1390 1791 1491 1847 Sed
1540 1790 1642 1846 ille
1692 1807 1923 1844 manum

270 1883 631 1935 cruentatam
664 1880 948 1952 sanguine
961 1880 1379 1952 prophetarum
1407 1884 1463 1935 et
1504 1880 1689 1952 ipsius
1724 1881 1918 1935 Domi-
1953 1917 2001 1981 Β

271 1968 329 2023 ni
360 1971 616 2039 retraxit,
649 1969 788 2041 quia
818 1970 989 2024 fidem
1015 1969 1307 2040 passionis
1339 1970 1468 2041 ejus
1515 1969 1770 2041 recipere
1814 1985 1921 2023 no-

267 2056 398 2112 luit.
434 2056 536 2112 Illo
566 2058 856 2123 tardante,
881 2057 1085 2127 junior
1108 2074 1383 2130 egressus
1413 2062 1502 2113 est
1558 2058 1754 2127 frater,
1814 2057 1921 2111 hoc

268 2150 379 2214 est,
404 2146 658 2218 pepulus
688 2145 923 2217 gentilis
946 2146 1235 2201 credendo
1264 2146 1325 2200 in
1352 2145 1651 2201 Christum
1686 2146 1757 2201 ad
1781 2146 1922 2200 obe-

266 2233 551 2289 diendum
585 2235 887 2306 praeceptis
917 2235 1045 2304 ejus
1076 2251 1139 2289 se
1169 2233 1528 2305 praeparavit.

842 2340 1075 2395 CAPUT
1116 2339 1352 2395 XXXIX.

346 2432 511 2483 Vers.
543 2428 597 2482 6.
628 2429 769 2482 Erat
794 2437 976 2484 autem
1002 2429 1192 2500 Joseph
1234 2428 1468 2500 pulchra
1504 2429 1668 2499 facie.
1708 2427 1921 2499 Joseph

260 2516 533 2572 diximus
562 2516 862 2571 Christum
917 2517 1271 2589 significare,
1329 2518 1497 2588 cujus
1548 2516 1922 2588 pulchritudo

262 2621 505 2661 omnem
537 2604 947 2675 superexcellit
978 2605 1423 2669 formositatem,
1450 2606 1519 2659 de
1542 2621 1655 2676 qua
1682 2605 1923 2660 Psalmi-

263 2698 390 2751 sta:
445 2693 730 2764 Speciosus
783 2696 969 2764 forma
1026 2710 1141 2765 prae
1197 2695 1334 2765 ﬁliis
1391 2696 1677 2748 hominum
1743 2694 1915 2765 (Psal.

262 2800 414 2849 XLIV,
438 2784 516 2853 3),
541 2782 607 2837 Et
641 2782 987 2854 Apostolus:
1058 2786 1120 2838 In
1166 2799 1326 2854 quem
1384 2783 1689 2838 desiderant
1733 2784 1922 2853 angeli

260 2875 579 2943 prospicere
609 2870 652 2939 (Ι
684 2872 830 2925 Petr.
858 2889 895 2937 1,
946 2872 1051 2942 12).
1112 2872 1239 2943 Ipse
1297 2888 1495 2927 revera
1551 2888 1807 2943 prospere
1856 2874 1917 2926 in

263 2960 527 3014 omnibus
557 2961 691 3029 agit,
722 2968 773 3014 et
799 2962 993 3015 omnia
1013 2963 1071 3014 in
1096 2978 1265 3015 manu
1296 2960 1459 3015 illius
1481 2960 1816 3031 diriguntur.

332 3048 504 3103 Vers.
536 3050 689 3103 7-20.
717 3052 846 3103 Post
874 3049 1080 3104 multos
1104 3052 1287 3120 itaque
1305 3050 1419 3105 dies
1449 3052 1639 3121 injecit
1695 3050 1918 3105 domina

260 3138 446 3192 oculos
474 3153 604 3193 suos
634 3137 694 3191 in
722 3137 933 3208 Ioseph.
968 3137 1174 3193 Mulier
1205 3139 1325 3193 haec
1357 3145 1557 3211 typum
1601 3144 1755 3193 tenet
1806 3140 1913 3211 Sy-

259 3241 528 3299 nagogae,
563 3243 687 3297 quae
718 3225 968 3281 habebat
996 3226 1399 3299 virum,legem
1415 3227 1681 3283 videlicet
1702 3228 1911 3299 ipsam,

258 3330 372 3386 qua
401 3314 721 3388 regebatur
750 3320 807 3369 et
835 3315 1175 3370 docebatur.
1209 3316 1340 3370 Haec
1363 3315 1661 3370 Christum
1693 3316 1752 3369 in
1811 3316 1913 3371 ho-

258 3402 415 3458 mine
474 3407 858 3475 apparentem
916 3402 1098 3458 voluit
1155 3402 1540 3458 lenocinando
1614 3404 1910 3474 decipere:

256 3492 394 3563 quia
424 3492 746 3565 Synagoga
776 3492 1005 3547 volebat
1026 3492 1156 3563 ejus
1178 3491 1365 3563 legem
1397 3493 1472 3563 (a)
1498 3491 1809 3545 carnaliter
1824 3492 1920 3545 ob-

253 3596 513 3649 servare,
547 3581 867 3635 Sabbatum
926 3585 982 3635 et
1040 3580 1239 3635 omnia
1283 3598 1409 3653 quae
1469 3580 1551 3634 illi
1610 3580 1671 3634 in
1732 3580 1921 3652 figura

254 3668 390 3723 data
448 3670 716 3737 fuerant,
766 3670 937 3739 juxta
989 3668 1245 3724 litteram
1308 3669 1570 3741 implere.
1622 3669 1726 3723 Cui
1783 3685 1917 3723 cum

251 3756 536 3814 Christus
594 3756 774 3812 nollet
830 3757 1253 3829 obtemperare,
1304 3758 1542 3828 pallium
1602 3760 1654 3812 ei
1707 3758 1914 3829 rejecit,

255 3846 392 3917 quia
422 3851 671 3919 tegmen
703 3845 908 3901 litterae
938 3845 1143 3918 legalis
1176 3845 1257 3899 illi
1303 3846 1549 3901 dimisit.
1604 3847 1786 3911 Unde,
1847 3846 1920 3901 si-

259 3940 356 3990 cut
383 3934 713 4008 Apostolus
744 3935 906 4001 dicit,
936 3952 1105 4006 usque
1135 3935 1313 4005 hodie,
1345 3936 1478 3989 dum
1524 3937 1729 4006 legitur
1780 3936 1918 4007 Moy-

257 4026 623 4084 ses.velamen
644 4026 891 4095 positum
921 4033 1177 4094 estsuper
1204 4040 1299 4080 cor
1342 4026 1465 4096 ejus
1522 4025 1595 4095 (ΙΙ
1650 4024 1769 4080 Cor.
1832 4042 1916 4091 ιιι,

258 4114 359 4186 15).
394 4115 622 4188 Sicque
652 4114 811 4169 illam
845 4112 1077 4186 plebem
1099 4114 1324 4169 dimisit
1356 4114 1639 4170 Dominus
1670 4114 1871 4169 dicens
1898 4132 1910 4168 :

255 4204 629 4276 Relinquetur
642 4204 791 4259 vobis
815 4203 1002 4259 domus
1030 4208 1220 4259 vestra
1257 4204 1473 4259 deserta
1500 4203 1705 4273 (Matth.
1755 4220 1915 4269 xxut,

255 4291 361 4362 38),
391 4298 451 4349 et
482 4294 562 4348 ad
598 4296 801 4364 gentes
833 4291 1067 4347 transiit
1119 4308 1251 4347 cum
1286 4291 1542 4364 spiritali
1596 4290 1918 4363 Scriptura-

253 4395 381 4436 rum
416 4380 753 4437 intellectu.
792 4381 1104 4436 Accusavit
1135 4397 1270 4435 eum
1318 4380 1552 4447 mulier,
1616 4382 1677 4435 in
1736 4398 1911 4453 argu-

253 4474 521 4526 mentum
560 4469 775 4524 marito
806 4468 1050 4540 pallium
1075 4470 1407 4540 ostendens,
1432 4469 1570 4540 quia
1613 4470 1916 4541 Synagoga

252 4555 557 4614 Christum
617 4558 928 4613 accusabat
968 4556 1114 4630 legis
1169 4558 1614 4624 destructorem,
1676 4563 1731 4612 et
1779 4558 1917 4628 quia

2033 633 2149 689 vile
2183 634 2365 689 fuisse
2396 635 2551 705 apud
2590 634 2866 706 antiquos
2923 631 3239 688 ostendunt
3281 629 3489 686 tabulas
3546 646 3683 702 poe-

2033 727 2248 787 tarum,
2282 723 2341 777 in
2374 723 2590 794 quibus
2617 726 2862 778 refertur
2893 722 3046 794 quod
3106 720 3337 793 Jupiter
3394 719 3683 775 amasium

2036 829 2210 867 suum
2253 812 2647 883 Ganymedem
2701 812 3041 883 pincernam
3100 811 3341 866 deorum
3366 808 3687 864 constitue-

2036 899 2129 955 rit.

2104 991 2266 1045 Vers.
2304 992 2388 1045 17.
2421 993 2488 1045 Et
2517 993 2577 1045 in
2606 1007 2715 1045 uno
2745 992 3005 1055 canistro,
3038 989 3179 1063 quod
3217 994 3339 1045 erat
3394 989 3685 1054 excelsius,

2033 1082 2252 1150 portare
2281 1096 2367 1134 me
2394 1096 2576 1135 omnes
2605 1080 2774 1145 cibos,
2807 1081 2903 1151 qui
2946 1080 3087 1148 ﬁunt
3136 1086 3262 1134 arte
3308 1080 3565 1151 pistoria.
3618 1078 3681 1133 In

2034 1169 2227 1225 Graeco
2249 1169 2514 1233 habetur,
2544 1178 2765 1240 portare
2794 1186 2880 1223 me
2907 1169 3230 1225 chondriton
3255 1169 3351 1240 (b),
3380 1168 3437 1222 id
3459 1172 3549 1223 est
3578 1185 3681 1240 pa-

2036 1275 2167 1313 nem
2200 1258 2505 1313 cibarium.
2541 1259 2649 1313 Sed
2684 1259 2791 1313 hoc
2818 1275 2931 1313 non
2965 1256 3231 1313 convenit
3263 1257 3573 1327 Pharaoni,
3616 1260 3682 1311 ut

2034 1347 2251 1403 cibario
2284 1363 2430 1418 pane
2460 1352 2807 1402 vesceretur.
2845 1347 3034 1402 Potuit
3056 1351 3251 1401 tamen
3276 1345 3422 1411 fieri,
3451 1350 3517 1400 ut
3548 1346 3681 1401 bea-

2034 1441 2129 1490 tus
2162 1436 2527 1509 Augustinus
2560 1436 2701 1491 dicit
2726 1437 2819 1507 (e),
2855 1440 2921 1491 ut
2949 1435 3206 1491 canistra
3236 1435 3532 1489 videretur
3580 1434 3682 1489 ha-

2032 1526 2166 1580 bere
2197 1526 2471 1581 deorsum
2514 1543 2694 1598 panes
2746 1524 3019 1593 cibarios,
3081 1541 3261 1595 supra
3321 1540 3467 1595 quos
3520 1528 3689 1578 erant

2032 1614 2249 1680 omnia,
2284 1631 2410 1686 quas
2443 1615 2591 1669 fiunt
2622 1618 2743 1669 arte
2766 1614 3027 1686 pistoria.
3066 1612 3307 1685 Mystice
3330 1611 3389 1666 hi
3415 1613 3530 1668 duo
3578 1611 3689 1666 viri

2032 1704 2147 1758 duo
2163 1708 2300 1759 sunt
2318 1704 2540 1776 populi,
2566 1704 2662 1775 qui
2687 1704 2859 1759 ambo
2882 1703 3138 1775 graviter
3162 1706 3575 1773 peccaverunt,
3625 1706 3692 1756 ut

2030 1792 2343 1864 Apostolus
2374 1793 2553 1848 dicit:
2590 1795 2703 1848 Non
2737 1798 2811 1848 est
2840 1794 3120 1848 distinctio
3152 1792 3333 1848 Judaei
3389 1796 3442 1847 et
3488 1792 3686 1847 Grzci.

2033 1882 2227 1937 Omnes
2253 1891 2613 1954 peccaverunt
2645 1887 2697 1936 et
2726 1886 2883 1953 egent
2912 1881 3100 1953 gloria
3134 1882 3231 1936 Dei
3260 1882 3432 1952 (Rom.
3465 1898 3520 1947 x,
3575 1882 3683 1947 12).

2031 1972 2141 2026 Sed
2175 1975 2490 2043 apparente
2518 1988 2650 2026 vero
2683 1970 2918 2041 Ioseph,
2957 1971 3126 2037 alter,
3160 1969 3217 2024 id
3250 1974 3338 2025 est
3377 1969 3682 2039 Judaieus,

2034 2078 2147 2115 non
2180 2061 2467 2115 credendo
2500 2061 2558 2114 in
2596 2060 2750 2133 ligno
2782 2060 2973 2115 crucis
3026 2061 3345 2116 damnatus
3388 2063 3497 2125 est,
3529 2058 3590 2113 in
3622 2058 3685 2113 li-

2032 2165 2146 2220 gno
2181 2149 2692 2220 praevaricationis.

2100 2236 2264 2291 Vers.
2298 2238 2385 2291 20.
2422 2238 2596 2292 Tertia
2628 2240 2824 2292 autem
2853 2238 2987 2303 dies,
3023 2254 3139 2309 qua
3164 2236 3250 2291 vel
3294 2236 3391 2291 ille
3428 2234 3684 2296 restitu-

2032 2328 2129 2379 tus
2158 2325 2244 2379 vel
2274 2325 2371 2379 ille
2403 2342 2732 2398 suspensus
2763 2331 2871 2394 est,
2897 2326 3262 2381 Dominicam
3287 2325 3581 2397 significat
3600 2339 3683 2380 re-

2034 2413 2478 2481 surrectionem;
2514 2432 2641 2487 quis
2672 2415 2842 2470 tertia
2875 2415 2969 2470 die
3002 2414 3155 2469 facta
3185 2418 3292 2470 est.

2638 2520 2872 2576 CAPUT
2939 2521 3074 2576 XLI.

2102 2610 2263 2665 Vers.
2305 2612 2481 2666 lPost
2510 2611 2641 2667 duos
2697 2627 2869 2665 annos
2926 2610 3143 2665 Pharao
3194 2610 3331 2665 vidit
3387 2611 3683 2665 somnium.

2029 2701 2133 2753 etc.
2163 2698 2391 2770 Septem
2426 2699 2562 2754 anni
2596 2698 2897 2765 ubertatis,
2948 2716 3074 2771 quae
3129 2715 3233 2771 per
3286 2701 3487 2770 septem
3533 2700 3688 2755 boves

2025 2789 2279 2858 pingues,
2303 2791 2358 2841 et
2391 2804 2493 2859 per
2522 2787 2765 2843 totidem
2796 2790 2971 2859 spicas
3019 2789 3211 2859 plenas
3257 2796 3421 2858 atque
3486 2789 3689 2857 [armo-

2029 2892 2115 2931 sas
2146 2876 2548 2949 designantur,
2585 2878 2826 2949 mystice
2860 2876 3198 2949 significant
3253 2876 3679 2948 plenitudinem

2029 2965 2388 3036 septiformis
2410 2966 2608 3037 gratiae
2641 2967 2899 3037 Spiritus
2930 2966 3139 3035 sancti,
3174 2982 3301 3037 qua:
3316 2964 3522 3037 primis
3543 2969 3685 3020 tem-

2028 3054 2267 3126 poribus
2300 3054 2358 3108 in
2394 3055 2672 3124 apostolis
2702 3059 2759 3111 et
2791 3055 3013 3110 caeteris
3043 3054 3415 3110 credentibus
3435 3052 3681 3109 manife-

2030 3143 2649 3199 stabantur.Sterilitas
2664 3150 2858 3200 autem
2874 3149 3097 3216 septem
3112 3160 3402 3199 annorum
3426 3160 3679 3215 sequen-

2026 3232 2197 3296 tium,
2232 3250 2360 3303 quae
2393 3250 2495 3303 per
2522 3239 2725 3303 septem
2756 3234 2910 3290 boves
2949 3234 3270 3287 macilentos
3300 3236 3357 3287 et
3388 3249 3489 3304 per
3542 3232 3678 3288 toti-

2026 3320 2157 3375 dem
2188 3323 2365 3390 spicas
2394 3326 2581 3377 tenues
2604 3326 2652 3377 et
2684 3323 2913 3377 uredine
2935 3338 3219 3394 percussas
3271 3325 3509 3375 ostensa
3562 3324 3672 3385 est,

2024 3411 2257 3479 tempus
2289 3407 2433 3462 illud
2459 3409 2771 3481 signiﬁcat,
2802 3428 2917 3482 quo
2942 3411 2997 3465 in
3033 3410 3148 3464 fine
3179 3407 3377 3463 saeuli
3435 3407 3673 3479 refrige-

2026 3501 2223 3550 scente
2245 3496 2526 3551 charitate
2556 3502 2612 3551 et
2633 3499 2969 3553 abundante
2999 3497 3311 3568 iniquitate
3332 3496 3441 3552 erit
3490 3496 3674 3552 fames

2027 3584 2186 3638 verbi
2217 3584 2338 3649 Dei,
2367 3600 2544 3655 quam
2574 3586 2859 3641 Dominus
2885 3604 2986 3657 per
3018 3586 3361 3657 prophetam
3389 3585 3669 3657 praedixit:

2027 3673 2252 3738 Mittam,
2286 3673 2582 3743 inquiens,
2606 3674 2813 3742 famem
2840 3677 2899 3728 in
2928 3679 3133 3727 terram
3153 3690 3265 3727 non
3318 3676 3529 3742 famem
3574 3689 3671 3743 pa-

2026 3764 2140 3825 nis,
2172 3777 2347 3833 neque
2374 3763 2531 3816 sitim
2556 3776 2735 3833 aquae,
2763 3762 2854 3818 sed
2875 3761 3140 3817 audiendi
3163 3761 3315 3816 verbi
3342 3762 3456 3815 Dei
3495 3760 3677 3828 (Amos

2027 3868 2151 3914 vm,
2186 3850 2297 3920 11).
3132 3918 3139 3923 Α

2099 3940 2260 3995 Vers.
2282 3941 2366 3994 14.
2393 3943 2651 3995 Protinus
2680 3941 2935 3996 eductum
2958 3939 3021 3994 de
3059 3953 3275 3994 carcere
3310 3936 3676 3993 tetenderunt.

2027 4028 2268 4083 Eductio
2304 4029 2521 4100 Joseph
2555 4030 2625 4084 de
2657 4046 2887 4085 carcere
2918 4028 3270 4083 resurrectio
3304 4031 3391 4082 est
3442 4026 3677 4092 Christi,

2028 4133 2317 4188 perquam
2334 4134 2565 4173 omnem
2592 4117 3005 4173 mortalitatem
3020 4115 3488 4172 etinfirmitatem
3510 4115 3679 4188 quasi

2027 4204 2371 4275 capillorum
2395 4212 2763 4261 excrementa
2786 4205 3050 4279 projecit,
3068 4210 3123 4260 et
3142 4209 3359 4261 vestem
3382 4204 3681 4260 immorta-

2026 4291 2207 4347 litatis
2232 4308 2297 4347 ac
2320 4293 2713 4362 jucunditatis
2735 4296 2978 4367 accepit.

2097 4379 2261 4435 Vers.
2298 4382 2383 4434 42.
2410 4382 2549 4436 Tulit
2578 4385 2851 4437 annulum
2882 4384 2953 4438 de
2972 4398 3147 4437 manu
3175 4398 3295 4436 sua.
3342 4380 3593 4435 Annulus
3623 4382 3681 4434 in

2025 4485 2195 4523 manu
2206 4470 2405 4539 Ioseph
2423 4471 2826 4541 pontificatum
2848 4471 2979 4525 fidei
3000 4470 3329 4541 designat,q
3340 4469 3394 4523 ui
3408 4470 3467 4522 in
3485 4483 3676 4533 manu,

2029 4556 2137 4611 hoc
2159 4561 2246 4612 est
2268 4557 2324 4610 in
2349 4562 2633 4627 potestate
2644 4557 2857 4611 Christi
2879 4556 3235 4611 constitutus
3250 4556 3579 4610 est.Factus
3592 4560 3683 4610 est

255 4660 313 4701 se
344 4651 537 4703 Deum
572 4646 827 4713 dicebat,
870 4646 1151 4718 aqualem
1202 4662 1263 4702 se
1312 4646 1528 4701 faciens
1587 4646 1727 4701 Deo.
1800 4646 1930 4701 Mit-
1961 4647 2005 4711 D
2036 4645 2190 4700 enim
2223 4646 2495 4700 sacerdos
2552 4647 2873 4700 secundum
2920 4644 3184 4699 ordinem
3232 4643 3679 4700 Melchisedech.

254 4735 394 4790 titur
420 4735 654 4808 Josepb
689 4736 747 4789 in
780 4751 1108 4791 carcerem:
1169 4734 1435 4790 Christus
1491 4735 1795 4790 descendit
1844 4735 1915 4789 ad

254 4822 588 4880 infernum.
625 4824 905 4879 Educitur
934 4823 1149 4895 Joseph
1209 4824 1280 4879 de
1319 4840 1582 4879 carcere:
1646 4823 1919 4879 Christus

256 4914 446 4985 surgit
479 4930 517 4968 a
541 4917 754 4968 morte.
781 4913 892 4967 Sed
925 4913 1025 4984 qui
1058 4912 1220 4968 solus
1251 4912 1470 4968 missus
1502 4913 1689 4967 fuerat
1717 4912 1773 4966 in
1798 4929 1920 4967 car-

257 5014 471 5070 cerem,
507 5018 633 5057 non
669 5000 830 5056 solus
859 5001 1105 5057 eductus
1135 5007 1241 5056 est.
1278 5002 1419 5056 Nam
1452 5000 1919 5073 principem,qui

260 5090 504 5147 calicem
538 5090 901 5163 porrigebat,
935 5090 1135 5145 eduxit
1163 5094 1220 5144 et
1250 5090 1310 5144 in
1333 5089 1647 5161 pristinum
1673 5090 1918 5161 gradum

259 5179 542 5235 restituit.
582 5178 680 5234 Sic
710 5183 768 5233 et
796 5177 1064 5234 Christus
1085 5194 1397 5251 resurgens
1432 5195 1569 5235 suos
1592 5178 1663 5233 de
1710 5178 1921 5234 inferni

260 5282 488 5325 carcere
520 5266 815 5324 liberavit.

914 5355 1142 5412 CAPUT
1167 5355 1280 5411 XL.

325 5444 497 5502 Vers.
539 5447 593 5500 1.
628 5446 923 5501 Pincerna;
956 5443 1223 5500 Minister
1251 5443 1392 5513 vini,
1426 5442 1528 5515 qui
1549 5442 1787 5499 calicem
1841 5459 1925 5499 re-

328 5660 408 5802 ἑῖζ
438 5657 594 5787 833’:
620 5655 1107 5787 ἓέξέξγέἴέείῗὲΐξ.
1126 5658 1218 5797 Ἄ

354 5698 408 5802 ῖς
438 5698 594 5787 ὅδ’ἔῖ
622 5698 1107 5787 ὃέἓὲῐῗὲὄᾶὶᾶἱῖ.
1126 5698 1412 5801 Titum.
1444 5728 1723 5811 ἀοηιίωηἒ

2024 4735 2185 4791 Stolo
2212 4735 2437 4807 byssina
2476 4734 2771 4806 significat
2801 4738 3065 4788 sanctam
3089 4749 3324 4789 carnem
3370 4734 3519 4805 ejus,
3552 4750 3680 4805 quae

2026 4824 2097 4879 de
2128 4828 2284 4877 terra
2307 4823 2576 4895 virginea;
2608 4823 2800 4878 carnis
2830 4826 3028 4877 exorta
3047 4826 3155 4892 est,
3184 4827 3243 4877 et
3289 4824 3443 4877 sicut
3464 4823 3680 4894 byssus

2027 4912 2273 4967 diversis
2294 4912 2668 4983 passionibus
2690 4917 2985 4967 macerata
2998 4910 3257 4984 pervenit
3278 4913 3347 4966 ad
3364 4911 3678 4965 candorem

2028 4999 2494 5055 immortalitatis
2518 5004 2576 5054 et
2625 5000 2819 5071 gloriae
2879 5000 3266 5069 sempiternas.
3320 5000 3384 5053 Et
3441 5006 3683 5067 torquem

2028 5105 2257 5145 auream
2277 5089 2415 5143 collo
2435 5090 3113 5159 circumposuit.'l‘orques
3126 5103 3447 5157 aurea,qua
3462 5084 3677 5140 collum

2029 5177 2246 5249 Joseph
2280 5178 2617 5244 ornabatur,
2651 5176 2999 5249 sapientiam
3032 5174 3304 5247 designat
3361 5173 3678 5241 caelestem,

2033 5283 2160 5338 quae
2192 5265 2347 5320 sicut
2375 5264 2630 5320 circulus
2663 5281 2768 5319 nec
2799 5263 3035 5317 initium
3086 5262 3261 5317 habet
3319 5279 3422 5319 nec
3478 5263 3678 5317 ﬁnem.

2033 5356 2227 5411 Potest
2256 5354 2431 5409 etiam
2466 5370 2570 5426 per
2590 5358 2857 5424 torquem
2890 5367 3127 5407 auream
3160 5352 3314 5407 bona
3334 5350 3604 5408 voluntas
3626 5356 3685 5407 et

2034 5445 2323 5501 bonorum
2356 5442 2706 5515 simplicitas
2728 5440 2933 5512 accipi.

2107 5656 2177 5727 (ε)
2213 5654 2335 5712 Lib.
2359 5654 2382 5712 I
2410 5657 2609 5726 Quaest.
2643 5656 2704 5711 in
2731 5657 2949 5727 Cenem,
2978 5656 3186 5726 quast.
3220 5654 3341 5710 131.
