4040 6208
338 409 463 474 119

914 410 1216 477 REMIGII
1262 415 2017 480 ANTISSIODORENSIS
2063 370 2232 480 opr.
2279 417 2476 481 mas
2525 416 2574 480 1.
2610 414 3177 480 -EXEGETICA.

3622 408 3749 473 ιω

407 547 568 602 Vers.
624 547 709 601 43.
767 550 1027 620 Fecitque
1099 550 1384 605 ascendere
1466 567 1694 606 currum
1769 551 1981 624 Joseph
2013 556 2067 621 Α
2100 551 2379 624 posuerit,
2412 569 2529 607 non
2557 551 2811 608 obtinuit
2839 552 2994 623 quod
3021 549 3269 608 volebat.
3291 547 3741 605 Consideremus

337 654 574 693 currum
605 637 908 692 ascendit:
943 639 1080 709 quia
1109 639 1376 695 Christus
1406 639 1616 695 divinis
1639 641 1982 695 muneribus

335 727 646 783 decoratus
663 727 733 781 ad
748 725 921 782 ccnlos
943 728 1132 783 rediit.
1171 729 1454 785 Clamante
1477 746 1743 800 precone.
1768 730 1980 795 Praeco,

339 815 436 887 qui
465 815 711 888 gloriam
733 816 860 885 ejus
884 818 1291 883 annuntiabat,
1317 822 1406 872 est
1423 819 1679 874 Joannes
1700 818 1980 890 Baptista,

337 905 438 977 qui
466 905 718 976 primum
751 906 879 976 ejus
929 907 1242 961 adventum
1304 907 1610 978 nuntiavit,
1665 906 1782 962 sive
1839 908 1982 962 tuba

341 993 756 1066 angelica,quze
769 1011 902 1049 eum
918 994 1288 1065 adjudicium
1309 997 1634 1051 venientem
1649 997 1978 1068 prteveniet.

411 1083 574 1139 Vers.
610 1085 696 1139 45.
736 1085 949 1138 Vocavit
986 1101 1111 1138 eum
1155 1086 1486 1141 salvatorem
1531 1086 1724 1141 mundi
1789 1087 1985 1156 lingua

341 1174 683 1245 Egyptiuca.
710 1173 768 1228 Id
801 1177 889 1228 est
916 1172 1345 1244 Phontophones.
1407 1173 1537 1229 Alia
1593 1174 1766 1230 editio
1820 1174 1979 1240 dicit,

339 1265 547 1319 vocavit
567 1279 693 1318 eum
699 1265 917 1334 patrem
932 1265 1183 1317 tenerum
1207 1267 1470 1334 :patrem,
1495 1268 1731 1335 propter
1751 1262 1983 1335 sapien-

335 1353 478 1408 tiam
504 1370 516 1406 :
541 1358 811 1422 tenerum,
846 1356 1149 1422 propterea
1169 1352 1308 1423 quia
1332 1351 1672 1408 adolescens
1701 1356 1843 1407 erat.

409 1442 574 1496 Vers.
636 1442 723 1496 46.
784 1442 1023 1512 Triginta
1079 1448 1258 1496 autem
1308 1457 1599 1498 annorum.
1661 1441 1790 1496 Hinc
1845 1444 1983 1495 aetas

343 1530 593 1601 perfecta
622 1533 710 1584 est
734 1529 792 1584 in
825 1529 1079 1600 homine,
1108 1529 1168 1583 in
1191 1547 1305 1600 qua
1333 1534 1389 1585 et
1412 1530 1589 1586 David
1615 1546 1714 1585 rex
1767 1528 1984 1585 consti-

341 1623 504 1674 tutus
535 1621 642 1686 est,
674 1622 730 1674 et
753 1618 1012 1674 Ezechiel
1036 1635 1279 1675 exorsus
1305 1623 1393 1673 est
1436 1618 1801 1690 prophetare.
1855 1623 1985 1690 Ipse

340 1723 572 1779 quoque
601 1706 883 1763 Dominus
903 1708 1169 1762 omnium
1204 1709 1264 1762 in
1296 1708 1402 1763 hac
1433 1713 1599 1764 aetate
1656 1707 1986 1779 baptizatus

339 1796 511 1869 caepit
525 1797 854 1868 praedicare.
879 1796 1173 1852 Stetitante
1193 1797 1557 1852 Pharaonem.
1583 1797 1730 1864 Quia
1765 1796 1985 1851 mundo

341 1902 403 1942 se
432 1886 802 1958 praesentavit
827 1886 1195 1957 praedicando
1217 1891 1274 1940 et
1291 1885 1574 1941 miracula
1595 1885 1875 1941 faciendo.

409 1975 572 2031 Vers.
644 1976 734 2029 51.
793 1976 882 2029 52.
944 1975 1211 2030 Manasses
1266 1975 1682 2046 interpretatur
1751 1975 1989 2030 oblivio:

343 2066 608 2138 Ephraim
636 2080 883 2120 crescens
902 2063 990 2119 vel
1019 2065 1277 2134 frugiler.

411 2155 672 2210 Vers.56.
698 2152 1141 2225 AperuitJoseph
1157 2153 1352 2208 horrea
1372 2155 1422 2208 et
1445 2151 1703 2207 vendebat
1724 2152 1993 2223 Aigyptiis

340 2248 638 2317 frumenta.
672 2244 742 2299 Et
771 2242 1038 2298 Christus
1068 2241 1127 2297 in
1178 2247 1299 2297 toto
1353 2242 1492 2297 orbe
1542 2241 1753 2297 horrea
1810 2239 1991 2295 divini

340 2334 503 2392 verbi
533 2333 782 2406 aperuit,
816 2333 1018 2404 eisque
1048 2331 1309 2386 vendidit
1338 2331 1630 2386 frumenta
1662 2330 1992 2386 divinorum

342 2422 732 2494 eloquiorum,
757 2420 1046 2492 accipiens
1069 2419 1204 2475 inde
1219 2419 1431 2476 salutis
1454 2419 1689 2474 illorum
1715 2418 1990 2490 pretium.

839 2525 1076 2581 CAPUT
1117 2525 1488 2580 XLII-XLIII.

411 2614 605 2671 Vers.l
622 2615 794 2670 .Dixit
813 2614 974 2670 Iacob
999 2613 1132 2682 ﬁliis
1146 2611 1602 2668 suiszbescendite
1615 2613 1992 2685 in/Egyptum.

338 2705 502 2763 Iacob
519 2707 679 2760 tenet
699 2701 793 2758 hic
809 2703 1057 2773 ﬁguram
1078 2701 1178 2756 Dei
1193 2700 1403 2755 Patris.
1435 2703 1793 2756 Frumentum
1829 2699 1996 2754 Chri-

341 2799 469 2850 stus
489 2797 597 2863 est,
618 2792 718 2864 qui
741 2807 803 2846 se
823 2806 1004 2862 grano
1027 2788 1303 2845 frumenti
1323 2788 1881 2860 comparavit.Mittit
1901 2791 1995 2845 Ja-

338 2885 433 2941 cob
448 2897 549 2955 pro
569 2883 846 2953 frumento
867 2881 926 2934 in
938 2881 1234 2950 [Egyptum
1245 2883 1302 2933 et
1318 2881 1469 2932 Deus
1492 2879 1655 2932 Pater
1670 2878 1998 2949 dengypto

342 2971 548 3029 mundi
565 2971 744 3042 hujus
766 2969 1051 3025 revocavit
1072 2967 1283 3024 Filium
1304 2967 1503 3022 dicens
1524 2983 1536 3022 :
1558 2968 1639 3022 Ea:
1656 2970 1894 3038 {Egypto
1913 2982 2000 3021 vo-

342 3062 528 3118 caviFi
536 3059 678 3116 tium
687 3058 896 3131 meum(
903 3057 1082 3114 Matth
1094 3056 1508 3128 .11,15).Decem
1525 3057 1780 3127 majores
1794 3056 2001 3112 fratres

345 3150 446 3222 qui
460 3148 625 3205 missi
637 3146 1170 3219 sunt,perfectiores
1184 3145 1494 3218 designant
1504 3162 1571 3201 ex
1583 3144 1783 3216 plebeJ
1794 3144 2004 3200 udaica

236 3269 238 3277 ι
347 3239 447 3312 qui
462 3238 606 3312 legis
624 3236 975 3309 Decalogum
994 3234 1337 3308 spiritaliter
1349 3238 1627 3290 noverant
1646 3233 1986 3306 adimplere.

415 3327 579 3384 Vers.
601 3328 656 3382 7.
695 3326 866 3396 Quasi
891 3325 961 3381 ad
985 3325 1195 3379 alienos
1223 3323 1418 3378 durius
1465 3323 1812 3394 loquebatur.
1864 3323 1988 3378 Non

345 3421 436 3474 est
465 3416 864 3488 deputandum
899 3411 1228 3469 crudelitati
1257 3412 1410 3484 quod
1434 3412 1517 3467 sic
1540 3412 1745 3467 fratres
1768 3411 1991 3479 afﬂixit,

344 3505 432 3561 vel
445 3505 600 3578 quod
624 3509 893 3559 mutuam
917 3501 1308 3574 cognitionem
1332 3501 1433 3556 diu
1455 3499 1708 3564 distulit,
1727 3499 1866 3572 quia
1885 3501 1995 3556 hoc

344 3593 477 3650 fecit
509 3592 707 3648 volens
729 3591 976 3664 experiri
997 3596 1195 3646 utrum
1218 3606 1252 3646 a
1272 3589 1498 3645 malitia
1518 3593 1849 3645 cessassent
1879 3607 1996 3661 qua

342 3699 476 3739 eum
508 3681 909 3748 vendiderant,
930 3685 988 3735 et
1009 3697 1081 3736 an
1100 3679 1244 3735 tales
1270 3679 1582 3735 existerent
1599 3695 1736 3749 erga
1756 3678 1994 3734 fratrem

342 3788 519 3828 suum
549 3770 781 3842 qualem
813 3785 950 3842 erga
981 3785 1043 3825 se
1075 3785 1175 3825 eos
1206 3768 1388 3823 fuisse
1419 3770 1675 3834 noverat,
1709 3783 1884 3838 quem
1935 3767 1993 3822 in

338 3860 551 3917 exteris
574 3859 914 3934 regionibus.
946 3858 1340 3913 vendiderant.

408 3949 574 4005 Vers.
605 3950 661 4003 9.
684 3946 1020 4004 Recordatus
1050 3949 1128 4002 est
1156 3945 1498 4000 somniorum
1527 3957 1652 4015 quae
1693 3942 1994 4014 aliquando

341 4037 575 4093 viderat.
610 4038 772 4101 Quod
807 4035 1075 4090 videlicet
1106 4033 1190 4089 sol
1224 4037 1280 4089 et
1311 4032 1453 4087 luna
1481 4036 1538 4087 et
1585 4030 1764 4087 stellas
1823 4030 1991 4087 illum

344 4125 675 4181 adorarent.
709 4124 776 4178 Et
799 4139 998 4179 revera
1025 4122 1323 4178 Christum
1349 4122 1551 4176 adorat
1580 4119 1771 4176 omnis
1828 4137 1990 4176 erea—

339 4217 494 4278 tura,
519 4217 577 4269 et
599 4211 940 4286 spiritaliter
964 4212 1167 4266 adorat
1183 4227 1317 4266 eum
1336 4214 1670 4266 sanctorum
1698 4210 1991 4282 perfectio,

341 4300 610 4358 Ecclesiae
644 4300 944 4374 splendor,
975 4304 1033 4354 et
1063 4299 1259 4354 omnis
1287 4297 1604 4354 electorum
1659 4298 1990 4368 multitudo,

336 4393 583 4463 juvenes
607 4394 666 4445 et
693 4389 973 4462 virgines,
1018 4404 1190 4444 senes
1215 4387 1725 4458 cumjunioribus.

411 4480 570 4536 Vers.
633 4480 684 4533 4.
710 4479 1022 4550 Avertitque
1043 4494 1102 4533 se
1128 4491 1433 4549 parumper
1446 4484 1497 4531 et
1526 4477 1692 4545 ﬂevit.
1723 4476 1863 4532 Jure
1903 4478 1991 4532 Jo-

338 4569 470 4640 seph
497 4567 794 4625 Christum
820 4567 1132 4639 significat,
1159 4567 1257 4638 qui
1291 4564 1692 4620 totvirtutibus
1707 4563 1990 4637 refulget;

2090 645 2148 696 et
2176 641 2781 712 verbaJude,quibus
2803 657 2864 696 se
2893 657 2994 712 pro
3017 657 3194 712 puero
3215 637 3497 712 obligavit
3520 654 3534 692 :
3559 637 3742 691 Sinon

2091 729 2378 798 reduxero,
2406 729 2616 801 inquit,
2666 747 2796 784 eum
2851 730 2972 795 tibi,
3013 745 3138 784 reus
3201 743 3292 784 ero
3338 728 3545 800 peccati
3591 727 3744 782 omni

2090 827 2347 891 tempore,
2381 825 2437 874 et
2457 818 2789 890 impetravit
2807 819 2959 890 quod
2983 817 3231 873 volebat.
3259 817 3396 888 Ejus
3417 815 3575 872 enim
3597 830 3746 870 cura:

2091 907 2397 976 Benjamin
2415 907 2768 962 commissus
2799 905 3232 962 est.Videamus
3252 919 3388 975 ergo
3411 919 3482 958 ne
3508 901 3645 974 plus
3669 901 3748 956 sit

2093 1011 2256 1050 reum
2280 1011 2407 1051 esse
2431 995 2838 1068 peccatiquam
2862 993 3238 1066 corporaliter
3258 992 3513 1064 aliquem
3537 990 3742 1048 occidi.

2164 1084 2321 1156 Vers.
2359 1085 2441 1138 11.
2479 1084 2754 1140 Modicum
2782 1085 3002 1139 resinae.
3038 1081 3310 1138 Resinam
3335 1081 3563 1154 gummi
3602 1079 3746 1135 dici-

2092 1187 2246 1241 mus,
2279 1189 2396 1244 quo
2429 1172 2667 1227 nomine
2697 1171 3261 1244 generaliteromnes
3275 1171 3512 1226 arbores
3531 1185 3745 1225 vocan-

2088 1263 2222 1330 tur;
2257 1262 2359 1318 sed
2389 1262 2482 1317 hic
2511 1261 2857 1334 intelligitur
2918 1260 3142 1332 species
3197 1276 3324 1331 quae
3373 1259 3458 1314 sic
3508 1258 3747 1330 proprio

2092 1350 2330 1406 nomine
2350 1350 2564 1405 dicitur
2581 1348 3192 1421 Stiracis.(a).Stiracis
3203 1363 3390 1420 genus
3404 1352 3495 1404 est
3515 1347 3743 1402 resinae.

2091 1442 2200 1493 Pro
2223 1438 2434 1494 stirace
2457 1439 2598 1494 LXX
2622 1438 2913 1509 thyniama
2933 1441 3273 1509 posuerunt,
3294 1435 3450 1508 quod
3467 1435 3749 1492 Hebraice

2092 1527 2308 1582 dicitur
2327 1544 2601 1583 necnon.
2620 1528 2799 1583 Stacte
2827 1529 2995 1598 gutta
3012 1525 3258 1597 myrrhae
3300 1524 3547 1581 arboris.
3601 1525 3748 1580 Tere-

2093 1617 2312 1672 binthus
2335 1617 2527 1685 arbor,
2557 1617 2729 1686 cujus
2761 1617 2956 1671 resina
2985 1614 3256 1671 similiter
3284 1619 3544 1670 vocatur.

2163 1704 2327 1760 Vers.
2361 1706 2451 1761 23.
2483 1706 2623 1761 Num
2647 1707 2961 1776 pecuniam,
2999 1719 3164 1774 quam
3193 1703 3396 1758 dedisti
3430 1702 3594 1772 mihi,
3625 1718 3752 1774 pro-

2095 1795 2280 1849 batam
2300 1809 2394 1864 ego
2424 1794 2614 1849 habeo.
2650 1794 2776 1849 Non
2795 1802 2883 1849 est
2908 1792 3278 1848 mendacium
3312 1791 3469 1864 quod
3516 1791 3659 1847 dicit
3686 1807 3752 1848 se

2095 1883 2402 1954 pecuniam
2435 1882 2853 1954 habere,quam
2885 1880 2969 1936 illi
3003 1882 3345 1936 invenerant
3367 1880 3428 1936 in
3445 1895 3750 1937 saccorum

2101 1971 2460 2028 summitate.
2497 1971 2592 2028 Vir
2610 1971 2764 2027 enim
2797 1970 3032 2042 sapiens
3049 1974 3198 2037 erat,
3231 1973 3430 2041 utpote
3459 1969 3747 2042 sapientis

2099 2060 2322 2116 domini
2341 2060 2793 2131 -lispensator,et
2810 2060 2940 2115 ideo
2956 2076 3068 2114 non
3085 2059 3156 2115 de
3177 2058 3405 2131 argenti
3421 2057 3566 2114 dixit
3581 2074 3752 2130 pecu-

2100 2151 2218 2217 nia,
2253 2150 2352 2205 sed
2386 2150 2457 2205 de
2487 2166 2575 2219 ea,
2609 2166 2734 2221 quae
2767 2164 3000 2220 semper
3020 2148 3193 2204 datur
3215 2152 3272 2204 et
3293 2164 3410 2204 non
3441 2146 3749 2203 minuitur.

2103 2239 2264 2294 Unde
2280 2240 2566 2310 probatam
2588 2237 2730 2293 dixit
2747 2239 3067 2293 secundum
3093 2237 3248 2308 quod
3271 2235 3582 2292 Psalmista
3627 2235 3710 2292 ait
3733 2253 3748 2292 :

2101 2329 2319 2400 eloquia
2337 2329 2574 2394 Domini,
2599 2328 2820 2399 eloquia
2839 2327 3303 2397 casta,argentum
3322 2327 3446 2397 igne
3464 2327 3752 2381 examina-

2103 2425 2220 2473 tum
2241 2418 2412 2490 (Psat.
2440 2435 2518 2484 x1,
2541 2417 2620 2489 7).

2174 2507 2338 2562 Vers.
2369 2507 2458 2562 32.
2495 2505 2749 2560 Seorsum
2784 2505 2999 2576 Ioseph,
3032 2507 3088 2559 et
3143 2519 3389 2562 seorsum
3443 2503 3741 2575 fratribus.

2105 2592 2282 2658 Quasi
2313 2591 2620 2647 extraneis.
2651 2593 2956 2664 ngyptiis,
2989 2591 3153 2661 quasi
3187 2591 3749 2663 indignis,seorsum.

2175 2680 2338 2736 Vers.
2371 2681 2459 2735 34.
2491 2681 2660 2751 Maior
2683 2697 2814 2752 pars
2870 2683 3016 2736 venit
3065 2682 3385 2750 Benjamin.
3435 2679 3746 2751 Benjamin

2105 2769 2362 2826 diximus
2383 2769 2629 2825 Paulum
2661 2769 2988 2841 apostolum
3017 2769 3370 2842 significare,
3414 2769 3508 2824 cui
3560 2770 3755 2841 major

2106 2875 2244 2930 pars
2271 2857 2668 2931 obvenit,quia
2692 2858 2824 2931 plus
2845 2857 3065 2914 caeteris
3081 2858 3140 2913 in
3163 2857 3573 2930 pradicatione
3589 2857 3754 2913 labo-

2107 2947 2277 3014 ravit,
2309 2951 2366 3002 et
2394 2948 2466 3002 ab
2489 2945 2814 3003 Jerusalem
2851 2963 3039 3018 usque
3068 2945 3127 3002 in
3160 2946 3459 3020 Illyricum
3513 2945 3760 3018 replevit

2109 3035 2482 3109 Evangelium
2515 3035 2747 3091 Christi.

2697 3196 2928 3252 CAPUT
2966 3196 3158 3252 XLIV.

2171 3322 2550 3378 Vers.2Pone
2569 3322 2832 3394 scyphum
2861 3338 3047 3377 meum
3075 3323 3133 3376 in
3154 3337 3253 3378 ore
3291 3323 3437 3376 sacci
3474 3320 3756 3392 junioris.

2104 3410 2425 3483 Allegorice
2455 3427 2558 3482 per
2577 3411 2883 3483 Benjamin
2943 3413 3006 3465 ut
3034 3425 3184 3481 saepe
3207 3409 3484 3477 diximus,
3537 3409 3755 3464 Paulus

2104 3498 2404 3572 apostolus
2425 3498 2894 3572 designatur,qui
2907 3497 3200 3569 juniorvel
3219 3497 3502 3554 minimus
3514 3497 3754 3565 dicitur,

2105 3587 2244 3659 quia
2273 3587 2522 3642 necdum
2546 3589 2733 3642 virum
2755 3586 2964 3657 agebat
2982 3585 3040 3640 in
3061 3585 3312 3651 Christo,
3336 3591 3395 3640 et
3411 3585 3468 3640 in
3508 3585 3753 3641 Actibus

2104 3675 2500 3748 apostolorum
2522 3675 2662 3746 (cap.
2687 3675 2788 3747 νη)
2808 3675 3118 3730 adolescens
3139 3675 3368 3730 dicitur.
3382 3675 3504 3745 Ipse
3518 3689 3750 3746 quoque

2105 3765 2176 3821 de
2206 3780 2267 3820 se
2296 3763 2472 3819 dicit:
2504 3765 2619 3832 Ego
2635 3780 2758 3819 sum
2779 3765 3048 3820 minimus
3095 3765 3463 3836 apostolorum
3491 3765 3588 3835 qui
3641 3778 3755 3819 non

2101 3869 2222 3908 sum
2246 3853 2448 3924 dignus
2477 3853 2661 3909 vocari
2676 3853 2951 3923 apostolus
2980 3854 3245 3923 quoniam
3272 3855 3582 3923 persecutus
3623 3868 3749 3907 sum

2101 3943 2397 3998 Ecclesium
2429 3942 2596 4013 Dei(I
2629 3940 2749 3996 Cor.
2809 3958 2902 4009 xv,
2961 3941 3038 4013 9).
3092 3943 3354 4013 Scyphus
3411 3943 3746 4012 argenteus,

2104 4030 2382 4103 splendor
2409 4030 2739 4085 divinorum
2785 4029 3175 4100 eloquiorum,
3237 4045 3362 4100 quis
3421 4027 3755 4100 specialiter

2107 4119 2279 4176 Paulo
2304 4119 2622 4176 commissa
2642 4122 2800 4175 sunt.
2835 4118 3028 4189 Majus
3057 4117 3212 4174 enim
3245 4117 3502 4174 scientia:
3533 4118 3752 4174 donum

2103 4209 2324 4265 caeteris
2337 4207 2732 4278 habuitjuxta
2744 4207 2899 4278 quod
2915 4208 3334 4263 beatusPetrus
3349 4207 3755 4263 testimonium

2103 4298 2368 4369 perhibet
2388 4296 2626 4353 dicens:
2659 4298 2812 4352 Sicut
2838 4297 3014 4364 frater
3055 4299 3238 4352 noster
3285 4296 3498 4351 Paulus
3552 4310 3754 4351 secun-

2101 4386 2234 4441 dum
2252 4386 2439 4441 datam
2461 4387 2572 4442 sibi
2589 4386 2878 4440 scientiam
2909 4384 2983 4456 (b)
3012 4385 3231 4456 scripsit
3258 4385 3436 4439 nobis.
3487 4383 3754 4439 Habebat

2102 4475 2388 4548 scyphum
2421 4478 2782 4547 argenteum,
2807 4473 2864 4528 id
2888 4477 2977 4529 est
2999 4472 3256 4529 divinam
3278 4471 3585 4529 scientiam
3610 4488 3624 4527 :
3648 4472 3752 4528 sed

2104 4564 2320 4620 latebat
2349 4564 2502 4618 intra
2533 4579 2788 4626 saccum,
2816 4562 2925 4618 ‘noc
2954 4567 3045 4618 est
3070 4561 3227 4618 intra
3283 4560 3487 4634 legalis
3544 4559 3752 4617 littera

340 4657 751 4727 castitate,qua
763 4656 1018 4712 amantis
1031 4655 1278 4712 dominae
1293 4653 1722 4726 improbitatem
1738 4671 1840 4726 pro
1855 4653 2000 4709 nihi-
2029 4657 2077 4723 ι)
2106 4653 2416 4710 utilitatem
2443 4653 2513 4723 (c)
2527 4653 2636 4708 Sed
2651 4652 2808 4706 venit
2835 4651 3226 4722 dispensator,
3241 4649 3494 4722 disrupit
3513 4665 3752 4706 saccum

337 4744 1029 4816 loduxit;sapientia,qua
1041 4749 1261 4800 secreta
1273 4742 1996 4799 somniorumdissolvebat

335 4839 394 4890 et
415 4835 612 4888 futura
633 4832 998 4904 praedicebat.
1027 4834 1161 4888 Erat
1185 4833 1360 4889 etiam
1384 4830 1691 4887 severusin
1708 4831 1993 4904 corrigen-

340 4922 434 4978 dis
465 4921 765 4986 fratribus,
791 4920 923 4992 pius
945 4921 1002 4975 in
1022 4920 1305 4987 fovendis,
1329 4935 1580 4991 quorum
1602 4919 1852 4991 injurias
1873 4936 1989 4975 non

338 5010 528 5068 solum
555 5027 671 5066 non
691 5009 1107 5075 ulciscebatur,
1129 5025 1329 5064 verum
1345 5007 1520 5063 etiam
1543 5024 1647 5079 pro
1665 5006 1781 5064 illis
1795 5008 1983 5065 ﬂebat.

409 5100 572 5156 Vers.
618 5101 672 5164 8,
723 5101 778 5155 9.
837 5099 1012 5157 ludas
1067 5113 1275 5170 quoque
1324 5097 1508 5151 dixit:
1555 5095 1703 5152 Mitte
1748 5113 1990 5169 puerum

337 5205 571 5256 mecum,
605 5205 814 5260 usque,
861 5204 989 5244 reus
1039 5203 1130 5242 ero
1183 5187 1391 5257 peccati
1446 5187 1506 5240 in
1552 5193 1765 5255 patrem
1807 5202 1989 5242 meum

339 5279 782 5349 omnitempore.
843 5275 1296 5333 Consideremus
1344 5274 1520 5329 verba
1575 5273 1801 5345 Ruben,
1857 5292 1988 5347 quas

340 5366 612 5440 superius
643 5367 834 5438 posita
853 5371 1013 5421 sunt.
1058 5365 1155 5421 Ait
1212 5364 1402 5420 enim:
1463 5365 1603 5446 Duos
1647 5363 1788 5434 ﬁlios
1841 5380 1986 5420 meo:

338 5457 602 5524 interﬁce,
624 5458 673 5509 si
701 5471 813 5510 non
840 5455 1114 5510 reduxere
1143 5471 1265 5511 eum
1297 5453 1418 5509 tibi.
1469 5453 1536 5508 Et
1589 5454 1786 5508 tamen
1848 5469 1983 5509 cum

341 5549 460 5600 tam
480 5560 755 5615 magnam
787 5559 932 5619 rem,
964 5546 1210 5598 mortem
1249 5540 1516 5598 videlicet
1561 5538 1820 5609 illorum,
1851 5558 1983 5612 pro-

432 5667 486 5740 ᾳ)
518 5666 872 5740 [materque
892 5667 1017 5740 cod.

432 5687 486 5738 α)
519 5687 600 5722 ita
620 5687 872 5740 uterque.
892 5687 1017 5724 eoa.

410 5687 488 5810 ib)
508 5736 648 5794 Cod.
671 5739 836 5810 Teg.,
867 5735 1200 5810 sapientiam

2103 4743 2261 4799 venit
2287 4741 2543 4797 Ananias
2575 4739 2794 4796 missus
2825 4757 2860 4795 a
2905 4739 3158 4805 Christo,
3217 4737 3486 4795 dissolvit
3543 4736 3752 4809 legalis

2099 4831 2303 4888 litterzn
2334 4828 2873 4904 grossitudinem,id
2900 4832 2984 4883 est
3002 4827 3482 4884 caecitatemMox
3494 4825 3755 4898 scyphus

2099 4915 2755 4991 resplenduitquiaPaul
2767 4916 3123 4972 uscontinuo
3140 4913 3562 4971 ﬁducialiterin
3579 4930 3755 4987 syna-

2097 5008 2263 5081 gogis
2285 5024 2455 5080 agere
2472 5005 2646 5077 coepit
2659 5003 2980 5076 praedicans
2993 5004 3294 5060 Christum
3311 5008 3369 5060 et
3385 5003 3754 5062 occidentem

2096 5096 2243 5170 legis
2269 5097 2521 5152 litteram
2555 5094 2624 5149 ad
2640 5091 2958 5164 spiritalem
2976 5094 3336 5150 transferens
3357 5091 3743 5149 intellectum.

2166 5186 2328 5242 Vers.
2363 5185 2449 5239 13.
2484 5184 2740 5239 Reversus
2772 5183 2829 5237 in
2846 5183 3124 5252 oppidum.
3157 5183 3336 5239 Juxta
3355 5180 3613 5239 litteram
3631 5197 3749 5239 non

2094 5274 2436 5332 crudelitate
2460 5273 2666 5327 fratres
2687 5270 3054 5338 vexabat,sed
3075 5275 3380 5342 peccatum
3395 5268 3751 5327 venditionis

2092 5364 2248 5437 quod
2281 5363 2341 5417 in
2371 5377 2438 5417 eo
2469 5360 2904 5430 commiserant,
2936 5361 3225 5432 purgabat
3248 5376 3260 5414 :
3285 5357 3464 5415 simul
3485 5358 3664 5414 etiam
3683 5361 3751 5412 ut

2090 5452 2447 5524 experiretur
2465 5447 2514 5505 si
2545 5445 2694 5505 tales
2715 5452 2914 5504 essent
2932 5464 3071 5521 erga
3087 5448 3326 5505 fratrem
3343 5462 3518 5505 suum
3541 5445 3747 5520 quales

2092 5557 2232 5614 erga
2262 5557 2324 5596 se
2344 5537 2704 5596 exstiterant.

2161 5664 2236 5736 (c)
2271 5664 2355 5721 Ita
2374 5665 2621 5735 uterque
2643 5661 2770 5718 cod.
2796 5676 2810 5729 ;
2836 5660 2986 5719 forte
3008 5658 3120 5734 leg.
3144 5659 3438 5718 vilitatem.
