4040 6208
274 376 375 446 191

870 519 1104 578 CAPUT
1143 518 1301 575 XLV.

343 605 506 663 Vers.
548 608 631 663 17.
667 607 965 665 Onerantes
984 612 1260 682 jumenta,
1292 614 1401 664 etc.
1434 608 1552 663 Hoc
1599 608 1723 663 loco
1764 607 1912 663 Pha-

276 712 368 751 rao
388 700 593 767 typum
613 702 768 754 tenet
793 698 991 770 populi
1014 697 1376 770 gentilis,qui
1402 697 1712 770 gavisurus
1736 701 1824 752 est
1845 697 1914 751 de

275 786 642 841 conversione
669 786 1002 842 Judteorum
1036 788 1095 841 in
1130 788 1242 842 ﬁne
1268 786 1488 853 saeculi,
1540 786 1740 857 eisque
1782 803 1912 856 pro-

276 872 459 935 mittet
483 874 681 944 copias
710 874 1041 930 divinarum
1067 876 1587 945 Scripturarum,ot
1615 873 1915 929 medullam

276 966 451 1029 terras,
484 962 592 1018 hoc
622 968 711 1019 est
741 964 1088 1020 suavitatem
1122 962 1403 1035 spiritalis
1435 962 1849 1034 intelligentiae.

338 1050 498 1106 Vers.
530 1055 621 1106 21.
655 1053 1017 1125 Feceruntqite
1045 1054 1155 1122 ﬁlii
1182 1053 1350 1107 Israel
1381 1058 1441 1106 ut
1479 1054 1561 1107 cis
1589 1055 1773 1123 fuerat
1803 1054 1914 1107 im-

272 1144 542 1211 peratum.
620 1143 839 1196 Fratres
919 1142 1113 1213 Joseph
1184 1140 1431 1213 apostoli
1492 1148 1650 1208 sunt,
1709 1142 1917 1197 fratres

276 1227 485 1285 Christi
516 1229 721 1285 Petrus
751 1234 808 1284 et
837 1230 1054 1285 Paulus
1084 1235 1142 1284 et
1169 1230 1380 1285 caeteri.

341 1320 507 1372 Vers.
539 1318 628 1373 22.
662 1320 952 1389 Benjamin
978 1318 1125 1373 dedit
1156 1323 1419 1374 trecentos
1465 1323 1769 1389 argenteas.
1800 1324 1917 1375 Hoc

276 1408 379 1470 est,
414 1405 589 1461 ﬁdem
621 1410 833 1461 sancta:
868 1407 1170 1462 Trinitatis
1201 1412 1258 1462 et
1288 1407 1479 1462 crucis
1528 1407 1737 1462 Christi
1774 1425 1915 1478 prai-

275 1494 523 1549 dicanda
555 1494 847 1567 mysteria.
883 1496 1029 1550 Nam
1087 1503 1187 1550 tau
1242 1494 1453 1565 littera,
1488 1513 1615 1567 quas
1669 1497 1917 1567 ﬁguram

274 1582 464 1638 crucis
494 1582 690 1648 habet,
722 1600 822 1639 ccc
853 1583 1123 1655 designat
1150 1586 1523 1640 numeros.Et
1540 1585 1757 1640 Paulus
1780 1602 1918 1657 apo-

274 1668 460 1724 stolus
489 1685 552 1724 se
582 1669 725 1724 dicit
749 1671 928 1725 :Nihil
957 1687 1042 1726 me
1062 1670 1315 1742 judicavi
1340 1673 1482 1727 scire
1514 1674 1657 1726 inter
1689 1688 1777 1726 vos
1806 1673 1922 1726 nisi

273 1757 551 1812 Christum
577 1760 759 1814 Iesum
804 1764 854 1814 et
910 1759 1054 1813 hunc
1112 1760 1442 1829 cruciﬁxum
1496 1759 1541 1831 (Ι
1574 1758 1695 1814 Cor.
1746 1777 1808 1827 ιι,
1841 1761 1916 1831 2).

271 1846 486 1902 Dilecto
517 1863 750 1919 quoque
780 1846 1066 1920 discipulo
1098 1849 1377 1903 mandat:
1422 1849 1549 1904 Noli
1597 1851 1921 1905 erubescere
1950 1886 1997 1949 Β

268 1951 485 1991 crucem
515 1936 718 1991 Christi
746 1953 918 2007 neque
949 1953 1035 1992 me
1062 1938 1306 1992 vinctum
1335 1938 1453 2008 ejus
1487 1939 1557 2009 (Il
1589 1939 1721 1993 Tim.
1745 1956 1805 2005 η,
1838 1939 1914 2009 8).

268 2024 511 2096 Accepit
538 2030 594 2080 et
626 2027 862 2097 quinque
890 2026 1056 2081 stolas
1085 2028 1342 2097 Optimus,
1387 2028 1492 2081 hoc
1551 2031 1640 2082 est
1684 2027 1921 2099 sapien-

269 2112 415 2173 tiam
436 2120 493 2168 et
508 2114 966 2170 moderationem
987 2115 1246 2185 quinque
1270 2131 1708 2187 sensuum,quaa
1725 2115 1924 2170 omnia

270 2201 566 2273 ampliora
596 2202 654 2256 in
689 2202 866 2257 Paulo
898 2219 1073 2273 quam
1108 2203 1167 2258 in
1218 2203 1443 2258 caeteris
1507 2204 1682 2259 fuere.
1726 2205 1922 2259 Caeteri

270 2290 489 2346 fratres
521 2292 676 2345 binas
706 2291 871 2345 stolas
900 2295 1271 2362 acceperunt,
1305 2296 1369 2345 ut
1423 2291 1693 2346 videlicet
1732 2292 1925 2347 Chris-

271 2384 410 2434 tum
444 2382 628 2433 Deum
683 2385 739 2433 et
798 2378 1097 2433 hominem
1155 2378 1559 2450 praedicarent,
1619 2380 1839 2451 Deique
1872 2387 1928 2435 et

269 2466 531 2538 proximi
563 2465 932 2521 dilectionem
964 2469 1277 2523 tenendam
1310 2468 1711 2539 praedicarent.

346 2558 519 2610 Vers.
552 2555 641 2608 23.
672 2557 853 2621 Asini,
874 2555 975 2627 qui
1007 2573 1218 2627 panem
1251 2562 1308 2611 et
1337 2556 1600 2610 triticum
1632 2557 1690 2611 in
1721 2556 1927 2612 itinere

272 2642 613 2715 portabant,
643 2642 888 2714 gentiles
942 2644 1013 2698 ad
1062 2644 1360 2699 Christum
1417 2660 1724 2699 conversos
1773 2645 1926 2699 desi-

275 2736 483 2805 gnant,
516 2731 614 2803 qui
646 2730 810 2802 prius
842 2730 1005 2786 stulti
1038 2736 1093 2787 et
1123 2732 1410 2804 ignobiles
1443 2733 1697 2800 fuerunt,
1731 2733 1829 2789 sed
1855 2734 1926 2788 ad

274 2820 579 2876 Christum
613 2820 873 2876 conversi
906 2820 1185 2892 pabulum
1217 2822 1377 2877 verbi
1414 2822 1510 2877 Dei
1543 2823 1866 2893 portabant.

346 2912 517 2964 Vers.
550 2909 641 2963 27.
701 2910 919 2965 Revixit
969 2910 1197 2980 spiritus
1254 2913 1392 2982 ejus.
1453 2912 1563 2967 Hoc
1595 2912 1718 2967 loco
1749 2913 1927 2967 Jacob

274 3002 484 3070 typum
519 3000 677 3053 tenet
708 2997 1033 3053 Israelitica:
1065 2997 1273 3069 plebis,
1308 3014 1438 3070 quae
1465 3015 1566 3070 per
1613 2999 1928 3055 inﬁdelita-

275 3089 394 3141 tem
427 3085 687 3157 quodam
724 3084 887 3141 senio
922 3086 1271 3155 tabescebat,
1303 3092 1360 3143 et
1382 3088 1507 3157 jam
1548 3088 1717 3159 quasi
1776 3106 1928 3143 mor-

277 3178 380 3230 tua
410 3179 560 3246 erat,
581 3174 681 3231 sed
713 3173 913 3232 audita
928 3174 1322 3246 apostolorum
1344 3177 1931 3248 praedicatione,quos

281 3263 599 3337 designant
629 3262 733 3317 ﬁlii
766 3264 1029 3335 ejusdem
1061 3266 1261 3333 Jacob,
1293 3264 1436 3319 visis
1467 3265 1642 3320 etiam
1677 3265 1929 3321 miracu-

284 3350 357 3408 lis
387 3358 445 3409 et
476 3351 938 3424 charismatibus
968 3352 1178 3407 divinae
1211 3352 1546 3425 [potentiae],
1579 3370 1705 3423 quas
1734 3354 1929 3409 Chris-

281 3444 397 3507 tus,
430 3442 706 3513 ejusdem
738 3440 926 3513 plebis
958 3441 1115 3496 ﬁlius
1172 3441 1495 3496 secundum
1554 3458 1809 3510 carnem,
1854 3442 1933 3497 fe-

278 3534 455 3601 cerat,
489 3531 724 3597 revixit,
758 3529 925 3601 eique
964 3547 1027 3586 se
1057 3530 1483 3585 occurrendum
1516 3530 1877 3602 praeparavit.

886 3652 1121 3708 CAPUT
1160 3651 1340 3708 XLVI.
1440 3682 1449 3687 ~

346 3746 523 3799 Vers.
558 3744 614 3798 7.
648 3742 803 3797 Filiae
833 3750 883 3797 et
940 3750 1138 3797 cuncta
1187 3740 1360 3797 simul
1411 3743 1723 3813 progenies.
1773 3741 1935 3807 Quod

277 3829 416 3887 dicit
448 3830 673 3903 plurali
706 3846 971 3897 numero,
1004 3831 1155 3901 ﬁliae,
1190 3848 1223 3885 a
1255 3834 1372 3885 toto
1395 3837 1617 3901 partem
1651 3832 1935 3886 debemus

280 3919 573 3992 accipere.
609 3919 794 3975 Unam
828 3922 1059 3974 tantum
1092 3919 1274 3975 ﬁliam
1312 3918 1512 3973 Dinam
1544 3920 1848 3975 habuerat.

342 4011 511 4065 Vers.
556 4008 646 4062 26.
710 4023 895 4063 omnes
955 4010 1159 4063 anima
1215 4023 1340 4079 quae
1394 4008 1652 4076 ingressae
1700 4012 1828 4063 sunt
1875 4010 1937 4063 in

274 4098 583 4169 .‘Egyptum
609 4100 839 4167 [uerunt
886 4099 1263 4168 septuaginta.
1322 4101 1454 4152 Haec
1514 4102 1601 4151 est
1658 4097 1937 4152 Hebraica

274 4187 513 4243 veritas.
552 4186 703 4241 Nam
736 4186 890 4257 quod
920 4186 979 4240 in
1014 4185 1155 4240 LXX
1184 4185 1434 4258 legitur:
1482 4186 1676 4240 Omnes
1730 4187 1939 4243 anim

276 4276 507 4344 fuerunt
535 4275 896 4347 septuaginta
925 4276 1183 4345 quinque,
1217 4274 1551 4345 supputatis
1581 4274 1759 4330 Jacob
1801 4274 1937 4329 ﬁliis

280 4369 477 4435 aperte
508 4364 847 4419 ostenditur
874 4380 990 4418 non
1021 4363 1349 4418 convenire.
1377 4363 1466 4418 Illi
1492 4362 1648 4418 enim
1681 4363 1780 4434 qui
1801 4380 1937 4418 cum

278 4450 455 4508 Jacob
479 4454 800 4524 Egyptum
832 4452 1529 4523 intraverunt,sexaginta
1548 4468 1645 4507 sex
1678 4452 1934 4520 fuerunt,

281 4540 496 4611 quibus
530 4541 583 4596 si
619 4541 832 4595 addam
868 4541 1062 4611 ipsum
1092 4540 1309 4612 Joseph
1343 4546 1401 4595 et
1428 4538 1577 4595 ﬁlios
1607 4541 1755 4611 ejus,
1790 4557 1938 4610 quos

1386 379 2005 448 COMMENTARIUS
2047 380 2127 444 ΙΝ
2172 380 2536 444 GENESIM.

1940 518 1992 583 Α
2025 516 2276 571 minario
2307 515 2486 572 nasci.
2522 516 2633 573 Sed
2686 515 2857 572 aliter
2910 513 3124 572 veritas
3182 531 3245 571 se
3284 514 3481 573 habet.
3514 515 3667 571 Deus

3552 385 3683 448 122·

2023 605 2179 659 enim
2213 606 2282 659 de
2314 604 2493 659 nihilo
2524 611 2683 661 creat
2714 606 2961 671 animas,
3011 622 3127 660 non
3185 605 3256 659 de
3302 605 3665 675 corporibus,

2024 710 2212 765 neque
2241 694 2311 749 de
2341 693 2473 749 aliis
2503 694 2836 761 animabus,
2865 711 3079 766 easque
3137 694 3371 764 quando
3428 699 3485 749 et
3524 710 3668 765 quo-

2024 783 2197 837 modo
2228 782 2373 846 vult,
2405 782 2749 853 corporibus
2777 784 3005 838 tribuit.
3066 783 3213 855 Ergo
3276 784 3432 855 quod
3490 783 3666 838 dicit:

2023 872 2243 928 Anima
2270 887 2396 942 quae
2423 887 2657 942 egressa:
2684 878 2813 926 sunt
2844 874 2910 926 de
2937 875 3143 943 femore
3171 874 3354 937 Iacob,
3386 889 3488 944 per
3543 873 3669 928 ani-

2025 978 2152 1015 mas
2182 965 2366 1016 totum
2401 961 2696 1016 hominem
2730 962 3011 1016 debemus
3049 962 3328 1032 accipere,
3377 979 3411 1017 a
3450 964 3671 1033 majore

2025 1049 2289 1105 videlicet
2318 1054 2500 1121 parte,
2536 1050 2689 1104 sicut
2718 1055 2775 1104 et
2806 1050 3124 1119 aliquando
3156 1052 3228 1105 ab
3260 1050 3515 1107 inferiori
3548 1068 3673 1123 par-

2024 1143 2081 1193 te
2112 1143 2270 1193 totus
2298 1138 2474 1193 homo
2502 1139 2801 1210 accipitur,
2836 1140 2999 1208 iuxta
3029 1140 3182 1210 quod
3205 1140 3461 1195 Joannes
3491 1141 3667 1196 dicit:

2029 1228 2259 1282 Verbum
2288 1243 2413 1282 caro
2442 1230 2647 1297 factum
2679 1236 2758 1282 est
2789 1229 2945 1294 (Joun
2977 1244 3016 1293 ι,
3058 1226 3165 1296 45),
3200 1242 3302 1298 per
3331 1244 3565 1283 carnem
3591 1234 3674 1284 to-

2026 1321 2153 1370 tum
2185 1315 2481 1369 hominem
2513 1315 2847 1387 designans.

2098 1404 2262 1458 Vers.
2295 1405 2385 1458 28.
2417 1404 2562 1458 Misit
2589 1404 2787 1460 Iudam
2819 1413 2944 1459 ante
2971 1420 3027 1459 se
3056 1403 3132 1458 ad
3159 1404 3370 1474 Joseph.
3406 1404 3673 1460 Praemit-

2028 1492 2172 1547 titur
2199 1492 2229 1547 J
2240 1492 2408 1560 udas,
2441 1492 2537 1563 qui
2572 1494 2833 1563 confessio
2864 1493 3298 1562 interpretatur,
3357 1492 3425 1546 ad
3461 1494 3672 1564 Joseph,

2028 1580 2085 1634 id
2118 1585 2206 1635 est
2238 1582 2307 1635 ad
2341 1580 2665 1647 Christum,
2698 1580 2836 1652 quia
2887 1580 3177 1635 confessio
3233 1581 3504 1652 praecedit
3550 1598 3677 1653 gra-

2030 1671 2171 1725 tiam
2207 1670 2356 1724 ﬁdei.
2393 1674 2531 1724 Post
2561 1670 2986 1725 confessionem
3018 1670 3142 1741 ipse
3171 1669 3386 1741 Joseph
3404 1670 3674 1737 occurrit,

2031 1759 2170 1830 quia
2199 1758 2411 1813 Christi
2447 1758 2849 1814 misericordia
2880 1758 3281 1829 subsequitur.

2105 1851 2262 1903 Vers.
2296 1848 2382 1901 34.
2422 1848 2536 1903 Viri
2559 1858 2805 1918 pastores
2825 1862 3033 1917 sumus,
3057 1852 3107 1903 et
3131 1852 3314 1919 patres
3344 1848 3680 1904 nostri.Hec

2030 1937 2302 2007 estjusta
2333 1924 2601 2005 servitus,
2638 1942 2703 1991 ut
2733 1937 3001 1992 homines
3036 1936 3345 2008 pecoribus
3373 1937 3677 1993 dominen-

2030 2030 2146 2091 tur,
2179 2030 2234 2080 et
2264 2043 2473 2097 pecora
2504 2026 2845 2081 hominibus
2869 2026 3142 2081 serviant.
3178 2026 3320 2080 Nam
3354 2025 3679 2081 humanam

2032 2116 2373 2171 servitutem
2407 2119 2508 2170 aut
2535 2114 2811 2185 iniquitas
2843 2120 2945 2169 aut
2974 2114 3298 2169 adversitas
3359 2114 3514 2170 facit.
3568 2114 3680 2169 Ini-

2033 2205 2230 2275 quitas
2262 2204 2520 2275 quidem,
2555 2203 2708 2259 sicut
2736 2203 2853 2259 Noe
2887 2202 3241 2258 maledicens
3272 2202 3390 2257 ﬁlio
3422 2220 3528 2258 suo
3586 2203 3682 2257 di—

2034 2293 2116 2346 xit
2142 2310 2155 2347 :
2188 2293 2506 2347 Maledictus
2539 2292 2687 2360 ﬁlius
2716 2307 2865 2346 meus
2896 2291 3181 2357 Chanaan,
3213 2307 3399 2346 servus
3429 2292 3533 2347 erit
3560 2293 3680 2361 fra-

2035 2382 2214 2435 tribus
2240 2382 2373 2435 suis.
2409 2380 2765 2448 Adversitas,
2798 2380 2952 2434 sicut
3008 2378 3225 2450 Joseph
3258 2379 3357 2450 qui
3410 2379 3685 2435 venditus

2038 2469 2229 2523 factus
2263 2477 2345 2523 est
2374 2484 2599 2523 servus.
2633 2469 2977 2523 Detestantur
3000 2470 3245 2539 Egyptii
3272 2485 3455 2524 omnes
3505 2478 3685 2540 pasto-

2038 2573 2125 2612 res
2150 2560 2352 2613 ovium.
2386 2558 2525 2612 Jure
2554 2561 2840 2628 IEgyptus
2870 2558 3158 2612 mundum
3220 2558 3401 2613 istum
3463 2557 3688 2631 signiﬁ-

2037 2650 2148 2713 cat,
2184 2646 2243 2701 in
2274 2662 2389 2716 quo
2420 2645 2737 2699 abundavit
2767 2645 3068 2717 iniquitas.
3104 2646 3533 2701 Abominantur
3589 2648 3685 2702 1E-

2036 2733 2219 2807 gyptii
2250 2739 2515 2806 pastores
2573 2733 2788 2801 ovium,
2854 2734 2993 2805 quia
3051 2734 3242 2790 omnis
3282 2735 3522 2806 iniquus
3552 2736 3685 2792 odio

2036 2822 2213 2878 habet
2234 2824 2489 2894 justum.
2523 2824 2583 2878 In
2616 2827 2763 2878 terra
2796 2822 3006 2879 Gessen.
3040 2827 3257 2879 Gessen
3291 2824 3431 2879 dicit
3460 2826 3537 2897 (a)
3560 2841 3688 2881 esse

2035 2911 2388 2967 Thebaidem
2423 2912 2741 2985 regionem,
2776 2929 2903 2983 quas
2934 2928 2968 2967 θ.
3000 2912 3139 2967 LXX
3172 2911 3337 2968 Gosen
3355 2918 3612 2969 vocatur.

2613 3035 2845 3091 CAPUT
2892 3036 3110 3091 XLVII.

2110 3126 2276 3180 Vers.
2310 3124 2363 3179 9.
2426 3125 2548 3179 Dies
2592 3125 3063 3194 peregrinationis
3118 3140 3276 3182 meae.
3336 3125 3484 3180 Nota
3531 3126 3687 3197 quod

1961 3246 2003 3313 C
2044 3214 2234 3270 sancti
2267 3213 2376 3267 viri
2408 3213 2661 3268 advenas
2717 3217 2774 3266 et
2824 3215 3140 3283 peregrinos
3198 3230 3260 3269 se
3316 3215 3687 3279 conﬁtentur,

2044 3304 2182 3375 quia
2212 3319 2327 3356 non
2360 3302 2575 3357 habent
2603 3301 2697 3355 hic
2729 3307 3062 3357 manentem
3101 3302 3417 3371 civitatem,
3447 3304 3549 3358 sed
3599 3304 3687 3359 fu-

2041 3395 2235 3446 turam
2292 3389 2619 3459 inquirunt.
2680 3395 2961 3445 Ramesses
3011 3407 3147 3461 pars
3200 3394 3289 3445 est
3353 3390 3688 3457 Thebaidis,

2046 3495 2231 3551 pagus
2264 3477 2506 3544 scilicet,
2540 3478 2641 3547 qui
2673 3494 2827 3532 nunc
2856 3480 3241 3551 Arsenoginite
3271 3479 3345 3551 (b)
3375 3484 3633 3536 vocatur.

2115 3566 2281 3621 Vers.
2316 3568 2403 3619 l2.
2436 3568 2498 3620 Et
2530 3565 2709 3620 alebat
2737 3582 2842 3635 eos,
2875 3572 2984 3621 etc.
3035 3566 3233 3622 Solent
3285 3584 3542 3639 quaarere
3580 3569 3690 3624 hoc

2045 3655 2171 3711 loco
2205 3655 2360 3709 unde
2382 3654 2655 3723 jumenta
2684 3659 2743 3708 et
2774 3670 2980 3725 pecora
3010 3655 3447 3725 viverent,fame
3468 3674 3570 3728 per
3598 3674 3690 3713 se-

2046 3748 2205 3817 ptem
2226 3759 2413 3797 annos
2434 3758 2668 3797 omnem
2693 3746 2907 3797 terram
2932 3748 3253 3813 premente,
3276 3744 3530 3798 maxime
3552 3744 3693 3814 quia

2047 3832 2151 3888 ﬁlii
2171 3833 2349 3888 Jacob
2373 3832 2649 3886 dixerunt
2677 3831 2949 3902 superius
2968 3848 3084 3886 non
3116 3847 3242 3887 esse
3266 3830 3377 3885 sibi
3399 3831 3615 3903 pabula
3634 3831 3692 3885 in

2044 3927 2199 3977 terra
2224 3922 2597 3988 Chanaan,eo
2630 3921 2786 3992 quod
2814 3920 2983 3976 nulla:
3008 3921 3088 3975 ibi
3107 3926 3304 3977 essent
3325 3918 3553 3991 pluviaz.
3581 3920 3691 3976 Sed

2045 4011 2351 4067 sciendum
2385 4010 2580 4065 Nilum
2612 4008 2671 4064 in
2706 4014 2951 4081 )Egypto
2984 4009 3271 4065 maximas
3302 4010 3487 4066 facere
3522 4009 3692 4083 palu-

2046 4101 2170 4167 des,
2204 4100 2260 4152 in
2288 4099 2506 4170 quibus
2530 4099 2834 4153 abundans
2858 4098 3616 4170 herbanasciturjumentis
3639 4102 3695 4154 et

2044 4187 2259 4259 pabula
2290 4186 2601 4258 pecoribus
2619 4192 2779 4243 tanto
2799 4187 3079 4243 fertiliora
3104 4193 3324 4260 quanto
3349 4189 3559 4245 siccior
3579 4190 3696 4245 fue-

2044 4276 2120 4330 rit
2150 4274 2336 4329 Nilus.
2371 4278 2437 4329 In
2470 4274 2562 4329 his
2593 4291 2729 4346 ergo
2759 4275 2900 4331 locis
2954 4275 3263 4332 alebantur
3312 4277 3586 4346 jumenta
3639 4282 3696 4331 et

2046 4369 2253 4419 caetera
2278 4362 2575 4428 animalia,
2612 4380 2741 4435 qam
2775 4364 3031 4435 plurima
3060 4369 3227 4419 erant
3252 4365 3310 4418 in
3337 4369 3599 4436 Egypto.

2117 4457 2283 4507 Vers.
2322 4452 2542 4507 19.Eme
2573 4469 2669 4508 nos
2701 4455 2759 4507 in
2791 4454 3105 4507 servitutem
3124 4453 3356 4523 regiam.
3394 4451 3693 4523 Allegoriae

2048 4541 2241 4597 omnis
2292 4545 2574 4613 )Egyptus
2631 4557 2834 4595 servus
2945 4546 3052 4604 est,
3131 4545 3188 4595 et
3263 4556 3328 4595 eo
3414 4539 3693 4612 amplius,

281 4628 337 4683 in
366 4630 627 4702 Egypto
657 4634 958 4700 genuerat,
994 4611 1564 4702 fueruntrsexaginta
1586 4646 1811 4684 novem.
1840 4629 1941 4684 His
1972 4611 2016 4675 Ῑ)
2049 4647 2166 4702 quo
2198 4645 2259 4685 se
2289 4611 2496 4702 sponte
2514 4629 2869 4683 tradit.Nam
2893 4627 2997 4682 lilii
3021 4628 3193 4683 Israel
3214 4633 3270 4682 et
3292 4628 3402 4700 ipsi
3436 4611 3587 4684 servi
3606 4629 3692 4685 fu-

279 4716 455 4773 etiam
488 4716 648 4772 adde
677 4715 874 4788 ipsum
904 4716 1107 4782 Jacob,
1171 4723 1395 4789 patrem
1463 4718 1753 4785 omnium,
1787 4718 1937 4772 ﬁunt

279 4805 680 4878 septuaginta.
715 4805 877 4870 Quod
910 4805 969 4860 in
1001 4806 1244 4861 Actibus
1301 4806 1700 4878 apostolorum
1748 4807 1935 4861 Lucas

278 4893 458 4948 dicit:
494 4893 799 4948 Descendit
834 4894 994 4949 Iacob
1051 4898 1113 4948 in
1172 4897 1466 4967 {Egi/ptum
1524 4898 1579 4949 in
1639 4896 1937 4951 animabus

276 4984 638 5055 septuaginta
665 4984 906 5054 quinque
933 4985 1070 5052 (Act.
1104 5000 1202 5055 vu,
1236 4985 1343 5056 14),
1378 4984 1589 5039 similis
1638 5002 1798 5040 error
1826 4991 1933 5040 est.

277 5072 385 5129 Sed
417 5071 570 5143 quia
601 5074 740 5127 tunc
760 5070 901 5127 LXX
916 5072 1158 5143 majoris
1180 5073 1547 5128 auctoritatis
1570 5078 1737 5128 erant
1758 5090 1935 5146 quam

279 5161 573 5218 Hebraica
600 5160 837 5228 veritas,
872 5164 931 5216 et
960 5160 1033 5215 ab
1058 5161 1333 5218 omnibus
1362 5162 1635 5218 Ecclesiis
1665 5163 1937 5235 legeban-

279 5254 395 5320 tur,
430 5248 571 5304 ideo
605 5252 845 5305 sanctus
869 5248 1053 5305 Lucas
1082 5252 1430 5323 septuaginta
1459 5253 1697 5324 quinque
1719 5252 1933 5323 posuit.

282 5337 478 5394 Omnes
509 5338 719 5392 anima
773 5352 899 5407 quae
953 5354 1191 5407 egressae
1254 5348 1383 5395 sunt
1428 5340 1492 5396 de
1519 5344 1725 5412 femore
1752 5343 1933 5398 Iacob.

281 5426 396 5484 Hoc
428 5424 682 5500 quidam
716 5424 970 5482 heretici
1001 5428 1073 5483 ad
1124 5445 1297 5485 suum
1354 5446 1609 5485 errorem
1642 5436 1940 5487 traxerunt

282 5515 551 5571 dicentes
584 5511 814 5571 animas
863 5514 1018 5572 sicut
1074 5520 1132 5572 et
1186 5533 1429 5590 corpora
1483 5534 1553 5575 ex
1608 5519 1791 5590 patris
1847 5536 1937 5577 se-

348 5694 430 5767 (a)
465 5694 560 5752 Ita
590 5694 840 5767 uterque
870 5695 1069 5753 codex.

2042 4723 2208 4774 erant
2237 4718 2297 4773 in
2311 4718 2683 4790 Egypto,sed
2702 4732 2817 4771 non
2837 4721 3061 4787 sponte.
3086 4718 3336 4790 Egyptii
3359 4735 3491 4774 vero
3514 4735 3693 4791 spon-

2043 4814 2277 4865 taneam
2310 4807 2615 4864 subierunt
2646 4806 3011 4871 servitutem,
3042 4824 3141 4863 eos
3167 4807 3370 4880 utique
3392 4808 3698 4880 designan-

2043 4904 2129 4954 tes
2163 4898 2261 4970 qui
2296 4898 2478 4952 Deum
2511 4913 2545 4950 a
2574 4913 2681 4950 sua
2715 4900 2910 4951 mente
2940 4896 3331 4966 excludentes,
3364 4897 3606 4951 tradunt
3634 4911 3697 4950 se

2045 4988 2263 5042 servire
2295 4983 2683 5040 immunditize
2715 4989 2772 5039 et
2800 4985 3096 5057 iniquitati
3129 4987 3199 5040 ad
3230 4985 3620 5055 iniquitatem.

2115 5075 2279 5131 Vers.
2309 5075 2398 5129 22.
2434 5075 2655 5131 Praeter
2685 5077 2890 5128 terram
2920 5075 3282 5142 sacerdotum,
3313 5087 3439 5144 quae
3491 5089 3526 5125 a
3570 5088 3696 5141 rege

2045 5163 2251 5220 tradita
2279 5166 2461 5233 fuerat
2486 5165 2583 5218 eis.
2620 5163 2781 5217 Terra
2838 5162 3178 5217 sacerdotum
3234 5166 3436 5216 sancta
3465 5165 3555 5216 est
3590 5160 3692 5215 Ec-

2046 5252 2307 5317 clesia,in
2334 5267 2451 5322 qua
2471 5256 2611 5306 sunt
2632 5250 2745 5305 veri
2770 5249 3231 5320 sacerdotes,qui
3254 5266 3450 5304 veram
3478 5249 3696 5304 habent

2046 5341 2462 5407 libertatem,et
2475 5338 2695 5393 nullam
2714 5336 2997 5409 spiritalis
3014 5338 3185 5393 famis
3201 5338 3691 5411 patiunturpenu-

2046 5428 2363 5500 riam,quia
2383 5445 2416 5483 a
2438 5442 2568 5497 rege
2590 5424 2817 5481 Christo
2832 5425 3043 5497 pabulo
3068 5427 3421 5483 diviniverbi
3432 5426 3687 5482 aluntur.

2116 5518 2281 5574 Vers.
2309 5517 2400 5572 23.
2433 5516 2675 5586 Accipite
2703 5517 2922 5572 semina
2948 5521 3002 5573 et
3047 5519 3210 5574 serite
3251 5532 3429 5587 agros.
3469 5515 3541 5572 Et
3592 5516 3695 5573 Jo-

2120 5695 2199 5771 (b)
2233 5696 2323 5755 Ita
2351 5696 2601 5767 uterque
2630 5693 2831 5755 codex.
