4040 6208
330 387 464 456 123

324 522 470 596 seph
500 525 718 595 noster,
751 522 811 578 id
840 526 929 579 est
958 523 1244 593 Christus,
1269 524 1536 579 hortatur
1564 522 1764 579 ﬁdeles
1792 527 1857 577 ut
1896 539 1974 577 se-
1999 529 2056 595 Α

323 614 480 669 mina
507 611 848 685 evangelicae
882 613 1292 684 predicationis
1349 616 1622 685 accipiant
1673 615 1725 667 et
1778 613 1971 667 serant

325 718 500 774 agros,
532 702 590 757 id
623 709 708 757 est
738 702 913 757 corda
942 701 1299 767 auditorum,
1329 707 1394 757 ut
1421 703 1560 758 inde
1606 705 1835 757 tructus
1867 703 1968 757 bo-

326 807 534 847 norum
567 807 809 861 operum
839 790 1096 863 recipere
1127 792 1370 863 possint.

396 879 560 936 Vers.
594 881 683 934 24.
720 881 980 947 Quintam
1008 882 1127 950 regi
1156 881 1373 936 dabitis.
1412 882 1616 949 Quinta
1654 897 1808 951 pars,
1843 897 1969 952 quae

327 967 564 1040 regibus
621 968 1076 1040 persolvebatur,
1131 969 1391 1041 quinque
1448 985 1731 1024 sensuum
1781 974 1970 1023 custo-

325 1057 481 1112 diam
514 1056 803 1130 designat,
837 1075 966 1128 quae
995 1057 1222 1113 Christo
1255 1058 1652 1113 consecranda
1682 1062 1786 1113 est.
1821 1059 1966 1112 Nam

323 1150 380 1202 et
408 1146 466 1200 in
501 1144 625 1218 lege
656 1145 990 1217 precipitur
1018 1163 1191 1201 omne
1224 1146 1682 1219 primogenitum
1743 1161 1969 1201 mascu-

320 1234 426 1289 lini
458 1250 630 1290 sexus
685 1235 920 1306 quinque
976 1235 1124 1289 sictis
1180 1237 1398 1306 argenti
1453 1236 1661 1291 debere
1737 1235 1962 1290 redimi.

324 1323 517 1394 (Exod.
549 1340 674 1389 xm,
709 1323 818 1394 15).
855 1323 1016 1388 Quod
1048 1339 1178 1378 vero
1208 1332 1447 1396 quatuor
1497 1329 1682 1395 partes
1728 1323 1965 1394 permit-

323 1413 602 1468 tebantur
630 1411 866 1478 habere,
898 1411 1006 1466 hoc
1035 1411 1304 1484 designat
1351 1413 1506 1483 quod
1559 1412 1966 1484 unusquisque

323 1500 384 1556 in
418 1500 609 1556 laicali
641 1499 1098 1566 conversatione,
1130 1501 1240 1556 hoc
1269 1507 1358 1556 est
1389 1501 1963 1569 actuali,secundum

323 1605 498 1644 suum
532 1587 893 1660 propositum
910 1586 994 1642 vel
1016 1588 1350 1644 facultatem
1368 1588 1726 1660 permittitur
1757 1591 1961 1647 vivere.

395 1677 552 1733 Vers.
583 1676 672 1731 29.
707 1681 855 1732 Pone
883 1692 1116 1731 manum
1172 1679 1330 1732 tuam
1359 1679 1456 1732 sub
1505 1679 1712 1748 femore
1743 1693 1879 1744 meo,
1913 1685 1966 1732 et

311 1768 445 1841 jura
469 1767 610 1821 mihi
634 1781 736 1834 per
763 1771 930 1822 Deum
958 1767 1098 1836 caeli,
1126 1769 1188 1820 ut
1222 1782 1334 1822 non
1373 1769 1612 1838 accipias
1642 1782 1873 1822 uxorem
1901 1766 1967 1821 de

322 1856 544 1927 ﬁliabus
571 1854 855 1910 Chanaan.
888 1853 1154 1910 Ostendit
1204 1871 1266 1910 se
1321 1855 1501 1910 Jacob
1541 1855 1726 1910 ﬁlium
1778 1854 1965 1910 sancti

321 1945 563 2002 Abrahae
593 1961 709 1998 non
741 1960 915 1998 carne
944 1947 1195 2011 tantum,
1229 1945 1330 1999 sed
1362 1945 1642 2000 moribus.
1680 1943 1779 1999 Ille
1809 1944 1966 1999 enim

324 2032 616 2106 adjuravit
644 2048 876 2089 servum
911 2049 1084 2087 suum
1117 2032 1351 2087 dicens:
1376 2039 1529 2088 Pone
1559 2050 1784 2088 manum
1815 2043 1970 2088 tuam

321 2124 420 2179 sub
449 2125 654 2193 femore
681 2123 964 2191 meo,jura
993 2120 1134 2175 mihi
1159 2137 1260 2192 per
1282 2122 1454 2176 Deum
1482 2121 1620 2191 C(BH,
1645 2126 1709 2177 ut
1735 2138 1847 2178 non
1876 2139 1967 2177 ac-

321 2213 494 2284 cipias
524 2226 753 2266 uxorem
783 2210 854 2265 (le
881 2209 1102 2280 ﬁliabus
1128 2210 1412 2267 Chanaan.
1446 2210 1548 2266 Hic
1567 2211 1838 2266 similiter
1863 2213 1970 2266 ad-

315 2301 483 2372 jurat
512 2298 701 2354 ﬁlium
733 2297 968 2369 Joseph,
1003 2301 1068 2353 ut
1097 2315 1213 2353 non
1245 2297 1491 2372 sepeliet
1522 2315 1656 2355 eum
1686 2299 1743 2354 in
1765 2301 1968 2372 Egyp-

329 2393 409 2445 to.
441 2388 694 2459 Uterque
724 2389 883 2442 enim
914 2387 1375 2444 incarnationem
1403 2388 1615 2444 Christi
1655 2393 1711 2444 et
1767 2389 1968 2460 praevi-

331 2477 508 2533 debat
534 2481 592 2532 et
620 2475 871 2532 ﬁdeliter
901 2477 1169 2532 credebat
1197 2482 1522 2532 venturam.
1556 2479 1741 2543 Quaeri
1772 2483 1968 2532 autem

334 2569 527 2638 potest
554 2581 658 2619 cur
689 2565 876 2619 sancti
907 2565 1250 2636 patriarchae
1270 2568 1501 2620 tantum
1532 2582 1730 2619 curam
1757 2565 1972 2620 habue—

331 2654 452 2711 rint
479 2652 944 2725 sepeliendorum
976 2667 1308 2724 corporum,
1326 2669 1458 2708 cum
1488 2652 1705 2708 scirent
1729 2653 1967 2708 cadave-

332 2759 399 2800 ra
427 2745 484 2798 et
512 2741 572 2796 in
598 2740 977 2813 sarcophagis
1005 2739 1234 2812 sepulta
1263 2745 1320 2796 et
1349 2742 1458 2797 sub
1517 2743 1674 2797 nudo
1723 2741 1866 2797 coelo
1897 2759 1969 2796 a3-

333 2830 585 2905 qualiter
607 2845 779 2902 posse
808 2834 1161 2901 putrescere.
1194 2833 1339 2885 Nam
1372 2835 1428 2886 et
1459 2834 1628 2902 poeta
1653 2831 1793 2886 dicit
1821 2849 1832 2886 :

576 2936 722 2987 Caelo
752 2937 968 3000 tegitur,
998 2935 1088 3000 qui
1119 2949 1228 2986 non
1258 2936 1419 2986 habet
1446 2951 1656 2987 urnam.

325 3045 436 3100 Sed
466 3043 575 3099 hoc
601 3041 907 3112 faciebant,
942 3058 1057 3096 non
1091 3058 1206 3113 quo
1238 3058 1438 3097 curam
1469 3043 1763 3098 habebant
1811 3042 1966 3114 ipso-

323 3149 456 3189 rum
483 3131 860 3197 cadaverum,
892 3147 1019 3202 quae
1053 3131 1466 3201 quoquomodo
1511 3131 1570 3185 in
1627 3135 1842 3186 terram
1877 3148 1965 3185 re-

323 3221 520 3276 ditura
547 3223 736 3286 erant,
767 3219 868 3274 sed
901 3223 966 3274 ut
995 3219 1340 3274 memoriam
1373 3220 1462 3274 sui
1495 3219 1624 3274 aliis
1671 3219 1964 3291 relinque-

321 3309 680 3381 rent,sicque
707 3324 806 3364 eos
836 3307 905 3362 ad
941 3323 1002 3363 se
1033 3307 1368 3362 imitantum
1402 3308 1961 3379 provocarent.Nam

315 3403 373 3454 et
404 3397 686 3454 Dominus
716 3397 788 3452 ad
819 3397 928 3452 Job
961 3395 1258 3468 loquitur:
1312 3397 1643 3452 Restituetur
1693 3399 1833 3452 sicut
1881 3398 1962 3452 lu-

313 3496 432 3543 tum
453 3487 820 3558 signaculum,
844 3493 898 3541 et
925 3487 1093 3541 stabit
1120 3487 1262 3540 sicut
1293 3487 1670 3541 vestimentum
1693 3487 1962 3558 plicatam

314 3575 457 3644 (Job.
490 3591 726 3642 xxxvm,
761 3575 871 3644 14).
899 3574 1280 3646 Signaculum,
1313 3574 1372 3629 id
1403 3580 1492 3631 est
1523 3576 1696 3631 homo
1727 3576 1799 3630 ad
1819 3576 1962 3631 ima-

313 3662 510 3736 ginem
542 3662 637 3719 Dei
668 3663 878 3731 factus,
911 3667 977 3719 ut
1003 3665 1184 3718 lutum
1212 3679 1316 3736 per
1345 3668 1592 3720 mortem
1632 3665 1957 3731 restituitur,

314 3768 431 3808 non
461 3756 656 3807 tamen
689 3755 907 3807 temere
937 3756 1040 3808 aut
1071 3751 1436 3825 negligenter
1493 3753 1815 3823 projicitur,
1858 3752 1958 3807 sed

887 382 1196 452 REMIGII-
1237 383 1964 453 ANTISSIODORENSI!

2082 381 2214 450 DPP.
2266 384 2464 453 PARS
2508 384 2558 451 I.
2590 418 2670 435 —
2698 385 3161 463 EXEGETICA.

3612 381 3731 445 124

2652 523 2886 578 CAPUT
2914 522 3155 578 XLVIII.

2147 611 2310 668 Vers.
2344 613 2398 667 5.
2433 612 2585 668 Sicut
2614 612 2800 669 Ruben
2830 617 2881 668 et
2910 611 3129 668 Simeon
3185 610 3590 684 reputabuntur
3619 611 3726 665 mi-

2078 702 2155 757 hi.
2191 702 2254 757 Id
2285 706 2392 768 est,
2426 719 2566 757 suas
2597 719 2698 774 per
2725 719 2787 758 se
2817 702 3008 757 tribus
3068 701 3303 767 facient,
3338 704 3404 755 ut
3448 702 3575 772 jam
3610 717 3726 755 non

2079 791 2306 846 dicatur
2335 791 2526 846 tribus
2556 791 2799 862 Joseph,
2834 791 2934 847 sed
2967 791 3156 845 tribus
3193 789 3470 862 prraim
3516 795 3574 844 et
3605 789 3730 844 Ma-

2079 896 2271 934 nasse.
2306 879 2467 935 Sicut
2497 881 2733 935 Simeon
2750 884 2807 935 et
2837 880 3039 934 Ruben
3071 896 3212 934 suas
3244 879 3431 934 tribus
3463 877 3729 949 singulas

2079 968 2310 1030 facient,
2347 967 2432 1022 sic
2464 966 2739 1039 Ephraim
2770 975 2823 1022 et
2853 967 3121 1022 Manasse
3153 965 3280 1020 dum
3311 965 3502 1021 tribus
3533 969 3725 1029 erunt,

2077 1061 2132 1111 et
2163 1056 2247 1111 sic
2277 1056 2556 1111 tredecim
2591 1057 2780 1111 tribus
2835 1055 3230 1127 perﬁcientur,
3291 1053 3512 1126 Joseph
3569 1054 3726 1108 tribu

2076 1145 2135 1199 in
2168 1146 2316 1200 duas
2349 1149 2544 1216 partes
2575 1145 2778 1200 divisa.

2147 1233 2311 1288 Vers.
2348 1235 2433 1288 14.
2471 1236 2820 1290 Commutans
2851 1250 3049 1288 manus
3064 1233 3270 1306 Joseph
3297 1233 3432 1290 duos
3451 1234 3596 1304 ﬁlios
3622 1249 3727 1305 pa-

2076 1322 2154 1376 tri
2207 1323 2463 1378 adduxit.
2528 1323 2600 1378 Ut
2650 1323 2734 1378 eis
2793 1322 3181 1378 benediceret.
3258 1321 3727 1396 Primogenitum

2077 1428 2251 1466 suum
2284 1413 2591 1466 Manassen
2624 1411 2821 1484 posuit
2849 1412 2922 1466 ad
2955 1412 3219 1466 dextram
3269 1411 3490 1483 patris;
3524 1411 3727 1482 junio-

2075 1517 2198 1554 rem
2230 1517 2381 1570 vero,
2415 1500 2471 1554 id
2505 1505 2593 1556 est
2623 1500 2921 1572 Ephraim,
2954 1501 3026 1555 ad
3083 1499 3406 1555 sinistram.
3439 1497 3540 1554 Ille
3579 1499 3724 1554 alla—

2074 1594 2172 1644 tus
2229 1588 2438 1661 spiritu
2497 1589 2858 1661 prOphetico,
2917 1588 3240 1660 prmvidens
3299 1605 3427 1660 qua
3481 1593 3729 1644 ventura

2074 1682 2262 1743 erant,
2297 1678 2495 1750 posuit
2518 1678 2817 1741 dexteram
2851 1695 3092 1733 manum
3121 1694 3304 1749 super
3330 1681 3509 1749 caput
3532 1678 3728 1748 junio-

2074 1765 2156 1822 ris
2186 1767 2482 1838 Ephraim,
2517 1767 2819 1823 sinistram
2851 1783 2983 1822 vero
3015 1783 3194 1840 super
3225 1770 3400 1839 caput
3433 1767 3725 1833 Manasse,

2075 1856 2173 1927 qui
2209 1856 2398 1926 major
2428 1859 2567 1910 natu
2601 1860 2744 1921 erat,
2780 1856 3054 1911 manibus
3078 1855 3137 1910 in
3170 1855 3414 1910 modum
3445 1855 3635 1911 crucis
3663 1857 3724 1911 in

2075 1949 2476 2000 transversum
2508 1944 2887 1999 commutatis
2915 1960 2927 1997 :
2963 1944 3101 2016 quia
3122 1943 3292 2000 illum
3313 1944 3544 2000 videbat
3572 1945 3725 2000 mul-

2078 2031 2490 2104 tiplicandum,
2519 2036 2575 2086 et
2601 2032 2912 2088 Jeroboam
2934 2048 3130 2104 regem
3161 2049 3230 2088 ex
3257 2032 3412 2087 tribu
3449 2032 3724 2104 Ephraim

2080 2121 2364 2176 futurum.
2398 2121 2631 2194 Mystice
2661 2137 2764 2192 per
2793 2121 2901 2176 hos
2964 2121 3110 2177 duos
3167 2121 3320 2177 ﬁlios
3343 2121 3574 2193 .Josepb
3609 2123 3725 2177 duo

2078 2208 2279 2281 populi
2311 2208 2638 2282 signantur.
2672 2210 2781 2264 Per
2808 2211 3113 2276 Manassen,
3146 2210 3246 2283 qui
3306 2210 3503 2266 oblivio
3542 2211 3725 2266 inter-

2078 2302 2360 2370 pretatur,
2394 2298 2680 2371 accipitur
2705 2298 2990 2354 Judaicus
3019 2297 3296 2370 populus,
3357 2299 3457 2371 qui
3504 2298 3725 2354 oblitus

2077 2392 2168 2442 est
2196 2386 2428 2442 Domini
2460 2387 2734 2443 creatoris
2767 2387 2880 2442 sui.
2913 2388 3022 2442 Per
3051 2386 3455 2459 Ephraim,qui
3483 2389 3725 2458 frugiter

2077 2474 2167 2530 vel
2197 2476 2505 2545 fecunditas
2534 2476 2973 2548 interpretatur,
3006 2475 3242 2549 gentilis
3272 2475 3525 2549 populus
3571 2477 3724 2550 ﬁgu-

2080 2566 2262 2630 ratur,
2296 2563 2396 2635 qui
2426 2565 2713 2619 credendo
2743 2564 2802 2618 in
2835 2563 3130 2620 Christum
3166 2564 3300 2620 ﬁdei
3331 2568 3388 2620 et
3434 2565 3723 2620 bonorum

2079 2668 2318 2724 operum
2354 2652 2609 2708 fructum
2639 2652 2887 2709 Domino
2917 2652 3150 2721 obtulit,
3201 2657 3260 2708 et
3300 2653 3591 2726 spirituali
3643 2655 3723 2710 fe-

2079 2740 2374 2796 cunditate
2403 2740 2835 2812 multiplicatus
2865 2746 2972 2797 est.
3004 2741 3107 2798 Hic
3135 2741 3271 2798 licet
3300 2743 3586 2814 posterior
3628 2743 3726 2800 Dei

2079 2829 2467 2901 cognitionem
2497 2831 2837 2903 perceperit,
2867 2831 3221 2887 constitutus
3243 2837 3333 2887 est
3361 2836 3556 2887 tamen
3590 2842 3726 2889 ante

2080 2917 2429 2973 Manassen:
2468 2919 2606 2991 quia
2636 2936 2811 2992 quam
2838 2921 3087 2993 gratiam
3112 2921 3186 2993 (a)
3243 2920 3578 2976 habuerunt
3624 2922 3724 2978 Ju-

2077 3006 2180 3062 daei
2212 3011 2269 3062 et
2297 3013 2664 3064 sacramenta
2693 3008 3130 3081 Scripturarum
3162 3013 3338 3082 atque
3364 3026 3598 3067 omnem
3628 3011 3723 3066 di-

2075 3096 2360 3168 gnitatem
2391 3097 2596 3152 divinae
2627 3097 2794 3170 legis,
2826 3098 3046 3154 Judaeis
3079 3098 3425 3171 reprobatis,
3478 3099 3719 3172 accepit.

2145 3185 2307 3240 Vcrs.
2342 3187 2429 3240 21.
2468 3186 2803 3260 Reducetque
2830 3203 2919 3243 vos
2946 3187 3016 3244 ad
3047 3192 3254 3244 terram
3275 3191 3500 3259 patrum
3521 3199 3723 3244 vestro-

2073 3290 2218 3329 rum.
2253 3274 2461 3347 Magno
2493 3275 2783 3332 desiderio
2813 3276 3145 3348 patriarcha
3171 3276 3349 3332 Jacob
3391 3277 3722 3346 tenebatur,

2072 3363 2315 3435 cupiens
2343 3364 2404 3419 in
2435 3381 2502 3419 ea
2532 3369 2685 3420 terra
2716 3364 2972 3436 sepeliri,
3008 3366 3107 3421 ubi
3151 3382 3467 3437 passurum
3524 3365 3721 3422 Chris-

2070 3455 2197 3508 tum
2231 3457 2466 3509 noverat
2498 3458 2555 3509 et
2584 3454 2989 3510 redimendum
3020 3471 3205 3527 genus
3239 3455 3588 3511 humanum.
3613 3455 3722 3513 De-

2071 3541 2269 3612 nique,
2302 3545 2367 3596 ut
2399 3543 2593 3597 ferunt
2623 3542 2792 3614 periti
2841 3547 3179 3599 sanctorum
3210 3543 3496 3616 locorum,
3530 3545 3603 3600 ab
3654 3561 3720 3601 eo

2071 3629 2196 3685 loco
2227 3631 2328 3702 qui
2365 3631 2681 3686 Abramium
2711 3631 2949 3702 dicitur,
2981 3632 3081 3689 ubi
3133 3633 3430 3689 Abraham
3462 3639 3518 3689 et
3562 3639 3721 3691 Isaac

2071 3717 2284 3791 sepulti
2315 3723 2473 3790 sunt,
2511 3735 2700 3792 usque
2731 3721 2804 3776 ad
2834 3720 3028 3776 locum
3057 3721 3368 3778 Dominicis
3399 3723 3718 3795 passionis,

311 3807 455 3896 sicut
485 3842 867 3896 vestimentum
892 3807 1316 3912 plicatumutu’to
1374 3807 1512 3895 loco‘
1545 3807 1863 3910 reponitur,
1899 3845 1964 3895 ut
2067 3807 2310 3880 triginta
2340 3807 2456 3863 fere
2489 3807 2676 3909 ωίξ¹ἓθι
2700 3826 2985 3912 ξξῗῗλίξυω
3013 3810 3400 3912 δδδῗηίιξῦυδ
3420 3810 3550 3912 ipso
3580 3829 3719 3911 ‘l‘m'

315 3946 550 3984 rursum
585 3945 689 4000 per
717 3929 1201 3985 resurrectionem
1231 3928 1592 3983 reinduatur.

385 4021 550 4073 Vers.
582 4018 671 4072 31.
702 4017 963 4073 Adoravit
991 4019 1162 4073 Israel
1193 4017 1383 4084 Deum,
1415 4033 1706 4072 conversus
1752 4017 1822 4073 ad
1852 4018 1962 4073 lec-

315 4107 422 4162 tuli
445 4115 627 4178 caput.
661 4105 1064 4178 Augustinus:
1100 4105 1261 4171 Quod
1296 4105 1514 4161 habent
1537 4104 1777 4177 quidam
1809 4106 1961 4162 Lati-

315 4195 374 4250 ni
405 4195 634 4250 codices
658 4211 670 4249 :
703 4196 769 4249 Et
797 4195 1046 4249 adoravit
1075 4210 1238 4264 super
1255 4202 1417 4265 caput
1438 4197 1608 4265 virga
1639 4211 1756 4266 ejus
1784 4197 1846 4250 in
1875 4212 1964 4251 ca-

306 4285 442 4354 pite,
473 4282 624 4338 fallit
653 4299 752 4338 eos
779 4282 1043 4338 Graecum
1073 4282 1337 4348 verbum,
1370 4283 1524 4353 quod
1555 4282 1774 4338 eisdem
1805 4283 1960 4340 litte-

313 4369 395 4427 ris
425 4371 709 4444 scriptum
739 4373 848 4435 est,
909 4369 1030 4426 sive
1081 4387 1216 4437 suae,
1277 4370 1396 4425 sive
1442 4371 1557 4441 ejus
1588 4372 1689 4427 sed
1720 4377 1961 4428 accentu

316 4459 580 4532 dispares
611 4462 774 4528 sunt,
806 4461 862 4512 et
893 4459 965 4513 ab
996 4456 1081 4513 eis
1112 4459 1213 4530 qui
1244 4457 1358 4514 ista
1391 4467 1692 4531 noverunt,
1721 4461 1780 4515 in
1809 4462 1963 4517 codi-

312 4547 486 4603 cibus
518 4563 633 4602 non
665 4549 1119 4602 contemnantur
1140 4547 1370 4603 :valent
1391 4548 1547 4603 enim
1579 4549 1650 4605 ad
1685 4565 1960 4622 magnam

2070 3913 2183 3969 que
2213 3913 2457 3953 numero
2490 3898 2590 3968 qui
2619 3897 2676 3954 in
2711 3899 2756 3954 Τ
2787 3898 2982 3955 littera
3010 3901 3718 3972 continetur,myeterium

2070 3984 2384 4040 Dominicee
2418 3986 2711 4057 passionis
2741 3988 3100 4044 ostendatur.

2139 4073 2302 4128 Vers.
2333 4077 2422 4128 2'2.
2460 4076 2628 4130 Extra
2656 4078 2860 4146 fratres
2887 4079 3027 4133 tuos.
3063 4078 3123 4134 Id
3165 4081 3272 4146 est,
3305 4082 3466 4134 extra
3497 4080 3716 4134 sortem

2072 4178 2250 4234 quam
2282 4179 2415 4218 cum
2447 4163 2667 4218 caeteris
2701 4164 2980 4220 fratribus
3029 4165 3090 4220 in
3148 4164 3538 4223 divisionibus
3581 4183 3717 4239 pos-

2071 4252 2405 4307 sessionum
2436 4257 2783 4325 accepturus
2815 4259 2923 4310 est.
2955 4254 3117 4319 Quod
3151 4259 3347 4310 autem
3371 4255 3531 4327 dicit,
3551 4272 3720 4329 quam

2071 4340 2176 4395 tuti
2203 4341 2268 4396 de
2296 4357 2467 4396 manu
2490 4341 2795 4398 Amorrhaei
2822 4344 2884 4398 in
2910 4343 3106 4416 gladio
3133 4346 3184 4399 et
3239 4360 3374 4399 arcu
3412 4359 3552 4412 meo,
3591 4342 3718 4416 gla-

2070 4429 2234 4484 dium
2262 4433 2320 4485 et
2347 4447 2546 4485 arcum
2580 4431 2834 4503 appellat
2855 4431 3153 4503 justitiam
3183 4449 3724 4505 suam,per,quam,

2069 4523 2304 4591 peracta
2334 4520 2488 4576 caede
2518 4519 2982 4591 Sichimitarum,
3015 4539 3049 4578 a
3077 4522 3354 4594 gentibus
3391 4523 3721 4594 circumpo-

316 4635 748 4691 discretionem.
782 4640 864 4690 Ac
895 4651 998 4707 per
1027 4635 1136 4692 hoc
1192 4636 1470 4708 quaeritur
1526 4637 1666 4709 quid
1699 4607 1959 4710 situquod
1991 4628 2038 4693 D
2071 4607 2202 4710 si“?
2234 4612 2342 4663 Dec
2372 4625 2436 4664 se
2465 4614 2800 4710 Ρτβίθξθηξθ
2829 4610 3213 4710 ίῨῘίΡξΡοωίί·
3241 4610 3372 4710 Alia
3399 4610 3711 4710 ξῗξθῗὲδίίο

315 4723 540 4780 dictum
570 4729 677 4779 est.
711 4724 857 4779 Nam
885 4723 1055 4779 facile
1082 4722 1432 4798 intelligitur
1471 4742 1669 4781 senem
1719 4727 1960 4782 adorare

312 4811 616 4885 fastigium
648 4812 820 4884 virga
851 4829 990 4876 suae,
1027 4829 1203 4882 quam
1261 4814 1344 4869 sic
1400 4815 1642 4880 ferebat,
1693 4819 1756 4869 ut
1785 4831 1962 4886 super

313 4918 444 4959 eam
473 4905 648 4974 caput
673 4900 1008 4957 inclinanda
1067 4901 1336 4958 adoraret
1390 4903 1596 4959 Deum.
1654 4904 1762 4959 Sed
1806 4906 1960 4976 quod

315 4991 459 5047 dicit
487 4991 624 5063 ejus,
656 4989 829 5046 aliter
859 5005 988 5046 sese
1032 4989 1242 5058 refert;
1293 4991 1434 5062 quia
1484 4997 1616 5064 post
1657 4994 1960 5064 juramen-

314 5084 444 5135 tum
475 5079 577 5134 ﬁlii
612 5079 728 5145 sui,
759 5078 873 5152 ipsi
903 5077 1025 5132 ﬁlio
1057 5077 1222 5150 virga
1264 5085 1503 5151 sumpta
1561 5081 1772 5137 iterum
1807 5081 1960 5137 inni-

315 5185 420 5226 sus
449 5168 637 5225 eidem
671 5167 933 5224 adoravit
962 5183 1239 5223 cacumen
1273 5169 1400 5238 ejus
1430 5168 1517 5224 vel
1573 5169 1752 5227 illius.
1786 5173 1962 5228 Sanc-

314 5263 411 5315 tus
436 5257 524 5313 vir
551 5262 608 5314 et
637 5258 753 5313 Deo
783 5257 1023 5313 deditus
1053 5261 1348 5312 senectute
1403 5263 1678 5330 gravatus
1737 5260 1818 5316 ita
1847 5261 1962 5318 lec-

312 5352 442 5403 tum
473 5347 536 5402 in
568 5363 686 5418 quo
709 5347 948 5416 jacebat
976 5346 1370 5418 compositum
1404 5347 1674 5414 habebat,
1711 5353 1776 5404 ut
1804 5351 1960 5422 capi-

315 5439 371 5491 te
401 5435 474 5492 ad
505 5435 788 5491 orientem
818 5450 984 5490 verso
1016 5451 1149 5490 mox
1178 5435 1228 5490 si
1260 5435 1450 5505 vellet,
1482 5438 1704 5509 absque
1733 5438 1965 5497 difﬁcu-

315 5523 455 5581 ltate
484 5523 558 5581 ad
588 5524 878 5582 orandum
907 5539 970 5580 se
999 5527 1216 5581 vertere
1246 5530 1464 5596 posset.

388 5701 466 5773 (a)
497 5700 750 5775 Uterque
781 5703 982 5772 codex,
1015 5702 1147 5777 quia
1169 5703 1446 5777 quondam
1475 5715 1617 5778 arat.

2069 4693 2231 4762 dicit,
2265 4711 2430 4766 quam
2462 4696 2569 4750 tuli
2625 4698 2686 4751 in
2739 4697 3064 4768 fortitudine
3110 4714 3253 4754 mea.
3294 4699 3724 4756 Fortitudinem

2070 4782 2324 4854 appellat
2363 4784 2668 4855 pecuniam
2722 4784 2810 4841 vel
2860 4785 3093 4844 divitias
3155 4804 3302 4860 quas
3361 4787 3720 4861 possidebat,

2071 4888 2220 4944 quas
2251 4889 2356 4928 suo
2386 4873 2599 4930 sudore
2627 4873 2716 4930 vel
2747 4874 2944 4932 labore
2970 4877 3349 4949 acquisierat.

2667 4998 2906 5055 CAPUT
2934 5000 3121 5056 XLIX.

2147 5086 2303 5142 Vers.
2340 5087 2390 5142 1.
2422 5085 2623 5142 Diebus
2646 5088 2982 5144 novissimis.
3015 5093 3135 5146 Hoc
3164 5089 3412 5146 dicendo
3462 5091 3721 5147 ostendit

2073 5193 2135 5232 se
2165 5175 2495 5248 prophetice
2527 5175 2885 5232 locuturum.
2921 5177 3080 5233 Licet
3138 5179 3296 5235 enim
3348 5179 3468 5235 haec
3519 5180 3718 5249 verba,

2073 5264 2290 5337 quibus
2321 5263 2457 5318 ﬁliis
2486 5264 2802 5337 benedixit,
2832 5266 2903 5321 ad
2936 5266 3280 5324 divisionem
3328 5267 3723 5342 possessionis

2074 5369 2252 5426 quam
2281 5357 2630 5426 acceperunt
2685 5354 2747 5410 in
2797 5359 2953 5412 terra
3017 5357 3314 5423 Chanaan,
3367 5357 3722 5431 pertineant,

2074 5441 2406 5515 specialiter
2433 5446 2630 5499 tamen
2661 5445 2734 5500 ad
2763 5443 3081 5519 Christum,
3115 5445 3217 5520 qui
3248 5445 3570 5504 novissimo
3622 5463 3728 5504 sa-

2075 5530 2190 5588 culi
2224 5536 2492 5605 tempore
2514 5532 2857 5591 incarnatus
2889 5539 2998 5606 est,
3030 5535 3335 5592 referenda
3362 5540 3525 5594 sunt.
