4040 6208
188 373 284 437 125

1283 368 1906 437 COMMENTARIUS
1948 370 2029 432 ΙΝ
2076 366 2447 434 GENESIM.

3454 376 3567 436 126

245 506 399 564 Vers.
430 507 484 580 3,
516 507 566 563 4.
597 508 780 565 Ruben
806 466 1207 582 primogenitus
1238 524 1405 576 meus,
1441 513 1500 564 tu
1544 507 1809 580 fortitudo
1838 505 1893 572 Α
1924 504 2125 561 scribae
2155 510 2213 562 et
2233 508 2561 564 sacerdotes
2594 508 2926 564 Judeorum
2962 504 3093 562 dolo
3114 509 3169 562 et
3196 502 3422 563 malitia
3447 506 3565 580 ple-

187 614 295 655 mea
323 601 375 653 et
400 598 733 669 principium
754 599 955 654 doloris
983 599 1279 665 mez.Quod
1312 597 1812 669 dicit,principium

186 686 367 743 doloris
398 688 524 756 mei,
549 687 720 758 juxta
749 687 1003 744 litteram
1035 689 1141 743 hoc
1168 688 1599 761 designat,quia
1620 688 1811 742 omnis

187 775 592 849 primogenitus
624 776 977 848 principium
1010 781 1097 832 est
1131 776 1367 841 doloris,
1393 777 1534 831 dum
1586 793 1687 847 pro
1745 792 1811 831 eo

186 869 409 938 paterna
440 863 691 936 primum
725 870 782 920 et
814 872 1074 921 materna
1107 866 1325 921 viscera
1372 866 1808 921 concutiuntur.

185 955 268 1010 Est
292 957 486 1008 autem
513 970 725 1008 sensus
750 954 959 1009 horum
992 955 1300 1009 verborum
1339 954 1419 1010 :0
1453 954 1675 1023 Ruben,
1710 954 1811 1026 qui

182 1042 594 1115 primogenitus
613 1059 777 1098 meus
796 1043 980 1112 fuisti,
1003 1044 1093 1098 cui
1120 1045 1317 1099 omnia
1343 1044 1734 1115 primogenita
1757 1047 1813 1098 et

184 1130 423 1205 dignitas
456 1130 835 1187 sacerdotalis
867 1149 932 1187 ac
964 1133 1122 1204 regia
1152 1133 1639 1204 debebantur,qui
1660 1135 1815 1204 prior

185 1220 326 1274 fuisti
360 1221 422 1274 in
450 1219 606 1275 donis
638 1224 696 1275 et
724 1222 906 1290 major
936 1222 991 1275 in
1024 1223 1274 1292 imperio,
1290 1225 1483 1276 tamen
1508 1221 1809 1293 perdidisti

182 1309 287 1364 haec
316 1308 537 1377 omnia,
556 1309 693 1381 quia
713 1311 913 1382 eﬁusus
931 1327 984 1365 es
1012 1311 1149 1365 sicut
1190 1327 1336 1381 aqua
1392 1310 1613 1382 impetu
1674 1311 1813 1365 mali

181 1396 608 1468 desiderii.Ergo
638 1416 747 1455 non
769 1414 994 1469 crescas,
1030 1399 1147 1454 sive
1180 1416 1292 1454 non
1325 1398 1735 1470 multipliceris
1757 1403 1815 1454 et

177 1487 452 1559 augearis.
487 1488 607 1551 Quo
626 1505 799 1543 sensu
836 1496 888 1543 et
919 1492 1141 1561 Moyses
1172 1488 1521 1544 benedicens
1550 1506 1685 1543 eum
1727 1488 1812 1543 di-

176 1575 244 1630 cit
275 1593 287 1629 :
324 1576 485 1631 Vivat
512 1577 698 1631 Ruben
713 1585 764 1632 et
793 1592 904 1632 non
930 1579 1207 1632 moriatur
1228 1586 1279 1632 et
1305 1579 1375 1631 sit
1394 1594 1600 1649 parvus
1622 1580 1682 1632 in
1706 1595 1812 1633 nu-

172 1681 311 1720 mero
330 1673 383 1720 et
404 1682 519 1721 non
547 1682 774 1736 crescas,
808 1666 893 1721 vel
928 1673 989 1720 ut
1020 1666 1194 1721 iteres
1226 1666 1416 1722 scelus
1460 1672 1647 1721 tuum.
1683 1668 1813 1722 Haec

165 1754 320 1824 juxta
350 1754 628 1810 litteram.
662 1755 1007 1827 Allegorice,
1031 1756 1233 1810 Ruben
1268 1755 1547 1828 populum
1578 1757 1811 1812 Judaeo-

1922 595 1978 649 ni
2020 596 2538 651 erant.Pr:evidens
2560 614 2695 669 ergo
2734 596 3063 669 patriarcha
3116 595 3349 652 illorum
3390 596 3562 653 mali-

1919 686 2063 740 tiam
2095 690 2219 741 orat
2250 690 2313 740 ut
2343 688 2403 740 in
2431 687 2662 742 consilio
2687 703 2893 758 eorum,
2937 688 3089 758 quod
3152 691 3352 742 contra
3399 687 3561 742 Chri-

1922 777 2079 829 stum
2100 775 2492 837 t‘ecerunt,non
2512 775 3127 845 veniatanimamea,id
3162 780 3250 831 est
3298 776 3564 832 voluntas

1922 863 2401 934 ejus.0cciderunt
2432 868 2633 929 virum,
2685 865 2739 919 id
2773 871 2862 921 est
2920 865 3253 933 Christum;
3314 865 3566 937 Suffode-

1921 956 2051 1006 runt
2083 969 2325 1021 murum,
2358 952 2415 1007 id
2449 958 2555 1019 est,
2591 970 2802 1024 corpus
2834 955 2962 1024 ejus
2994 953 3171 1009 clavis
3202 954 3567 1011 conﬁxerunt

1922 1044 1978 1095 et
2005 1040 2206 1096 lancea
2238 1044 2851 1112 aperuerunt.Murum
2879 1043 3034 1098 enim
3060 1044 3447 1099 fortissimum
3470 1062 3567 1117 ap-

1923 1128 2102 1200 pellat
2132 1147 2343 1202 corpus
2376 1130 2612 1197 Christi,
2646 1132 2797 1202 quod
2824 1131 2882 1184 in
2915 1136 3078 1186 utero
3127 1131 3386 1203 Virginis
3434 1151 3574 1205 qua-

1924 1218 2194 1291 draginta
2222 1224 2277 1274 et
2308 1236 2406 1274 sex
2439 1220 2645 1275 diebus
2677 1220 3029 1275 aediﬁcatum
3056 1225 3166 1287 est,
3229 1222 3380 1277 sicut
3430 1228 3575 1279 tem-
3657 1288 3671 1299 ν

1925 1308 2085 1379 plum
2122 1309 2347 1363 Domini
2373 1309 2762 1381 quadraginta
2792 1316 2848 1365 et
2878 1326 2976 1365 sex
3008 1311 3178 1366 annis
3219 1311 3569 1368 mdiﬁcatum

1922 1396 2009 1453 vel
2042 1402 2442 1453 constructum
2474 1402 2580 1453 est.
2620 1400 2869 1453 Dividam
2896 1415 2981 1454 eos
3012 1399 3071 1453 in.
3120 1400 3303 1470 Jacob,
3361 1405 3414 1455 et
3460 1402 3569 1456 dis-

1919 1486 2151 1558 perdam
2182 1488 2238 1540 in
2274 1486 2586 1542 Israel.Non
2615 1504 2731 1542 uno
2764 1505 2939 1543 sensu
2991 1487 3196 1542 divisio
3227 1493 3283 1543 et
3338 1489 3569 1561 disper-

1924 1576 2010 1631 sio
2044 1576 2384 1647 accipienda
2413 1582 2570 1631 sunt.
2597 1577 2803 1631 Divisio
2833 1576 2986 1631 enim
3013 1577 3072 1631 in
3104 1577 3275 1648 bono,
3306 1578 3572 1649 dispersio

1924 1668 2119 1720 autem
2147 1665 2429 1736 accipitur
2462 1665 2518 1720 in
2539 1665 2901 1721 malum.Eos
2932 1666 3086 1721 enim
3111 1666 3211 1738 qui
3244 1684 3312 1722 ex
3342 1666 3441 1723 illo
3462 1686 3569 1740 po-

1923 1753 2061 1825 pulo
2088 1754 2478 1821 crediderunt,
2503 1754 2689 1809 divisit
2720 1759 2871 1809 Deus
2903 1754 2974 1810 ab
3005 1755 3425 1821 inﬁdelibus,et
3446 1773 3568 1813 cor-

168 1860 291 1897 rum
324 1843 637 1915 significat,
665 1845 735 1899 de
758 1861 872 1915 quo
898 1844 1120 1899 dictum
1143 1850 1232 1900 est
1261 1863 1273 1900 :
1320 1846 1492 1900 Filius
1536 1849 1810 1918 primoge-
1845 1870 1892 1935 B
1923 1842 2048 1913 pori
2082 1842 2346 1897 Ecclesiae
2380 1844 2701 1915 conjunxit.
2716 1842 2848 1899 Illos
2881 1848 3076 1899 autem
3099 1844 3199 1916 qui
3233 1844 3290 1899 in
3323 1844 3569 1901 infideli-

167 1933 305 1987 nitus
335 1949 490 1987 meus
520 1934 706 1988 Israel.
733 1933 835 1989 Hic
865 1935 1129 2005 fortitudo
1179 1934 1411 2004 dicitur,
1471 1936 1605 2006 quia
1660 1935 1811 1990 Scri-

165 2024 469 2092 pturarum
504 2023 783 2094 mysteria
831 2022 1129 2079 intellexit.
1173 2025 1521 2095 Principium
1580 2042 1813 2097 quoque

164 2107 373 2165 doloris
394 2109 496 2165 Dei
519 2110 647 2177 fuit,
682 2111 822 2183 quia
851 2117 1164 2183 postquam
1197 2129 1257 2168 se
1291 2119 1402 2167 Deo
1457 2113 1811 2169 serviturum

162 2198 801 2270 promisit,frequenter
820 2216 951 2254 eum
985 2202 1056 2255 ad
1091 2201 1453 2255 iracundiam
1486 2201 1817 2272 provocavit

160 2288 590 2343 murmurando
635 2292 692 2341 et
732 2288 859 2358 ejus
917 2289 1200 2343 beneﬁcia
1255 2289 1624 2344 fastidiendo.
1686 2289 1820 2345 Fuit

158 2375 335 2431 etiam
367 2377 529 2446 prior
552 2377 610 2430 in
641 2376 968 2447 donis,quia
998 2376 1082 2431 illi
1118 2377 1333 2432 tradita
1354 2383 1492 2432 sunt
1514 2378 1817 2434 tideliasa-

158 2468 467 2520 cramenta
498 2483 512 2519 :
547 2472 599 2519 et
625 2465 805 2534 major
835 2467 895 2520 in
916 2467 1168 2536 imperio,
1205 2465 1342 2537 quia
1390 2467 1650 2536 quandiu
1700 2467 1816 2522 Deo

158 2551 626 2618 servivit,multis
657 2553 935 2624 gentibus
969 2553 1221 2608 fideliter
1250 2554 1686 2625 imperavit.Sed
1730 2557 1815 2625 ef-

155 2643 307 2711 fusus
337 2644 423 2696 est
446 2643 591 2696 sicut
617 2657 793 2712 aqua,
830 2641 885 2695 id
916 2646 1023 2707 est,
1058 2642 1255 2697 omnia
1285 2641 1407 2697 haec
1454 2641 1816 2698 velocissime

160 2728 546 2798 amisit,sicut
566 2746 720 2801 aqua
741 2729 1014 2785 velociter
1044 2731 1364 2785 effunditur
1392 2748 1526 2794 cum
1564 2731 1624 2786 in
1681 2749 1814 2787 vase

157 2819 446 2875 contineri
480 2836 596 2874 non
629 2819 915 2891 potest.Et
948 2836 1128 2891 quare
1158 2819 1314 2875 hoc?
1335 2822 1811 2893 Quiaascendisti,

160 2907 369 2980 inquit,
394 2909 579 2964 cubile
602 2911 785 2980 patris
806 2910 909 2964 tui.
942 2908 1145 2964 Cubile
1176 2908 1276 2965 Dei
1309 2909 1495 2965 Patris
1545 2909 1814 2965 Christus

157 3001 240 3051 est
272 2997 612 3052 secundum
639 2997 1090 3066 humanitatem,
1121 2998 1179 3052 in
1213 3015 1327 3069 quo
1359 2998 1672 3070 requiescit
1703 2998 1816 3070 ple-

158 3084 358 3141 nitudo
392 3085 744 3141 divinitatis.
778 3086 894 3141 Hoc
926 3086 1116 3141 cubile
1150 3087 1313 3157 plebs
1335 3088 1586 3142 nefanda
1609 3105 1809 3143 ascen-

157 3174 255 3245 dit,
290 3176 542 3245 quando
576 3179 779 3229 contra
808 3174 1105 3229 Christum
1133 3174 1451 3231 insurrexit
1466 3181 1522 3230 et
1570 3176 1649 3231 ita
1677 3192 1811 3231 eum

159 3263 220 3317 ad
238 3235 521 3319 'm.ortem
552 3262 842 3334 expetivit.
878 3262 1123 3318 Stratum
1154 3280 1388 3335 quoque
1422 3264 1517 3318 Dei
1571 3265 1813 3320 macula-
1843 3235 1887 3300 (ἶ

156 3353 243 3422 vit,
278 3352 532 3421 quando
553 3351 847 3406 Christum
878 3356 1263 3424 peccatorem,
1296 3352 1730 3407 Samaritanum
1761 3358 1816 3408 et

155 3439 521 3496 damonium
553 3440 767 3496 habere
799 3440 1048 3496 dicebat.
1110 3440 1273 3495 Unde
1324 3440 1537 3496 meruit
1576 3441 1812 3496 audire:

152 3527 259 3584 Non
280 3545 533 3600 creseas,
576 3530 677 3585 sed
737 3529 932 3602 potius
995 3529 1304 3600 minuaris,
1357 3533 1413 3584 et
1458 3546 1560 3601 per
1612 3545 1816 3585 omnes

154 3624 349 3688 gentes
384 3619 708 3675 minuaris.

216 3706 385 3764 Vers.
426 3711 487 3764 5.
527 3708 745 3763 Simeon
777 3711 827 3764 et
858 3711 1145 3773 Levi,vasa
1167 3709 1480 3780 iniquitatis
1521 3709 1814 3763 bellantia.

154 3794 213 3850 Hi
246 3797 364 3853 duo
402 3798 627 3853 fratres
648 3797 807 3852 Dina
840 3797 1202 3868 fuerunt,qui
1221 3797 1293 3851 ob
1310 3803 1579 3869 strupum
1600 3797 1817 3852 sororis

154 3886 443 3943 saviendo
478 3886 824 3941 fmderatam
856 3886 1151 3941 civitatem
1196 3886 1606 3941 subverterunt
1651 3886 1817 3942 caesis

155 3972 627 4033 habitatoribus.
662 3979 780 4030 Hos
811 3979 977 4029 vocat
1004 3992 1135 4029 vasa
1165 3976 1497 4046 iniquitatis,
1519 3975 1816 4041 bellantia,

152 4061 201 4118 id
235 4070 325 4121 est
350 4066 773 4121 instrumenta
801 4063 1218 4135 iniquitatis.In
1249 4064 1479 4119 consilio
1494 4081 1678 4120 eorum
1708 4082 1820 4120 non

152 4156 324 4210 veniet
355 4157 568 4209 anima
590 4170 730 4208 mea.
764 4152 865 4206 His
887 4153 1078 4208 verbis
1109 4152 1363 4208 ostendit
1390 4170 1503 4208 non
1524 4169 1652 4209 esse
1700 4171 1819 4209 suae

153 4241 478 4299 voluntatis
513 4246 583 4297 ut
618 4242 828 4297 Hemor
856 4245 913 4297 et
945 4241 1177 4296 Sichem
1201 4242 1541 4298 innocentes
1563 4260 1694 4298 cum
1715 4260 1818 4297 cae-

153 4332 286 4387 teris
317 4332 769 4388 occiderentur.
800 4328 925 4385 Non
952 4329 1030 4384 sit
1059 4329 1275 4401 anima,
1302 4330 1360 4385 id
1419 4336 1506 4386 est
1551 4330 1823 4387 voluntas

150 4422 201 4473 et
225 4422 589 4477 consilium.

211 4509 379 4567 Vers.
414 4513 477 4581 6,
514 4511 574 4563 7.
612 4507 937 4565 Occiderunt
966 4510 1169 4563 virum.
1206 4509 1265 4563 Id
1298 4512 1387 4565 est
1420 4509 1634 4565 Hemor
1661 4514 1719 4566 et
1741 4511 1822 4566 Si-

1923 1936 2042 1987 tate
2075 1934 2879 2004 permanserunt,disperdidit
2900 1951 3001 2005 per
3022 1934 3325 1990 universas
3344 1939 3567 2006 gentes.

1992 2021 2151 2076 Vers.
2176 2021 2463 2089 8.Juda,te
2488 2022 2799 2078 laudabunt
2853 2024 3064 2093 fratres
3102 2024 3205 2089 tui,
3239 2027 3295 2078 et
3348 2022 3570 2096 reliqua

1922 2126 2131 2181 usque,
2164 2111 2472 2165 adorabunt
2502 2116 2554 2166 te
2580 2112 2696 2183 ﬁlii
2724 2112 2897 2182 patris
2926 2113 3033 2166 tui.
3058 2112 3179 2166 Sub
3202 2111 3440 2168 nomine
3472 2113 3573 2168 Ju-

1923 2200 2009 2254 dm
2038 2200 2159 2254 hazc
2181 2200 2505 2255 benedictio
2537 2201 2607 2255 de
2638 2200 2814 2255 David
2841 2200 3249 2271 accipitur,qui
3271 2200 3340 2255 de
3370 2201 3572 2256 eadem

1924 2288 2085 2343 tribu
2112 2288 2222 2342 fuit
2243 2305 2341 2343 rex
2374 2288 3029 2360 potentissimus.Quem
3086 2288 3409 2344 laudabunt
3457 2290 3576 2345 fra-

1925 2380 2043 2432 tres
2076 2378 2191 2443 sui,
2224 2376 2462 2447 reliquae
2515 2377 2782 2432 videlicet
2837 2377 3045 2432 tribus.
3097 2381 3299 2433 Manus
3345 2379 3461 2443 eius
3517 2378 3578 2433 in

1924 2466 2223 2521 cervicibus
2254 2468 2609 2521 inimicorum
2636 2468 2763 2535 ejus
2794 2470 2939 2532 erat,
2972 2466 3079 2521 hoc
3110 2474 3216 2532 est,
3276 2466 3461 2522 virtus
3518 2472 3575 2523 et

1924 2553 2199 2609 fortitudo
2231 2555 2301 2609 ad
2353 2554 2781 2608 humiliandam
2831 2554 3154 2625 potentiam
3213 2553 3573 2627 reliquarum

1924 2643 2207 2714 gentium.
2240 2647 2392 2699 Pone
2422 2642 2577 2698 enim
2612 2659 2844 2698 omnem
2867 2632 3107 2715 Syriam.
3127 2647 3183 2699 et
3208 2642 3572 2701 Palaestinam

1924 2734 1980 2785 et
2010 2730 2454 2803 circumpositas
2471 2732 2734 2787 nationes
2760 2731 3364 2802 reliquashumiliavit
3393 2738 3448 2788 et
3466 2734 3567 2789 tri-

1925 2818 2183 2874 butarias
2209 2819 2358 2875 fecit.
2394 2820 2556 2876 Unde
2603 2828 2653 2875 et
2708 2820 3017 2876 adorabunt
3066 2836 3193 2875 eum
3249 2821 3360 2890 ﬁlii
3400 2824 3574 2893 patris

1922 2909 2061 2978 ejus,
2094 2907 2179 2964 vel
2215 2909 2420 2965 fratres
2448 2909 2829 2976 videlicet,vel
2861 2910 3054 2964 omnis
3084 2908 3419 2965 Judaaorum
3470 2927 3571 2983 po-

1924 2996 2120 3067 pulus,
2152 2998 2417 3053 videntes
2442 2998 2752 3053 Dominum
2784 3014 2913 3053 esse
2957 3014 3089 3053 cum
3150 2997 3271 3053 illo.
3338 2998 3578 3071 Mystice

1922 3086 2090 3141 Iudas
2120 3087 2418 3142 Christum
2449 3087 2762 3158 signiﬁcat,
2797 3088 2897 3157 qui
2931 3090 3021 3142 est
3050 3103 3220 3141 verus
3253 3089 3574 3154 confessor,

1924 3174 2077 3230 sicut
2111 3177 2167 3230 in
2199 3175 2508 3232 Evangelio
2532 3176 2602 3230 ad
2637 3176 2866 3230 Patrem
2890 3176 3030 3231 dicit
3062 3193 3074 3231 :
3127 3176 3392 3246 Conﬁteor
3452 3178 3572 3247 tibi,

1923 3269 2107 3329 Pater,
2140 3266 2370 3319 Domine
2397 3264 2526 3318 σαειί
2554 3269 2604 3318 et
2626 3273 2792 3320 terra?
2822 3264 3036 3332 (Matth.
3100 3281 3177 3326 x1,
3236 3264 3348 3335 25).
3416 3266 3577 3319 [lunc

1925 3353 2153 3406 laudant
2178 3354 2381 3421 fratres
2408 3355 2520 3418 sui,
2550 3352 2742 3407 omnis
2771 3352 3041 3407 videlicet
3062 3352 3357 3421 justorum
3381 3352 3577 3407 multi-

1924 3441 2209 3505 tudo,non
2234 3440 2531 3493 communi
2565 3440 2861 3506 laude,sed
2896 3439 3135 3511 speciali
3169 3444 3225 3495 et
3246 3440 3462 3506 divina,
3498 3442 3578 3497 si-

1926 3532 2024 3583 cut
2054 3528 2237 3582 Deum
2270 3532 2327 3582 et
2350 3528 2662 3583 Dominum
2695 3546 2889 3583 suum.
2940 3530 3071 3600 Ejus
3122 3546 3320 3583 manus
3372 3534 3461 3585 est
3517 3532 3577 3585 in

1924 3617 2221 3672 cervicibus
2242 3618 2596 3672 inimicorum
2625 3633 2886 3671 suorum.
2918 3616 2991 3671 Ut
3045 3632 3143 3670 eos
3200 3616 3472 3672 bumiliet
3517 3625 3576 3673 et

1927 3721 2048 3760 sua:
2076 3705 2207 3759 ﬁdei
2230 3705 2379 3759 colla
2407 3722 2606 3759 eorum
2632 3705 2865 3759 subdat.
2900 3704 3065 3759 Hunc
3109 3703 3414 3758 adorabunt
3471 3706 3579 3773 ﬁlii

1920 3796 2100 3865 patris
2124 3794 2259 3863 ejus.
2301 3795 2359 3848 Id
2387 3798 2469 3849 est
2497 3793 2704 3861 sancti,
2737 3810 2886 3864 quos
2917 3795 3043 3865 ipse
3074 3792 3237 3847 dedit
3258 3808 3387 3848 esse
3420 3792 3573 3849 filios

1928 3883 2023 3938 Dei
2055 3888 2111 3938 et
2144 3885 2349 3938 fratres
2378 3884 2527 3953 ejus.

1996 3972 2161 4028 Vers.
2189 3973 2238 4028 9.
2267 3973 2344 4028 Ad
2361 3972 2631 4044 przedam,
2662 3972 2747 4040 ﬁli
2775 3972 2876 4039 mi,
2909 3970 3222 4027 ascendisti.
3258 3970 3387 4025 Hec
3444 3986 3573 4041 qua:

1928 4061 2143 4116 tradita
2174 4067 2311 4116 sunt
2340 4066 2460 4116 tam
2492 4062 2562 4115 de
2592 4060 2769 4115 David
2804 4060 2874 4115 ad
2899 4059 3357 4131 litteram,quam
3399 4063 3456 4115 et
3503 4061 3574 4116 de

1927 4149 2157 4206 Christo
2179 4149 2520 4220 spiritaliter
2569 4149 2878 4221 pertinent,
2926 4165 3103 4221 quem
3162 4165 3263 4220 per
3312 4153 3571 4221 apostro-

1928 4239 2082 4310 phen
2116 4238 2440 4310 patriarcha
2460 4236 2881 4309 alloquiturzAd
2904 4238 3266 4310 praedamjili
3282 4240 3575 4303 mi,ascen-

1927 4326 2349 4383 disti.Christus
2366 4325 2435 4380 ad
2460 4327 2710 4397 praedam
2740 4328 2998 4397 ascendit,
3018 4326 3155 4397 quia
3202 4331 3405 4381 contra
3453 4326 3576 4380 dia-

1928 4415 2129 4470 bolum
2163 4417 2530 4486 pugnaturus
2562 4414 2809 4479 venit,ut
2827 4431 2925 4470 eos
2957 4430 3103 4484 quos
3159 4413 3571 4484 captivaverat,

1930 4503 2365 4576 eriperet.Quod
2401 4508 2595 4557 autem
2628 4502 2787 4569 dicit,
2820 4502 3131 4571 ascendisti,
3157 4501 3569 4556 conﬁdentiam

151 4596 329 4655 chem.
366 4598 753 4672 Sit/foderunt
782 4615 1025 4667 murum,
1060 4598 1303 4669 hospitae
1328 4598 1598 4654 civitatis.
1658 4600 1819 4663 Quod
1852 4600 1896 4665 1)
1929 4598 1986 4649 et
2016 4591 2385 4648 securitatem
2409 4591 2697 4647 Creatoris
2731 4591 3004 4646 ostendit.
3052 4591 3180 4660 Ipse
3233 4592 3572 4660 requiescens

148 4692 337 4743 autem
366 4689 552 4757 dicit,
580 4687 831 4742 dividam
859 4702 948 4742 eos
974 4688 1034 4740 in
1060 4688 1241 4751 Jacob,
1287 4694 1337 4742 et
1394 4686 1704 4758 disperdam
1759 4690 1819 4743 in

145 4777 332 4844 Israel,
369 4776 694 4849 signiﬁcat
723 4776 861 4847 quia
882 4775 1072 4830 tribus
1104 4773 1228 4831 Levi
1259 4792 1372 4830 non
1423 4775 1630 4831 habuit
1687 4794 1818 4849 pos-

144 4866 476 4922 sessionem
513 4881 657 4920 cum
689 4863 824 4919 aliis
848 4863 1142 4934 tribubus,
1172 4864 1267 4919 sed
1296 4880 1500 4935 parvas
1528 4866 1702 4920 urbes
1732 4866 1817 4919 in-

141 4955 222 5007 ter
239 4954 396 5011 alias
431 4954 645 5010 tribus
676 4952 747 5009 ad
779 4952 1167 5007 habitandum
1189 4953 1431 5024 accepit.
1452 4953 1532 5008 De
1554 4953 1820 5010 Simeone

142 5058 371 5115 quoque
400 5043 643 5117 legitur
665 5042 821 5113 quod
856 5041 1085 5097 nullum
1126 5040 1516 5114 possessionis
1575 5045 1819 5115 propriae

142 5129 483 5190 funiculum
515 5130 925 5201 babuerit,sed
945 5130 1013 5184 de
1030 5131 1397 5201 possessione
1413 5131 1576 5186 Judae
1600 5130 1816 5201 aliquid

142 5220 726 5295 acceperit.Mystice
757 5219 977 5276 Simeon
1004 5227 1057 5275 et
1081 5220 1207 5275 Levi
1246 5220 1542 5291 principes
1596 5221 1822 5276 Judeeo-

139 5323 260 5367 rum
284 5312 658 5383 designant,
690 5308 789 5381 qui
822 5312 1023 5363 contra
1049 5308 1343 5364 Christum
1368 5307 1665 5365 bellabant
1686 5310 1820 5364 faci-

137 5396 241 5455 bus
269 5399 533 5456 invidiae
562 5396 856 5452 succensi.
890 5394 1055 5451 Unde
1084 5396 1293 5451 merito
1322 5413 1453 5452 vasa
1510 5399 1820 5469 iniquitatis

138 5488 551 5561 appellantur,
592 5484 727 5555 quia
751 5485 905 5541 sicut
925 5500 1064 5540 vasa
1095 5484 1321 5555 liquore
1360 5485 1701 5557 implentur,
1735 5486 1820 5543 sic

200 5683 257 5753 (α
309 5685 611 5758 Uterque
641 5682 791 5753 cod.,
822 5680 1176 5753 ﬁrmusimc.

1930 4682 2181 4737 accubuit
2202 4686 2261 4735 ut
2282 4683 2382 4743 leo.
2412 4680 2626 4751 quiain
2658 4695 2759 4751 spe
2792 4677 3132 4733 ﬁrmissima
3161 4678 3237 4750 (α)
3289 4695 3575 4735 resurrec-

1929 4771 2108 4826 tionis
2141 4777 2387 4826 mortem
2409 4769 2686 4841 suscepit,
2720 4784 2895 4839 quam
2928 4767 2987 4821 in
3022 4770 3304 4838 potestate
3342 4767 3568 4823 habuit.

1934 4862 2208 4931 Requievit
2232 4869 2292 4915 ut
2326 4861 2548 4915 catulus
2569 4858 2766 4922 leonis,
2825 4855 2963 4928 quia
3011 4856 3199 4911 tribus
3253 4856 3458 4911 diebus
3514 4856 3571 4910 in

1930 4949 2197 5021 sepulcro
2212 4949 2642 5019 jacuit.Ferunt
2662 4946 2815 5002 enim
2841 4945 3062 5018 physici
3080 4946 3150 5000 de
3167 4944 3359 5000 catulo
3391 4944 3575 4998 leonis

1933 5038 2085 5110 quod
2110 5042 2287 5093 natus
2318 5037 2508 5091 tribus
2532 5036 2740 5092 diebus
2786 5035 3061 5099 dormiat,
3114 5033 3279 5088 tertio
3336 5032 3574 5087 tandem

1930 5127 2022 5182 die
2044 5142 2257 5199 magno
2280 5126 2478 5196 rugitu
2510 5125 2691 5196 patris
2717 5126 3018 5179 excitatur.
3054 5122 3147 5176 Sic
3204 5124 3262 5175 et
3310 5119 3576 5177 Christus

1928 5216 2117 5271 tribus
2141 5215 2347 5270 diebus
2379 5214 2652 5269 dormivit
2673 5213 2732 5268 in
2765 5210 3122 5282 sepulcro,et
3141 5208 3376 5264 tandem
3404 5208 3576 5264 tertia

1928 5305 2021 5361 die
2060 5322 2094 5359 a
2119 5304 2235 5359 Deo
2267 5307 2435 5359 Patre
2464 5303 2747 5357 excitatus
2778 5306 2885 5365 est,
2909 5300 3078 5366 cujus
3101 5297 3361 5369 rugitum
3409 5296 3574 5353 Psal-

1929 5393 2104 5450 mista
2125 5392 2408 5449 describit
2438 5392 2637 5446 dicens
2658 5388 3152 5459 :Exsurge,gloria
3172 5403 3576 5459 mea,e:csurge,

1926 5485 2257 5555 psalterium
2304 5489 2355 5538 et
2403 5481 2617 5537 cithara
2670 5480 2783 5552 (Ps.
2846 5494 2979 5545 cm,
3032 5478 3106 5546 3).
3167 5475 3237 5530 Et
3280 5475 3581 5546 respondit
