4040 6208
431 361 545 432 137

1000 358 1301 425 REMIGII
1346 356 2097 424 ANTISSIODORENSIS
2141 358 2314 422 OPP.
2362 358 2565 422 PARS
2610 358 2660 422 Ι.
2696 389 2774 406 --
2802 352 3261 421 EXEGETICA.

3723 352 3846 428 128

425 497 552 570 ipse
577 514 590 552 :
619 499 922 566 Exsurgam
949 496 1215 552 diluculo.
1244 497 1373 564 Quis
1401 498 1684 551 suscitavit
1710 511 1836 550 eum
1863 495 1890 548 ?
1927 493 2068 548 Nul-
2099 495 2153 559 Α
2181 492 2448 564 pellatur,
2483 494 2540 549 id
2565 498 2654 550 est
2683 510 2923 564 serpens
2949 497 3232 548 cornutas
3264 495 3503 564 propter
3558 489 3724 548 dolos
3784 499 3841 548 et

422 586 516 643 lus
547 585 813 641 videlicet
834 585 945 640 nisi
968 590 1137 640 Pater
1165 590 1222 640 et
1253 585 1380 657 ipsa
1406 585 1680 641 divinitas
1714 602 1831 656 qua
1870 584 2076 638 huma-

422 675 578 731 nitas
605 676 735 745 ejus
772 675 944 746 plena
975 678 1116 729 erat.

495 765 660 819 Vers.
698 764 782 819 10.
819 765 929 818 Νοη
963 766 1249 835 auferetur
1275 772 1547 835 sceptrum
1577 763 1642 817 de
1668 763 1810 818 Juda
1840 771 1894 818 et
1959 764 2078 818 dua:

422 855 492 909 de
517 856 725 925 femore
743 854 1060 922 ejus,donec
1092 854 1289 907 veniat
1311 854 1408 923 qui
1437 853 1742 907 mittendus
1770 857 1866 907 est.
1910 853 2074 907 Patet

422 943 700 998 omnibus
731 942 838 996 hoc
868 942 940 996 de
961 942 1192 997 Christo
1209 941 1422 1009 dici,ad
1449 942 1616 1012 cujus
1641 958 1828 1013 usque
1861 942 2072 995 adven-

421 1034 549 1086 tum
581 1031 871 1103 principes
893 1031 963 1084 de
993 1030 1148 1083 tribu
1180 1029 1336 1083 Juda
1362 1029 1710 1084 exstiterunt
1753 1030 1810 1084 in
1861 1029 2074 1100 populo

420 1118 779 1174 Judaeorum.
812 1117 956 1172 Nam
990 1118 1264 1182 Herodes,
1300 1119 1410 1171 sub
1458 1117 1867 1190 quoDominus
1904 1123 2073 1174 natus

422 1211 529 1274 est,
546 1206 872 1278 alienigena
893 1210 1015 1260 crat
1031 1211 1087 1259 et
1113 1205 1460 1278 proselytus.
1486 1207 1618 1260 Jam
1653 1208 1808 1261 enim
1840 1215 2076 1262 venerat

422 1297 523 1368 qui
554 1296 877 1351 mittendus
909 1296 1122 1350 erat.Et
1145 1297 1256 1364 ipse
1276 1296 1383 1348 erit
1419 1298 1758 1363 exspectatio
1801 1298 2070 1364 gentium,

422 1390 486 1440 ut
509 1401 635 1456 quae
661 1384 910 1456 pretioso
933 1383 1217 1455 sanguine
1240 1385 1366 1453 ejus
1387 1384 1736 1438 redimendae
1763 1390 1945 1439 erant.
1979 1387 2070 1439 Li-

416 1489 555 1545 gans
575 1473 644 1528 ad
674 1475 898 1528 vineam
923 1473 1394 1544 pullumsuum,et
1420 1472 1492 1527 ad
1516 1475 1734 1540 vitem,o
1755 1474 1840 1542 ﬁli
1864 1475 2073 1538 mi,asi-

419 1579 555 1618 nam
581 1579 760 1617 suam.
796 1561 897 1616 Hic
920 1567 1116 1632 aperte
1145 1561 1472 1617 ostenditur
1495 1561 1651 1633 quod
1683 1579 1796 1617 non
1820 1564 1890 1617 de
1919 1563 2072 1618 Juda

419 1651 521 1707 sed
553 1651 624 1706 de
650 1650 880 1706 Christo
907 1648 1019 1704 ista
1047 1649 1336 1704 dicantur.
1363 1650 1505 1704 Nam
1531 1667 1663 1704 cum
1713 1651 1782 1706 de
1813 1653 1966 1707 Juda
1989 1652 2068 1706 vi-

419 1741 626 1795 deatur
657 1740 838 1810 loqui,
872 1744 1069 1793 tamen
1124 1739 1193 1792 ad
1249 1737 1446 1810 ipsum
1499 1738 1712 1795 Judam
1758 1757 2070 1797 conversus

418 1829 587 1900 quasi
618 1829 688 1883 de
719 1828 831 1882 alio
856 1827 1000 1881 dicit
1029 1846 1048 1881 :
1080 1827 1259 1926 ligans
1287 1828 1356 1882 ad
1385 1830 1606 1882 vineam
1627 1827 1858 1900 pullum
1887 1846 2065 1885 suum.
2102 1862 2150 1926 Β

420 1917 643 1973 Vineam
673 1917 915 1971 chorum
967 1914 1219 1987 appellat
1268 1918 1688 1988 apostolorum,
1740 1917 1840 1989 qui
1899 1918 2068 1990 quasi

419 2007 693 2078 palmites
723 2007 795 2060 de
828 2023 944 2059 una
961 2009 1018 2059 et
1038 2005 1298 2059 veravite
1325 2007 1916 2070 succreverant,sicut
1948 2008 2070 2079 ipse

417 2095 477 2150 in
509 2094 818 2166 Evangelia
853 2110 865 2148 :
897 2099 1005 2162 Ego
1035 2110 1159 2147 sum
1191 2093 1335 2162 vilis,
1391 2109 1480 2148 vos
1520 2092 1805 2164 palmites.
1869 2095 2069 2150 Pullus

416 2200 571 2252 vero,
604 2181 841 2255 gentilis
869 2180 1142 2254 populus,
1205 2196 1378 2253 quem
1428 2182 1499 2249 ad
1559 2182 1787 2238 vineam
1847 2184 2066 2257 ligavit,

423 2273 655 2344 quando
677 2289 778 2343 per
808 2269 1186 2341 apostolicam
1257 2270 1730 2341 praedicationem
1783 2272 2067 2344 populum

418 2360 988 2428 domuit,utillorum
1012 2360 1182 2414 ﬁdem
1217 2364 1273 2415 et
1305 2360 1630 2415 doctrinam
1658 2366 2063 2434 sequerentur.

418 2450 602 2504 Asina
629 2465 762 2503 vero
794 2447 1050 2503 Ecclesia
1107 2452 1194 2503 est
1251 2465 1320 2504 ex
1375 2450 1648 2520 gentibus
1693 2455 2068 2521 congregata,

421 2537 716 2608 quondam
748 2536 929 2590 stulta.
957 2541 1014 2590 et
1062 2536 1337 2590 oneribus
1395 2540 1766 2606 peccatorum
1818 2554 2070 2609 prmgra-

417 2629 569 2691 vate,
604 2625 680 2695 (a)
713 2624 814 2677 sed
846 2627 1159 2694 postquam
1194 2623 1369 2678 fidem
1393 2623 1607 2678 Christi
1640 2627 1876 2696 recepit,
1905 2642 2073 2680 versa

418 2713 544 2769 vice
568 2713 777 2784 jugum
807 2710 1022 2783 diaboli
1059 2711 1295 2782 projecit
1316 2716 1374 2765 et
1395 2728 1544 2767 onus
1559 2712 1772 2767 Christi
1791 2713 1911 2768 leve
1935 2731 2069 2769 sus-

419 2801 755 2875 cepit.llanc
785 2802 1001 2855 asinam
1027 2799 1097 2854 ad
1128 2801 1293 2854 vitem
1328 2799 1543 2870 ligavit,
1577 2801 1714 2871 quia
1751 2801 2068 2858 Ecclesiam

419 2906 489 2946 ex
512 2889 786 2962 gentibus
803 2887 1050 2943 vinculis
1073 2887 1374 2943 charitatis
1410 2887 1521 2943 sibi
1553 2890 1873 2960 conjunxit.
1897 2893 2067 2946 Lava-

423 2979 501 3034 bit
530 2980 656 3032 vino
686 2978 884 3032 stolam
912 2994 1090 3032 suam.
1124 2975 1280 3032 Stola
1321 2975 1534 3031 Christi
1583 2994 1714 3032 caro
1773 2979 1900 3049 ejus
1959 2985 2065 3047 est,

422 3084 596 3140 quam
617 3067 750 3122 vino
781 3065 922 3122 lavit
941 3067 1096 3137 quod
1121 3066 1192 3120 de
1236 3065 1401 3120 botro
1460 3066 1518 3120 in
1572 3083 1742 3122 cruce
1780 3069 2069 3138 pendente

2185 599 2405 638 venena
2435 583 2931 655 malitiaeEquum
2964 599 3096 636 vero
3127 580 3214 636 vel
3249 580 3504 652 equitem
3539 581 3837 638 Christum

2187 672 2481 745 accipiunt
2510 673 2835 728 secundum
2866 671 3313 727 humanitatem.
3347 670 3530 741 Cujus
3581 671 3841 744 ungulas

2185 760 2422 816 coluber
2448 761 2535 816 vel
2576 766 2830 816 cerastes
2864 760 3444 831 momordit,quando
3498 760 3669 815 morti
3710 762 3841 830 ejus

2187 849 2434 904 insidias
2471 850 2711 922 paravit.
2743 850 2812 905 Ut
2845 851 3077 904 caderet
3108 865 3382 904 accensor
3401 849 3530 920 ejus
3550 849 3843 919 retro,hoc

2184 943 2293 1005 est,
2330 945 2392 993 ut
2417 938 2680 994 Christus
2702 955 2804 1010 per
2823 943 3069 993 mortem
3089 937 3521 1008 redigereturin
3541 937 3839 1010 pulverem

2185 1026 2337 1082 sicut
2366 1029 2552 1083 caeteri
2588 1027 2875 1082 homines.
2940 1027 3114 1090 Quasi
3172 1027 3328 1080 enim
3392 1031 3544 1082 retro
3595 1029 3839 1094 cadunt,

2183 1118 2418 1188 quando
2445 1122 2804 1188 permortem
2828 1117 2885 1170 in
2910 1115 3226 1182 terram,de
3257 1132 3372 1188 qua
3402 1116 3622 1188 sumpti
3677 1120 3840 1185 sunt,

2183 1206 2445 1261 redeunt.
2470 1206 2581 1261 Sed
2613 1206 2751 1277 quia
2781 1204 3041 1277 praevidit
3072 1221 3204 1258 cum
3239 1204 3576 1275 prophetico
3625 1205 3840 1275 spiritu

2181 1295 2352 1349 tertia
2381 1295 2474 1349 die
2506 1294 3131 1362 resurrecturumﬁdeo
3153 1292 3298 1346 dixit
3327 1309 3339 1346 ε
3373 1294 3645 1349 Sululare
3678 1299 3838 1348 tuum

2183 1383 2518 1454 exspectabo,
2549 1385 2790 1437 Domine.
2826 1383 2935 1438 Sed
2971 1382 3184 1437 melius
3214 1380 3335 1436 haec
3366 1383 3542 1436 verba
3569 1383 3640 1436 ad
3675 1383 3839 1438 Anti-

2183 1473 2466 1528 christum
2499 1473 2848 1539 referuntur,
2885 1470 2985 1543 qui
3019 1471 3088 1525 de
3121 1470 3278 1524 tribu
3317 1475 3435 1524 Dan
3497 1473 3835 1527 nasciturus

2180 1566 2285 1617 est.
2321 1562 2482 1618 Unde
2511 1562 2698 1616 tribus
2730 1561 2849 1614 Dan
2886 1563 3038 1615 recte
3070 1561 3127 1614 in
3162 1559 3388 1614 deserto
3423 1557 3480 1614 in
3504 1559 3834 1631 aquilonari

2180 1655 2345 1723 parte
2375 1656 2565 1706 castra
2591 1654 2805 1705 metata
2836 1649 3015 1703 fuisse
3047 1647 3281 1719 legitur,
3315 1647 3483 1702 illum
3515 1651 3835 1705 ostendens

2181 1739 2279 1810 qui
2312 1739 2454 1793 dixit
2481 1756 2493 1792 :
2533 1738 2733 1794 Sedebo
2765 1739 2821 1792 in
2845 1739 3444 1803 montetestamenti,in
3468 1737 3641 1794 latere
3667 1739 3835 1810 Aqui-

2181 1829 2338 1883 lonis.
2375 1827 2517 1882 Hinc
2547 1843 2683 1898 ergo
2718 1831 2835 1880 Dan
2871 1826 3089 1881 coluber
3106 1829 3158 1881 et
3186 1830 3424 1882 cerastes
3456 1825 3786 1898 appellatur
3819 1845 3831 1882 :

2179 1918 2396 1973 coluber
2425 1920 2659 1988 propter
2691 1915 2893 1970 dolum
2922 1919 3155 1971 cerastes
3185 1919 3421 1987 propter
3480 1917 3831 1986 potentiam.

2179 2003 2572 2060 Antichristus
2604 2003 2782 2073 enim,
2817 2019 2965 2074 quos
2999 2003 3201 2059 fraude
3231 2003 3500 2075 decipere
3531 2021 3643 2059 non
3674 2011 3834 2076 pote-

2179 2094 2274 2162 rit,
2299 2111 2400 2166 per
2430 2093 2750 2164 potentiam
2783 2091 2981 2146 saeculi
3015 2091 3186 2163 quasi
3245 2095 3530 2147 cornutus
3589 2109 3834 2164 serpens

2180 2180 3314 2238 sibisubderelaborabit.Attendendum
3334 2197 3465 2236 vero
3489 2183 3642 2252 quod
3667 2183 3828 2249 dicit,

2177 2272 2395 2328 coluber
2425 2273 2482 2326 in
2503 2272 2612 2337 eia,
2661 2278 2895 2324 cerastes
2935 2270 2996 2323 in
3051 2271 3268 2324 semita.
3328 2268 3536 2324 Nullus
3599 2270 3831 2342 ignorat

2177 2361 2330 2416 viam
2362 2359 2628 2416 latiorem
2659 2375 2787 2413 esse
2817 2374 2995 2429 quam
3029 2358 3322 2413 semitam.
3357 2357 3490 2412 Ideo
3534 2375 3632 2429 per
3675 2359 3828 2415 viam

2180 2448 2563 2522 designantur
2595 2447 2713 2502 lata
2742 2446 2953 2501 itinera
3012 2445 3208 2501 saeculi
3266 2446 3620 2518 gradientes,
3681 2465 3829 2518 quos

2179 2538 2346 2609 quasi
2359 2538 2578 2592 coluber
2590 2535 2989 2590 Antichristus
3003 2533 3225 2590 occulte
3242 2535 3562 2590 mordendo
3580 2535 3832 2608 decipiet

2179 2627 2239 2680 in
2268 2627 2463 2681 semita
2493 2641 2623 2680 vero
2657 2623 2839 2680 sancti
2865 2639 2968 2694 per
2997 2627 3308 2696 angustam
3340 2622 3496 2678 viam
3518 2624 3588 2678 ad
3649 2625 3824 2680 vitam

2178 2716 2503 2780 tendentes,
2537 2731 2684 2785 quos
2697 2711 2866 2785 quasi
2889 2721 3127 2768 cerastes
3151 2729 3254 2784 per
3275 2711 3593 2784 potentiam
3629 2714 3827 2786 oppri-

2180 2808 2318 2859 met.
2351 2803 2606 2859 Mordcns
2634 2801 2878 2872 ungulas
2900 2800 3254 2873 equillquus
3286 2800 3393 2855 hoc
3423 2801 3547 2855 loco
3569 2803 3829 2857 mundus

2179 2893 2479 2964 accipitur,
2512 2892 2612 2964 qui
2645 2890 2980 2962 superbiam
3014 2894 3074 2944 et
3102 2889 3482 2944 ambitionem
3541 2889 3601 2944 in
3651 2906 3826 2945 cursu

2177 2980 2428 3036 labentis
2448 2979 2730 3050 temporis
2763 2980 3019 3048 spumat.
3048 2975 3278 3049 Ungula
3308 2979 3507 3031 autem
3567 2982 3830 3032 extrema

2178 3087 2313 3141 pars
2347 3068 2511 3140 pedis
2528 3073 2746 3137 est,pes
2776 3070 3036 3121 extrema
3069 3065 3655 3137 parscorporis.Quia
3689 3083 3826 3138 ergo

421 3172 761 3228 expressum
781 3155 1033 3226 est,quia
1051 3152 1318 3209 videlicet
1338 3170 1573 3210 carnem
1599 3172 1765 3210 suam
1782 3157 2067 3229 sanguine
2113 3228 2118 3229 ί
2175 3157 2566 3213 Antichristus
2578 3162 2838 3211 extrema
2853 3154 3059 3209 mundi
3082 3157 3194 3208 tem
3205 3169 3344 3224 pora
3361 3169 3565 3225 capere
3596 3155 3824 3225 quaerit,

421 3244 713 3317 passionis
747 3261 863 3299 suae
881 3243 1156 3315 perfudit.

490 3335 735 3390 Pallium
765 3337 968 3406 gentes
989 3331 1521 3404 significat,quibus
1544 3333 2064 3390 Christusindutus

420 3423 872 3496 est,juxta‘quod
904 3423 954 3477 ei
987 3439 1088 3494 per
1113 3421 1454 3493 prophetam
1505 3422 1726 3477 dictum
1784 3429 1874 3478 cet
1905 3441 1917 3478 :
1973 3427 2066 3480 His

419 3514 670 3569 omnibus
697 3513 842 3568 velut
871 3521 1194 3566 ornamento
1249 3511 1493 3565 vestieris
1549 3513 1679 3583 (lsa.
1740 3530 1889 3578 xux,
1954 3515 2061 3586 18).

415 3601 666 3659 Pallium
699 3617 834 3673 ergo
855 3617 1030 3656 suum
1048 3599 1187 3655 lavit
1203 3601 1258 3654 in
1282 3602 1554 3668 sanguine
1574 3602 1863 3672 tuaequis.
1877 3619 2063 3674 popu-

415 3692 538 3749 lum
569 3690 831 3764 gentium
865 3706 970 3745 suo
1003 3687 1249 3744 redemit
1266 3689 1644 3744 cruore.Hinc
1667 3689 2067 3762 Joannes:Qui

414 3782 612 3838 dilexit
641 3797 760 3844 nos,
790 3781 838 3834 et
871 3779 1115 3834 lavitnos
1145 3795 1179 3832 a
1204 3779 1441 3848 peccatis
1456 3780 1657 3832 nostris
1705 3780 1766 3832 in
1796 3781 2066 3848 sanguine

413 3886 517 3926 suo
545 3872 725 3940 (Apoc.
760 3885 796 3933 ι,
827 3867 904 3938 5).

488 3955 648 4011 Vers.
682 3954 769 4009 42.
806 3954 1156 4008 Pulehriores
1184 3954 1314 4006 sunt
1337 3952 1490 4007 oculi
1519 3953 1637 4023 ejus
1693 3954 1846 4008 vino.
1911 3954 2066 4010 Oculi

417 4043 628 4100 Christi
647 4041 893 4114 apostoli
907 4046 1046 4096 sunt
1063 4045 1119 4096 et
1134 4039 1626 4112 evangelistzequi
1651 4042 1818 4096 nobis
1832 4042 2062 4114 spirita-

416 4131 531 4199 lem
562 4129 864 4185 scientiam
899 4128 1480 4184 infuderunt.Vinum
1507 4146 1639 4184 vero
1662 4131 2063 4186 austeritatem

419 4219 619 4293 legalis
640 4217 1015 4273 observantiae
1037 4216 1488 4289 designat.0culi
1516 4234 1651 4289 ergo
1684 4218 1896 4274 Christi
1937 4222 2065 4275 vino

409 4309 757 4382 pulchriores
784 4310 934 4372 sunt,
957 4307 1095 4378 quia
1118 4305 1725 4378 doctrinaevangelica
1746 4307 1958 4363 clarior
1977 4314 2067 4365 est

415 4398 586 4472 legali
615 4395 944 4452 traditione.
984 4399 1187 4450 Dentes
1232 4411 1364 4450 vero
1409 4396 1592 4450 sancti
1654 4397 2062 4467 praedicatores

414 4487 678 4558 sunt,qui
711 4487 863 4542 sicut
894 4485 1096 4540 dentes
1127 4483 1398 4551 cibos,ita
1429 4483 1693 4539 infideles
1727 4502 1760 4540 a
1787 4485 2064 4541 suaduri-

2097 3228 2138 3294 C
2178 3247 2306 3302 ideo
2338 3245 2589 3318 ungulas
2621 3243 2756 3316 equi
2787 3243 3052 3297 mordere
3085 3242 3318 3296 dicitur.
3345 3243 3604 3297 Aseensor
3631 3247 3824 3298 autem

2173 3337 2352 3408 hujus
2391 3335 2524 3406 equi
2556 3339 2644 3390 est
2672 3332 2864 3388 omnis
2887 3331 3060 3404 quiin
3075 3331 3460 3404 dignitatibus
3483 3335 3539 3386 et
3562 3332 3819 3403 potentia

2174 3426 2369 3483 saeculi
2403 3425 2704 3498 gloriatur.
2739 3424 2986 3478 Cerastes
3016 3420 3241 3492 ergo,id
3273 3424 3362 3475 est
3391 3419 3808 3487 Antichristus,

2174 3515 2306 3587 equi
2339 3513 2590 3586 ungulas
2623 3512 2868 3576 mordet,
2904 3513 2968 3563 ut
2997 3525 3272 3564 ascensor
3302 3511 3452 3564 retro
3483 3509 3826 3579 cadatzquia

2173 3605 2246 3660 ad
2277 3604 2386 3658 hoc
2418 3601 2674 3657 extrema
2706 3597 2912 3653 mundi
2943 3602 3206 3669 tempora
3236 3601 3499 3669 occupat,
3535 3602 3600 3652 ut
3637 3615 3828 3668 repro-

2174 3694 2278 3749 bos
2309 3707 2509 3747 secum
2540 3689 2610 3744 ad
2630 3692 2904 3744 aeternam
2937 3686 3373 3742 damnationem
3404 3687 3618 3742 trahat.
3653 3687 3824 3742 Retro

2173 3780 2330 3836 enim
2353 3779 2557 3834 cadere
2572 3777 2984 3848 reprobrorum
3003 3780 3091 3830 est
3112 3774 3265 3831 sicut
3284 3774 3593 3830 econtrain
3619 3775 3826 3832 faciem

2174 3869 2378 3924 cadere
2407 3865 2818 3922 electorum.ln
2853 3865 3056 3920 faciem
3088 3866 3291 3919 cadere
3311 3867 3400 3919 est
3429 3863 3499 3918 de
3530 3867 3824 3935 perpetra-

2174 3957 2252 4014 tis
2284 3956 2454 4012 malis
2486 3955 2850 4020 erubescere,
2882 3953 3135 4025 quiaqui
3166 3953 3226 4007 in
3259 3952 3464 4008 faciem
3507 3952 3682 4021 cadit,
3741 3951 3822 4007 ibi

2174 4046 2331 4102 cadit
2362 4045 2459 4100 ubi
2495 4044 2647 4097 videt
2680 4067 2694 4111 ;
2724 4043 2824 4113 qui
2856 4058 2987 4096 vero
3019 4046 3196 4108 retro,
3228 4040 3309 4100 ibi
3368 4039 3526 4096 cadit
3555 4038 3657 4095 ubi
3705 4057 3822 4095 non

2173 4136 2348 4191 videt.
2387 4133 2607 4204 Etideo
2637 4137 2795 4186 retro
2819 4131 3022 4186 cadere
3045 4134 3135 4186 est
3180 4129 3240 4184 in
3298 4133 3524 4184 aeternas
3583 4129 3829 4184 damna-

2173 4223 2350 4279 tionis
2381 4226 2625 4288 foveam,
2655 4221 2796 4276 dum
2823 4220 3077 4291 ignorat,
3113 4234 3299 4274 ruere.
3363 4217 3613 4282 Quidam
3674 4217 3836 4274 hunc

2173 4312 2368 4368 locum
2406 4314 2517 4365 sub
2548 4326 2794 4382 persona
2826 4308 2946 4362 Dan
2980 4308 3050 4363 de
3081 4307 3329 4362 Samson
3389 4305 3707 4361 fortissimo
3760 4306 3833 4361 ad

2174 4399 2440 4455 litteram
2468 4397 2894 4470 accipiunt,qui
2929 4396 3040 4451 fuit
3070 4396 3141 4451 de
3172 4396 3374 4451 eadem
3404 4394 3562 4448 tribu
3593 4398 3650 4449 et
3673 4393 3837 4464 judi-

2176 4488 2326 4544 cavit
2360 4488 2537 4543 Israel
2570 4487 2774 4542 multis
2808 4485 3178 4541 annis.Hunc
3193 4499 3328 4556 ergo
3350 4486 3652 4555 comparat
3683 4481 3842 4538 colu-

416 4574 938 4640 tiacomminuunt,
972 4578 1036 4628 ut
1056 4573 1114 4628 in
1137 4589 1348 4644 corpus
1379 4572 1646 4628 Ecclesiae
1688 4575 2061 4646 recipiantur.
2098 4594 2145 4657 D
2179 4579 2282 4633 bro
2313 4581 2371 4632 et
2401 4580 2658 4631 cerastae.
2695 4575 2857 4630 Sicut
2888 4574 3044 4630 enim
3069 4577 3368 4644 serpentes
3386 4571 3841 4627 transeuntibus

419 4666 529 4719 Lac
558 4680 690 4718 vero
721 4667 810 4719 est
841 4661 1044 4734 legalis
1068 4661 1325 4727 traditio,
1391 4677 1509 4732 qua
1546 4662 1729 4716 Judaei
1781 4667 2066 4734 tanquam

418 4751 640 4824 parvuli
675 4751 1230 4815 nutriebantur,non
1254 4750 1509 4804 valentes
1533 4750 1787 4822 recipere
1816 4751 2069 4808 solidum

419 4839 638 4894 cibum.
689 4840 881 4894 Dentes
937 4854 1074 4910 ergo
1125 4840 1264 4894 lacte
1317 4837 1662 4893 candidiores
1711 4845 1872 4906 sunt;
1935 4841 2073 4912 quia

417 4927 828 5001 praedicatores
859 4926 998 4981 Novi
1023 4927 1379 4981 Testamenti
1411 4926 1748 4998 praecellunt
1778 4927 1922 5001 legis
1970 4929 2070 4984 do-

419 5017 708 5072 ctores.Et
740 5017 886 5072 bene
907 5014 1138 5070 candidi
1172 5015 1470 5078 dicuntur,
1502 5015 1640 5087 quia
1671 5016 1769 5087 qui
1805 5016 1950 5073 alios
1969 5018 2071 5072 do-

419 5111 570 5172 cent,
602 5106 804 5162 mundi
828 5109 884 5161 et
913 5104 985 5160 ab
1017 5102 1326 5159 omnilabe
1349 5104 1566 5174 peccati
1601 5103 1897 5160 immunes
1944 5122 2072 5161 esse

423 5195 656 5340 deflecti:
681 5284 895 5338 16.Dan
917 5282 1196 5354 judicabit
1217 5283 1486 5353 populum
1519 5299 1699 5338 suum.
1727 5285 1854 5338 llaec
1876 5284 2071 5352 verba,

425 5391 551 5444 quas
583 5372 693 5428 sub
724 5388 973 5443 persona
1005 5372 1127 5427 Dan
1159 5371 1458 5438 dicuntur,
1519 5371 1760 5443 quidam
1801 5373 1870 5427 de
1926 5372 2076 5427 Juda

423 5461 718 5534 proditore
741 5458 1165 5532 accipiunt,qui
1195 5464 1350 5516 recte
1370 5458 1596 5517 coluber
1621 5464 1677 5516 et
1695 5470 1930 5517 cerastes
1973 5478 2076 5533 ap-

497 5674 579 5749 (α)
606 5673 810 5745 Codd.,
838 5679 1148 5748 praequam.

2179 4665 2560 4731 insidiantur,
2596 4664 2679 4719 sic
2709 4663 2959 4719 Samson
2992 4661 3287 4718 neminem
3314 4660 3573 4716 hostium
3607 4659 3844 4716 sinebat

2179 4771 2281 4825 per
2310 4769 2479 4810 suam
2514 4752 2762 4808 transire
2793 4751 3226 4824 possessionem
3240 4748 3328 4804 vel
3347 4749 3570 4805 malum
3593 4747 3842 4821 aliquod

2180 4843 2261 4898 ibi
2287 4843 2491 4902 facere.
2520 4841 2630 4897 Sed
2662 4846 2719 4896 et
2748 4840 2798 4896 si
2839 4839 2972 4912 quis
3006 4840 3190 4894 fretus
3216 4837 3478 4912 agilitate
3500 4839 3589 4893 vel
3615 4835 3853 4892 fortitu-

2182 4931 2316 4986 dine
2350 4931 2654 4986 mordebat
2685 4931 2814 5000 ejus
2848 4927 3239 5000 ungulas,hoc
3261 4931 3593 4999 est,magna
3623 4925 3851 4982 virtute

2183 5035 2316 5075 eum
2340 5019 2674 5091 superabat,
2707 5023 2764 5074 et
2788 5022 2940 5073 retro
2973 5016 3140 5072 illum
3192 5017 3393 5090 fugere
3449 5013 3854 5087 compellebat

2183 5109 2352 5180 quasi
2385 5108 2641 5179 equitem
2668 5111 2820 5161 retro
2855 5106 3075 5162 faciens
3105 5106 3310 5162 cadere
3340 5105 3411 5160 de
3455 5119 3628 5176 equo.
3672 5104 3848 5168 Quod

2183 5201 2378 5251 autem
2410 5196 2597 5250 dicit:
2655 5195 2912 5252 Salutare
2966 5199 3126 5251 tuum
3174 5195 3517 5266 exspectabo,
3581 5191 3848 5264 Domine,

2184 5301 2394 5340 sensus
2426 5283 2560 5340 talis
2590 5288 2708 5340 est:
2741 5285 2908 5350 Cum,
2941 5283 3415 5356 inquit,viderem
3448 5282 3698 5338 Samson
3723 5280 3850 5337 for-

2184 5373 2483 5428 tissimum
2515 5378 2633 5429 tam
2669 5391 2883 5447 magna
2915 5376 3184 5441 facere,et
3214 5370 3668 5443 Philistaos,qui
3695 5373 3855 5426 tunc

2185 5466 2473 5535 praeerant
2491 5461 2792 5532 Israelitis,
2827 5463 3148 5531 devincere,
3191 5462 3251 5517 in
3291 5458 3635 5518 mandibula
3686 5458 3851 5516 asini
