4040 6208
249 306 358 366 129

1359 305 1982 368 COMMENTARIUS
2028 307 2105 366 IN
2152 305 2518 367 GENESIM.

3521 311 3638 376 130

254 436 402 492 mille
432 436 588 495 viros
619 438 901 503 occidere,
925 443 1122 512 portas
1143 444 1303 495 Gazae
1328 440 1575 495 civitatis
1615 440 1879 495 humeris
1908 443 1961 506 Α
1992 440 2169 494 dicit:
2204 439 2319 494 Gad
2350 443 2619 494 accinctus
2659 438 3018 510 praeliabitur
3074 442 3198 492 ante
3256 457 3403 510 eum,
3466 443 3519 496 id
3548 450 3636 499 est

251 526 547 596 impositas
579 528 637 581 in
661 532 918 589 montem
943 530 1183 595 deferre,
1208 529 1432 585 leonem
1452 529 1625 585 veluti
1649 530 1883 585 haedum

250 615 523 683 occidere,
548 633 680 671 cum
726 617 846 671 haec
866 623 921 673 et
944 617 1083 673 talia
1136 618 1435 673 facientem
1484 619 1758 686 viderem,
1784 638 1887 691 pu-

247 705 354 757 tavi
382 721 512 759 eum
542 722 669 760 esse
702 706 1021 762 Christum.
1050 708 1157 762 Sed
1192 725 1425 762 rursum
1460 724 1594 761 eum
1628 709 1882 763 viderem

245 809 371 847 eum
406 795 706 849 amoribus
735 796 1057 851 meretricis
1107 795 1314 867 decipi,
1369 802 1425 851 et
1465 814 1598 851 cum
1629 797 1883 852 viderem

246 898 370 936 eum
393 883 648 937 occisum
676 901 787 939 non
813 902 1134 957 resurgere,
1159 885 1409 940 intellexi
1462 902 1574 940 non
1600 903 1731 940 cum
1757 904 1885 941 esse

250 970 410 1025 nobis
443 972 863 1042 repromissum
898 974 1215 1028 Christum.
1262 975 1410 1045 Ergo
1457 978 1611 1028 tuum
1642 975 1886 1030 salutare

243 1060 578 1130 exspectabo,
611 1060 667 1114 id
697 1064 785 1116 est
805 1060 1037 1132 'Jesum,
1072 1062 1171 1134 qui
1203 1064 1468 1117 salutaris
1500 1062 1589 1117 vel
1620 1064 1769 1117 salus
1800 1062 1885 1117 in-

244 1150 362 1218 terp
372 1152 610 1203 retatur.

310 1235 474 1291 Vers.
513 1238 595 1291 13.
630 1238 870 1293 Zabulon
908 1240 965 1293 in
994 1240 1173 1294 littore
1203 1242 1376 1294 maris
1395 1225 1682 1295 habitabit.
1709 1241 1886 1295 Juxta

240 1323 490 1380 litteram
523 1325 785 1398 praedicit
844 1328 1178 1399 patriarcha
1237 1328 1667 1400 possessionem
1708 1346 1883 1401 quam

239 1415 423 1469 tribus
452 1415 707 1469 Zabulon
739 1415 944 1471 tenuit.
998 1417 1260 1472 Possedit
1301 1417 1457 1472 enim
1510 1418 1676 1473 littus
1704 1421 1883 1473 maris

242 1502 429 1573 Magni
450 1507 767 1575 pertingens
798 1521 965 1576 usque
986 1505 1055 1579 ad
1076 1507 1332 1561 Sidoncm
1370 1507 1725 1562 maritimam
1749 1508 1883 1562 civi-

245 1595 436 1647 tatem.
465 1591 787 1665 Allegorice
808 1593 1049 1650 Zabulon
1073 1595 1388 1650 Ecclesiam
1413 1595 1724 1667 significat,
1758 1584 1883 1668 quae

241 1683 435 1752 erepta
456 1680 526 1735 de
557 1680 832 1737 fluctibus
854 1682 1048 1738 szeculi
1073 1683 1285 1738 fruitur
1317 1683 1608 1739 soliditate
1650 1683 1882 1755 littoris,

1995 534 2129 584 ante
2162 528 2443 601 populum
2475 547 2486 594 ;
2518 532 2573 583 ct
2602 533 2911 600 postquam
2948 544 3211 582 reversus
3244 530 3437 599 fuerit,
3462 533 3637 586 accin-

1992 623 2153 687 gelur
2184 617 2392 672 iterum
2427 626 2725 673 retrorsum
2752 623 2953 672 contra
2992 616 3274 671 nationes.
3319 616 3636 689 Allegorice

1996 706 2107 760 Gad
2138 706 2431 760 Christum
2467 704 2779 776 signiﬁcat,
2830 706 2924 776 qui
2983 704 3168 775 primo
3226 706 3472 761 adventu
3508 724 3633 779 suo,

1995 795 2230 866 quando
2254 794 2519 848 occultus
2546 794 2722 857 venit,
2747 794 3045 848 accinctus
3086 800 3172 849 est
3194 800 3257 848 ut
3278 794 3639 866 praeliaretur

1993 889 2193 937 contra
2223 882 2545 947 diabolum,
2580 889 2635 936 et
2663 885 2979 951 uccingetur
3008 889 3085 950 (a)
3126 891 3427 939 retrorsum
3457 884 3515 939 ln
3547 902 3637 941 se-

1995 973 2186 1026 cundo
2212 973 2454 1025 adventu
2482 988 2609 1031 suo,
2636 971 2870 1041 quando
2898 972 3244 1027 manifestus
3266 972 3549 1041 adveniet,
3574 978 3640 1029 ut

1988 1060 2215 1130 judicet
2245 1061 2555 1127 mundum,
2592 1064 2647 1114 et
2677 1058 2926 1130 singulis
2959 1062 3279 1115 secundum
3303 1062 3510 1117 merita
3532 1081 3640 1119 sua

1995 1149 2218 1203 reddat.

2066 1241 2229 1292 Vers.
2263 1239 2350 1291 20.
2389 1239 2537 1307 Aser,
2570 1238 2794 1307 pinguis
2822 1239 2982 1308 panis
3017 1239 3150 1308 ejus.
3202 1237 3331 1293 Haec
3360 1241 3535 1296 verba
3565 1243 3637 1297 ad

1996 1326 2351 1381 fertilitatem
2394 1326 2974 1398 possessionisjuxta
3023 1326 3275 1381 litteram
3328 1314 3659 1399 pertinent!

1994 1415 2311 1486 Allegorice
2332 1432 2464 1470 vero
2488 1420 2638 1477 Aser,
2671 1415 2766 1485 qui
2798 1416 2978 1468 beatus
3010 1413 3093 1468 vel
3114 1417 3341 1485 pinguis
3359 1421 3521 1487 panis
3548 1421 3635 1473 in-

1994 1508 2364 1574 terpretatur,
2390 1505 2659 1558 eumdem
2680 1502 2974 1558 Christum
2991 1504 3278 1575 designat,
3295 1506 3640 1578 cujuspanis

1991 1594 2221 1663 pinguis
2251 1596 2359 1655 est,
2386 1592 2441 1646 id
2468 1598 2555 1647 est
2575 1608 2787 1662 corpus
2835 1594 2981 1661 ejus,
3023 1609 3136 1663 quo
3160 1594 3228 1646 ad
3258 1598 3533 1649 aeternam
3556 1596 3637 1650 vi-

1995 1684 2112 1735 tam
2148 1681 2462 1749 reficimur,
2516 1681 2667 1734 sicut
2697 1681 2821 1752 ipse
2859 1680 3040 1734 dixit:
3093 1683 3197 1751 Ego
3225 1698 3348 1736 sum
3376 1686 3536 1753 panis
3556 1687 3637 1739 vi-

241 1772 295 1823 et
322 1774 413 1824 est
442 1770 501 1824 in
529 1771 757 1825 statione
777 1774 1025 1837 navium,
1050 1772 1190 1844 quia
1207 1772 1458 1827 Ecclesia
1487 1773 1765 1829 dilatatur
1786 1791 1887 1846 per
1918 1810 1961 1871 Β
1998 1786 2115 1834 vus.
2143 1772 2239 1839 qui
2266 1769 2332 1823 de
2388 1770 2517 1823 σωὶο
2573 1770 2846 1832 descendi.
2905 1774 2956 1823 et
2985 1769 3050 1823 d0
3082 1772 3249 1825 vitam
3283 1773 3407 1826 huic
3438 1774 3640 1830 mundo

244 1858 488 1929 populos
519 1858 846 1931 gentilium,
883 1878 1030 1932 quos
1060 1861 1245 1933 Sidon,
1298 1879 1424 1933 quae
1454 1864 1671 1918 venatio
1704 1862 1882 1918 inter-

247 1950 474 2015 pretata
485 1965 528 2013 r,
564 1948 851 2019 designat.

312 2034 476 2091 Vers.
510 2037 597 2092 l4.
629 2038 897 2108 Issachar,
939 2038 1151 2110 inquit,
1203 2041 1393 2095 asinus
1422 2042 1602 2110 fortis.
1637 2040 1882 2096 Asinum

243 2124 448 2178 fortem
481 2130 645 2181 vocat
668 2126 839 2196 juxta
868 2126 1145 2193 litteram,
1180 2128 1320 2199 quia
1369 2128 1671 2185 laborabat
1701 2130 1760 2184 in
1791 2147 1883 2185 ve-

238 2211 452 2267 hendis
481 2214 773 2269 mercibus
800 2216 871 2270 ad
896 2233 1075 2271 mare.
1100 2217 1336 2271 Accubat
1359 2219 1415 2270 in
1444 2221 1718 2284 terminis,
1736 2218 1887 2273 vide-

235 2299 377 2356 licet
393 2302 559 2369 juxta
576 2303 1005 2372 possessionem
1025 2304 1420 2374 Nephthalim.
1446 2306 1667 2360 Hebraei
1687 2307 1890 2363 dicunt

233 2389 397 2459 quod
431 2389 667 2445 assidue
701 2390 971 2447 homines
1001 2392 1158 2447 illius
1192 2392 1380 2448 tribus
1409 2394 1801 2466 operabantur
1829 2397 1886 2451 in

237 2475 444 2531 divinae
469 2477 615 2549 legis
642 2479 1039 2547 meiitatione,
1067 2486 1123 2534 et
1162 2480 1290 2535 ideo
1311 2484 1501 2536 asinus
1530 2484 1689 2550 fortis
1720 2502 1886 2539 voca-

236 2570 330 2620 tur
344 2566 899 2637 propterassiduum
917 2568 1177 2623 studium
1196 2569 1552 2640 inquirendre
1567 2573 1882 2643 sapientiae.

240 2654 494 2711 Issachar
524 2658 714 2710 asinus
752 2658 932 2725 fortis.
973 2657 1120 2720 Quia
1174 2658 1397 2713 dixerat
1452 2662 1884 2731 possessionem

244 2743 495 2798 Zabulon
523 2744 581 2799 in
609 2745 921 2799 maritimis
948 2744 1089 2800 locis
1136 2745 1411 2812 fuuuram,
1445 2749 1595 2802 redit
1615 2749 1685 2802 ad
1711 2750 1887 2805 medi-

245 2834 531 2897 terranea,
563 2836 619 2886 et
650 2832 909 2902 praedicit
939 2834 1366 2904 possessionem
1414 2836 1697 2905 Issachar,
1730 2840 1883 2909 quod

248 2919 608 2975 fertilissima
637 2921 833 2975 futura
862 2926 1037 2992 esset,
1072 2926 1128 2976 et
1176 2923 1666 2994 negotiationibus
1699 2928 1883 2982 abun-

246 3009 420 3065 daret.
443 3009 685 3080 Mystice
706 3010 963 3065 lssachar
977 3011 1257 3083 pepulum
1277 3012 1550 3084 gentilem
1570 3014 1883 3087 significat,

1997 1859 2172 1927 (Joan.
2208 1876 2285 1926 vi,
2319 1859 2429 1928 35).
2477 1858 2605 1930 Ipse
2659 1859 2862 1928 praebet
2919 1859 3151 1913 delicias
3196 1862 3431 1930 regibus,
3464 1862 3521 1916 id
3554 1868 3643 1917 est

1996 1948 2237 2015 sanctis,
2272 1951 2371 2018 qui
2403 1951 2597 2001 motus
2631 1946 2889 2018 corporis
2920 1948 3012 2001 sui
3064 1949 3206 2003 bene
3237 1966 3435 2020 regere
3468 1968 3639 2006 nove-

1997 2042 2152 2091 runt.
2196 2037 2295 2091 His
2329 2036 2534 2107 pra’bet
2564 2036 2807 2105 delicias,
2862 2035 2919 2089 id
2960 2040 3048 2090 est
3079 2038 3424 2093 suavitatem
3452 2040 3639 2106 verbi,

1995 2125 2116 2180 sive
2139 2126 2313 2180 etiam
2338 2142 2398 2179 se
2418 2125 2633 2195 ipsum,
2656 2126 2792 2196 quia
2808 2124 3189 2182 Aserdeliciae
3206 2127 3637 2198 interpretatur.

2066 2213 2229 2268 Vers.
2261 2215 2352 2267 2t.
2386 2213 2693 2279 Nephtalim
2724 2229 2915 2267 cervus
2954 2214 3202 2267 emissus.
3255 2216 3453 2270 Cervus
3483 2221 3639 2272 cmis-

1997 2319 2085 2355 sus
2116 2306 2356 2356 vocatur
2386 2306 2623 2372 propter
2652 2302 2881 2355 fructus
2910 2306 3336 2371 temporaneos,
3361 2304 3461 2374 qui
3486 2307 3638 2375 apud

1999 2390 2130 2444 illos
2153 2390 2325 2445 citius
2349 2394 2753 2444 maturescunt
2778 2407 2790 2455 ;
2817 2389 2945 2443 ideo
2966 2406 3155 2445 cervus
3185 2394 3431 2457 emissus,
3469 2394 3521 2448 id
3554 2400 3643 2450 est

1997 2478 2158 2533 velox
2188 2478 2273 2533 vel
2304 2479 2500 2550 fugax,
2534 2482 2791 2532 vocatur.
2827 2477 2953 2532 Alia
3000 2478 3307 2535 translatio
3337 2481 3497 2552 dicit,
3530 2487 3638 2539 Ne-

1993 2567 2233 2637 phtalim
2250 2583 2379 2637 ager
2416 2566 3011 2637 irriguus.Significat
3055 2568 3249 2623 autem
3282 2586 3466 2641 aquas
3496 2571 3641 2627 cali-

1997 2658 2101 2710 das
2128 2673 2254 2725 quae
2276 2656 2334 2709 in
2359 2655 2458 2708 illa
2483 2656 2633 2709 tribu
2659 2660 2813 2708 sunt.
2840 2655 2940 2709 Vel
2980 2657 3155 2710 etiam
3190 2666 3425 2729 propter
3444 2659 3638 2717 lacum

1997 2745 2252 2799 Genesar
2270 2744 2377 2798 hoc
2401 2744 2559 2811 dicit,
2586 2743 2683 2815 qui
2706 2745 2860 2814 apud
2882 2744 3010 2799 illos
3029 2751 3135 2799 est.
3164 2746 3381 2801 Hebraei
3401 2749 3642 2805 tradunt

1996 2832 2364 2887 Tiberiadem
2388 2832 2680 2887 civitatem
2706 2832 2762 2885 in
2788 2832 2895 2887 hac
2916 2833 3069 2887 tribu
3107 2850 3258 2901 esse,
3282 2836 3339 2889 in
3364 2854 3478 2907 qua
3500 2844 3641 2894 sunt

1997 2922 2261 2975 doctores
2294 2920 2461 2992 legis.
2498 2921 2567 2975 Et
2615 2920 2724 2975 hoc
2755 2927 2844 2976 est
2874 2923 3027 2992 quod
3059 2922 3217 2989 dicit,
3259 2925 3395 2978 dans
3423 2927 3640 2996 eloquia

1992 3009 2440 3080 pulchritudinis.
2502 3009 2737 3080 Mystice
2795 3010 3101 3079 Nephtalim
3159 3012 3452 3082 apostolos
3484 3015 3641 3070 desi-

249 3097 340 3168 qui
376 3099 677 3169 quondam
731 3098 948 3154 stultus
1006 3103 1063 3154 et
1114 3099 1387 3172 ignobilis
1419 3104 1888 3173 prmgravabatur
1935 3171 1944 3173 _
1995 3103 2155 3167 gnat,
2189 3097 2285 3168 qui
2319 3098 2389 3151 de
2422 3097 2573 3150 tribu
2606 3097 2940 3168 Nephtalim
2972 3102 3031 3152 et
3060 3099 3316 3154 Zabulon
3339 3118 3371 3154 a
3394 3102 3641 3158 Domino

247 3186 516 3241 oneribus
548 3191 942 3257 peccatorum.
977 3187 1294 3259 Postquam
1328 3171 1456 3243 vero
1479 3171 1773 3245 Christum
1798 3209 1887 3247 co-
1918 3171 1959 3237 C
2000 3186 2165 3240 electi
2186 3186 2688 3256 sunt,juxtaquod
2710 3186 3050 3256 praedictum
3071 3189 3260 3243 fuerat
3277 3191 3637 3260 perlsaiam:

245 3275 452 3345 gnovit,
487 3274 662 3346 coepit
709 3275 990 3330 accubare
1049 3275 1105 3329 in
1168 3276 1461 3342 terminis,
1520 3278 1627 3332 hoc
1659 3284 1764 3344 est,
1798 3298 1884 3336 re-

245 3364 537 3433 quiescere
563 3364 620 3417 in
645 3380 747 3435 spe
772 3363 1075 3434 promissa:
1124 3363 1435 3434 felicitatis,
1487 3381 1664 3436 quam
1687 3384 1886 3439 exspe-

247 3456 353 3506 ctat
373 3451 427 3507 in
454 3451 730 3518 termino,
760 3453 867 3507 hoc
888 3458 995 3521 est,
1024 3453 1083 3507 in
1126 3452 1240 3507 ﬁne
1291 3452 1507 3508 saeculi.
1564 3454 1703 3509 Vidit
1732 3457 1889 3511 enim

249 3544 499 3610 requiem,
527 3541 666 3611 quod
685 3544 818 3595 esset
844 3541 1000 3612 bona,
1030 3540 1191 3596 illam
1214 3541 1502 3610 videlicet,
1528 3560 1658 3614 quae
1697 3545 1755 3599 in
1779 3544 1893 3601 alia

252 3628 361 3683 vita
394 3630 674 3684 omnibus
703 3630 923 3685 sanctis
983 3630 1428 3702 repromittitur.
1493 3632 1633 3687 Vidit
1663 3638 1887 3702 terram,

252 3718 391 3785 quod
417 3722 579 3773 esset
608 3720 834 3790 optima,
868 3735 1017 3785 eam,
1078 3720 1148 3774 de
1206 3736 1321 3790 qua
1349 3719 1682 3788 .Psalmista
1711 3721 1887 3777 dicit:

255 3804 407 3861 Credo
437 3806 624 3862 videre
666 3808 807 3862 bona
838 3808 1056 3862 Domini
1086 3810 1145 3862 in
1198 3813 1345 3862 terra
1391 3811 1686 3864 viventium
1715 3813 1887 3878 (Psal.

254 3909 358 3957 xvr,
392 3896 481 3965 t3)
513 3898 605 3962 ;et
634 3896 759 3951 ideo
804 3898 1086 3966 supposuit
1117 3897 1410 3952 humerum
1445 3899 1512 3953 ad
1536 3900 1888 3970 portandum,

258 3983 383 4051 quia
414 4001 523 4055 pro
550 3984 857 4056 adeptione
889 3985 1089 4057 patrias
1120 3985 1369 4041 caelestis
1421 3986 1666 4043 libenter
1694 3989 1893 4044 omnia

259 4070 451 4129 tolerat
475 4072 679 4128 saeculi
703 4075 963 4129 adversa.
987 4077 1286 4145 Factusque
1302 4083 1379 4130 est
1394 4077 1617 4130 tributis
1632 4080 1888 4148 serviens,

258 4160 384 4229 quia
436 4178 684 4216 censum
742 4162 873 4217 fidei
932 4167 987 4217 et
1054 4163 1344 4219 bonorum
1401 4167 1637 4220 actuum
1666 4166 1892 4223 Christo

258 4248 452 4304 reddit.
744 4262 747 4266 ‘

318 4339 473 4394 Vers.
518 4339 604 4392 19.
640 4337 750 4393 Gad
778 4341 1054 4393 accinctus
1098 4341 1475 4412 praeliabitur.
1522 4341 1583 4395 In
1616 4342 1893 4398 Deutero-

260 4427 439 4481 nomio
494 4427 748 4499 legimus
790 4427 1008 4483 tribum
1034 4428 1153 4483 Gad
1179 4445 1311 4483 cum
1333 4430 1489 4484 tribu
1512 4430 1791 4503 Rubenet
1813 4433 1896 4487 di-

1998 3275 2181 3328 Primo
2212 3282 2449 3345 tempore
2506 3275 2765 3329 alleviata
2822 3280 2899 3329 est
2955 3280 3107 3330 terra
3137 3277 3379 3333 Zabulon
3413 3285 3465 3333 et
3497 3289 3642 3336 terra

1998 3362 2310 3431 Nephtalim
2357 3363 2481 3431 (Isa.
2509 3380 2583 3431 1x,
2622 3364 2671 3428 1)
2699 3381 2711 3427 ;
2748 3365 2882 3431 quia
2923 3365 3111 3434 primo
3144 3366 3425 3422 Dominus
3458 3368 3515 3422 in
3547 3369 3640 3424 his

1998 3448 2139 3503 locis
2172 3450 2525 3519 praedicavit,
2581 3456 2637 3504 et
2665 3461 2800 3506 tunc
2828 3454 3090 3508 alleviata
3119 3458 3195 3508 est
3225 3457 3374 3510 terra
3411 3472 3641 3524 eorum,

1999 3537 2231 3592 sublato
2263 3538 2611 3608 gravissimo
2636 3541 2779 3611 jugo
2835 3541 3069 3596 diaboli.
3131 3543 3278 3615 Ergo
3308 3545 3641 3617 Nephtalim

1998 3642 2187 3681 cervus
2209 3629 2439 3681 emissus
2452 3631 2708 3693 vocatur,
2726 3629 2863 3698 quia
2884 3630 3129 3699 apostoli
3152 3631 3515 3690 velocissime
3539 3653 3644 3706 per

2000 3715 2338 3770 universum
2372 3715 2659 3770 mundum
2692 3716 3113 3787 discurrerunt,
3145 3723 3201 3773 et
3232 3720 3344 3790 ipsi
3370 3727 3508 3776 sunt
3532 3725 3643 3792 ﬁlii

1999 3819 2352 3859 excussorum
2390 3803 2553 3859 missi
2576 3804 2647 3859 de
2671 3821 2847 3860 manu
2870 3806 3122 3868 Domini,
3148 3806 3305 3861 velut
3325 3810 3549 3879 sagittae
3571 3812 3643 3867 de

2002 3910 2178 3947 manu
2210 3894 2464 3965 potentis
2505 3894 2682 3964 (Psal.
2739 3910 2924 3966 cxxvr,
2960 3895 3034 3965 4).
3074 3896 3191 3966 Ipsi
3244 3896 3387 3951 dant
3414 3896 3645 3969 eloquia

2001 3981 2479 4053 pulchritudinis,
2514 3981 2571 4036 id
2603 3987 2691 4037 est
2733 3985 2909 4038 verba
2953 3983 3383 4054 praedicationis
3414 3986 3641 4043 divinae.

2071 4071 2229 4126 Vers.
2261 4072 2350 4123 22.
2411 4072 2563 4125 Fiius
2617 4087 2922 4127 accrescens
2980 4073 3189 4144 Ioseph,
3250 4074 3400 4142 ﬁlius
3461 4092 3643 4133 accre-

2000 4176 2173 4214 scens.
2191 4158 2407 4229 Joseph
2431 4168 2623 4214 auctus
2650 4161 3081 4232 interpretatur,
3103 4162 3158 4216 id
3182 4168 3271 4217 est
3292 4164 3641 4237 multiplica-

2000 4252 2097 4302 tus
2117 4246 2431 4301 virtutibus
2453 4252 2509 4302 et
2549 4248 2741 4302 saeculi
2795 4250 3096 4321 dignitate.
3146 4252 3214 4305 Et
3233 4252 3388 4307 enim
3420 4253 3645 4310 decorus

2002 4344 2239 4407 aspectu.
2273 4335 2436 4390 Unde
2467 4342 2523 4391 et
2552 4354 2586 4391 a
2616 4337 2878 4409 principe
2906 4340 3131 4410 Egypti
3163 4342 3387 4411 emptui
3407 4347 3515 4397 est.
3549 4342 3640 4397 Fi-

2004 4425 2090 4478 lia:
2120 4425 2495 4479 discurrerunt
2522 4442 2687 4494 super
2712 4443 2954 4481 murum.
2992 4427 3202 4481 Dicunt
3238 4429 3459 4482 Hebraei
3488 4431 3639 4501 quod

260 4514 428 4571 Inidia
450 4519 609 4573 tribu
633 4519 900 4575 Manasse
922 4519 1351 4591 possessionem
1382 4524 1545 4576 trans
1576 4522 1891 4578 Jordanem
1922 4538 1969 4601 D
2003 4512 2236 4583 quando
2292 4512 2506 4583 Joseph
2562 4514 3102 4568 "enumducebatur
3149 4532 3251 4585 Ρθῐ·
3295 4517 3641 4588 Ηθίίοροίίαὶ

262 4606 565 4676 accepisse,
598 4609 863 4664 tradente
893 4608 1003 4664 sibi
1050 4610 1264 4679 Moyse,
1322 4626 1389 4663 ea
1444 4614 1640 4665 tamen
1698 4611 1893 4665 condi-

260 4691 402 4749 tione
433 4700 497 4749 ut
526 4712 643 4751 non
677 4703 809 4752 ante
840 4699 897 4752 in
934 4699 1137 4753 domos
1169 4714 1308 4752 suas
1330 4704 1756 4754 reverterentur
1785 4700 1892 4755 do-

263 4795 355 4835 nec
378 4784 561 4839 caeteri
589 4784 795 4841 fratres
829 4803 1030 4842 eorum
1084 4787 1514 4858 possessionem
1542 4787 1887 4858 acciperent.

260 4866 457 4941 Sicque
488 4872 585 4927 isti
620 4874 886 4944 accincti,
922 4876 978 4929 id
1013 4880 1100 4929 est
1130 4874 1378 4946 expediti
1428 4875 1499 4929 ad
1547 4876 1761 4931 bellum
1803 4878 1888 4933 vel

260 4961 578 5031 preparati,
606 4968 1125 5033 perrexeruntante
1148 4963 1353 5018 fratres
1383 4980 1544 5017 suos.
1588 4962 1731 5018 Cum
1754 4982 1889 5038 ergo

261 5049 459 5102 reversi
486 5049 737 5105 fuissent
756 5039 983 5122 peracto
1009 5052 1175 5119 bello,
1209 5057 1263 5106 et
1310 5052 1504 5123 quiete
1556 5052 1777 5107 reddita
1802 5054 1890 5109 in-

260 5143 531 5193 venerunt
550 5137 700 5195 filios
720 5158 883 5205 suos,
907 5156 1055 5211 quos
1079 5157 1285 5211 parvos
1308 5142 1361 5195 in
1392 5159 1500 5196 sua
1522 5144 1889 5213 possessione

262 5219 618 5291 dimiserunt,
646 5227 990 5299 gravissimo
1014 5227 1161 5282 bello
1186 5229 1514 5299 impugnari
1532 5231 1884 5301 acircumje-

262 5309 359 5365 ctis
387 5311 677 5381 hostibus,
711 5321 767 5371 et
796 5321 936 5372 tunc
964 5317 1176 5372 iterum
1209 5326 1443 5372 necesse
1474 5317 1583 5372 fuit
1618 5319 1701 5374 eis
1732 5325 1796 5374 ut
1826 5336 1887 5375 se

265 5398 616 5469 accingerent
644 5408 700 5459 et
729 5404 950 5460 bellum
1004 5408 1418 5477 praepararent.
1455 5404 1572 5460 Hoc
1611 5410 1699 5461 est
1728 5408 1884 5480 quod

390 5608 450 5672 C.
472 5610 688 5688 Garut,
718 5620 1119 5691 accingeretur.

2004 4601 2293 4656 civitatem
2325 4601 2553 4672 Egypti
2587 4601 2745 4669 ﬁliae,
2779 4602 2835 4655 id
2867 4606 2957 4656 est
2986 4602 3188 4672 puellae
3221 4605 3639 4676 Egyptiorum,

2002 4690 2382 4745 discurrebant
2429 4706 2529 4761 per
2574 4706 2796 4743 murum
2826 4691 3092 4757 civitatis,
3128 4692 3486 4750 admirantes
3514 4695 3642 4765 ejus

2000 4778 2518 4849 pulchritudinem.
2566 4778 2673 4841 Qui
2729 4777 2921 4848 qualis
2982 4779 3175 4847 fuerit,
3208 4781 3401 4837 ethoc
3432 4784 3643 4854 conjici

2002 4873 2189 4938 potest
2218 4869 2372 4939 quod
2407 4868 2653 4936 feminae,
2688 4884 2936 4938 quarum
2990 4870 3218 4941 proprie
3270 4870 3642 4942 pulchritudo

1999 4962 2105 5021 est,
2144 4974 2266 5011 eam
2305 4957 2362 5010 in
2392 4955 2609 5025 Joseph
2646 4956 3028 5011 mirabantur.

2070 5046 2230 5100 Vers.
2264 5045 2352 5100 23.
2386 5044 2491 5100 Sed
2517 5050 2982 5115 exasperaverunt
3010 5060 3153 5113 eum,
3188 5053 3238 5099 et
3257 5048 3477 5115 jurgati
3494 5050 3636 5102 sunt.

2000 5134 2238 5204 PrOpter
2259 5133 2487 5188 somnia
2513 5151 2637 5203 quae
2663 5135 2902 5199 viderat,
2928 5134 3221 5187 dicentes:
3245 5134 3524 5204 Numquid
3542 5151 3644 5191 rex

1995 5228 2178 5277 noster
2206 5225 2315 5276 eris
2336 5226 2362 5275 .9
2386 5253 2453 5263 —
2482 5222 2799 5277 Inviderunt
2852 5222 2941 5275 illi
2979 5221 3235 5277 habentes
3283 5222 3485 5283 iacula.
3522 5226 3639 5296 Ipsi

1996 5310 2241 5367 sauciati
2265 5311 2483 5381 jaculis
2512 5310 2739 5365 invidiae
2770 5309 3088 5364 inviderunt
3107 5311 3215 5368 illi.
3241 5309 3402 5367 Unde
3424 5317 3482 5368 et
3497 5328 3638 5372 ven-

1994 5399 2272 5456 diderunt
2299 5415 2433 5455 eum
2466 5399 2525 5455 in
2561 5398 2823 5473 tEgypto.
