4040 6208
395 293 504 354 131

991 289 1296 354 REMIGII
1339 290 2098 356 ANTISSIODORENSIS
2143 290 2316 353 UPP.
2361 287 2587 352 PARS.
2632 285 2680 349 Ι.
2713 322 2791 332 -
2818 284 3282 350 EXEGETICA'

3687 283 3808 346 132

467 427 622 482 Vers.
653 426 742 480 24.
779 425 928 481 Sedit
955 426 1016 480 in
1039 425 1176 498 forti
1227 443 1388 482 arcus
1443 427 1580 497 ejus.
1613 426 1674 482 Id
1733 431 1822 482 est
1852 426 2036 482 virtus
2071 431 2120 494 Α
2151 426 2330 496 patris
2381 426 2464 478 tui
2519 421 2836 494 con/ortam:
2890 425 3016 476 sunt
3074 419 3534 477 benedictionibus
3585 421 3812 490 patrum

391 516 520 586 ejus
541 520 598 570 et
621 532 756 587 spes
780 515 908 586 ejus
928 514 1087 581 sedit,
1113 514 1222 570 hoc
1275 519 1366 571 est
1413 515 1674 570 stabilita
1712 519 1799 571 est
1823 518 1879 570 in
1897 517 2048 586 forti,

396 604 508 660 hoc
533 603 704 660 estin
726 603 803 658 Ch
815 603 973 659 risto.
999 605 1061 658 Et
1085 604 1347 659 dissoluta
1379 613 1507 660 sunt
1545 605 1768 660 vincula
1794 604 2046 660 brachio-

392 711 521 748 rum
548 693 664 762 ejus
690 708 789 764 per
816 709 1015 747 manus
1042 694 1280 762 potentis
1339 693 1520 761 Jacob,
1584 694 1639 748 id
1674 699 1762 748 est
1790 693 2050 764 omnipo-

389 783 572 837 tentis
595 781 713 837 Dei.
759 781 904 846 Inde,
946 780 1003 835 id
1037 785 1126 836 est
1155 798 1223 836 ex
1251 781 1430 836 Jacob
1483 783 1776 854 progenie,
1809 799 2050 852 egressus

390 875 468 926 est
495 872 655 943 lapis,
691 870 746 924 id
779 875 868 926 est
896 870 1161 926 Christus
1187 889 1199 936 ;
1245 887 1491 941 egressus
1522 881 1603 926 est
1626 876 1837 942 pastor,
1879 872 1934 925 id
1959 875 2049 926 est

391 960 682 1027 Christus,
715 958 815 1030 qui
846 968 934 1014 est
963 965 1018 1014 et
1049 958 1198 1030 lapis
1250 959 1446 1024 Israel,
1495 959 1550 1013 id
1583 963 1673 1014 est
1703 959 1954 1014 ﬁrmitas
1990 964 2047 1014 et

391 1050 572 1105 robur
600 1050 862 1105 omnium
901 1050 1075 1103 Deum
1115 1047 1657 1119 contemplantium.

461 1156 625 1212 Vers.
657 1157 749 1211 25.
786 1155 1263 1211 Benedictionibus
1294 1157 1417 1210 caeli
1471 1155 1722 1226 desuper.
1768 1155 1927 1220 Quod
1964 1153 2047 1208 di-

385 1245 484 1312 cit,
522 1245 990 1301 benedictionibus
1013 1243 1251 1320 desuper
1299 1249 1355 1300 et
1405 1245 1622 1315 abyssi,
1656 1243 1922 1298 omnium
1955 1259 2040 1298 re-

387 1334 779 1404 rum‘copiam
812 1350 916 1405 per
972 1333 1091 1388 haec
1149 1335 1264 1388 duo
1325 1333 1639 1404 signiﬁcat,
1685 1332 2042 1388 fertilitatem

385 1421 656 1478 videlicet
675 1427 861 1486 terras,
884 1420 1229 1492 temperiem
1257 1425 1314 1476 et
1363 1426 1706 1492 proventum
1751 1419 1902 1488 caeli,-
1934 1419 2043 1475 hoc

385 1515 476 1566 est
507 1511 677 1566 aeris.
711 1511 820 1566 Per
849 1511 1251 1566 benedictiones
1291 1511 1524 1566 uberum
1552 1514 1603 1565 et
1631 1510 1810 1567 valva:
1840 1508 2040 1564 multi-

389 1598 724 1670 plicandam
759 1598 1029 1671 designat
1062 1598 1304 1670 stirpem
1345 1600 1475 1670 ejus
1525 1599 1776 1654 maxime
1807 1603 2043 1670 propter

389 1687 686 1758 Ephraim,
719 1687 890 1757 cujus
923 1687 1238 1743 multitudo
1261 1704 1448 1760 usque
1469 1689 1526 1742 in
1549 1686 1907 1744 immensum
1941 1704 2040 1742 au-

389 1781 481 1830 cta
510 1779 616 1830 est.
651 1774 969 1848 Allegorice
1016 1777 1207 1846 Joseph
1255 1776 1549 1832 Christum
1598 1776 1907 1848 signiﬁcat.
1936 1777 2033 1832 Ac-
2068 1799 2116 1863 Β

383 1879 624 1919 crescens
653 1864 892 1931 dicitur,
923 1865 1062 1936 quia
1102 1865 1281 1922 crevit
1333 1865 1391 1919 in
1441 1866 1554 1920 ﬁde
1585 1865 1872 1937 gentium.
1907 1865 2036 1936 Ipse

385 1957 475 2007 est
505 1953 662 2007 enim
694 1953 922 2008 decorus
951 1962 1190 2024 aspectu,
1232 1952 1372 2024 quia
1411 1955 1682 2024 speciosus
1708 1956 1896 2024 forma
1918 1971 2036 2025 prae

384 2039 526 2112 ﬁliis
555 2043 838 2098 hominum
871 2043 1042 2114 (Psal.
1067 2059 1214 2096 κων.
1240 2043 1316 2110 3).
1356 2041 1530 2112 Filiae,
1580 2059 1704 2114 quae
1745 2043 2034 2098 discurre-

386 2137 522 2184 runt
554 2147 654 2202 per
679 2147 916 2185 murum
951 2131 1311 2186 admirantes
1351 2132 1477 2201 ejus
1510 2130 2031 2199 pulchritudinem,

384 2226 595 2281 animas
619 2232 759 2282 sunt
781 2231 1139 2295 sanctorum,
1166 2244 1343 2300 super
1363 2229 1720 2285 soliditatem
1739 2229 1873 2284 ﬁdei
1895 2246 2033 2284 con-

384 2316 624 2382 stitutse,
651 2333 778 2388 quia
797 2316 1168 2371 admirantur
1188 2316 1684 2388 pulchritudinem
1716 2317 1952 2389 Christi,
1978 2323 2034 2373 et

380 2408 542 2460 tanto
563 2421 696 2460 eum
723 2404 980 2478 amplius
1003 2405 1282 2478 diligunt,
1306 2412 1524 2478 quanto
1547 2407 1787 2478 majoris
1811 2406 2032 2478 fragili-

378 2494 517 2548 tatis
557 2493 667 2548 sibi
703 2499 841 2550 sunt
871 2494 1136 2550 conscias.
1171 2495 1516 2550 Discurrunt
1565 2512 1740 2566 super
1770 2513 2027 2566 murum,

381 2581 490 2635 hoc
510 2586 599 2636 est
615 2598 792 2652 super
809 2581 1163 2637 soliditatem
1187 2583 1340 2650 ﬁdei,
1360 2583 1449 2638 vel
1470 2599 1648 2652 super
1670 2584 2033 2654 insuperabi-

381 2667 496 2724 lem
523 2669 859 2724 ﬁrmitatem
877 2670 1206 2724 divinarum
1226 2670 1683 2742 Scripturarum,
1711 2676 1774 2724 ut
1797 2671 1876 2725 ibi
1897 2688 2030 2742 pos-

383 2757 503 2812 sint
539 2756 733 2812 videre
763 2756 1262 2828 pulchritudinem
1285 2758 1521 2813 Christi.
1539 2759 1650 2814 Sed
1670 2774 2028 2830 exasperave-

381 2863 509 2901 rum
535 2861 658 2902 eum
686 2855 736 2901 et
758 2847 977 2917 jurgati
1005 2846 1279 2902 sunt.Hoc
1319 2847 1388 2902 de
1408 2847 1629 2902 Judzeis
1661 2847 1893 2917 dicitur,
1928 2849 2029 2920 qui

381 2941 872 3007 exasperaverunt
901 2935 1196 2991 Christum
1228 2936 1488 2991 dicentes
1537 2953 1671 2992 eum
1705 2937 2028 2993 Samarita-

382 3041 524 3080 num
543 3030 600 3080 et
618 3024 1064 3079 daemoniacum.
1085 3024 1354 3080 Habentes
1391 3026 1583 3096 jucula
1631 3025 1880 3092 invidias,
1905 3027 2028 3097 qui-

382 3114 494 3170 bus
515 3113 740 3185 seipsos
756 3112 1158 3168 vulnerabant.
1185 3113 1346 3168 Unde
1367 3119 1422 3168 et
1442 3113 1755 3170 Psalmista
1780 3133 1792 3169 :
1835 3117 2026 3171 Dentes

386 3218 574 3258 eorum
594 3219 755 3258 arma
783 3206 834 3257 et
863 3204 1098 3274 sagittae,
1133 3209 1184 3257 et
1213 3204 1405 3273 lingua
1435 3221 1623 3258 eorum
1649 3204 1870 3274 gladius
1898 3221 2025 3260 acu-

389 3300 474 3348 tus
531 3292 702 3363 (Psal.
763 3309 875 3356 LVI,
930 3291 1008 3362 5).
1040 3322 1109 3331 —
1138 3291 1285 3347 Sedit
1340 3294 1398 3346 in
1444 3295 1581 3363 forti
1606 3310 1766 3348 arcus
1796 3295 1929 3364 ejus.
1962 3294 2023 3348 Id

390 3383 480 3436 est
501 3396 636 3451 spes
661 3379 892 3435 virtutis
913 3380 1041 3450 ejus
1063 3381 1280 3435 mansit
1319 3380 1378 3434 in
1415 3381 1528 3436 Deo
1553 3381 1738 3437 Patre.
1769 3385 1831 3438 Et
1856 3382 2025 3438 disso-

391 3471 506 3525 luta
534 3477 661 3524 sunt
686 3469 917 3525 vincula
948 3469 1297 3525 brachiorum
1325 3471 1461 3541 ejus.
1495 3471 1640 3534 Quia
1668 3471 1899 3527 vinctus
1922 3471 2024 3528 ad-

388 3559 601 3612 ductus
631 3562 720 3613 est
749 3562 882 3613 ante
909 3558 1238 3629 praesidem.
1272 3557 1367 3614 Vel
1414 3560 1643 3616 vincula
1671 3560 2020 3616 brachiorum

387 3645 530 3702 dicit
545 3645 940 3718 blasphemias
959 3647 1175 3719 quibus
1195 3664 1369 3719 opera
1390 3648 1670 3703 virtutum
1691 3651 1819 3720 ejus
1840 3649 2023 3722 impe-

384 3735 510 3791 dire
537 3735 919 3807 conabantur,
951 3736 1210 3792 dicentes
1239 3754 1372 3793 eum
1405 3736 1464 3792 in
1505 3737 1788 3793 Belzebub
1819 3738 2025 3808 ejicere

383 3824 691 3881 daemonia.
727 3826 792 3880 Et
821 3825 929 3880 hoc
959 3841 1058 3897 per
1101 3842 1300 3880 manus
1353 3827 1592 3896 potentis
1636 3826 1815 3892 Jacob,
1848 3826 1904 3880 id
1936 3831 2026 3882 est

380 3930 484 3986 per
521 3913 917 3985 operationem
969 3913 1389 3985 omnipotentis
1418 3912 1539 3967 Dei.
1573 3913 1711 3968 Deus
1740 3915 1917 3982 patris
1943 3916 2026 3969 tui

378 4001 597 4070 adjutor
624 4009 772 4056 tuus.
808 4003 1092 4073 Loquitur
1120 4000 1454 4073 patriarcha
1493 4001 1565 4056 ad
1598 4001 1892 4057 Christum
1926 4019 2019 4059 se-

380 4091 641 4144 cundum
673 4089 783 4145 hoc
832 4091 988 4161 quod
1043 4091 1218 4146 homo
1269 4094 1378 4146 est.
1412 4090 1572 4157 Deus,
1609 4091 1820 4162 inquit,
1846 4093 2022 4163 patris

383 4178 486 4244 tui,
521 4178 579 4232 id
610 4181 700 4232 est
726 4177 824 4233 ille
853 4183 1007 4234 Deus
1037 4195 1213 4249 quem
1245 4183 1440 4250 patres
1479 4179 1564 4234 tui
1615 4180 2020 4252 adoraverunt,

377 4273 695 4342 Abraham;
727 4275 886 4331 Isaac
913 4280 969 4331 et
1010 4276 1210 4332 Jacob.
1261 4277 1326 4330 Et
1358 4277 1705 4348 Omnipotens
1754 4279 2027 4336 benedicet

379 4365 499 4420 tibi.
533 4363 827 4437 Singulari
870 4363 1142 4420 videlicet
1192 4364 1592 4422 benedictione
1641 4383 1754 4438 prs:
1799 4369 2022 4425 ceteris

376 4452 619 4522 sanctis,
653 4470 757 4526 per
783 4454 1249 4511 benedictionem
1281 4453 1409 4510 cmli
1458 4455 1710 4528 desuper
1738 4462 1796 4513 et
1824 4459 2021 4532 abyssi

369 4542 628 4612 jacentis
653 4543 928 4598 deorsum
961 4543 1329 4616 signiﬁcatur
1365 4543 1593 4600 Christo
1624 4547 1822 4601 omnia
1844 4547 2023 4604 fuisse
2053 4536 2101 4601 D

378 4630 662 4702 subjecta,
693 4631 929 4701 angelos
981 4631 1249 4689 videlicet
1281 4633 1338 4688 in
1395 4633 1535 4690 caelo
1583 4640 1641 4690 et
1670 4635 1938 4692 homines
1961 4635 2023 4692 in

381 4721 555 4774 terra.
615 4720 690 4774 De
745 4721 853 4775 bac
910 4721 1312 4778 benedictione
1366 4722 1680 4795 Apostolus
1735 4723 1912 4780 dicit:
1962 4725 2025 4780 Et

379 4807 649 4862 exultavit
675 4808 841 4864 illum
895 4810 1056 4879 Deus,
1115 4814 1166 4866 et
1230 4811 1454 4866 donavit
1513 4812 1605 4866 illi
1659 4828 1879 4882 nomen,
1911 4816 2021 4868 etc.

383 4893 608 4966 (Philip.
643 4912 704 4967 ιι,
751 4897 829 4968 9).
862 4927 930 4936 ——-
962 4899 1446 4955 Benedictionibus
1494 4901 1725 4955 uberum
1772 4900 1930 4972 dicit,
1964 4901 2023 4956 id

381 4985 729 5040 estduorum
743 4986 1535 5059 Testamentorum,quorum
1555 4987 1801 5044 alterum
1819 4994 2022 5046 ventu—

376 5088 509 5146 rum
530 5073 848 5143 Christum,
874 5075 1122 5131 alterum
1145 5075 1374 5131 venisse
1411 5076 1717 5132 nuntiavit.
1745 5078 1846 5134 His
1885 5079 2024 5135 ube-

374 5161 540 5218 ribus
567 5164 832 5220 nutritur
855 5165 1106 5221 infantia
1144 5164 1432 5220 Ecclesiae.
1483 5165 1578 5221 Vel
1603 5166 1778 5222 etiam
1809 5167 2024 5223 benedi-

371 5252 648 5308 ctionibus
677 5255 909 5310 uberum
937 5255 1080 5310 dicit
1121 5255 1303 5310 beata:
1349 5253 1538 5309 Mariae
1583 5255 1860 5328 Virginis,
1894 5273 2022 5328 quas

371 5341 670 5397 Christum
697 5341 981 5399 infantem
1007 5343 1406 5415 habuit,cujus
1427 5343 1486 5398 in
1523 5349 1794 5416 corrupta
1813 5345 1871 5399 in
1899 5345 2025 5401 vul-

374 5445 446 5485 va
467 5430 809 5503 progenitus
840 5437 947 5488 est.
991 5432 1152 5488 Unde
1182 5437 1240 5488 et
1268 5433 1327 5488 in
1357 5431 1665 5505 Evangelio
1693 5432 2028 5491 exclamans

379 5519 645 5590 quaedam
673 5521 886 5577 mulier
906 5521 1052 5576 dixit
1075 5537 1088 5575 :
1114 5522 1316 5578 Beatus
1342 5525 1534 5577 venter
1561 5523 1660 5592 qui
1693 5526 1744 5576 te
1762 5526 2024 5592 portavit,

379 5609 432 5676 et
457 5607 623 5667 ubera
681 5626 802 5689 quae
851 5611 1059 5669 διιπὶδεὶ
1114 5614 1264 5682 (Luc.
1325 5627 1406 5684 χι,
1458 5611 1572 5685 27).
1605 5610 2026 5672 Benedictiones

2159 514 2296 584 ejus.
2332 513 2448 567 Iloc
2479 516 2586 579 est,
2623 510 2730 565 illae
2764 509 3194 566 benedictiones
3224 509 3441 580 quibus
3466 514 3617 564 Deus
3639 507 3812 565 Pater

2163 602 2374 657 Filium
2405 600 2718 670 benedixit,
2753 601 3085 655 confortaue-
3117 603 3256 653 sunt
3292 603 3347 655 et
3377 597 3812 670 praavaluerunt

2161 691 2426 745 omnium
2451 695 2788 745 sanctorum
2802 689 3040 744 Patrum
3055 687 3582 744 benedictionibus.
3597 685 3809 742 Nullus

2158 777 2313 833 enim
2336 780 2634 849 justorum
2677 776 2908 833 Christo
2957 777 3248 848 exzsquari
3301 775 3510 848 potuit,
3543 776 3684 848 quia
3710 774 3809 830 ille

2158 884 2260 938 per
2290 873 2562 922 naturam
2596 872 2686 922 est
2715 865 2814 920 Dei
2871 864 3067 932 Filius,
3128 865 3316 920 caeteri
3353 865 3538 920 sancti
3573 881 3675 937 per
3704 864 3809 920 ad-

2157 956 2412 1027 optionis
2441 956 2710 1029 gratiam.
2760 959 2934 1010 Donec
2980 955 3189 1009 veniret
3215 954 3549 1009 desiderium
3579 953 3809 1009 collium

2155 1059 2503 1101 aeternorum.
2537 1042 2726 1100 Colles
2751 1048 2998 1098 aeternos
3025 1043 3386 1114 patriarchas
3408 1047 3464 1098 et
3485 1041 3806 1114 prophetas

2155 1133 2316 1200 dicit,
2344 1134 2442 1206 qui
2468 1151 2578 1189 non
2596 1135 2795 1205 jacent
2814 1132 2871 1186 in
2897 1132 3164 1198 terrenis,
3191 1131 3292 1188 sed
3324 1131 3703 1187 sublevantur
3727 1132 3803 1187 ad

2155 1222 2430 1278 caelestia.
2456 1227 2675 1277 Horum
2698 1221 3030 1277 desiderium
3069 1221 3196 1286 fuit,
3227 1236 3341 1292 quo
3373 1219 3804 1276 desiderabant

2153 1311 2347 1367 videre
2370 1313 2685 1366 adventum
2710 1309 2943 1365 Christi.
2969 1311 3134 1366 Fiant
3162 1311 3282 1365 ista:
3308 1308 3708 1364 benedictiones
3741 1309 3802 1363 in

2152 1401 2326 1471 capite
2351 1400 2568 1472 Ioseph.
2625 1400 2685 1454 Id
2719 1403 2826 1466 est,
2878 1398 3233 1470 impleantur
3273 1397 3332 1452 in
3363 1397 3614 1453 Christo.
3646 1397 3710 1452 Et
3739 1400 3801 1452 in

2151 1491 2353 1544 vertice
2380 1491 2663 1546 Nazaraei.
2699 1488 2758 1542 Id
2792 1491 2880 1542 est
2920 1485 3156 1554 Christi,
3217 1486 3319 1558 qui
3377 1491 3465 1542 est
3493 1503 3666 1543 verus
3693 1486 3802 1544 ﬂos

2153 1576 2474 1642 munditiae,
2500 1577 2558 1632 in
2583 1593 2696 1649 quo
2718 1574 2973 1646 primum
2997 1573 3430 1631 benedictiones
3452 1576 3614 1631 facta:
3636 1579 3798 1646 sunt,

2151 1670 2208 1720 et
2237 1666 2310 1720 ab
2343 1666 2451 1721 hoc
2473 1666 2684 1720 vertice
2714 1664 3139 1720 descenderunt
3171 1680 3273 1736 per
3301 1665 3501 1719 omnia
3531 1665 3803 1721 membra

2149 1752 2416 1809 Ecclesiae
2475 1770 2663 1826 usque
2719 1754 2790 1809 ad
2849 1770 3011 1808 oram
3068 1753 3401 1808 vestimenti
3435 1753 3586 1824 ejus,
3619 1753 3678 1808 id
3710 1757 3804 1809 est

2147 1859 2334 1914 usque
2365 1843 2435 1898 ad
2470 1842 2857 1898 novissimum
2889 1841 3160 1897 electum.

2216 1930 2379 1987 Vers.
2409 1932 2500 1985 27.
2534 1933 2832 2002 Benjamin
2855 1931 3018 2002 lupus
3048 1947 3248 2002 rapax.
3281 1935 3450 1986 Hunc
3497 1931 3688 1988 locum
3711 1933 3796 1988 ita

2144 2020 2367 2075 Hebraei
2399 2021 2750 2076 edisserunt.
2788 2019 2974 2075 Altare
3006 2019 3162 2092 quod
3204 2020 3262 2075 in
3290 2020 3508 2093 templo
3534 2027 3658 2078 erat
3679 2021 3792 2077 Do-

2146 2108 2311 2180 mini,
2337 2109 2396 2164 in
2418 2115 2580 2180 parte
2601 2109 2790 2164 tribus
2814 2109 3112 2179 Benjamin
3143 2109 3323 2164 situm
3347 2115 3490 2164 erat.
3513 2113 3631 2166 Hoc
3653 2127 3792 2184 ergo

2145 2198 2326 2254 aitare
2337 2203 2500 2254 vocat
2511 2197 2716 2270 lupum
2737 2196 3113 2269 sanguinariu
3125 2215 3178 2252 m
3193 2202 3250 2252 et
3265 2215 3534 2270 rapacem
3554 2203 3794 2271 propter

2145 2287 2366 2342 hostias
2390 2304 2516 2360 quas
2544 2287 2623 2342 ibi
2653 2303 2822 2342 mane
2845 2286 3256 2356 oﬁerebantur,
3279 2291 3336 2342 et
3371 2287 3520 2359 igne,
3545 2287 3648 2360 qui
3666 2292 3792 2344 erat

2144 2393 2376 2449 semper
2395 2376 2453 2431 in
2479 2375 2668 2443 altari,
2696 2375 3140 2431 devorabantur.
3181 2375 3296 2431 Hoc
3318 2376 3580 2448 estquod
3604 2376 3785 2433 dicit:

2141 2465 2298 2521 Mane
2325 2465 2563 2521 comedet
2585 2465 2858 2536 praedam.
2893 2464 3051 2532 Quod
3083 2481 3215 2520 vero
3237 2464 3538 2535 sequitur:
3570 2465 3791 2537 Vespere

2141 2554 2349 2609 dividet
2373 2554 2572 2626 spolia,
2596 2553 2667 2608 ad
2687 2553 3017 2608 sacerdotes
3039 2552 3307 2625 pertinet,
3332 2552 3430 2624 qui
3456 2569 3524 2608 ea
3546 2569 3673 2626 qum
3688 2568 3790 2625 per

2143 2642 2298 2697 diem
2317 2643 2387 2697 de
2410 2642 2712 2698 sacriﬁciis
2733 2641 2932 2697 altaris
2954 2658 2988 2696 a
3017 2641 3232 2713 populo
3253 2642 3785 2712 consequebantur,

2141 2747 2377 2803 vespere
2398 2730 2550 2786 inter
2566 2748 2627 2786 se
2649 2731 3006 2786 dividebant.
3046 2730 3113 2786 Et
3153 2730 3260 2786 hoc
3281 2730 3606 2786 secundum
3634 2730 3785 2787 illos.

2139 2819 2256 2874 Nos
2285 2835 2418 2874 vero
2449 2820 2518 2874 de
2551 2819 2728 2874 Paulo
2759 2819 3022 2892 apostolo
3053 2820 3277 2877 dictum
3309 2818 3649 2892 accipimus,
3685 2821 3784 2892 qui

2139 2907 2250 2962 fuit
2279 2909 2349 2963 de
2378 2908 2533 2963 tribu
2565 2909 2894 2979 Benjamin,
2927 2913 2982 2964 et
3014 2907 3182 2979 quasi
3206 2909 3367 2980 lupus
3386 2925 3567 2980 rapax
3586 2924 3786 2981 perse-

2138 3001 2310 3052 cutus
2353 3003 2440 3053 est
2500 2997 2816 3052 Ecclesiam
2865 2997 3052 3070 primo
3111 3002 3390 3069 tempore.
3446 2997 3609 3053 Unde
3639 2999 3782 3054 etin

2138 3085 2370 3141 Psalmo
2428 3085 2677 3141 dicitur:
2734 3087 2816 3141 Ibi
2870 3087 3161 3158 Benjamin
3219 3088 3276 3141 in
3321 3077 3531 3142 {mentis
3558 3102 3782 3143 excessu

2055 3167 2097 3233 C
2137 3176 2308 3246 (Psal.
2345 3192 2511 3242 van,
2544 3176 2655 3246 28).
2697 3175 2799 3230 Hic
2829 3192 2964 3247 ergo
3015 3193 3184 3232 mane
3215 3175 3467 3248 praedam
3502 3177 3777 3247 comedit,

2133 3265 2366 3335 quando
2396 3271 2630 3320 sanctos
2663 3264 2936 3335 laniabat,
2970 3269 3026 3320 et
3064 3265 3314 3337 acceptis
3345 3282 3379 3321 a
3408 3265 3775 3338 principibus

2132 3353 2395 3425 epistolis
2419 3371 2604 3426 usque
2625 3354 2682 3408 in
2708 3358 2933 3409 exteras
2971 3353 3239 3412 nationes
3259 3354 3633 3426 sequebatur.
3663 3353 3774 3410 Ve-

2133 3459 2299 3512 spere
2329 3447 2524 3499 autem
2556 3443 2753 3498 divisit
2783 3441 2989 3515 spolia,
3022 3443 3256 3514 quando
3300 3443 3425 3515 jam
3459 3459 3773 3500 conversus

2133 3531 2455 3586 doctrinam
2510 3531 2801 3603 Evangelii
2861 3547 3075 3604 magna
3123 3532 3472 3588 discretione
3501 3531 3775 3588 ﬁdelibus

2133 3620 2455 3676 distribuit.
2477 3620 2810 3675 Notandum
2825 3625 3022 3675 autem
3041 3621 3195 3692 quod
3211 3637 3345 3676 cum
3364 3619 3482 3676 illis
3497 3620 3778 3676 fratribus

2133 3709 2234 3780 qui
2255 3709 2327 3763 de
2346 3707 2548 3763 liberis
2570 3708 2690 3763 nati
2711 3713 2894 3776 erant,
2918 3708 2976 3763 id
2999 3713 3088 3765 est
3110 3709 3208 3764 Lia
3229 3714 3286 3765 et
3308 3708 3576 3777 Rachele,
3600 3709 3778 3766 etiam

2134 3797 2476 3854 ancillarum
2493 3796 2596 3852 ﬁlii
2615 3797 2901 3853 benedicti
2925 3803 3064 3854 sunt
3084 3816 3096 3854 :
3116 3799 3176 3854 in
3194 3815 3308 3870 quo
3322 3799 3782 3855 ostenditurnon

2134 3901 2262 3941 esse
2283 3901 2666 3957 personarum
2690 3887 3084 3959 acceptionem
3108 3887 3263 3958 apud
3301 3887 3509 3952 Deum,
3535 3886 3636 3959 qui
3666 3903 3787 3943 om-

2135 3989 2238 4029 nes
2268 3975 2392 4029 vult
2422 3975 2613 4030 salvos
2644 3975 2790 4043 ﬁeri,
2827 3992 2932 4030 nec
2961 3975 3244 4032 discernit
3271 3976 3490 4048 gradus
3510 3977 3787 4032 nativita-

2133 4064 2230 4129 tis,
2265 4080 2414 4136 quos
2445 4081 2561 4119 una
2590 4064 2736 4119 ﬁdes
2765 4065 2904 4119 facit
2935 4063 3208 4136 aequales.

2204 4153 2368 4208 Vers.
2401 4154 2490 4207 32.
2524 4154 2917 4224 Appositusque
2939 4162 3017 4208 est
3037 4153 3107 4209 ad
3124 4153 3389 4225 populum
3413 4171 3594 4210 suum.
3619 4154 3784 4227 Saepe

2133 4242 2243 4298 hoc
2274 4241 2487 4314 legitur
2537 4241 2596 4296 in
2632 4241 2829 4297 divina
2877 4241 3210 4314 Scriptura:
3270 4243 3564 4316 Appositus
3592 4251 3672 4299 est
3711 4242 3785 4299 ad

2131 4333 2333 4400 fratres
2352 4346 2500 4398 suos,
2527 4332 2905 4402 oppositasque
2933 4338 3013 4386 est
3042 4331 3112 4386 ad
3138 4331 3408 4402 populum
3435 4348 3618 4388 suum.
3646 4331 3782 4387 Ideo

2133 4419 2514 4491 quaerendum
2531 4419 2602 4474 de
2619 4435 2733 4491 quo
2751 4417 2966 4491 populo
2984 4419 3232 4475 dicatur.
3253 4419 3400 4475 Nam
3421 4421 3492 4476 de
3514 4419 3782 4492 patribus

2133 4507 2296 4564 nulla
2326 4507 2570 4579 quastio
2603 4511 2712 4574 est,
2745 4508 2901 4579 quod
2933 4507 3202 4564 videlicet
3230 4525 3364 4564 cum
3397 4508 3695 4565 Abraham
3725 4512 3786 4565 et

2133 4597 2294 4653 Isaac
2315 4600 2786 4670 congregaretur.
2811 4601 2888 4652 De
2909 4596 3122 4669 populo
3155 4601 3352 4653 autem
3393 4597 3640 4653 dubium
3669 4601 3782 4665 est,

2132 4686 2273 4757 quia
2293 4685 2544 4758 pepulus
2569 4689 2656 4741 est
2675 4684 3012 4742 multitudo.
3027 4685 3264 4742 Illivero
3277 4687 3468 4742 adhuc
3480 4691 3600 4743 tam
3620 4686 3784 4758 parvi

2132 4778 2317 4842 erant,
2333 4774 2658 4846 utpopulus
2678 4775 2792 4830 dici
2823 4792 2938 4831 non
2959 4777 3205 4847 possint.
3228 4775 3632 4848 Intelligamus
3645 4791 3784 4848 ergo

2132 4862 2242 4919 hoc
2265 4879 2381 4918 non
2403 4863 2473 4918 de
2485 4862 2626 4918 solis
2640 4864 2862 4920 sanctis
2875 4863 3216 4921 hominibus
3228 4863 3472 4935 dictum,
3488 4864 3585 4920 sed
3603 4862 3784 4919 etiam

2134 4952 2204 5008 de
2224 4950 2470 5024 angelis,
2488 4952 2560 5007 ad
2589 4968 2844 5023 quorum
2880 4951 3216 5009 societatem
3257 4953 3443 5009 sancti
3466 4952 3536 5008 de
3557 4951 3782 5008 mundo

2134 5046 2508 5098 transeuntes
2540 5041 3005 5112 apponebantur.
3043 5041 3119 5096 De
3160 5040 3269 5097 hoc
3312 5041 3528 5114 populo
3561 5038 3780 5096 Paulus

2134 5131 2312 5186 dicit:
2353 5131 2660 5185 Accessistis
2691 5127 2761 5184 ad
2811 5137 3051 5184 montem
3096 5130 3228 5185 Sion
3257 5139 3307 5186 et
3338 5129 3408 5185 ad
3437 5129 3782 5186 Hierusalem

2133 5219 2427 5284 calestem,
2444 5227 2498 5273 et
2517 5215 2592 5272 ad
2605 5218 2971 5287 frequentiam
2987 5219 3309 5290 angelorum
3330 5219 3514 5291 (Hebr.
3538 5235 3641 5289 xu,
3662 5217 3778 5290 22).

2204 5437 2374 5489 Vera.
2397 5434 2451 5486 3.
2480 5341 3213 5502 Tramieruig‘zifdlrazinta
3227 5431 3362 5487 dies.
3382 5431 3486 5487 Hic
3498 5445 3780 5487 numerus

2134 5521 2486 5597 poenitentia.l
2508 5524 2565 5575 et
2592 5519 2911 5576 humilitati
2944 5519 3233 5577 convenit.
3277 5520 3441 5576 Unde
3465 5524 3522 5576 et
3542 5519 3602 5574 in
3632 5518 3786 5591 Lego

2135 5618 2192 5674 et
2216 5612 2275 5670 in
2307 5607 2614 5685 Evangelio
2643 5612 2700 5667 et
2729 5609 2802 5666 ab
2831 5609 2958 5685 ipso
2997 5609 3245 5671 Domino
3294 5609 3637 5671 observatas
3664 5611 3780 5668 est.
