4040 6208
256 273 367 333 133

1049 276 1558 337 ENARRA'I‘ION
1572 277 1660 337 ES
1704 276 1783 336 IN
1829 274 2211 335 PSALMOS.
2244 307 2321 317 —-
2352 271 2885 335 PHEAMBULA.

3530 276 3645 337 134

255 408 617 478 Septuaginta
662 406 851 463 diebus
878 407 1129 477 Ethnici,
1162 409 1220 464 id
1253 414 1341 464 est
1387 408 1652 481 gentiles,
1686 426 1888 464 novem
1922 410 1975 473 Α
2005 406 2407 477 signiﬁcantia
2439 407 2546 463 hoc
2578 408 2791 461 factum
2825 422 2953 461 esse
2972 405 3250 461 sciamus.
3278 411 3339 460 In
3363 407 3643 463 hocenim

257 496 461 551 diebus
493 497 712 553 ﬂebant
742 505 1005 553 mortuos
1058 516 1216 555 suos.
1253 500 1409 555 Unde
1440 502 1497 553 et
1535 498 1896 554 novendialis

256 584 570 640 vocabatur
624 602 777 641 nona
823 587 970 653 dies,
1001 586 1233 659 quando
1266 588 1670 658 sepeliebatur.
1704 587 1896 643 Nostri

256 690 407 738 vero,
442 674 501 747 id
532 679 620 729 est
652 675 749 730 Dei
797 675 1069 740 cultores,
1101 681 1322 748 septem
1357 676 1562 730 diebus
1592 676 1898 747 exsequias

258 769 621 819 mortuorum
652 764 966 821 celebrant.
1025 765 1185 821 Unde
1220 766 1502 837 scriptum
1534 770 1623 821 est
1656 784 1668 821 :
1702 767 1899 821 Luctus

256 854 458 908 mortui
484 867 684 923 septem
720 853 835 909 dies
856 871 877 915 ;
910 855 1087 909 luctus
1116 859 1296 909 autem
1324 855 1477 928 [alui
1505 871 1662 910 omne
1690 864 1900 927 tempus

255 943 377 996 vitae
405 942 523 1012 ejus
545 942 731 1002 (Eceli.
748 960 883 1008 xm,
908 944 1017 1011 13).
1043 944 1419 1015 Septenarius
1442 945 1698 1015 requiem
1722 945 1900 1015 signi-

258 1030 388 1085 ﬁcat
408 1046 421 1085 :
440 1031 593 1086 unde
620 1035 676 1085 et
707 1030 959 1102 septima
987 1030 1109 1086 dies
1130 1031 1535 1099 Sabbatum,id
1562 1036 1650 1087 est
1665 1034 1899 1103 requies,

257 1117 925 1191 appellatur.Celebrant
954 1136 1089 1191 ergo
1113 1120 1425 1191 septimam
1457 1121 1611 1175 diem
1637 1126 1901 1176 mortuo-

257 1224 384 1263 rum
416 1211 684 1279 optantes
718 1208 848 1263 illos
874 1208 1234 1281 requiescere
1263 1225 1397 1263 cum
1416 1209 1662 1264 Domino
1693 1228 1727 1263 a
1748 1209 1903 1265 labo-

255 1296 419 1351 ribus
450 1297 756 1369 praesentis
787 1296 1006 1352 saaculi.
1043 1296 1146 1352 Hic
1174 1313 1312 1369 ergo
1345 1298 1488 1352 dicit
1520 1314 1533 1351 :
1566 1299 1747 1354 Flevit
1775 1315 1903 1352 eum

256 1388 531 1457 Egyptus
585 1388 934 1457 septuaginta
988 1385 1199 1457 diebus,
1255 1386 1355 1458 qui
1414 1391 1502 1442 est
1559 1386 1903 1459 decuplatus

257 1476 642 1548 septenarius.
696 1476 841 1532 Nam
891 1476 1105 1547 septies
1139 1476 1273 1531 deni
1318 1476 1693 1549 septuaginta
1741 1481 1900 1531 sunt.

256 1564 453 1619 Potest
480 1569 537 1619 et
578 1564 688 1619 hoc
734 1564 869 1631 dici,
905 1564 1043 1637 quia
1104 1564 1258 1620 sicut
1303 1566 1475 1620 tertia
1503 1565 1627 1620 dies
1687 1566 1901 1621 mortui

263 1644 464 1726 agitur
481 1670 515 1709 a
538 1652 899 1724 lidelibus,ut
921 1655 1274 1725 anima,qum
1297 1653 1541 1725 triplicis
1562 1658 1778 1709 naturae
1793 1659 1901 1721 est,

257 1742 619 1814 requiescat;
656 1742 733 1798 ita
782 1744 1035 1815 septima
1065 1742 1188 1798 dies
1237 1742 1583 1811 celebratur,
1614 1748 1677 1798 ut
1706 1742 1905 1798 anima

255 1831 483 1903 corpori
516 1831 943 1901 reconciliatur,
968 1849 1094 1903 quae
1126 1848 1297 1887 carne
1318 1831 1591 1888 illiciente
1622 1832 1900 1904 peccavit.

256 1919 316 1973 In
344 1924 569 1992 septem
600 1919 755 1975 enim
788 1920 900 1975 tria
928 1925 1066 1975 sunt
1095 1924 1153 1975 et
1185 1924 1452 1992 quatuor.
1488 1922 1557 1975 Et
1591 1921 1901 1989 ternarius,

256 2012 320 2061 ut
350 2008 569 2063 dictum
604 2014 710 2074 est,
746 2008 994 2080 pertinet
1015 2009 1083 2064 ad
1119 2009 1400 2078 animam,
1426 2027 1551 2081 qua:
1585 2015 1673 2065 est
1703 2010 1903 2065 irasci-

254 2094 410 2163 bilis,
443 2096 936 2168 concupiscibilis,
971 2097 1275 2153 rationalis
1312 2123 1325 2165 ;
1387 2098 1799 2169 quaternarius
1831 2098 1904 2153 ad

252 2202 490 2257 corpus,
523 2186 677 2256 quod
709 2190 962 2257 quatuor
991 2190 1220 2242 constat
1252 2187 1580 2242 elementis.

323 2278 495 2329 Vers.
532 2275 617 2328 10.
658 2276 1036 2346 Veneruntque
1054 2275 1123 2328 ad
1145 2292 1350 2340 aream,
1383 2292 1501 2345 quae
1530 2278 1637 2330 sita
1657 2284 1731 2331 est
1757 2279 1909 2330 trans

245 2362 575 2419 Jorianem.
608 2362 991 2435 Septuaginta
1030 2363 1253 2429 dicunt,
1286 2364 1359 2418 ad
1388 2381 1574 2419 aream
1605 2364 1774 2430 Adad,
1807 2364 1909 2437 qui

247 2450 426 2505 locus
442 2450 919 2506 transJordanem
937 2456 1105 2517 est,et
1121 2450 1324 2507 multis
1347 2470 1628 2525 passuum
1647 2453 1910 2508 millibus

248 2538 437 2594 distat
469 2539 541 2593 ab
562 2539 923 2606 Abramio,id
957 2544 1047 2595 est
1077 2558 1110 2594 a
1132 2540 1260 2595 loco
1284 2540 1382 2595 ubi
1406 2541 1694 2595 Abraham
1721 2541 1908 2613 sepul-

249 2633 349 2683 tus
382 2631 497 2683 est.
530 2628 679 2700 Ergo
724 2628 1123 2699 pratergressi
1161 2633 1300 2684 sunt
1331 2628 1523 2684 lacum
1556 2630 1653 2684 ubi
1677 2630 1908 2701 sepeliri

252 2717 506 2773 debebat
533 2716 800 2781 Jacob,et
829 2720 1029 2788 postea
1057 2718 1589 2773 remensoJordane
1612 2718 1910 2773 redierunt

254 2806 325 2861 ad
340 2806 538 2861 locum
553 2804 806 2877 duplicis
828 2805 1313 2877 speluncze.Unde
1332 2807 1508 2878 quaeri
1531 2812 1715 2879 potest
1730 2825 1908 2879 quare

256 2895 363 2950 hoc
398 2895 660 2951 fecerint.
692 2895 798 2950 Sed
848 2895 993 2951 forte
1036 2896 1190 2951 dicet
1218 2895 1432 2968 aliquis
1459 2897 1613 2967 quod
1636 2897 1910 2953 timerent

256 3000 326 3040 ne
358 2983 517 3039 bella
565 2990 767 3039 contra
816 3001 877 3040 se
936 2990 1262 3058 surgerent,
1297 2986 1449 3041 sicut
1514 2990 1569 3041 et
1600 2986 1700 3040 filii
1733 2985 1909 3042 Israel

255 3072 647 3128 circumducti
679 3078 817 3129 sunt
847 3074 1237 3146 quadraginta
1258 3074 1428 3129 annis
1460 3091 1561 3146 per
1590 3075 1907 3145 desertum,

2006 496 2130 551 loco
2146 497 2241 567 qui
2267 514 2402 551 area
2424 497 2582 552 Adad
2603 496 2777 551 dicitu
2789 498 3043 568 r,postea
3060 494 3372 550 multitudo
3392 496 3643 552 filiorum

2006 585 2181 640 Israel
2198 602 2575 641 murmurans
2599 591 2801 641 contra
2824 585 3129 640 Dominum
3152 584 3283 655 igne
3305 584 3498 639 divino
3516 602 3649 640 con-

2008 680 2243 746 sumpta
2271 681 2379 729 est.
2415 679 2530 729 Hoc
2561 691 2697 745 ergo
2729 674 3117 747 praasignabat
3146 672 3341 729 luctus
3364 673 3458 729 ille
3485 674 3651 729 vehe-

2008 780 2196 825 xrcns,
2230 780 2345 834 quo
2378 780 2488 817 non
2516 768 2743 817 tantum
2774 780 2933 817 mors
2952 763 3150 827 Jacob,
3175 766 3461 833 quantum
3482 763 3651 818 ruina

2007 851 2166 925 illius
2200 852 2393 923 populi
2431 870 2557 923 quae
2588 853 2665 905 ibi
2702 854 2897 906 lutura
2928 858 3069 919 erat,
3105 852 3443 907 deﬂebatur.

2080 941 2240 996 Vers.
2270 942 2359 995 21.
2385 942 2610 995 Locutus
2645 943 2721 995 est
2740 942 3011 1011 fratribus
3032 960 3050 995 :
3074 942 3199 996 Post
3229 950 3454 996 mortem
3474 958 3655 996 meam

2010 1029 2253 1084 visitabit
2279 1046 2367 1084 vos
2400 1032 2685 1092 Dominus,
2719 1034 2775 1083 et
2809 1029 3054 1100 reliqua.
3085 1030 3299 1102 Joseph
3333 1030 3529 1103 igitur,
3554 1030 3653 1102 qui

2011 1118 2161 1174 sicut
2193 1122 2355 1189 pater
2387 1119 2514 1187 ejus
2543 1118 2723 1172 Jacob
2773 1121 2987 1172 terram
3034 1118 3506 1188 repromissionis
3535 1123 3658 1174 tota

2012 1212 2205 1261 mente
2247 1206 2637 1271 desiderabat,
2672 1204 3107 1277 incolatumque
3135 1206 3360 1278 Egypti
3408 1207 3655 1263 detesta-

2013 1295 2203 1362 batur;
2238 1294 2535 1350 moraliter
2566 1312 2671 1349 nos
2702 1295 2939 1349 instruit
2969 1300 3033 1348 ut
3062 1296 3322 1365 quamdu
3356 1312 3565 1352 sumus
3596 1297 3655 1351 in

2012 1384 2119 1439 hoc
2155 1385 2639 1455 mundo,semper
2659 1384 3061 1439 desideremus
3080 1383 3301 1454 ingredi
3328 1390 3541 1441 terram
3568 1404 3655 1442 re-

2012 1473 2503 1545 promissionis,id
2527 1478 2616 1528 est
2638 1479 2839 1529 terram
2855 1478 3169 1541 viventium,
3185 1476 3381 1549 ibique
3396 1478 3656 1548 requies-

2013 1578 2139 1617 cere
2188 1566 2477 1634 Optemus.
2512 1563 2673 1627 Quod
2726 1568 2865 1619 tunc
2911 1565 3085 1637 digne
3132 1567 3195 1621 fit
3244 1566 3292 1621 si
3345 1581 3655 1620 numerum

2013 1667 2300 1707 annorum
2333 1650 2521 1706 aetatis
2556 1650 2741 1722 ipsius
2775 1653 3037 1710 moribus
3069 1655 3387 1710 imitemur.

2081 1739 2246 1794 Vers.
2278 1741 2367 1793 25.
2402 1740 2628 1795 Centum
2658 1757 2792 1813 ergo
2840 1750 2892 1797 et
2936 1743 3113 1799 decem
3162 1746 3285 1799 vitae
3333 1760 3448 1801 sua:
3497 1745 3660 1799 annis

2012 1830 2239 1900 expletis
2268 1838 2511 1883 mortuus
2558 1839 2651 1885 est.
2688 1831 2755 1885 Et
2800 1849 2905 1887 nos
2946 1834 3307 1899 studeamus,
3354 1835 3507 1905 quod
3560 1851 3662 1906 per

2015 1918 2281 1989 Decalogi
2328 1935 2640 1973 numerum
2672 1919 2759 1974 vel
2807 1921 3232 1977 observantiam
3265 1924 3337 1977 ad
3384 1928 3658 1978 aeternam

2014 2006 2431 2062 beatitudinem
2466 2024 2642 2078 quam
2666 2010 3035 2065 centenarius
3059 2029 3340 2067 numerus
3371 2013 3657 2083 designat,

2016 2097 2440 2166 perveniamus.
2478 2098 2733 2153 Conditus
2778 2107 2855 2154 est
2906 2116 3114 2172 quoque
3164 2103 3504 2156 aromatibus
3548 2104 3663 2173 ipse

2014 2185 2232 2254 Ioseph,
2266 2195 2317 2239 et
2345 2189 2609 2255 repositus
2641 2197 2718 2241 est
2750 2190 2807 2241 in
2840 2189 3011 2243 loculo
3044 2191 3102 2243 in
3133 2191 3379 2261 Egypto.
3417 2189 3662 2244 Loculus

2019 2277 2107 2326 est
2130 2290 2230 2328 vas
2253 2274 2792 2344 repositorium,ubi
2815 2276 3045 2346 aliquod
3071 2280 3489 2333 asservandum
3511 2295 3667 2332 com-

2022 2356 2348 2416 mendatur.
2383 2362 2425 2417 Ο
2459 2363 2594 2418 felix
2619 2364 3357 2435 anima,qua3,aromatibus
3380 2368 3661 2422 virtutum

2029 2451 2282 2519 condita,
2339 2451 2398 2505 in
2438 2452 2548 2506 hoc
2595 2455 2939 2525 corpusculo
2975 2455 3191 2527 degens
3213 2456 3471 2527 quotidie
3489 2456 3661 2528 proti-

2019 2539 2222 2594 cieudo
2240 2541 2478 2611 perenni
2498 2541 2625 2595 vita:
2641 2543 3126 2600 reservaturlSine
3148 2546 3324 2601 dubio
3343 2546 3389 2601 si
3406 2546 3505 2600 tali
3529 2562 3662 2601 con-

2022 2628 2281 2682 dimento
2314 2628 2545 2683 condita
2577 2628 2634 2683 in
2668 2630 2801 2695 ﬁde,
2835 2648 2935 2702 spe
2966 2637 3022 2686 et
3052 2633 3336 2689 charitate
3367 2634 3663 2691 custodita

2020 2716 2321 2788 fuerit,per
2338 2717 2581 2788 gratiam
2598 2718 2811 2773 Christi
2835 2721 2904 2774 ad
2925 2721 3131 2776 divinae
3154 2723 3665 2795 contemplationis

2020 2805 2270 2876 speciem
2307 2807 2603 2876 pervenire
2621 2809 3032 2874 merebitur,cu
3033 2811 3134 2881 jus
3160 2812 3388 2884 adoptio
3412 2814 3664 2885 perfecta

2018 2898 2106 2948 est
2135 2892 2380 2961 laetitiae;
2418 2912 2593 2966 quam
2647 2896 2959 2952 Psalmista
2988 2899 3171 2954 oculis
3202 2900 3487 2972 aspiciens
3532 2903 3615 2956 ait
3647 2919 3660 2956 :

2020 2982 2349 3053 Adimplebis
2368 3000 2453 3038 me
2478 2985 2673 3040 Lrtitia
2694 3002 2817 3039 eum
2843 2988 2999 3041 vultu
3016 2996 3122 3057 tuo,
3146 2988 3375 3045 Domine
3403 3007 3414 3043 :
3439 2990 3666 3047 delecta-

2021 3073 2193 3126 tiones
2224 3073 2287 3127 in
2316 3071 2537 3127 dextera
2568 3082 2663 3128 tua
2705 3091 2877 3145 usque
2927 3077 2985 3130 in
3018 3076 3183 3145 ﬁnem
3229 3078 3397 3149 (Psal.
3428 3097 3519 3151 xv,
3553 3082 3661 3153 11).

255 3160 444 3218 donec
465 3162 917 3235 quadragesimo
939 3179 1092 3217 anno
1110 3162 1461 3217 transmisso
1478 3161 1729 3218 Jordane
1752 3163 1910 3218 veni-
1944 3154 1986 3220 C
2024 3164 2227 3215 Amen.

256 3256 386 3306 rent
444 3251 507 3306 in
557 3256 773 3307 terram
825 3250 1253 3323 promissionis.
1285 3251 1395 3306 Sed
1445 3268 1621 3306 causa
1673 3251 1910 3322 majoris

324 3412 401 3483 (a)
436 3412 529 3467 Ita
552 3412 730 3467 codex
759 3411 1036 3484 Tegerns.

2329 3250 2567 3320 Explicit
2596 3253 2972 3308 Commentum
3000 3254 3219 3309 Bresith
3248 3256 3343 3325 (α).

257 3613 3667 3653 M

1610 3767 2324 3868 RBMIGII

930 3963 1251 4020 MONACIII
1288 3963 1973 4019 ANTISSIODORENSIS
2012 3963 2299 4020 0RDINIS
2337 3964 2591 4021 SANCTI
2631 3965 3009 4024 BENEDICTI

1168 4132 1996 4280 ENARRATIONUII
2107 4133 2208 4279 IN
2316 4132 2778 4283 PSALMOS

1560 4374 1936 4467 LIBER
2008 4373 2172 4467 UN
2182 4373 2362 4467 US.

840 4708 1219 4773 DIVERSA
1270 4704 1850 4773 DIVERSORUM
1900 4704 1991 4770 IN
2044 4703 2446 4769 PSALMOS
2500 4704 3086 4773 PR/EAMBULA.

1270 4873 1372 4943 (Ex
1403 4870 1758 4927 Bibliotheca
1788 4870 2041 4926 Maxima
2069 4870 2345 4926 Veterum
2376 4874 2660 4939 Patrum.)

265 5151 403 5218 Quid
454 5149 739 5223 signiﬁcet
789 5168 846 5205 IN
878 5168 1077 5223 FINEM,
1105 5148 1245 5223 quod
1294 5152 1608 5219 frequenter
1635 5147 1914 5201 invenitur
1944 5147 1991 5211 D
2096 5146 2189 5201 Sic
2218 5146 2373 5201 enim
2407 5146 2656 5204 dicimus
2684 5150 2904 5218 ﬁnitum
2933 5151 3135 5216 cibum,
3168 5152 3268 5222 qui
3318 5153 3519 5210 sedula
3570 5172 3664 5212 co-

762 5224 822 5277 in
845 5222 1027 5278 titulis
1049 5221 1411 5292 psalmorum.

322 5328 522 5383 Finem
557 5328 786 5384 duobus
818 5328 1009 5383 modis
1048 5326 1385 5399 accipimus.
1418 5325 1651 5380 Primus
1681 5328 1770 5380 est
1800 5324 1909 5379 iste

259 5417 595 5472 communis
613 5422 785 5489 atque
807 5416 1067 5483 moralis,
1097 5416 1330 5487 quando
1352 5430 1444 5469 res
1493 5413 1692 5484 aliqua
1714 5413 1784 5467 ad
1808 5429 1904 5467 ex-

258 5506 517 5559 tremum
551 5504 799 5561 deducta
818 5503 1273 5577 pervenerit,nec
1292 5501 1539 5557 ulterius
1562 5505 1751 5573 potest
1770 5517 1904 5571 pro-

257 5590 403 5664 dire,
435 5609 574 5671 quae
613 5598 804 5651 motus
836 5594 928 5651 sui
959 5591 1277 5653 terminum
1306 5589 1589 5665 probatur
1617 5589 1898 5667 accipere.

2018 5234 2302 5289 mestione
2330 5240 2715 5307 consumptus
2746 5243 2873 5305 est;
2909 5238 3134 5294 {initam
3172 5242 3502 5312 pecuniam,
3535 5260 3666 5315 qua

2018 5325 2260 5379 docetur
2282 5339 2555 5394 expensa,
2581 5330 2637 5378 et
2667 5331 2869 5379 caetera
2900 5342 3025 5397 quat
3055 5327 3161 5383 hoc
3192 5332 3364 5387 modo
3391 5333 3668 5396 probatur

2016 5412 2187 5467 edici.

2084 5500 2387 5556 Secundus
2416 5499 2632 5555 dicitur
2662 5499 2796 5556 finis
2818 5507 3133 5575 perpetuus
3157 5510 3330 5580 atque
3352 5509 3662 5581 perfectus,

2012 5605 2187 5666 quem
2206 5589 2378 5648 modo
2399 5589 2714 5662 querimus
2736 5606 2749 5650 :
2777 5591 2879 5667 qui
2900 5604 3038 5652 tunc
3061 5596 3229 5655 nobis
3250 5598 3517 5673 protendi
3538 5615 3664 5662 ma-
