4040 6208
368 279 484 339 1'35

1155 281 1760 344 ENARRATIONES
1805 281 1882 342 IN
1931 281 2317 343 PSALMOS.
2351 311 2427 324 --
2457 276 2991 338 PRIEAMBULA.

3653 262 3774 326 ηδ

360 412 448 483 gis
477 428 542 466 ac
571 411 802 469 dilatari
833 413 1059 485 incipit,
1081 415 1314 485 quando
1347 415 1416 470 ad
1449 430 1585 470 eum
1617 429 1784 469 mens
1809 413 2012 468 devote
2041 417 2094 482 Α
2129 413 2359 468 ΗΒῙΠἛΕΟ
2382 410 2593 465 habeat
2619 410 2736 478 dia,
2767 407 2944 462 salma
2975 402 3340 475 superﬂuum
3372 401 3465 454 est
3492 395 3769 485 cessatio-

361 501 702 571 pervenerit.
743 502 893 557 Finis
943 519 1074 571 ergo
1123 504 1258 571 legis
1307 520 1371 558 ac
1410 502 1712 573 plenitudo,
1763 502 2012 557 Christus

359 597 452 656 est,
487 589 641 644 sicut
661 591 974 662 Apostolus
998 592 1139 646 dicit
1161 595 1338 659 (Rom.
1364 597 1420 662 χ)
1456 609 1468 645 ;
1503 593 1657 647 Finis
1686 593 1836 646 enim
1865 592 2012 662 legis

363 678 606 734 Christus
635 680 706 734 ad
731 683 1012 751 justitiam
1041 683 1197 737 omni
1238 681 1485 736 credenti
1505 698 1525 742 ;
1556 681 1625 735 ad
1662 697 1838 751 quem
1871 681 2007 734 dum

360 768 826 839 pervenerimus,
860 769 1006 824 nihil
1040 769 1192 824 ultra
1244 769 1656 840 perquiremus
1690 785 1702 822 :
1739 769 1836 823 sed
1883 768 2012 839 ipso

362 856 742 913 beatitudinis
774 858 888 913 ﬁne
937 858 1240 922 contracti,
1277 857 1621 928 plenissima
1650 857 2014 926 jucunditate

362 945 738 1015 perfruimur,
771 948 944 1018 cujus
975 963 1140 1002 amor
1183 950 1413 1002 tantum
1445 946 1692 1017 proﬁcit,
1726 950 2010 1016 quantum

361 1033 696 1090 intellectus
742 1040 942 1091 noster
994 1035 1242 1091 Domino
1278 1039 1588 1106 praestante
1636 1034 1926 1102 clarescit,
1957 1038 2015 1090 et

361 1122 490 1177 ideo
521 1123 749 1193 quoties
772 1125 827 1177 in
853 1123 1041 1178 titulis
1063 1125 1427 1195 psalmorum
1450 1125 1613 1194 ﬁnem
1648 1123 1922 1193 reperies,
1939 1122 2011 1177 ad

360 1211 674 1267 Dominum
705 1211 1059 1268 Salvatorem
1089 1217 1353 1267 nostrum
1377 1213 1561 1267 aciem
1589 1211 1803 1266 mentis
1831 1214 2017 1266 inten-

363 1301 454 1364 de,
489 1301 589 1370 qui
619 1305 707 1354 est
731 1300 865 1356 ﬁnis
895 1299 1019 1356 sine
1044 1300 1159 1355 fine
1190 1305 1243 1355 et
1271 1301 1557 1355 bonorum
1583 1300 1846 1355 omnium
1870 1316 2014 1354 con-

363 1393 478 1444 tem
488 1389 700 1460 plativa
733 1389 1029 1460 perfectio.

819 1479 1000 1546 Quare
1032 1495 1238 1533 psum
1268 1479 1544 1533 dicuntur.

433 1568 628 1619 Genus
674 1569 762 1619 est
808 1564 1190 1635 musicorum,
1223 1565 1332 1620 hoc
1376 1569 1464 1620 est
1513 1564 1757 1629 cithara,
1809 1564 2006 1619 decem

364 1654 613 1708 chordas
637 1652 876 1720 habens,
901 1653 994 1707 cui
1023 1658 1258 1725 propter
1288 1654 1393 1709 hoc
1425 1654 1772 1725 psalterium
1798 1669 2009 1709 nomen

363 1748 452 1797 est
481 1742 771 1809 additum,
804 1743 943 1813 quia
965 1743 1092 1812 ejus
1114 1742 1328 1814 plectro
1360 1743 1614 1813 desuper
1634 1742 1861 1796 chordae
1885 1741 2008 1814 pul-

364 1834 587 1886 santur.
619 1830 861 1893 Quando
914 1836 1106 1885 autem
1167 1830 1410 1886 inferius
1458 1831 1739 1902 tangitur,
1791 1829 2013 1886 cithara

365 1925 757 1990 nuncupatur.
793 1920 874 1974 Ex
904 1937 1017 1990 quo
1066 1919 1390 1991 intelligere
1432 1919 1631 1987 debes,
1665 1917 2010 1990 psalterium

365 2009 616 2080 desuper
644 2024 875 2078 canens,
895 2024 1011 2062 non
1033 2007 1290 2062 carnalia
1307 2013 1409 2062 aut
1436 2012 1685 2076 terrena,
1709 2007 1808 2062 sed
1837 2007 2016 2079 spiri-

368 2098 554 2153 tualia
581 2102 641 2152 et
670 2096 929 2152 ccnlestia
957 2113 1287 2167 personare.

435 2187 623 2250 Quare
655 2185 866 2257 psalmi
899 2189 1036 2239 tunc
1068 2201 1168 2256 per
1199 2186 1310 2239 ista
1341 2203 1559 2257 organa
1607 2184 2014 2240 canebantur?

364 2275 510 2338 Quia
540 2273 790 2346 populus
821 2272 1073 2329 carnalis
1105 2279 1248 2340 erat,
1282 2275 1379 2345 qui
1415 2290 1517 2346 per
1547 2273 1889 2344 hujusmodi
1920 2273 2015 2328 de-

364 2363 702 2419 elctationes
767 2364 952 2418 fuerat
986 2363 1056 2418 ad
1087 2362 1470 2419 idololatriam
1528 2363 1900 2435 depravatus,
1957 2365 2016 2418 et

368 2468 600 2507 necesse
633 2452 742 2505 fuit
761 2468 894 2506 eum
917 2451 1096 2506 simili
1119 2451 1426 2508 dulcedine
1444 2453 1514 2507 ad
1531 2452 1714 2507 Deum
1739 2450 2012 2507 revocari.

366 2539 803 2594 Austerioribus
843 2556 978 2594 eum
1012 2540 1248 2594 monitis
1297 2540 1488 2595 curari
1538 2541 1830 2595 nolebant.
1869 2541 2013 2594 Dum

367 2627 520 2682 enim
553 2633 928 2692 concurrunt,
951 2627 1120 2697 quasi
1153 2628 1379 2681 cantica
1399 2631 1456 2682 et
1486 2626 1769 2683 melodias
1791 2627 2011 2696 audire,

371 2716 550 2771 verba
579 2714 679 2770 Dei
708 2715 764 2768 in
799 2731 1000 2769 eorum
1021 2720 1245 2770 mentes
1265 2715 1487 2770 salubri
1513 2721 1569 2770 et
1591 2720 1868 2771 consueta
1891 2715 2016 2770 dul-

368 2805 572 2860 cedine
603 2804 967 2860 serebantur.
1001 2803 1183 2873 Magis
1235 2803 1391 2859 enim
1442 2809 1690 2873 tenetur,
1727 2803 2011 2876 quidquid

368 2893 615 2948 libenter
643 2893 899 2948 auditur.
933 2891 1121 2947 Simul
1151 2892 1325 2947 etiam
1357 2897 1420 2948 ut
1447 2891 1567 2947 haec
1601 2893 1786 2965 magis
1835 2909 2012 2964 quam

368 2983 565 3055 turpia
594 2982 883 3038 discerent
911 2981 1238 3036 decantare.

439 3076 558 3126 Hac
579 3087 715 3142 ergo
740 3087 918 3126 causa
941 3070 1121 3126 David
1141 3071 1350 3126 choros
1370 3075 1672 3126 cantorum
1695 3087 1825 3126 cum
1852 3070 2010 3141 prin-

2122 518 2251 557 nem
2286 499 2538 572 Spiritus
2586 496 2773 553 sancti
2807 494 3129 557 nominare,
3161 506 3296 547 cum
3349 486 3547 552 etiam,
3578 484 3627 540 si
3661 483 3772 539 hoc

2123 607 2335 646 nomen
2385 593 2716 660 poneretur,
2749 601 2920 640 nemo
2965 581 3259 637 dubitaret
3307 578 3366 632 in
3416 577 3595 630 ﬁnem
3642 587 3775 628 esse

2121 684 2436 744 cessatum,
2457 678 2554 732 sed
2583 675 2639 729 in
2670 690 2820 730 nono
2839 671 3064 744 psalmo
3085 667 3378 724 canticum
3405 660 3774 735 diapsalmus
3853 742 3856 743 ν

2122 767 2357 832 dicitur,
2380 766 2533 837 quod
2560 763 2758 834 utique
2780 758 3144 832 impossibile
3167 759 3256 811 est
3284 780 3298 822 ;
3329 759 3388 809 et
3417 752 3550 825 quis
3573 753 3776 824 posset

2123 855 2412 910 cantando
2442 867 2692 916 cessare,
2725 855 2827 906 aut
2857 847 3139 904 cessando
3169 848 3403 900 cantare
3422 842 3450 896 ’ἔ

2197 946 2272 999 De
2302 944 2393 998 his
2426 947 2621 998 autem
2651 939 2750 1011 qui
2782 939 2910 994 sine
2940 935 3127 992 titulis
3157 937 3295 990 sunt
3321 931 3560 987 traditio
3589 929 3768 984 etiam

2126 1033 2256 1089 talis
2287 1037 2396 1099 est,
2421 1037 2486 1087 ut
2509 1032 2682 1100 cujus
2708 1027 2962 1086 auctoris
2992 1022 3354 1098 praescriptio
3384 1016 3769 1092 praecesserit,

2122 1121 2307 1177 caeteri
2323 1122 2421 1192 qui
2435 1121 2560 1176 sine
2574 1118 2738 1174 titulo
2752 1122 3084 1188 sequuntur
3096 1113 3424 1184 ipsiusesse
3435 1108 3768 1164 credantur.

2193 1211 2506 1266 Sciendum
2535 1214 2730 1263 tamen
2760 1219 2849 1262 est
2877 1204 3032 1276 quod
3063 1203 3218 1276 apud
3262 1199 3534 1256 Hebraeos
3563 1210 3772 1254 omne

2122 1299 2335 1372 psalmi
2361 1297 2882 1370 permistifuerunt
2901 1298 2958 1349 et
2979 1290 3294 1348 inordinati
3316 1307 3328 1345 :
3349 1287 3502 1360 quod
3527 1284 3766 1358 quidem

2121 1387 2348 1458 primus
2383 1387 2592 1441 Esdras
2638 1386 2696 1440 in
2729 1399 2912 1438 unum
2958 1381 3228 1437 volumen
3261 1377 3471 1449 coegit,
3502 1380 3559 1431 et
3590 1374 3647 1428 in
3675 1385 3769 1428 or-

2121 1476 2313 1531 dinem
2349 1490 2774 1545 numerumque
2795 1471 3189 1542 disposuit,ac
3218 1465 3422 1523 titulos
3452 1462 3765 1537 apposuit:

2120 1581 2186 1621 ac
2199 1582 2299 1637 per
2314 1565 2424 1620 hoc
2444 1564 2735 1620 occultum
2750 1558 3098 1618 sacramenti
3118 1555 3457 1625 mysterium
3481 1551 3627 1609 alios
3641 1550 3772 1607 aliis

2123 1654 2441 1726 praetulerit
2455 1652 2676 1708 ordine.
2693 1652 2946 1706 Decorus
2963 1653 3020 1705 et
3046 1645 3334 1703 mirabilis
3355 1643 3768 1710 ordo,numero

2121 1743 2357 1815 quidem
2390 1742 2636 1811 mystico
2689 1740 3060 1805 terminatus,
3094 1736 3196 1792 sed
3222 1733 3401 1790 sacris
3449 1731 3770 1787 virtutibus

2123 1831 2410 1887 inﬁnitus.
2444 1829 2546 1885 Hic
2574 1835 2769 1885 autem
2801 1833 2957 1884 totus
2989 1826 3130 1881 ordo
3161 1822 3546 1896 psalmorum,
3579 1836 3767 1892 quan-

2121 1925 2249 1976 tum
2282 1920 2607 1975 humanum
2628 1917 2930 1990 ingenium
2952 1914 3301 1985 investigare
3332 1909 3768 1985 praevaluitﬁu-

2123 2009 2260 2080 plici
2288 2008 2562 2081 mysterio
2592 2007 2852 2062 noscitur
2882 2021 3010 2061 esse
3040 2005 3344 2060 decursus.

2197 2097 2478 2164 Primum,
2511 2097 2662 2151 sicut
2711 2094 3052 2151 auctoritate
3099 2093 3332 2147 Patrum
3379 2091 3600 2146 dictum
3655 2093 3770 2158 est,

2123 2185 2264 2242 Novi
2278 2191 2333 2241 et
2345 2185 2566 2242 Veteris
2579 2184 2940 2240 Testamenti
2953 2185 3321 2238 sacramenta
3337 2178 3764 2252 complectitur.

2123 2279 2351 2348 Septem
2385 2275 2602 2346 quippe
2649 2273 2896 2328 decades
2946 2272 3276 2327 referuntur
3313 2269 3385 2325 ad
3416 2268 3766 2334 Sabbatum,

2125 2364 2279 2435 quod
2302 2365 2373 2419 ad
2398 2361 2822 2436 primamillam
2838 2359 3086 2432 pertinet
3106 2359 3234 2414 sine
3255 2357 3432 2412 dubio
3454 2355 3766 2412 culturam:

2123 2457 2251 2509 octo
2281 2469 2414 2508 vero
2465 2451 2710 2507 decades
2741 2467 2869 2522 quae
2913 2453 3244 2520 sequuntur
3274 2450 3472 2502 nostro
3519 2444 3770 2516 tempori

2124 2543 2501 2612 deputantur,
2535 2540 2636 2610 qui
2668 2537 3151 2594 resurrectionem
3185 2535 3414 2591 Domini
3445 2534 3540 2590 die
3569 2539 3772 2590 octava

2126 2629 2222 2700 pia
2243 2629 2544 2683 devotione
2563 2643 2926 2683 veneramur.
2953 2626 3239 2692 Secundo,
3265 2624 3406 2696 quia
3425 2623 3579 2679 sicut
3596 2624 3770 2695 quin-

2124 2716 2406 2789 quaginta
2429 2716 2634 2771 diebus
2651 2716 3002 2788 superducto
3034 2713 3251 2769 diluvio
3275 2712 3624 2769 criminibus
3648 2712 3771 2768 suis

2123 2811 2279 2860 terra
2307 2805 2492 2859 diluta
2521 2810 2627 2874 est,
2661 2804 2744 2860 sic
2770 2803 3131 2876 psalmorum
3163 2801 3489 2875 spiritualis
3519 2802 3771 2874 abyssus

2124 2893 2374 2964 peccatis
2403 2893 2711 2965 inquinata
2739 2893 2915 2948 corda
2935 2891 3271 2948 mortalium
3292 2906 3482 2962 usque
3511 2890 3583 2945 ad
3605 2891 3768 2961 judi-

2123 2983 2196 3037 cii
2227 2986 2462 3054 tempus
2493 2987 2770 3053 perpetua
2799 2981 3183 3038 inundatione
3212 2979 3502 3052 puriﬁcat.

2194 3071 2411 3127 Psalmi
2454 3088 2656 3126 omnes
2705 3070 2806 3142 qui
2859 3071 3263 3127 inscribuntur
3312 3070 3420 3140 ipsi
3463 3068 3663 3136 David,
3695 3069 3768 3125 ad

369 3160 597 3232 cipibus
619 3159 744 3214 suis
764 3159 1125 3230 octogintaet
1144 3165 1270 3214 octo
1290 3160 1345 3214 in
1363 3159 1846 3230 Paralipomenon
1869 3159 2010 3230 legi-
2041 3152 2082 3217 C
2121 3159 2329 3214 Christi
2362 3161 2655 3231 pertinent
2703 3164 3164 3226 sacramentum,
3197 3158 3336 3231 quia
3366 3157 3544 3214 David
3577 3159 3771 3214 dictus

368 3255 466 3303 tur
495 3249 817 3314 ordinasse,
852 3253 917 3302 ut
949 3247 1291 3319 magnitudo
1312 3250 1539 3303 sonitus
1569 3263 1923 3320 organorum
1956 3252 2013 3302 et
2119 3253 2209 3304 est
2239 3247 2500 3304 Christus.
2524 3248 2782 3319 Denique
2806 3248 3014 3320 psalmi
3047 3248 3147 3320 qui
3181 3248 3380 3320 tugam
3403 3246 3768 3318 passionem-

287 3334 290 3336 ⁷
367 3354 574 3393 vocum
606 3335 805 3409 populi
847 3353 946 3392 cor
974 3341 1031 3391 et
1077 3335 1378 3392 delectatio
1408 3337 1611 3392 terrori
1647 3337 1824 3391 mista
1853 3352 2013 3391 com-

368 3443 442 3498 pu
453 3430 672 3498 ngeret.

439 3515 737 3580 Quomodo
760 3512 1004 3568 solvitur
1027 3515 1180 3584 quod
1214 3513 1447 3581 dicitur,
1479 3513 1790 3585 defecerunt
1829 3513 2013 3568 laudes

365 3604 560 3669 David,
596 3607 655 3658 et
694 3607 895 3674 postea
944 3601 1323 3657 inveniuntur
1371 3602 1582 3674 psalmi
1615 3603 1839 3658 David?
1870 3603 1963 3658 Sic
1998 3619 2010 3656 :

365 3691 624 3747 sciamus
655 3690 712 3744 in
736 3707 850 3762 quo
883 3689 1110 3762 psalmo
1137 3690 1425 3745 ﬁniuntur
1457 3707 1469 3745 :
1506 3692 1564 3746 in
1583 3690 2014 3762 septuagesimo

365 3779 585 3836 scilicet
619 3779 829 3851 primo,
855 3779 953 3850 qui
984 3779 1313 3834 Salomonis
1343 3779 1636 3848 titulatur,
1661 3783 1720 3833 et
1750 3779 1821 3833 ad
1852 3777 2014 3834 Salo-

364 3885 597 3924 inonem
650 3867 889 3924 omnino
956 3884 1070 3922 non
1123 3867 1393 3938 pertinet,
1445 3867 1546 3921 sed
1588 3867 1659 3920 ad
1691 3865 2011 3921 Christum.

364 3957 569 4012 Merito
582 3973 718 4027 ergo
733 3955 937 4010 laudes
952 3956 1128 4011 David
1151 3955 1209 4009 in
1235 3953 1409 4009 laude
1430 3953 1640 4010 Christi
1664 3953 1837 4008 ﬁnitae
1857 3958 2014 4019 sunt,

370 4045 512 4117 quia
541 4044 632 4099 lex
653 4050 710 4099 et
739 4044 1034 4114 propheta:
1065 4059 1248 4114 usque
1279 4042 1350 4098 ad
1373 4043 1656 4098 Joannem
1681 4043 2019 4114 praedicave—

367 4137 504 4188 runt
526 4132 734 4200 (Matth.
757 4133 858 4202 x1).
877 4133 940 4186 In
963 4131 1270 4187 Salomone
1289 4132 1412 4202 (sic)
1434 4148 1664 4203 quoque
1686 4130 2019 4186 intitulatur

367 4239 541 4290 unus,
571 4220 757 4276 Oratio
787 4220 956 4291 Moysi
976 4221 1212 4275 hominis
1236 4221 1355 4284 Dei,
1388 4221 1444 4274 id
1476 4225 1582 4290 est,
1610 4220 1707 4291 (α),
1733 4219 1850 4276 sive
1873 4221 2016 4276 duo-

365 4309 578 4376 decim,
595 4311 766 4380 juxta
791 4309 1083 4376 Hebraeos,
1105 4308 1202 4380 qui
1227 4307 1395 4363 aiunt
1424 4313 1735 4379 sequentes
1757 4309 2016 4380 psalmos

367 4415 556 4470 usque
578 4399 648 4453 ad
677 4396 1124 4469 nonagesimum
1151 4413 1371 4452 nonum
1395 4397 1629 4452 titulum
1663 4414 1778 4453 non
1802 4397 2017 4453 haben-

365 4494 475 4552 tes,
509 4488 866 4560 octogesimo
914 4492 1112 4542 octavo
1144 4503 1272 4542 esse
1296 4487 1610 4558 jugendos,
1645 4487 1796 4542 sicut
1847 4487 1906 4541 in
1951 4486 2017 4540 1i-

362 4577 468 4632 bro
505 4575 942 4648 prophetarum,
981 4592 1228 4647 quorum
1263 4580 1526 4647 tempora
1574 4592 1690 4630 non
1721 4579 2014 4630 notantur.

437 4665 544 4729 Qui
600 4669 691 4719 est
766 4665 1075 4735 diapsalma
1123 4669 1148 4718 .9
1211 4663 1556 4736 Ubicunque
1638 4663 2019 4735 Septuaginta

365 4751 675 4823 diapsalma
752 4757 1094 4823 posuerunt,
1164 4753 1222 4807 in
1290 4752 1527 4808 Hebraeo
1594 4770 1708 4807 non
1768 4751 2020 4806 habetur

365 4841 692 4912 diapsalma,
727 4840 824 4894 sed
874 4856 1030 4905 seu,
1067 4841 1174 4896 hoc
1231 4846 1320 4896 est
1365 4857 1575 4912 semper
1627 4859 1644 4895 :
1691 4839 2019 4912 diapsalma

365 4931 781 5000 interpretatur
797 4931 1162 4998 percontatio.
1183 4929 1380 4999 Ipsum
1413 4935 1606 4984 autem
1632 4929 1868 4984 verbum
1903 4929 2017 4983 seta

367 5019 479 5090 ipsi
531 5017 920 5088 Septuaginta
972 5018 1032 5070 in
1091 5018 1278 5087 ﬁnem,
1333 5023 1469 5072 sunt
1516 5017 1902 5089 interpretati,
1958 5016 2018 5072 in

368 5106 594 5178 psalmo
644 5104 1076 5176 septuagesimo
1131 5104 1388 5160 dicentes
1432 5123 1444 5160 :
1488 5107 1705 5160 Etenim
1758 5106 2018 5160 Dominus

369 5194 639 5250 habitabit
663 5194 722 5247 in
753 5193 945 5263 ﬁnem.
974 5193 1056 5247 Ita
1085 5196 1141 5248 et
1161 5191 1281 5264 ipsi
1305 5208 1419 5246 non
1453 5192 2017 5247 intellexeruntsela.

369 5281 620 5346 Quidam
655 5297 795 5336 sane
844 5286 1052 5352 putant
1084 5280 1470 5338 cessationem
1529 5281 1778 5353 Spiritus
1832 5281 2018 5336 sancti

369 5388 498 5428 esse
527 5369 895 5443 diapsalma;
929 5371 1030 5426 sed
1061 5387 1194 5427 cum
1219 5370 1278 5427 in
1312 5371 1488 5428 ﬁnem
1521 5371 1680 5428 tertii
1714 5369 1926 5444 psalmi
1961 5371 2018 5425 in

443 5584 517 5670 (α)
544 5586 712 5643 Deest
737 5581 985 5662 aliquid.

2123 3354 2236 3407 que
2267 3337 2444 3392 David
2479 3337 2789 3409 explicant,
2824 3338 3142 3392 ostendunt
3171 3336 3368 3408 fugam
3401 3335 3770 3407 passionem-

2123 3443 2236 3497 que
2267 3425 2650 3480 Dominicam.
2685 3425 2768 3480 Illi
2803 3429 2996 3481 autem
3021 3424 3120 3497 qui
3154 3427 3212 3479 in
3241 3425 3405 3495 ﬁnem
3435 3424 3769 3480 inscribun-

2122 3520 2218 3568 tur
2247 3515 2658 3585 perfectionem
2715 3516 2998 3568 bonorum
3048 3530 3290 3585 operum
3323 3513 3600 3585 produnt,
3635 3513 3772 3584 quia

2124 3601 2218 3656 hic
2248 3602 2384 3656 ﬁnis
2415 3601 2722 3656 dissimilis
2753 3606 2844 3656 est
2873 3601 3006 3656 aliis
3023 3601 3413 3670 ﬁnibus,cum
3445 3600 3542 3656 ille
3562 3601 3772 3658 habeat

2123 3689 2218 3744 hic
2249 3689 2671 3761 replementum
2699 3706 2711 3743 :
2737 3691 2887 3744 Finis
2907 3692 3052 3746 enim
3083 3690 3224 3762 legis
3243 3689 3490 3745 Christus
3508 3690 3589 3746 ad
3598 3691 3772 3762 justi-

2125 3778 2258 3832 tiam
2287 3779 2441 3833 omni
2467 3777 2709 3833 credenti
2739 3779 2912 3846 (Rom.
2949 3780 3057 3849 10).

2194 3867 2304 3921 Pro
2342 3867 2726 3935 torcularibus,
2755 3883 2858 3938 pro
2889 3872 3238 3922 aeternorum
3286 3883 3598 3923 munerum
3651 3868 3771 3924 fru-

2126 3955 2320 4010 ctibus
2351 3955 2607 4027 hymnus
2628 3961 2732 4010 est.

2198 4048 2307 4098 Pro
2339 4043 2432 4099 his
2477 4045 2574 4114 qui
2609 4044 3036 4100 hzsreditabunt
3070 4043 3508 4100 retributionem
3543 4050 3776 4102 saneto-

2127 4149 2280 4196 rum,
2313 4132 2436 4188 sive
2465 4132 2743 4198 Ecclesia,
2779 4150 2903 4204 qua:
2934 4137 3023 4188 est
3053 4149 3265 4204 corpus
3295 4131 3533 4200 Christi,
3565 4139 3623 4190 et.
3653 4135 3776 4191 he-

2129 4221 2427 4276 reditatem
2461 4221 2650 4292 capiet
2679 4221 2843 4292 regni
2873 4220 3172 4276 caelorum.
3509 4237 3518 4240 ·

2197 4315 2304 4364 Pro
2316 4309 2775 4373 octava.Quidam
2793 4309 2948 4364 hunc
2963 4325 3273 4365 numerum
3290 4309 3581 4383 Evangelii
3596 4311 3778 4382 depu-

2124 4401 2342 4465 tant,eo
2357 4397 2512 4469 quod
2526 4399 2973 4453 continenturin
2989 4398 3080 4452 his
3093 4398 3776 4472 beatitudines,perquas

2047 4511 2094 4575 Β
2125 4485 2354 4540 venitur
2373 4485 2432 4540 in
2457 4502 2701 4558 regnum
2724 4487 2856 4555 Dei;
2890 4487 3010 4542 sive
3030 4486 3191 4543 illius
3223 4504 3368 4544 arcis
3389 4493 3516 4544 octo
3542 4489 3775 4544 animai.

2197 4579 2261 4629 In
2293 4574 2633 4631 dedicatione
2663 4575 2751 4630 vel
2782 4578 3253 4632 consummatione
3282 4577 3628 4633 tabernaculi
3648 4594 3777 4649 per-

2125 4663 2296 4718 fectio
2326 4663 2591 4718 Ecclesia:
2622 4663 2988 4736 intelligitur.

2198 4757 2306 4806 Pro
2351 4750 2436 4807 his
2467 4754 2564 4824 qui
2609 4757 3108 4809 commutabunlur.
3165 4753 3270 4809 Pro
3314 4753 3514 4826 populi
3544 4753 3778 4810 Judaici

2129 4858 2195 4897 ac
2221 4841 2588 4913 gentilitatis,
2622 4843 2704 4898 vel
2729 4843 3042 4915 Synagogzs
3073 4848 3129 4898 et
3158 4841 3428 4900 Ecclesiae
3448 4846 3776 4899 commuta-

2126 4930 2303 4997 tione,
2339 4930 2616 5000 providet.

2199 5020 2309 5074 Pro
2339 5020 2586 5074 occultis.
2620 5019 2698 5074 De
2729 5019 2980 5074 adventu
3012 5018 3116 5074 ﬁlii
3148 5020 3249 5077 Dei
3281 5020 3640 5093 pronuntiat,
3671 5021 3776 5092 qui

2127 5107 2341 5163 Judmis
2375 5107 2639 5162 occultus
2669 5107 2798 5161 fuit.

2202 5196 2486 5252 Canticum
2517 5197 2957 5252 resurrectionis.
2995 5196 3184 5269 Ipsius
3231 5197 3546 5254 Dominicis
3579 5211 3775 5254 resur-

2133 5285 2402 5340 rectionis
2431 5283 2664 5340 veritas.

2202 5372 2392 5428 Oratio
2420 5375 2606 5447 Moysi
2646 5375 2884 5432 hominis
2915 5376 3030 5432 Dei.
3067 5376 3152 5431 Ad
3187 5374 3373 5449 legem
3405 5375 3505 5432 Dei
3535 5375 3774 5432 reverti-
