4040 6208
302 245 415 305 137

303 354 324 403 t

297 465 507 522 satiare
535 468 895 536 pronuntiat.

371 555 626 611 Psalmus
656 557 707 611 ir
737 557 1099 624 Salomonem,
1131 559 1189 613 id
1222 562 1311 614 est
1338 559 1649 631 paciﬁcum,
1682 558 1835 630 quod
1869 560 1957 613 est

301 644 358 698 in
385 644 641 710 Christo,
674 646 774 717 qui
802 650 889 702 est
918 664 1027 719 pax
1057 650 1274 702 nostra.

362 734 426 788 In
453 733 801 805 confessione
831 752 967 791 vero
1025 736 1191 792 decet
1224 741 1288 791 ut
1312 736 1534 808 jugiter
1562 735 1738 790 homo
1770 735 1954 789 Deum

298 826 349 877 et
378 837 515 877 voce
548 822 800 878 fateatur
829 828 886 878 et
915 825 1117 879 corde.

369 909 458 964 Illi
476 926 618 966 sane
637 912 738 982 qui
761 928 852 967 res
865 916 1060 984 gestas
1077 914 1400 967 secundum
1423 911 1677 967 litteram
1694 915 1953 978 narrant,

300 998 569 1054 verticem
584 998 867 1071 spiritalis
879 1000 1276 1071 intelligentia:
1290 1007 1679 1072 cognoscuntu
1690 1000 1951 1055 rhabere.

368 1087 637 1144 Psalmus
670 1088 923 1144 ﬁliorum
957 1089 1097 1145 Core
1120 1107 1222 1160 per
1252 1090 1583 1161 passionem
1615 1089 1832 1144 Christi
1861 1104 1954 1143 re-

304 1176 647 1232 dimendum
682 1177 964 1249 populum
999 1179 1389 1250 prmfiguravit
1416 1195 1428 1235 :
1462 1178 1599 1250 quia
1620 1184 1757 1233 Core
1785 1178 1958 1233 inter-

306 1269 573 1337 pretatur
648 1267 951 1333 calvitium,
1011 1268 1149 1339 quia
1196 1267 1480 1322 Dominus
1537 1274 1735 1323 noster
1784 1266 1959 1322 Jesus

298 1353 565 1409 Christus
596 1354 655 1408 in
689 1354 813 1409 lozo
840 1354 1109 1411 Calvaria:
1141 1356 1455 1410 cruciﬁxus
1476 1359 1580 1410 est.

364 1460 472 1515 Pro
500 1463 682 1516 verbis
704 1461 1002 1529 Chusi/ilii
1029 1463 1254 1517 Jcmini.
1276 1462 1393 1517 Hoc
1424 1466 1533 1530 est,
1567 1463 1723 1534 quod
1754 1462 1956 1529 Chusi,

298 1548 497 1605 relicto
528 1549 729 1619 David,
765 1550 836 1605 ad
864 1550 1137 1605 Absaloan
1172 1550 1432 1619 transiit,
1465 1551 1564 1623 qui
1598 1556 1722 1606 erat
1770 1550 1956 1607 hostis

295 1637 479 1710 patris
505 1638 618 1706 sui,
651 1638 806 1694 sicut
834 1639 1019 1695 Judas
1050 1639 1284 1697 Christi.

1088 247 1693 310 ENARRATIONES
1740 247 1815 307 ΙΝ
1863 246 2248 307 PSALMOS.
2281 279 2359 290 -—
2391 245 2930 309 PR/EAMBULA.

329 395 417 432 ur.
454 393 520 432 eo
551 380 709 449 quod
752 379 879 452 ipsa
909 396 1015 436 nos
1070 381 1473 453 Redemptoris
1530 379 1955 435 resurrectione
1983 380 2039 444 Α
2139 379 2261 432 Non
2294 378 2448 433 enim
2504 378 2827 450 supradicti
2861 376 2969 431 viri
3021 376 3091 430 ad
3126 375 3391 447 psalmos
3422 378 3719 437 faciendos

3599 247 3714 307 138

2066 465 2229 521 electi
2263 468 2529 536 sunt,sed
2563 484 2661 523 eos
2693 470 3074 539 congregatos
3106 467 3333 519 tantum
3366 464 3618 533 legimus
3650 470 3722 524 ad

2066 556 2416 623 canendum;
2434 556 2919 629 psalmographos
2938 559 3129 609 autem
3147 555 3327 608 fuisse
3342 553 3587 610 historia
3601 556 3727 611 nul-

2066 644 2123 697 1a
2145 648 2475 699 testaturzet
2498 649 3033 717 prmsumptiiosum
3057 649 3145 699 est
3167 643 3536 714 dicere,quod
3559 643 3722 701 nulla

2066 733 2249 804 possit
2271 733 2613 787 auctoritate
2634 732 3174 804 probare.Psalmos
3206 735 3399 786 autem
3433 731 3503 786 ad
3528 731 3720 788 solum

2067 838 2170 893 pro
2182 821 2421 893 phetam
2436 821 2609 875 David
2637 823 2919 893 pertinere
2936 822 3108 876 certis
3123 820 3451 876 declaratur
3466 820 3719 878 indiciis.

2137 926 2398 998 Denique
2422 928 2477 982 in
2506 926 2852 999 Apocalypsi
2880 927 3078 982 volens
3103 927 3259 982 istud
3281 944 3429 999 opus
3451 927 3717 1000 intelligi,

2066 1014 2229 1069 solus
2263 1016 2432 1069 David
2472 1015 2756 1082 meminit,
2790 1016 2989 1071 dicens
3030 1033 3044 1072 :
3097 1018 3224 1072 H.730
3252 1017 3382 1072 dicit
3413 1024 3636 1072 sanctus
3664 1022 3719 1072 et

2065 1120 2249 1170 verus,
2283 1106 2382 1176 qui
2436 1105 2595 1159 habet
2632 1106 2837 1160 clatum
2894 1105 3087 1171 David,
3140 1108 3236 1175 qui
3264 1109 3518 1177 aperit,et
3564 1123 3719 1163 nemo

2066 1192 2311 1253 claudit;
2338 1193 2626 1261 claudit,et
2660 1210 2814 1248 nemo
2844 1196 3019 1264 aperit
3050 1196 3232 1263 (Apoc.
3257 1196 3432 1265 111).ln
3469 1196 3720 1269 Evange-

2065 1279 2141 1333 lio
2158 1298 2390 1352 quoque
2412 1282 2721 1337 Phariszeis
2734 1283 3019 1338 Dominus
3034 1284 3481 1351 dicit:Quomodo
3493 1302 3618 1355 ergo
3632 1289 3727 1342 Da-

2064 1369 2155 1423 vid
2195 1372 2251 1423 in
2285 1372 2481 1441 spiritu
2520 1376 2669 1426 vocat
2691 1390 2817 1425 eum
2862 1374 3170 1441 Dominum,
3195 1372 3380 1428 dicens
3399 1394 3418 1427 :
3444 1375 3594 1429 Diatit
3624 1381 3726 1431 Do-

2064 1459 2248 1513 minus
2280 1460 2506 1514 Domino
2540 1460 2860 1515 meo:Sc.iea
2883 1461 3095 1515 dextris
3116 1460 3516 1530 mcis?(Malih.
3550 1468 3718 1532 xxu.)

2066 1545 2229 1602 Unde
2262 1549 2541 1619 probatur
2590 1548 2890 1605 universos
2938 1549 3200 1621 psalmos
3242 1567 3357 1606 non
3404 1550 3725 1608 multorum

2064 1635 2329 1701 existere,
2364 1637 2464 1692 sed
2512 1642 2741 1692 tantum
2802 1638 2989 1710 ipsius
3046 1656 3220 1710 quem
3253 1657 3287 1694 a
3316 1640 3562 1696 Domino
3596 1658 3728 1697 con-

368 1729 433 1782 In
464 1727 868 1800 assumptione
899 1728 1210 1784 matutina.
1261 1732 1406 1796 Quia
1452 1728 1732 1785 Dominus
1761 1746 1955 1785 resur-
1987 1748 2036 1812 Β
2067 1729 2184 1780 stat
2206 1742 2335 1780 esse
2368 1726 2919 1782 nominatum.Usus
2951 1744 3184 1799 quoque
3208 1727 3506 1784 catholicae
3540 1729 3727 1785 Eccle-

294 1831 441 1889 gens
470 1832 642 1873 mane
672 1816 1065 1889 assumpserit
1094 1816 1510 1889 captivitatem,
1544 1818 1827 1874 reducens
1868 1834 1957 1873 ee-

295 1921 432 1960 cum
465 1920 534 1960 ex
562 1905 789 1961 inferis.

365 1994 430 2049 In
465 1994 653 2067 prima
681 1994 941 2049 Sabbati.
971 1995 1031 2048 In
1064 1994 1193 2067 ipsa
1226 1995 1670 2052 resurrectione.

362 2084 700 2155 Priusquam
729 2084 1354 2155 liniretur.Antequam
1388 2084 1814 2139 resurrectione
1836 2082 1956 2138 cla-

287 2166 646 2228 riﬁcaretur.

359 2262 433 2317 In
465 2260 1004 2316 remunerationem
1053 2260 1423 2328 delictorum,
1456 2260 1658 2333 utique
1691 2277 1957 2316 suorum.

284 2340 615 2405 Canticum
660 2348 951 2420 graduum
1001 2348 1292 2404 ccelestem
1328 2349 1597 2421 designat
1626 2365 1956 2404 ascensum.

298 2428 305 2433 ’
364 2436 652 2493 Psalmus
683 2453 818 2509 ergo
851 2436 947 2491 ille
1004 2437 1101 2502 qui
1137 2437 1194 2491 in
1224 2437 1414 2493 medio
1452 2436 1813 2493 canticorum
1836 2453 1960 2509 gra-

294 2528 493 2581 duum
524 2529 924 2597 est,tanquam
958 2525 1137 2581 turris
1168 2525 1565 2597 pulcherrima
1594 2525 1848 2597 ponitur.

363 2614 483 2671 Sed
517 2630 623 2668 nec
663 2613 789 2669 sine
812 2612 1087 2686 mysterio
1119 2613 1366 2669 arcitror
1393 2630 1541 2679 esse,
1575 2613 1729 2685 quod
1760 2612 1854 2668 hic
1886 2612 1956 2667 li-

290 2692 401 2759 her
434 2702 495 2758 in
536 2702 725 2758 tribus
756 2700 1278 2774 quinquagenariis
1308 2706 1535 2757 constat
1564 2702 1838 2773 scriptus.

366 2790 608 2846 Primus
639 2790 795 2846 enim
856 2790 1263 2845 remissionem
1300 2796 1667 2861 peccatorum
1700 2794 1953 2862 praestat.

289 2879 609 2935 Secundus
641 2879 709 2934 ad
753 2894 915 2948 Spem
948 2877 1154 2933 invitat
1202 2878 1364 2950 regni
1411 2877 1684 2934 cmlestis.
1727 2879 1956 2934 Tertius

286 2986 400 3024 nos
436 2968 513 3023 ad
551 2984 796 3041 regnum
827 2969 1051 3023 aeternae
1081 2966 1460 3022 beatitudinis
1492 2967 1689 3023 mittit.

312 3060 319 3064 ’
358 3074 723 3147 Diapsalmaa
754 3090 909 3145 vero,
940 3091 1068 3146 qum
1096 3089 1309 3146 semper
1337 3073 1818 3145 interpretantur,
1850 3075 1952 3130 do-
1986 3109 2029 3174 C

281 3167 423 3221 cent
455 3168 526 3218 ut
556 3162 761 3218 animae
792 3179 1024 3237 semper
1053 3162 1110 3218 in
1141 3162 1236 3219 his
1285 3168 1616 3218 exerceatur
1646 3162 1833 3217 ﬁdelis
1864 3162 1953 3218 in-

281 3251 501 3309 tentia.

351 3340 416 3397 In
452 3341 655 3413 primo
684 3339 831 3395 libro
856 3339 1343 3412 Paralipomenon
1378 3337 1649 3410 legitur(l
1669 3342 1953 3411 Par.xxv),

278 3445 417 3485 cum
445 3429 637 3485 David
660 3429 945 3501 propheta
965 3429 1171 3484 devota
1191 3428 1439 3483 Domino
1455 3430 1620 3482 aetate
1642 3427 1956 3497 senuisset,

279 3524 557 3590 quatuor
577 3519 825 3588 juvenes
855 3534 925 3573 ex
954 3517 1273 3573 Israelitico
1306 3515 1520 3589 pepulo
1551 3515 1815 3588 elegisse,
1858 3516 1956 3589 qui

279 3604 566 3676 psalmos
596 3621 745 3676 quos
778 3605 903 3677 ipse
932 3604 1163 3660 Domini
1223 3603 1584 3675 aspiratione
1618 3603 1957 3675 protulerat,

278 3694 564 3768 organis,
594 3692 857 3759 citharis,
889 3693 1103 3757 nablis,
1138 3691 1958 3765 tympanis,cymbalis,tubis.

280 3782 661 3856 propriaque
716 3798 852 3837 voce
902 3781 961 3835 in
1008 3797 1222 3852 magna
1270 3780 1639 3852 jucunditate
1696 3796 1958 3851 supernae

279 3873 496 3944 gratia:
534 3875 946 3944 personarent.

353 3964 505 4027 Quae
541 3959 745 4015 suavis
776 3957 1076 4025 adunatio,
1104 3958 1295 4013 tribus
1319 3956 1587 4030 partibus
1618 3957 1802 4014 divisa
1831 3974 1963 4013 con-

280 4051 509 4106 stabat.
553 4047 878 4105 Rationalis
908 4047 1236 4119 pertinebat
1264 4047 1334 4101 ad
1368 4046 1686 4102 humanam
1739 4063 1959 4113 vocem,

278 4136 669 4195 irrationalis
703 4137 776 4192 ad
808 4137 1201 4192 instrumenta
1228 4134 1473 4191 musica.
1503 4134 1845 4191 Communis
1866 4152 1965 4190 au-

281 4231 402 4284 tem
442 4228 526 4284 de
582 4225 854 4298 utrisque
886 4225 1152 4296 partibus
1184 4225 1515 4296 aptabatur,
1548 4228 1612 4279 ut
1640 4228 1697 4279 et
1724 4240 1831 4279 vox
1862 4223 1963 4279 ho-

280 4316 469 4372 minis
501 4313 687 4371 certis
718 4312 1218 4368 modulationibus
1240 4312 1962 4378 ederetur,etinstrumen-

277 4407 487 4461 torum
527 4401 722 4459 melos
768 4418 1026 4458 consona
1059 4401 1431 4472 jucunditate
1488 4401 1962 4473 conjungeretur.

2067 1813 2188 1882 size,
2220 1814 2475 1885 Spiritus
2505 1815 2692 1871 sancti
2727 1815 3496 1888 inspiratione,generaliter
3526 1823 3583 1873 et
3611 1818 3722 1873 im-

2067 1900 2359 1957 mobiliter
2372 1907 2527 1958 tenet
2542 1908 2605 1958 ut
2619 1903 2952 1975 quicunque
2964 1920 3165 1960 eorum
3181 1906 3508 1961 cantandus
3526 1907 3721 1974 fuerit,

2066 1991 2165 2062 qui
2199 2008 2266 2046 ex
2288 1991 2571 2047 divisione
2603 1996 2980 2064 praenotatur,
3015 1993 3194 2049 lector
3220 1994 3378 2049 aliud
3410 1996 3723 2066 praedicare

2074 2095 2189 2135 non
2222 2081 2456 2145 audeat,
2515 2081 2627 2136 nisi
2684 2082 2936 2137 Psalmus
2967 2083 3177 2144 David;
3209 2085 3363 2155 quod
3421 2084 3467 2139 si
3528 2088 3725 2140 essent

2068 2169 2284 2240 proprii
2323 2172 2425 2224 aut
2454 2169 2731 2237 Idithum,
2768 2174 2867 2224 aut
2896 2169 3150 2226 ﬁliorum
3177 2172 3339 2237 Core,
3373 2174 3476 2227 aut
3501 2172 3722 2244 Asaph,

2069 2262 2171 2311 aut
2222 2258 2633 2329 Moysi,corum
2690 2258 2930 2314 nomina
2973 2260 3175 2330 utique
3221 2261 3720 2331 praedicerentur:

2068 2349 2224 2406 sicut
2253 2351 2311 2402 et
2340 2347 2400 2402 in
2431 2344 2758 2419 Evangeliis
2780 2349 3016 2418 quando
3049 2352 3150 2403 aut
3170 2348 3368 2420 Marci,
3403 2353 3505 2404 aut
3535 2350 3722 2422 Lucae,

2070 2442 2169 2493 aut
2198 2435 2473 2505 Matthaei,
2510 2440 2609 2490 aut
2636 2435 2878 2490 Joannis
2910 2436 3190 2492 vocabulo
3222 2438 3678 2508 pronuntiantur
3709 2456 3724 2507 ;

2070 2527 2217 2598 quod
2256 2524 2428 2579 etiam
2462 2527 2699 2579 secutus
2729 2528 2899 2578 Pater
2927 2525 3315 2597 Augustinus,
3339 2531 3725 2600 congruenter

2067 2629 2272 2670 omnes
2302 2611 2562 2684 psalmos
2595 2610 2737 2667 dicit
2766 2628 2892 2667 esse
2924 2612 3250 2669 Davidicos.

2136 2701 2485 2757 Psalterium
2516 2705 2693 2767 est,ut
2710 2701 2993 2757 Jeremias
3019 2702 3183 2768 ait,in
3208 2704 3501 2760 modumA
3519 2705 3721 2761 litteras

2067 2790 2301 2846 formati
2331 2789 2473 2862 ligni
2508 2807 2719 2845 sonora
2745 2790 3096 2858 concavitas,
3116 2792 3373 2851 obesum
3396 2800 3626 2849 ventem
3659 2795 3719 2849 in

2066 2878 2467 2950 superioribus
2498 2877 2743 2943 habens,
2778 2878 2877 2933 ubi
2911 2879 3262 2935 chordarum
3317 2880 3417 2935 ﬁla
3456 2882 3719 2954 religata,

2066 2966 2511 3039 disciplinalitcr
2526 2966 2740 3037 plectro
2757 2984 3054 3037 percussa,
3079 2960 3490 3025 suavissimam
3506 2972 3721 3026 dicun-

2067 3061 2163 3111 tur
2193 3055 2431 3110 reddere
2456 3055 2830 3111 cantilenam.
2863 3057 3011 3111 Huic
3044 3056 3279 3112 citharaa
3329 3060 3540 3130 positio
3592 3078 3720 3118 esse

2066 3145 2294 3200 videtur
2323 3144 2632 3214 contraria,
2664 3144 2803 3198 dum
2837 3146 2990 3214 quod
3034 3145 3147 3199 ista
3174 3145 3234 3199 in
3282 3146 3400 3202 imo
3432 3150 3708 3216 continet,

2067 3248 2347 3287 conversa
2372 3231 2493 3285 vice
2525 3236 2715 3303 gestat
2746 3232 2804 3285 in
2837 3233 3047 3303 capite.

2137 3321 2255 3375 Hoc
2283 3324 2476 3374 autem
2501 3335 2686 3391 genus
2704 3320 2903 3391 organi
2923 3338 3200 3377 canorum
3224 3327 3398 3394 atque
3420 3324 3715 3397 singulare

2066 3412 2301 3480 aptatur
2330 3408 2555 3478 corpori
2605 3407 2838 3462 Domini
2866 3409 3203 3478 Salvatoris,
3254 3413 3531 3484 quoniam
3564 3415 3718 3470 sicut

2069 3497 2226 3553 istud
2257 3496 2327 3551 de
2358 3495 2669 3550 altioribus
2701 3498 2982 3563 sonat,sic
3011 3502 3067 3552 et
3096 3498 3235 3554 illuc
3263 3500 3526 3573 gloriosa:
3549 3503 3718 3559 insti-

2068 3583 2312 3640 tutionis
2342 3600 2597 3655 superna
2628 3583 2901 3652 celebrat,
2961 3586 3112 3640 sicut
3168 3576 3292 3658 ipse
3322 3590 3379 3643 in
3411 3591 3721 3663 Evangelia

2069 3672 2148 3729 ait
2182 3690 2194 3726 :
2232 3672 2338 3740 Qui
2366 3674 2438 3727 de
2468 3680 2614 3727 terra
2643 3677 2743 3738 est,
2795 3674 2864 3727 de
2892 3680 3039 3727 terra
3069 3674 3350 3746 loquitur;
3399 3679 3495 3747 qui
3542 3683 3725 3733 autem

2067 3762 2131 3818 de
2159 3763 2292 3818 ctelo
2321 3763 2492 3829 venit,
2525 3778 2688 3832 super
2745 3778 2928 3818 omnes
2957 3765 3069 3825 est;
3104 3763 3322 3834 etquod
3378 3766 3516 3821 vidit
3541 3770 3593 3821 et
3620 3783 3723 3821 au-

2067 3851 2223 3918 divit,
2256 3856 2354 3906 hoc
2383 3855 2615 3906 testatur
2645 3851 2829 3921 (Joan.
2891 3852 3004 3924 In).
3067 3851 3230 3908 Unde
3260 3854 3499 3925 quidam
3531 3860 3588 3910 et
3616 3854 3726 3910 hoc

2069 3956 2218 4011 opus
2249 3940 2613 4003 Davidicum,
2671 3939 2801 3995 ideo
2858 3940 3119 4012 psalmos
3163 3942 3348 3998 dictos
3379 3960 3507 3999 esse
3538 3944 3724 4016 praeﬁ-

2071 4028 2410 4101 niunt,quia
2431 4028 2502 4083 de
2525 4045 2779 4099 superno
2805 4029 3063 4086 culmine
3087 4047 3358 4088 resonare
3381 4038 3724 4090 noscuntur.

2072 4116 2368 4188 Cognosce
2400 4132 2536 4188 ergo
2568 4120 2721 4189 quod
2745 4118 2843 4173 isti
2877 4123 3107 4175 tantum
3134 4137 3237 4192 pro
3272 4121 3612 4177 excellentia
3633 4122 3726 4177 sui

2073 4206 2342 4259 dicantur
2371 4205 2712 4276 psalmi,qui
2743 4207 2851 4262 hoc
2881 4208 3176 4265 volumine
3207 4212 3600 4266 continentur.

2145 4310 2495 4367 Psalterium
2520 4314 2781 4367 Crmcum
2805 4330 3013 4369 nomen
3039 4318 3211 4380 est,et
3232 4316 3434 4370 Latine
3455 4332 3731 4387 organum

2073 4400 2160 4455 vel
2196 4400 2569 4455 laudatorimn
2592 4400 2967 4472 dicitur,quia
2986 4402 3209 4457 Hebraei
3240 4420 3473 4459 NABLUM
3502 4408 3726 4460 vocant.

276 4493 507 4549 Suavis
533 4492 644 4547 illa
682 4498 736 4547 et
773 4491 1042 4561 jucunda
1092 4490 1336 4545 musica.
1369 4489 1687 4546 Ecclesiam
1730 4489 1972 4545 catholi-
2005 4478 2051 4541 Ι)
2084 4487 2352 4544 Psalmus
2385 4488 2721 4557 apsallcndo
2753 4505 2965 4543 nomen
2999 4488 3240 4559 accepit,
3273 4490 3359 4545 vel
3389 4509 3421 4546 a
3448 4493 3730 4563 psalterio,

279 4598 416 4638 cam
500 4580 616 4637 tali
687 4585 820 4635 actu
880 4578 1237 4652 praedicabat
1285 4595 1412 4649 qua:
1461 4593 1529 4633 ex
1568 4578 1814 4633 diversis
1864 4577 1975 4632 lin-

279 4672 423 4743 guis
458 4670 762 4740 varioque
789 4672 1075 4725 concentu
1126 4667 1184 4721 in
1219 4684 1393 4722 unam
1439 4666 1575 4721 ﬁdei
1607 4666 1977 4721 concordiam

281 4764 413 4815 erat
445 4758 720 4815 Domino
753 4762 1065 4829 praesente
1095 4755 1405 4811 creditura.
1461 4756 1542 4809 Ex
1589 4771 1703 4825 quo
1736 4771 1979 4810 numero

281 4849 488 4905 indita
515 4846 773 4901 nomina
791 4846 1125 4916 frequenter
1146 4844 1203 4898 in
1227 4843 1415 4898 titulis
1430 4842 1849 4909 invenimus,ut
1867 4843 1978 4898 ldi-

283 4938 468 5009 thun,
500 4934 738 5006 Asaph,
765 4934 868 4988 ﬁlii
894 4934 1036 4989 Core
1068 4938 1125 4989 et
1153 4933 1246 4989 his
1278 4932 1526 4989 similia:
1554 4949 1667 4986 non
1700 4932 1839 5002 quia
1870 4932 1980 5003 ipsi

283 5032 375 5094 (ut
406 5024 683 5099 quidam
706 5022 931 5092 volunt)
983 5027 1248 5078 auctores
1293 5021 1545 5076 fuissent
1594 5021 1978 5091 psalmorum,

284 5116 391 5172 sed
460 5111 769 5187 quoniam
822 5111 1082 5183 impositi
1132 5110 1477 5175 artiﬁcibus,
1539 5108 1983 5164 admistratores

281 5220 507 5261 earum
547 5216 755 5256 rerum
799 5197 1132 5271 probabiles
1188 5198 1537 5264 exstiterint,
1591 5202 1655 5252 ut
1702 5197 1981 5254 honorem

283 5293 357 5347 de
378 5292 494 5347 tali
524 5287 1099 5346 commemoratione
1113 5286 1543 5358 sumerent,qui
1567 5286 1759 5341 ofﬁcio
1781 5292 1984 5342 sancto

284 5380 537 5439 devotis
578 5377 881 5432 mentibus
912 5375 1264 5441 serviebant,
1319 5376 1572 5430 maxime
1632 5375 1772 5445 quia
1801 5380 1857 5430 et
1887 5392 1987 5431 no-

283 5471 457 5527 mina
494 5481 723 5524 eorum
758 5465 1086 5521 intellectus
1144 5480 1337 5520 rerum
1381 5479 1669 5536 congruos
1728 5463 1985 5521 indicare

287 5560 683 5619 noscuntur.

657 5678 922 5747 Panos.
967 5680 1234 5748 CXXXI.

2084 4577 2170 4633 vel
2200 4576 2301 4629 imo
2330 4580 2426 4629 τῡῦ
2458 4572 2708 4647 ψάλλειν,
2738 4576 2848 4631 hoc
2877 4581 2988 4643 est,
3020 4594 3053 4632 a
3084 4579 3374 4648 tangendo.

2161 4667 2410 4721 Psalmus
2432 4669 2669 4720 estcum
2697 4682 2763 4719 ex
2783 4665 2909 4736 ipso
2929 4664 3052 4720 solo
3070 4666 3460 4725 instrumento
3488 4670 3734 4736 musico,

2088 4755 2145 4809 id
2168 4760 2256 4810 est
2287 4752 2913 4826 psalterio,modulatio
2936 4755 3199 4825 quadam
3224 4756 3412 4813 dulcis
3441 4763 3499 4812 et
3526 4774 3741 4814 canora

2090 4842 2771 4915 profunditur.Canticum
2798 4848 2887 4897 est
2912 4844 3060 4913 quod
3088 4845 3156 4899 ad
3188 4845 3467 4901 honorem
3498 4850 3589 4900 Dei
3611 4862 3743 4900 can-

2088 4938 2265 4998 tatur,
2300 4932 2533 5003 quando
2584 4931 2717 5002 quis
2764 4930 3028 4987 libertate
3064 4935 3311 5004 proprize
3340 4934 3499 4989 vocis
3532 4934 3737 5000 utitur,

2091 5038 2197 5076 nec
2228 5020 2457 5091 loquaci
2492 5021 2883 5075 instrumento
2923 5023 3197 5093 cuiquam
3232 5022 3454 5077 musico
3485 5039 3742 5079 consona

2094 5108 2488 5164 modulatione
2518 5108 2803 5177 sociatur;
2850 5110 2961 5163 hoc
2992 5114 3050 5163 et
3081 5111 3233 5180 quod
3271 5110 3445 5165 etiam
3478 5128 3631 5166 nunc
3663 5111 3744 5165 in-

2094 5197 2306 5253 divinis
2336 5197 2611 5252 laudibus
2644 5200 2780 5269 agit.
2818 5198 3078 5251 Psalmus
3107 5201 3308 5253 cantici
3336 5204 3462 5254 erat
3490 5199 3742 5264 cum,in-

2094 5291 2215 5343 stru
2226 5291 2419 5341 mento
2434 5286 2659 5341 musico
2680 5285 3269 5357 praecinente,canens
3284 5288 3496 5343 chorus
3510 5286 3745 5344 sociatis

2092 5376 2335 5429 vocibus
2366 5375 2744 5445 acclamabat,
2771 5373 2983 5428 divinis
3024 5376 3328 5431 dumtaxat
3376 5378 3747 5433 sermonibus

2095 5464 2406 5521 obsecutis.
2469 5464 2757 5519 Canticum
2800 5464 3009 5534 psalmi
3062 5470 3373 5536 eratcum,
3408 5466 3585 5522 choro
3615 5469 3749 5522 ante

2094 5556 2461 5629 canente,ars
2490 5552 2869 5611 instrumenti
2891 5553 3103 5611 musici
3124 5554 3183 5610 in
3202 5571 3381 5612 unam
3402 5556 3750 5614 convenien-
