4040 6208
364 289 472 349 ul

1148 293 1755 356 ENARRATIONES
1799 295 1876 355 IN
1920 293 2305 355 PSALMOS.
2340 325 2417 340 —
2447 289 2972 354 PRZEAMBULA.

3647 286 3763 349 ΗΞ

360 418 661 477 voluntate
682 423 1076 480 confundere?
1107 424 1291 481 Multa
1312 441 1543 497 quoque
1566 427 1889 481 secundum
1915 425 2006 480 lit-
2039 429 2094 493 Α
2126 426 2299 480 verba
2327 426 2696 496 paenitentis;
2731 422 3068 495 septimum,
3101 418 3311 475 Christi
3344 422 3411 473 ut
3441 418 3525 473 eis
3556 420 3763 475 subve-

362 514 542 565 teram
569 517 921 580 commonet,
947 513 1135 569 multa
1153 514 1495 585 spiritaliter
1517 516 1706 586 jubet,
1734 532 2011 586 personas

361 599 631 654 decenter
652 601 849 659 subito
872 602 1167 669 immutat,
1192 608 1256 658 ut
1278 620 1434 659 nunc
1455 605 1718 660 Christus
1747 605 1845 659 Dei
1873 605 2010 659 Ver-

360 688 523 758 bum,
558 688 901 747 incarnatus
932 696 988 747 et
1030 692 1204 748 homo
1236 693 1448 758 factus,
1497 698 1671 765 caput
1704 692 2007 760 Ecclesiae;

354 778 515 833 'nunc
543 779 675 850 ipsa
709 779 985 851 Ecclesia,
1020 799 1174 838 nunc
1205 782 1379 837 homo
1403 782 1625 851 justus,
1650 799 1804 837 nunc
1828 782 2009 853 poeni-

358 871 489 922 tens
520 866 681 938 loqui
712 868 996 935 videatur,
1030 876 1096 927 ut
1126 870 1323 925 omnia
1347 870 1677 925 necessaria
1699 877 1904 943 tangat
1926 876 2011 925 at-

359 971 472 1026 que
493 956 821 1013 concludat.
849 958 1073 1030 Ubique
1095 959 1505 1031 plenissimum
1531 958 1853 1015 caelestium
1877 976 2009 1015 san-

358 1049 517 1100 ctum
550 1046 742 1100 vibrat
771 1046 1092 1118 eloquium,
1125 1053 1183 1104 et
1212 1047 1520 1119 multiplici
1547 1048 1882 1104 diversitate
1904 1050 2013 1105 vir-

355 1138 549 1188 tutum
569 1138 804 1206 propter
819 1135 1063 1191 humani
1087 1136 1315 1207 generis
1338 1136 1699 1207 largiendam
1731 1136 2014 1209 salutem,

356 1223 521 1294 regni
552 1223 643 1278 sui
673 1225 1015 1281 adornanda
1035 1227 1314 1298 mysteria
1334 1225 1467 1299 pius
1492 1226 1843 1298 Redemptor
1864 1226 2007 1283 insi-

356 1316 522 1367 nuat.

426 1401 556 1457 Haec
585 1402 711 1457 ideo
743 1403 965 1474 praafati
998 1421 1228 1471 sumus,
1280 1409 1345 1459 ut
1392 1422 1525 1462 cum
1556 1410 1797 1461 ventum
1832 1406 2009 1461 fuerit

352 1491 424 1545 ad
456 1488 583 1546 loca
612 1492 773 1557 talia,
823 1492 1153 1564 intrepidus
1195 1493 1376 1550 lector
1406 1494 1605 1551 audire
1635 1495 1822 1566 possit
1851 1496 2005 1566 quod

353 1580 424 1634 de
455 1596 517 1634 se
546 1579 858 1636 salubriter
888 1582 1167 1637 didicisse
1197 1584 1591 1656 cognoscitur.

425 1667 577 1723 Ordo
609 1672 804 1724 autem
836 1670 1196 1741 psalmorum
1233 1688 1347 1727 non
1381 1673 1706 1729 secundum
1746 1673 2001 1728 existen—

348 1756 494 1860 t'iam
514 1759 982 1860 temporum,sed
1003 1776 1106 1860 pro
1129 1759 1409 1831 qualitate
1430 1761 1666 1833 ponitur
1685 1762 1996 1816 dictorum.
2028 1794 2077 1860 Β

346 1845 624 1900 Testante
637 1847 792 1901 enim
811 1847 1032 1919 Regum
1048 1847 1528 1915 historia,tertius
1549 1849 1998 1922 psalmusDavid

345 1949 473 1988 cum
501 1936 714 2006 fugeret
734 1952 774 1992 a
797 1938 942 2006 facie
971 1937 1225 1993 Absalom
1254 1939 1362 2005 ﬁlii
1380 1940 1485 2005 sui,
1513 1938 2000 2011 quinquagesimo

345 2022 579 2091 psalmo
629 2028 758 2079 actu
810 2026 1096 2097 posterior
1139 2032 1248 2096 est,
1293 2028 1570 2098 quoniam
1605 2034 1737 2100 post
1766 2028 1997 2100 culpam

343 2112 624 2168 adulterii
647 2118 704 2168 et
735 2113 1057 2185 homicidii,
1086 2115 1367 2170 Absalom
1391 2115 1493 2170 ﬁlii
1521 2118 1650 2187 ejus
1673 2118 1999 2188 persecutio

340 2202 619 2257 noscitur
638 2201 986 2273 contigisse;
1023 2205 1122 2258 sed
1156 2221 1259 2275 pro
1290 2204 1501 2259 virtute
1521 2221 1628 2260 sua
1650 2204 2001 2279 competenti

342 2306 601 2345 numero
627 2290 906 2360 probatur
922 2296 1175 2361 aptatus.
1200 2293 1419 2347 Tenere
1441 2292 1595 2348 enim
1619 2292 1785 2348 illum
1806 2293 1999 2351 locum

334 2378 591 2434 tertium
624 2382 977 2449 oportuerat,
1009 2380 1107 2451 qui
1135 2383 1191 2435 et
1221 2386 1434 2436 sanctae
1467 2382 1770 2441 Trinitatis
1796 2388 1998 2454 poten-

324 2466 512 2533 tiam,
537 2471 594 2521 et
616 2466 899 2522 triduana:
928 2469 1372 2524 resurrectionis
1400 2470 1457 2524 in
1482 2486 1543 2525 se
1566 2470 1839 2542 mysteria
1861 2488 1993 2526 con-

329 2555 372 2611 ti
383 2554 588 2609 nebat.
608 2554 754 2611 Nam
779 2572 881 2627 per
900 2555 1303 2613 liberationem
1328 2558 1507 2613 David
1532 2558 1877 2613 resurrectio
1891 2559 1998 2615 Do-

329 2643 493 2699 mini
524 2659 778 2715 congruo
809 2643 1196 2716 signiﬁcatur.
1230 2645 1429 2701 Talem
1464 2652 1660 2702 autem
1690 2648 1761 2702 de
1792 2648 1997 2704 ordine

324 2732 630 2789 rationem
664 2733 926 2788 omnium
967 2734 1329 2805 psalmorum
1360 2735 1618 2790 invenire
1649 2736 1817 2791 nobis
1865 2752 1995 2792 esse

321 2820 577 2876 difficile
629 2822 991 2892 profitemur,
1045 2824 1198 2895 quod
1240 2824 1376 2878 inde
1405 2823 1786 2879 terminatum
1819 2828 1994 2895 atque

320 2927 699 2982 suspensum
732 2911 969 2966 Patrum
1000 2912 1175 2967 etiam
1208 2914 1520 2968 auctoritas
1551 2913 1808 2985 reliquit.

394 3018 516 3073 Per
538 3021 724 3072 totum
744 3016 1090 3073 Psalterium
1116 3024 1370 3090 quatuor
1386 3019 1598 3091 psalmi
1622 3024 1762 3075 sunt
1784 3020 1884 3091 qui
1908 3020 1993 3074 in-

316 3111 570 3180 tegrum
586 3105 961 3177 alphabetum
980 3108 1135 3178 aqud
1150 3108 1416 3163 Hebraeos
1432 3108 1645 3163 habere
1660 3114 1989 3165 monstran-

316 3200 440 3263 tur,
467 3195 533 3249 id
561 3200 681 3249 est:
710 3194 1063 3250 centesimus
1084 3196 1738 3261 decimus,centesimus
1761 3198 1989 3252 undeci-

322 3300 489 3350 mus,
518 3283 879 3338 centesimus
900 3284 1165 3340 decimus
1186 3289 1445 3350 octavus,
1463 3286 1818 3339 centesimus
1844 3302 1987 3356 qua-

314 3370 713 3444 dragesimus
744 3377 1009 3443 quartus,
1056 3373 1193 3443 quia
1224 3372 1321 3427 isti
1355 3372 1616 3426 indicant
1648 3372 1849 3427 laudes
1883 3378 1987 3427 Do-

314 3461 471 3514 mini
485 3462 523 3527 ,i
535 3477 647 3531 psa
662 3460 946 3532 largiente
960 3462 1303 3516 meritorum
1319 3461 1987 3527 devotione,cantandas.

310 3550 465 3606 Tres
501 3553 711 3606 autem
744 3549 957 3621 psalmi
980 3554 1116 3605 sunt
1142 3549 1263 3620 qui,
1292 3550 1607 3605 subtractis
1631 3550 1988 3621 quibusdam

307 3640 574 3707 litteris,
597 3639 889 3710 integrum
913 3637 1287 3710 alphabetum
1312 3656 1427 3694 non
1451 3639 1769 3703 continent,
1794 3639 1848 3693 id
1869 3643 1988 3694 est:

302 3728 656 3785 vicesimus
689 3732 953 3799 quartus,
988 3728 1087 3798 qui
1118 3733 1338 3783 sextam
1372 3732 1427 3783 et
1458 3744 1669 3783 nonam
1703 3727 1990 3783 decimam

310 3816 595 3872 litteram
622 3832 737 3870 non
760 3815 970 3884 habet;
1002 3814 1337 3871 tricesimus
1358 3816 1620 3888 quintus,
1646 3816 1743 3888 qui
1768 3820 1992 3872 sextam

311 3906 634 3962 decimam
658 3904 914 3959 litteram
938 3904 1136 3960 minus
1158 3905 1368 3971 habet;
1393 3905 1493 3976 qui
1514 3906 1831 3961 ostendunt
1850 3905 1994 3961 tales

312 3995 376 4050 in
401 3992 688 4051 Ecclesia
709 3992 976 4065 psallere,
993 3993 1208 4064 quibus
1230 4010 1343 4049 non
1368 3994 1509 4048 adeo
1533 3994 1796 4049 omnium
1816 3995 1994 4050 bono-

311 4101 455 4140 rum
494 4098 757 4155 operum
780 4081 997 4137 arridet
1017 4082 1345 4154 integritas.
1366 4081 1526 4137 Sicut
1553 4082 1708 4137 enim
1732 4081 1816 4136 illi
1839 4099 2000 4141 com-

312 4173 505 4245 pletis
542 4169 766 4226 litteris
798 4169 1072 4225 omnibus
1103 4170 1506 4225 excellentium
1557 4170 1763 4226 merita
1800 4171 1998 4227 viden-

308 4267 414 4318 tur
457 4260 745 4317 indicare
786 4259 1115 4329 justorum,
1158 4258 1242 4313 sic
1290 4257 1388 4313 isti
1442 4259 1729 4330 quasdam
1776 4258 2001 4316 litteras

311 4351 537 4406 minus
576 4347 891 4415 habentes,
925 4347 1059 4403 illos
1089 4347 1402 4419 designant
1432 4347 1532 4419 qui
1566 4364 1682 4402 non
1706 4348 1848 4403 adeo
1871 4348 2002 4403 uni-

308 4439 518 4497 versis
579 4436 813 4493 meritis
844 4436 1046 4508 repleti
1080 4441 1239 4502 sunt,
1283 4436 1384 4491 sed
1426 4442 1620 4491 tamen
1653 4436 1713 4490 in
1745 4438 2002 4493 secundo

2122 514 2316 569 niatur
2336 532 2368 569 a
2388 514 2584 581 Patre;
2617 518 2906 581 octavum,
2932 509 3128 566 omnia
3150 508 3483 565 referuntur
3503 507 3573 562 ad
3598 507 3768 562 Chri-

2121 608 2276 658 stum
2298 603 2606 673 allegorica
2624 602 3035 668 similitudine;
3058 616 3299 665 nonum,
3314 597 3518 653 laudes
3536 595 3769 651 Domini

2119 708 2222 763 per
2243 691 2626 747 alleluiaticos
2650 691 2853 746 titulos
2875 690 2973 761 qui
3002 688 3355 761 signiﬁcant,
3388 685 3635 741 Laudat:
3664 687 3766 741 Do-

2118 782 2368 845 minum;
2401 780 2716 850 decimum,
2750 779 3081 851 graduales,
3116 782 3180 833 ut
3206 793 3312 831 nos
3342 776 3665 849 perducant
3695 774 3768 829 ad

2120 869 2516 936 Salvatorem;
2552 869 2954 933 undecimum,
3006 865 3343 940 hymnidica
3382 863 3769 920 exsultatione

2116 957 2432 1013 laudamus
2463 962 2725 1013 sanctam
2757 956 3134 1024 Trinitatem;
3167 954 3602 1021 duodecimum,
3636 970 3766 1026 sep-

2118 1052 2235 1103 tem
2268 1047 2478 1120 psalmi
2512 1047 2941 1118 relinquuntur,
2988 1045 3048 1100 in
3091 1046 3225 1114 ﬁne,
3277 1045 3377 1117 qui
3420 1048 3599 1100 totam
3642 1042 3765 1115 glo-

2118 1136 2266 1192 riam
2299 1136 2601 1191 Trinitatis
2634 1135 3063 1191 concelebrant.

2302 1243 2550 1313 Epistola
2581 1242 2909 1313 Hieronymi
2936 1240 3012 1297 ad
3041 1242 3340 1296 Damasum
3366 1257 3585 1312 papam.
3694 1248 3703 1259 ‘

2190 1349 2534 1405 Beatissimo
2575 1366 2737 1421 papae
2767 1349 3017 1404 Damaso
3049 1348 3206 1403 sedis
3239 1347 3567 1419 apostolicis
3600 1346 3764 1403 urbis

2119 1437 2312 1493 Romae
2334 1438 2739 1511 Hicronymus.
2755 1436 3009 1510 Supplex
3032 1453 3249 1509 priscor
3270 1452 3375 1507 ego
3392 1435 3575 1491 cliens
3601 1439 3763 1502 tuus,

2118 1531 2182 1581 ut
2200 1543 2306 1581 vox
2328 1527 2440 1582 ista
2462 1544 2495 1581 a
2516 1526 2903 1599 psallentibus
2924 1526 2981 1581 in
3007 1527 3141 1581 sede
3164 1526 3425 1581 Romana
3448 1525 3541 1581 die
3568 1529 3766 1579 noctu-

2115 1632 2227 1686 que
2249 1620 2496 1670 canatur
2516 1616 2574 1669 in
2601 1617 2715 1671 ﬁne
2739 1615 2947 1687 psalmi
2972 1614 3306 1687 cujuslibet,
3325 1614 3444 1670 sive
3464 1612 3761 1681 matutini,

2114 1703 2233 1759 sive
2259 1704 2595 1776 vespertini,
2630 1704 2738 1759 hoc
2768 1709 2876 1769 est,
2909 1704 3154 1776 praecipe
3181 1707 3246 1758 ut
3267 1720 3501 1775 semper
3531 1702 3760 1757 dicant:

2110 1793 2292 1849 Gloria
2323 1796 2504 1859 Patri,
2554 1802 2607 1849 et
2652 1794 2815 1864 Filio,
2864 1802 2916 1849 et
2944 1794 3186 1861 Spiritui
3214 1797 3415 1848 sancto.
3463 1793 3617 1847 Sicut
3646 1795 3766 1847 erat

2109 1884 2167 1937 in
2191 1885 2489 1955 principio,
2523 1892 2577 1938 et
2606 1900 2772 1950 nunc,
2806 1888 2859 1939 et
2881 1900 3117 1954 semper,
3147 1887 3197 1938 et
3223 1884 3283 1937 in
3302 1882 3510 1938 saecula
3530 1881 3762 1938 εᾶπαιο-

2106 1988 2251 2026 rum.
2285 1973 2474 2026 Amen.
2510 1973 2668 2027 Istud
2702 1988 2940 2027 carmen
2972 1971 3163 2027 laudis
3208 1970 3484 2027 omnibus
3515 1969 3761 2041 psalmis

2108 2061 2384 2133 conjungi
2418 2058 2739 2132 principias,
2774 2065 2839 2116 ut
2869 2061 3011 2115 fides
3034 2063 3427 2115 trecentorum
3448 2062 3506 2113 et
3526 2057 3757 2113 octode-

2109 2148 2222 2202 cim
2246 2150 2459 2205 Nicaani
2484 2150 2733 2217 concilii,
2756 2154 2812 2205 et
2839 2155 3038 2204 nostro
3061 2166 3159 2204 ore
3179 2148 3303 2219 pari
3334 2146 3628 2202 consortio
3658 2147 3757 2201 de-

2109 2236 2635 2294 claretur.Alleluia
2655 2252 2887 2309 semper
2910 2254 3042 2293 cum
3065 2236 3341 2292 omnibus
3364 2234 3608 2307 psalmis
3630 2234 3761 2289 affi-

2108 2331 2298 2397 gatur,
2335 2327 2393 2381 in
2434 2327 2591 2381 omni
2625 2326 2749 2381 loco
2781 2322 3618 2396 communiter'respondeatur
3648 2339 3757 2379 no-

2109 2420 2315 2470 cturno
2346 2421 2626 2486 tempore.
2661 2415 2723 2470 In
2756 2414 3012 2470 Ecclesia
3041 2420 3236 2469 autem
3270 2430 3304 2467 a
3334 2411 3757 2468 resurrectione

2108 2502 2336 2558 Pascha:
2368 2520 2554 2574 usque
2585 2504 2655 2557 ad
2699 2507 3075 2558 Pentecosten
3108 2501 3459 2557 Psalterium
3493 2499 3753 2555 ﬁniatur.

2106 2597 2260 2646 lnter
2311 2592 2540 2647 dierum
2590 2591 3018 2663 quinquaginta
3067 2590 3278 2662 spatia,
3344 2606 3446 2661 pro
3501 2588 3757 2643 novitate

2104 2679 2248 2735 sacti
2274 2680 2527 2745 Pascha},
2546 2695 2653 2736 vox
2671 2680 2785 2735 ista
2805 2678 2998 2735 laudis
3021 2683 3287 2735 cantetur
3307 2677 3367 2733 in
3389 2677 3578 2750 Aleph,
3596 2676 3753 2748 quod

2103 2774 2193 2823 est
2220 2769 2479 2824 Alleluia.

2101 2858 2255 2913 Dicta
2282 2861 2458 2913 sancti
2490 2859 2797 2929 Augustini,
2840 2865 2966 2928 quot
2993 2859 3103 2912 sint
3131 2857 3360 2912 virtutes
3388 2855 3748 2928 psalmorum.

2173 2968 2200 2995 «
2232 2946 2534 3001 Canticum
2568 2946 2928 3017 psalmorum
2962 2946 3192 3000 animas
3236 2948 3492 3011 decorat,
3546 2942 3755 2998 invitat

2101 3034 2337 3107 angelos
2358 3034 2417 3089 in
2447 3035 2826 3104 adjntorium,
2842 3035 3057 3105 etl‘ugat
3078 3034 3391 3097 daemones,
3407 3030 3640 3103 expellit
3664 3034 3749 3085 te-

2100 3124 2332 3191 nebras,
2348 3124 2527 3177 efﬁcit
2548 3123 2937 3177 sanctitatem.
2955 3123 3187 3177 Homini
3207 3121 3494 3193 peccaturi
3514 3118 3747 3175 refectio

2102 3212 2315 3267 mentis
2348 3216 2455 3279 est,
2488 3212 2640 3266 delet
2679 3216 2933 3282 peccata,
2984 3210 3176 3266 simile
3224 3215 3312 3265 est
3357 3208 3745 3279 eleemosynis

2099 3304 2456 3365 sanctorum,
2492 3301 2642 3370 parit
2674 3301 2869 3369 ﬁdem,
2913 3300 3064 3354 sicut
3095 3299 3178 3354 sol
3212 3298 3528 3364 illuminat,
3565 3303 3742 3351 Deum

2099 3387 2373 3457 ostendit,
2407 3387 2703 3442 diabolum
2764 3388 3024 3455 offendit,
3058 3387 3417 3442 voluntatem
3477 3385 3740 3440 illicitam

2100 3476 2436 3546 exstinguit.
2450 3475 2655 3530 Oleum
2670 3476 3080 3530 misericordia:
3094 3481 3203 3541 est,
3219 3494 3346 3531 sors
3361 3476 3591 3540 latitiae,
3610 3491 3745 3546 pars

2101 3564 2439 3638 angelorum
2471 3563 2683 3631 electa;
2716 3564 3088 3633 asperitatem
3122 3563 3283 3633 lenit,
3315 3581 3549 3618 omnem
3585 3564 3745 3618 furo-

2104 3671 2224 3708 rem
2249 3652 2543 3725 deprimit,
2562 3651 2928 3707 iracundiam
2952 3652 3194 3723 t‘rangit:
3216 3650 3345 3706 laus
3369 3651 3465 3706 Dei
3487 3651 3748 3719 assidua,

2102 3741 2295 3798 simile
2326 3747 2415 3797 est
2448 3740 2622 3796 melli.
2656 3740 2959 3796 Canticum
2990 3739 3350 3811 psalmorum
3384 3754 3617 3793 carmen
3640 3736 3752 3793 ele-

2103 3836 2264 3887 ctum
2288 3835 2375 3887 est
2396 3832 2550 3903 apud
2572 3837 2772 3886 Deum.
2806 3831 2989 3886 Omne
3012 3834 3315 3901 peccatum
3338 3827 3594 3900 expellit,
3624 3826 3749 3882 vin—

2105 3921 2302 3976 culum
2324 3920 2627 3976 charitatis
2651 3920 3044 3976 commendat.
3072 3919 3280 3975 Omnia
3302 3921 3613 3991 perpetrat,
3632 3933 3754 3973 om-

2106 4010 2204 4065 nia
2229 4009 2665 4075 sutl‘ert,omnia
2686 4008 2909 4081 implet,
2934 4007 3133 4064 omnia
3153 4007 3553 4073 docet,omnia
3574 4005 3755 4080 signi-

2108 4097 2262 4163 ficat,
2287 4096 2544 4152 animam
2569 4098 2928 4169 magniﬁcat,
2952 4114 3016 4153 os
3039 4096 3331 4169 puriﬁcat,
3356 4113 3455 4151 cor
3477 4095 3751 4166 laetiﬁcat,

2107 4184 2319 4240 turrim
2350 4186 2633 4240 excelsam
2666 4187 2934 4253 aediﬁcat,
2958 4187 3257 4242 hominem
3290 4185 3589 4252 clariﬁcat,
3616 4200 3751 4240 sen-

2112 4291 2244 4329 sum
2265 4274 2472 4346 aperit,
2495 4290 2667 4329 omne
2695 4277 2916 4329 malum
2941 4275 3172 4340 occidit,
3196 4274 3606 4346 perfectionem
3633 4273 3756 4325 ins-

2110 4362 2274 4429 truit,
2293 4361 2519 4418 excelsa
2540 4363 2921 4430 demonstrat,
2938 4363 3293 4417 desiderium
3322 4362 3485 4432 regni
3508 4359 3758 4415 cmlestis

2112 4452 2230 4519 dat,
2251 4467 2453 4521 pacem
2477 4450 2627 4506 inter
2646 4468 2857 4522 corpus
2883 4456 2941 4505 et
2961 4452 3219 4505 animam
3246 4449 3616 4524 facithnem
3638 4447 3758 4519 spi-

310 4529 591 4585 consilio
620 4525 888 4581 habitare
909 4531 1253 4581 Ποδευιὶῐυνο
1286 4526 1433 4581 Nam
1458 4542 1589 4580 cum
1617 4542 1820 4581 omnes
1844 4526 2001 4582 Ῑίιῐθ·
2031 4527 2078 4590 D
2108 4538 2337 4594 ritalem
2356 4539 2412 4593 in
2431 4540 2601 4595 corde
2620 4539 2943 4604 succendit,
2961 4537 3225 4594 omnium
3247 4538 3523 4592 vitiorum
3547 4535 3761 4592 sollici-

309 4636 390 4675 raa
411 4619 597 4692 apud
627 4616 898 4672 Hebraeos
921 4614 1344 4687 signiﬁcantias
1366 4631 1503 4670 suas
1520 4615 1759 4685 habent,
1775 4616 2008 4670 credere

310 4710 598 4765 fortasse
637 4705 883 4778 dignum
916 4710 1023 4771 est,
1057 4704 1151 4760 cui
1182 4704 1344 4759 deest
1368 4702 1603 4774 aliquod
1629 4704 2004 4772 elementum,

312 4814 464 4854 eum
504 4810 762 4868 quoque
793 4793 1253 4865 signiﬁcationes
1284 4792 1470 4864 ipsius
1501 4810 1615 4848 non
1648 4792 1880 4848 habere.

391 4888 653 4942 Textus
682 4881 861 4937 totius
891 4880 1156 4937 Psalterii
1189 4882 1509 4936 secundum
1535 4898 1846 4936 numerum
1874 4898 2010 4952 apo-

314 4974 649 5033 stolarum
669 4969 728 5024 in
746 4969 1053 5025 duodecim
1077 4968 1339 5040 partibus
1362 4967 1752 5031 concluditur,
1771 4971 1835 5022 ut
1856 4967 2011 5039 quod

314 5061 609 5137 apostoli
648 5059 927 5123 iecerunt,
962 5057 1055 5111 hic
1086 5057 1368 5112 contineri
1403 5072 1738 5112 noscamus.

394 5172 466 5227 In
504 5164 814 5225 Psalterio
847 5180 1099 5235 namque
1121 5163 1371 5219 carnalis
1391 5163 1508 5218 vita
1533 5162 1763 5218 Domini
1796 5162 2013 5217 descri-

314 5262 499 5316 bitur
529 5277 545 5314 :
590 5254 881 5327 primum,
906 5259 1117 5307 natura
1138 5252 1370 5307 deitatis
1398 5271 1409 5319 ;
1443 5253 1791 5319 secundum,
1816 5251 2015 5306 multi-

312 5350 475 5406 tudo
534 5344 871 5402 nitentium
920 5341 1287 5413 exstinguere
1336 5341 1693 5408 Dominum;
1746 5342 2015 5406 tertium,

313 5442 645 5513 quartum
667 5472 679 5495 ,
710 5429 1028 5486 admonitio
1060 5429 1357 5500 Prophetas
1378 5469 1391 5490 ,
1418 5433 1483 5483 ut
1513 5430 1786 5484 desinant
1832 5428 2019 5484 Judai

314 5527 495 5587 mala
536 5524 778 5587 facere;
812 5520 1105 5591 quintum,
1130 5518 1312 5573 oratio
1339 5517 1549 5573 Christi
1574 5519 1645 5573 ad
1678 5522 1933 5584 Patrem,
1957 5522 2024 5573 ut

313 5621 381 5681 in
417 5609 893 5676 resurrectione
920 5609 1048 5683 ejus
1100 5606 1357 5664 mundus
1404 5606 1704 5681 proﬁciat;
1758 5611 2021 5681 sextum,

2114 4628 2376 4682 tudinem
2403 4626 2582 4684 tollit:
2612 4632 2905 4683 certamen
2934 4627 3221 4682 bonorum
3245 4631 3353 4692 est,
3387 4625 3648 4697 quotidie
3670 4642 3760 4680 ra-

2116 4717 2301 4771 dicem
2327 4716 2593 4772 omnium
2616 4715 2905 4770 malorum
2928 4714 3181 4788 expellit,
3199 4715 3349 4771 sicut
3367 4716 3544 4770 lorica
3559 4714 3765 4769 induta

2118 4810 2174 4859 et
2203 4806 2355 4861 sicut
2384 4804 2550 4877 galea
2580 4804 2858 4860 defendit.
2893 4804 3037 4877 Spes
3068 4804 3275 4860 salutis
3304 4809 3412 4869 est,
3445 4802 3765 4859 consulatio

2119 4894 2361 4958 doloris,
2385 4895 2659 4965 perfectio
2692 4893 2929 4962 laboris,
2962 4895 3166 4949 notitia
3194 4894 3313 4949 veri
3348 4892 3610 4956 luminis,
3638 4891 3767 4946 fons

2122 4984 2468 5053 sanctitatis,
2488 4982 2788 5038 hominem
2806 4984 3081 5053 juvenem
3104 4982 3371 5053 castigat,
3398 4995 3645 5052 regnum
3670 4979 3769 5034 Dei

2124 5089 2302 5143 super
2325 5076 2539 5127 terram
2563 5073 2684 5137 dat,
2706 5072 2943 5126 taedium
2968 5072 3175 5125 animas
3199 5070 3470 5139 detrahit,
3494 5070 3635 5125 tuba
3660 5069 3769 5123 mi-

2128 5160 2330 5215 rabilis
2351 5165 2458 5215 est.
2476 5160 2581 5225 Qui
2600 5160 2791 5232 diligit
2813 5160 3104 5215 canticum
3128 5158 3489 5229 psalmorum
3514 5159 3771 5225 assidue,

2131 5266 2246 5304 non
2279 5252 2469 5320 potest
2498 5264 2668 5321 agere
2698 5252 3021 5319 peccatum.
3056 5246 3161 5310 Qui
3196 5246 3366 5303 habet
3396 5247 3628 5303 laudem
3676 5247 3775 5302 Dei

2132 5338 2190 5392 in
2216 5339 2385 5393 corde
2413 5355 2540 5407 suo,
2562 5342 2855 5409 postremo
2879 5336 3029 5407 apud
3061 5337 3239 5390 Deum
3262 5338 3559 5408 gaudebit,
3584 5342 3639 5393 et
3660 5335 3781 5392 ani-

2132 5444 2288 5481 mam
2322 5444 2490 5482 suam
2525 5428 2582 5480 in
2614 5425 2757 5483 C(BlO
2789 5424 3146 5479 miriﬁcabit.
3199 5425 3411 5481 Psalmi
3461 5431 3629 5481 orant
3674 5442 3778 5497 pro

2132 5516 2367 5582 futuris,
2382 5519 2625 5588 gemunt
2646 5515 2716 5569 de
2743 5514 3068 5586 praeteritis,
3084 5513 3458 5587 gratulantur
3477 5532 3579 5587 pro
3601 5516 3778 5570 bene-

2134 5606 2303 5682 ﬁciis,
2328 5609 2565 5680 sperant
2586 5604 2655 5662 de
2677 5603 3099 5675 misericordia,
3125 5600 3337 5662 timent
3357 5621 3460 5679 pro
3487 5604 3679 5679 culpa,
3707 5620 3777 5669 ex
