4040 6208
272 250 385 308 143

265 378 495 448 lapideo
526 377 698 435 corde
727 377 1017 448 lacrymas
1047 379 1321 434 educunt.
1355 379 1710 452 Angelorum
1738 395 1906 449 opus,

267 467 397 523 laus
418 466 631 522 Christi
653 467 906 538 perfecta
922 470 1030 531 est,
1047 467 1445 538 pronuntiatio
1468 468 1750 523 adventus
1763 466 1923 522 Chri-

268 557 366 622 sti,
390 554 832 621 incarnationis,
856 556 1298 611 resurrectionis
1321 560 1579 628 spem,et
1602 554 1918 627 supplicio-

270 662 399 700 rum
433 649 626 699 metus
657 645 952 711 admonet,
976 644 1167 716 gloriae
1201 645 1541 716 pollicitatio
1571 649 1681 710 est,
1705 647 1920 715 myste—

269 733 492 788 riorum
533 733 821 799 revelatio,
872 733 1077 788 tribuit
1109 734 1442 789 facundiam
1474 737 1530 791 et
1562 733 1915 793 felicitatem,

272 819 551 876 honorem
578 825 632 876 et
654 820 1260 892 gloriam,doctrinam
1287 826 1343 876 et
1366 821 1749 877 intellectum.
1773 826 1917 876 Can-

269 910 453 965 ticum
475 908 836 981 psalmorum
857 910 1132 966 omnibus
1151 910 1538 982 diligendum,
1554 910 1693 981 quia
1715 927 1919 966 omnes

267 999 512 1071 virtutes
534 998 905 1070 multiplicat,
931 1016 1134 1055 omnes
1165 998 1542 1055 inveniuntur
1566 999 1624 1055 in
1650 999 1916 1071 psalmis.

272 1088 331 1142 Si
360 1087 446 1143 vis
478 1103 648 1159 agere
678 1086 1106 1143 confessionem
1156 1092 1212 1142 et
1260 1087 1695 1159 paenitentiam,
1750 1093 1918 1143 canta

271 1178 385 1232 duo
411 1192 424 1230 :
472 1177 722 1243 Domine,
760 1194 830 1231 ne
862 1178 921 1231 in
947 1179 1143 1247 furore
1171 1186 1266 1233 tuo
1294 1194 1493 1248 arguas
1521 1194 1641 1239 me;
1671 1183 1728 1233 et
1758 1179 1871 1232 duo
1903 1195 1914 1231 :

272 1267 520 1334 Domine,
558 1266 782 1321 exaudi.
826 1267 984 1320 Beati
1030 1283 1280 1337 quorum.
1315 1266 1565 1322 Miserere
1593 1268 1723 1332 mei,
1757 1269 1910 1324 Deus.

268 1356 343 1409 De
383 1354 700 1426 pro/undis.
751 1354 808 1409 Si
870 1354 957 1409 vis
1006 1371 1176 1410 ovare
1222 1355 1359 1410 die:
1415 1356 1477 1410 At
1525 1360 1604 1419 te,
1666 1357 1916 1424 Domine,

269 1444 443 1498 levavi
460 1444 709 1498 animum
736 1459 933 1498 meam.
965 1445 1026 1498 In
1049 1448 1118 1514 te,
1144 1445 1393 1511 Domine,
1416 1446 1650 1515 speravi.
1680 1446 1915 1512 lnclina,

267 1533 494 1588 Domine
526 1533 686 1597 Deus,
714 1534 777 1586 in
804 1534 1174 1604 adjutorium.
1226 1534 1385 1596 Deus,
1435 1535 1493 1587 in
1543 1536 1764 1589 nomine
1803 1538 1915 1591 tuo.

267 1623 407 1676 Deus
460 1622 791 1677 misereatur
834 1624 1029 1676 nostri.
1082 1621 1317 1682 Exaudi.
1356 1623 1608 1690 Domine,
1635 1624 1919 1694 justitiam

250 1727 459 1774 ,meam.
493 1710 551 1765 Si
582 1711 669 1764 vis
693 1711 872 1765 Deum
898 1709 1158 1776 laudare,
1182 1711 1275 1766 dic
1306 1711 1567 1781 psalmos
1596 1712 1696 1781 qui
1718 1711 1919 1767 intitu-

268 1800 485 1867 lantur,
512 1799 770 1865 Alleluia,
795 1803 1119 1870 etquorum
1140 1800 1373 1867 initium
1401 1804 1522 1855 cst:
1549 1800 1918 1869 Conﬁtemini,

269 1889 528 1959 Laudate,
553 1889 817 1943 Benedic.
846 1887 906 1942 Si
931 1888 985 1941 in
1006 1887 1490 1943 tribulationibus
1516 1889 1811 1955 humanis,
1831 1889 1917 1944 vel

268 1975 673 2048 spiritualibus
692 1975 943 2030 afﬂictus
965 1976 1043 2030 sit
1068 1975 1512 2045 tentationibus,
1536 1980 1593 2031 et
1613 1977 1718 2032 tibi
1758 1962 1917 2032 vide-

268 2065 348 2120 ris
375 2082 408 2119 a
432 2069 543 2120 Deo
572 2063 907 2132 derelictus,
931 2068 1133 2118 canta:
1164 2065 1325 2130 Deus,
1361 2065 1497 2120 Deus
1520 2082 1692 2133 meus,
1719 2069 1920 2138 respice

267 2154 329 2208 in
357 2170 462 2209 me.
494 2152 735 2222 Exaudi,
768 2155 927 2221 Deus,
962 2155 1269 2208 orationem
1294 2170 1473 2209 meam
1493 2172 1615 2209 cum
1641 2155 1914 2227 deprecor.

267 2243 492 2299 Salvum
537 2258 627 2299 me
670 2245 781 2313 fac.
836 2244 1145 2315 Usquequo,
1197 2244 1425 2298 Domine
1470 2246 1639 2309 Deus,
1693 2246 1918 2301 auribus

264 2334 489 2388 nostris.
520 2332 773 2387 Miserere
800 2332 929 2402 mei,
962 2333 1124 2387 Deus.
1148 2332 1385 2399 Exaudi,
1419 2335 1576 2399 Deus,
1610 2336 1920 2389 orationem

267 2423 319 2474 et
366 2437 436 2475 ne
482 2419 768 2490 despicias.
817 2422 882 2475 In
931 2425 999 2485 te,
1051 2423 1301 2485 Domine,
1349 2425 1587 2492 speravi.
1632 2428 1767 2478 Post
1796 2423 1917 2477 haec

267 2511 505 2579 accepta
526 2508 751 2579 quiete:
779 2508 1100 2562 Benedicam
1124 2512 1443 2564 Dominum.
1462 2510 1713 2573 Benedic,
1729 2512 1920 2565 anima

270 2612 412 2652 mea.
444 2594 505 2651 Si
535 2595 643 2650 tibi
677 2595 980 2651 fastidiosa
1003 2597 1115 2650 vita
1137 2598 1220 2667 ﬁt,
1253 2602 1311 2652 et
1340 2614 1654 2668 supernam
1672 2600 1795 2670 jam
1820 2600 1917 2654 (Ye-

266 2685 490 2741 sideras
502 2684 691 2740 videre
706 2683 1157 2756 patriam,canta
1180 2702 1193 2739 :
1234 2686 1922 2755 Quaemadmodumﬂuam

264 2774 479 2829 dilecta.
519 2773 684 2841 Deus,
736 2775 876 2829 Deus
912 2789 1083 2841 meus,
1127 2773 1198 2828 ad
1227 2777 1277 2829 te
1305 2774 1370 2829 de
1400 2776 1516 2830 luce
1544 2777 1738 2845 vigilo.
1774 2778 1832 2831 Si
1863 2782 1927 2833 te

265 2863 353 2918 vis
375 2877 642 2918 exercere
665 2862 723 2916 in
746 2861 962 2917 divinis
984 2861 1257 2917 laudibus
1281 2868 1338 2918 et
1362 2864 1656 2919 mandatis
1673 2864 1918 2920 emlesli-

268 2953 401 3020 bus,
436 2955 643 3006 canta:
689 2951 844 3006 Beati
871 2951 1242 3006 immaculati.
1296 2956 1362 3006 Et
1407 2950 1542 3006 licet
1578 2953 1649 3007 ad
1692 2954 1918 3009 obitum

270 3039 896 3111 mortis,hujushymni
915 3041 1190 3095 virtutem
1204 3040 1813 3113 compleveris,nunqu
1824 3061 1917 3099 am

833 247 1132 309 REMIGII
1175 247 1918 311 ANTlSSIODORENSlS
1963 248 2135 309 OPP.
2184 248 2384 307 PARS
2430 247 2476 307 Ι.
2510 280 2589 289 --
2618 245 3086 308 EXEGETICA.

1948 1764 1996 1828 B

3551 242 3661 302 lu

2026 395 2164 433 neos
2195 382 2252 433 et
2280 379 2505 433 futuros
2536 378 2609 432 ad
2640 377 2748 432 hoc
2780 378 3044 443 invitare,
3069 379 3133 430 ut
3163 374 3582 431 contormando
3602 389 3665 428 se

2029 467 2278 533 Christo,
2313 467 2369 521 in
2404 470 2686 538 quantum
2720 466 2985 521 membra
3005 470 3178 536 caput
3205 463 3423 519 imitari
3453 461 3667 532 valent,

2028 560 2211 611 totam
2245 556 2301 609 in
2334 572 2399 610 eo
2431 572 2594 626 spem
2628 559 2849 610 aeterna:
2881 554 3260 609 beatitudinis
3289 555 3526 625 ponant.

2098 645 2331 700 Primus
2362 644 2627 715 psalmus
2678 661 2791 699 non
2842 644 3019 698 habet
3065 642 3325 707 titulum,
3376 641 3512 712 quia
3545 640 3674 712 ipse

2030 734 2198 806 quasi
2230 732 2437 788 titulus
2468 733 2647 787 totius
2681 732 2809 787 libri
2844 737 2954 798 est,
2986 749 3166 802 agens
3186 733 3256 786 de
3281 730 3380 786 illo
3400 730 3475 785 ad
3497 744 3673 800 quem

2028 824 2208 877 totius
2240 822 2375 877 libri
2404 821 2650 876 intentio
2680 821 2984 876 referenda
3014 825 3121 876 est.
3146 819 3325 874 Primi
3353 818 3562 891 psalmi
3584 817 3674 870 in-

2028 911 2209 966 tentio
2259 915 2348 965 est
2399 911 2704 965 ostendere
2762 909 2927 964 illum
2976 926 3078 981 per
3134 925 3309 980 quem
3372 921 3677 978 resurgere

2028 999 2324 1062 valeamus
2357 1017 2391 1054 a
2420 998 2655 1054 miseria
2686 998 2743 1052 in
2776 1015 2951 1070 quam
2985 997 3189 1068 dejecti
3222 997 3464 1052 fuimus.

2098 1088 2155 1141 Si
2179 1093 2472 1159 quaratur
2492 1104 2673 1158 quare
2697 1088 2810 1141 ista
2835 1087 3137 1158 prophetia
3159 1083 3520 1157 frequentius
3543 1081 3675 1138 aliis

2029 1177 2299 1231 recitatur
2319 1177 2377 1230 in
2400 1175 2672 1243 Ecclesia,
2700 1176 3021 1247 respondeo
3047 1173 3186 1246 quia
3212 1178 3337 1229 tota
3366 1172 3672 1245 dispensa-

2027 1265 2105 1320 tio
2125 1265 2216 1320 hic
2240 1265 2531 1337 copiosius
2554 1280 2732 1336 quam
2751 1264 2808 1319 in
2833 1263 2962 1319 aliis
2984 1264 3442 1332 demonstratur,
3459 1264 3516 1316 et
3537 1260 3677 1331 quia

2027 1354 2201 1408 verba
2229 1353 2565 1424 unucuique
2586 1354 2750 1423 justo
2779 1352 2867 1407 vel
2898 1350 3187 1424 peccatori
3218 1350 3298 1404 ita
3329 1347 3676 1421 ampliﬁcari

2028 1446 2296 1513 possunt,
2348 1446 2413 1497 ut
2452 1441 2542 1496 his
2582 1440 2751 1513 quasi
2784 1441 3036 1513 propriis
3068 1440 3150 1495 uti
3183 1439 3406 1510 possit;
3451 1442 3508 1494 et
3538 1437 3680 1509 quia

2030 1531 2238 1602 majori
2269 1531 2475 1585 affectu
2503 1534 2560 1585 et
2588 1530 3036 1601 compunctione
3067 1529 3389 1584 humanam
3421 1531 3678 1582 mentem

2029 1623 2560 1690 commovet,quam
2583 1617 2830 1687 alite,hic
2850 1618 3116 1690 quaedam
3137 1614 3684 1672 ascribunturChri-

2029 1712 2120 1762 sto
2143 1708 2469 1762 secundum
2493 1706 2945 1779 humanitatem,
2963 1705 3228 1777 quaedam
3251 1704 3575 1760 secundum
3596 1702 3684 1758 di-

2028 1795 2348 1862 vinitatem,
2367 1796 2633 1867 quaedam
2652 1796 2972 1851 secundum
2996 1801 3333 1865 utrumque.
3351 1794 3417 1849 Et
3436 1792 3536 1847 illa
3557 1792 3683 1863 qui-

2029 1887 2160 1941 dem
2194 1901 2320 1956 qua:
2353 1885 2680 1940 secundum
2706 1883 3136 1939 humanitatem
3160 1883 3432 1937 humanae
3460 1885 3680 1935 natura

2027 1974 2154 2044 ejus
2177 1973 2550 2041 conveniunt,
2576 1973 2703 2028 ideo
2727 1977 3134 2044 proponuntur
3156 1977 3219 2026 ut
3239 1972 3299 2026 in
3321 1969 3680 2042 quibusdam

2029 2079 2135 2118 nos
2167 2064 2598 2118 cont'ormantes
2629 2062 2739 2117 sibi
2771 2061 2830 2116 in
2861 2078 2927 2117 eo
2970 2076 3275 2132 speremus
3302 2078 3316 2127 ;
3346 2076 3497 2130 quae
3545 2074 3679 2114 vero

2028 2153 2350 2208 secundum
2406 2150 2828 2206 sublimitatem
2884 2149 3207 2204 divinitatis
3236 2147 3325 2203 vel
3350 2147 3679 2203 secundum

2028 2246 2344 2311 utrumque
2375 2239 2425 2295 ei
2458 2244 2816 2309 competunt,
2871 2237 2941 2292 ad
2973 2238 3083 2292 hoc
3112 2238 3449 2292 referuntur
3480 2241 3544 2291 ut
3577 2251 3680 2308 per

2028 2330 2494 2385 conformitatem
2548 2328 2630 2382 illi
2684 2327 2953 2383 famulari
3006 2345 3119 2381 non
3176 2327 3534 2390 dubitemus,
3575 2326 3677 2397 qui

2026 2424 2226 2473 tantus
2274 2425 2359 2473 est
2409 2422 2471 2472 ut
2529 2417 2696 2471 nobis
2755 2416 3080 2472 secundum
3138 2414 3347 2469 vitium
3406 2418 3678 2469 nostrum

2028 2505 2347 2560 retribuere
2379 2523 2494 2560 non
2531 2510 2799 2576 nequeat.

2100 2593 2263 2648 Sicut
2294 2592 2352 2648 ln
2385 2593 2698 2649 mundanis
2730 2593 2919 2663 libris,
2963 2593 3044 2647 ita
3073 2596 3131 2647 et
3160 2591 3219 2646 in
3253 2591 3465 2647 divinis
3495 2591 3679 2663 quaeri

2027 2686 2217 2753 potest
2237 2683 2307 2737 ad
2334 2698 2512 2753 quam
2543 2686 2767 2753 partem
2799 2680 3185 2753 philosophiae
3217 2684 3458 2751 spectet.
3482 2679 3678 2734 Eccle-

2029 2770 2237 2826 siastes
2268 2771 2420 2825 enim
2455 2770 2640 2826 tendit
2671 2771 2741 2825 ad
2774 2770 3098 2843 physicam,
3150 2769 3208 2823 in
3249 2786 3365 2840 quo
3397 2769 3684 2840 queritur

2031 2859 2263 2914 initium
2283 2864 2337 2914 et
2363 2859 2496 2914 finis
2520 2858 2783 2913 omnium
2809 2875 3003 2913 rerum
3032 2874 3157 2930 qua:
3182 2857 3240 2911 in
3264 2858 3483 2913 mundo
3514 2861 3677 2921 sunt,

2028 2952 2085 3002 et
2114 2950 2310 3002 omnia
2329 2948 2573 3002 vanitati
2600 2948 2904 3017 subjacere
2934 2947 3343 3002 ostenduntur.
3368 2946 3680 3001 Proverbia

2030 3053 2161 3091 vero
2194 3037 2442 3091 tendunt
2472 3038 2542 3091 ad
2576 3036 2851 3092 ethicam.
2878 3035 3177 3091 Canticum
3207 3035 3567 3090 canticorum
3601 3035 3676 3089 ad

270 3130 538 3204 perfecte,
572 3132 637 3184 ut
666 3133 827 3201 puto,
860 3127 1029 3183 illum
1063 3128 1384 3201 intelligere
1417 3130 1651 3202 poteris,
1707 3131 1764 3185 in
1797 3148 1913 3203 quo
1944 3130 1986 3196 (ζ
2023 3124 2367 3193 theoricam,
2412 3126 2464 3180 id
2512 3130 2618 3193 est,
2652 3126 2723 3180 ad
2756 3124 3305 3197 contemplationem
3338 3123 3671 3178 divinarum

276 3217 475 3275 nullus
510 3234 713 3274 versus
744 3223 834 3273 est
861 3216 921 3272 in
953 3233 1068 3288 quo
1122 3235 1236 3272 non
1288 3219 1364 3273 sit
1411 3218 1500 3273 vel
1529 3219 1622 3274 via
1672 3219 1918 3288 Domini,

273 3308 361 3365 vel
392 3307 736 3363 mandatum
770 3322 873 3361 seu
919 3310 1277 3378 praeceptum
1313 3307 1430 3377 Dei,
1462 3306 1549 3363 vel
1582 3309 1775 3379 verba,
1809 3308 1918 3378 lex,

275 3398 363 3455 vel
406 3395 885 3468 justiﬁcationes,
934 3394 1023 3450 vel
1072 3412 1392 3459 sermones,
1442 3395 1531 3451 vel
1565 3397 1811 3468 judicia.
1856 3400 1917 3453 In

275 3485 437 3543 omni
466 3490 727 3557 tempore
759 3483 879 3540 sive
920 3483 1345 3557 prosperitatis,
1379 3484 1497 3540 sive
1529 3486 1917 3554 adversitatis,

273 3576 561 3649 hymnum
581 3573 758 3628 trium
782 3588 1096 3645 puerorum
1129 3578 1321 3628 canta.
1356 3575 1417 3628 In
1451 3574 1729 3629 Psalterio
1760 3575 1918 3631 inve-

269 3665 513 3720 niuntur
540 3676 746 3718 omnes
778 3659 961 3715 divini
993 3659 1126 3715 libri
1160 3676 1227 3715 ex
1259 3665 1442 3731 parte.
1470 3682 1497 3710 »

332 3770 649 3827 Sciendum
674 3766 932 3833 estquod
957 3765 1167 3838 psalmi
1191 3783 1305 3820 non
1331 3767 1569 3821 fuerunt
1593 3772 1763 3821 antea
1781 3784 1920 3838 pra:-

262 3859 477 3916 titulati
496 3864 562 3914 ut
585 3873 739 3912 nunc
756 3864 915 3925 sunt,
931 3855 1032 3910 sed
1051 3855 1482 3926 aSeptuaginta
1503 3854 1918 3926 interpretibus

266 3949 430 4020 prius
451 3944 770 4016 conjuncti,
794 3948 851 3999 et
872 3944 1150 4015 deinceps
1174 3947 1307 4015 post
1328 3943 1737 4015 migrationem
1758 3943 1919 3999 Jeru-

266 4034 449 4092 salem
472 4034 543 4090 ab
567 4034 750 4088 Esdra
775 4031 1077 4104 propheta,
1103 4031 1326 4102 Spiritu
1348 4036 1548 4087 sancto
1571 4031 1913 4104 inspirante,

266 4124 325 4180 in
356 4122 469 4178 isto
501 4122 704 4177 ordine
733 4137 850 4192 quo
880 4136 1037 4174 nunc
1068 4124 1226 4189 sunt,
1273 4120 1507 4175 fuerunt
1536 4121 1709 4192 positi
1743 4126 1918 4194 atque

267 4210 627 4285 printitulati.
652 4212 807 4275 Quos
839 4208 1223 4280 Septuaginta
1251 4208 1516 4280 quamvis
1541 4213 1776 4265 sanctus
1802 4218 1937 4268 Au-.

267 4301 542 4374 gustinus
563 4298 814 4353 afﬁrmet
836 4296 1017 4352 fuisse
1050 4296 1307 4352 inclusos
1330 4296 1386 4351 in
1420 4297 1668 4369 singulis
1690 4298 1915 4355 cellulis

266 4390 502 4462 quando
516 4386 876 4459 interpretati
892 4392 1049 4452 sunt,
1066 4390 1514 4442 sanctustamen
1528 4389 1915 4461 Hieronymus

266 4479 375 4534 hoc
398 4477 1007 4545 minimoconcedens,
1034 4478 1115 4531 ait
1141 4492 1154 4533 :
1186 4477 1242 4531 Si
1265 4474 1477 4531 inclusi
1502 4476 1767 4544 fuissent,
1798 4495 1913 4533 non
1948 4497 1993 4560 D

267 4567 631 4638 interpretes,
684 4568 785 4621 sed
827 4567 1015 4638 magis
1046 4565 1341 4639 prophetae
1375 4565 1513 4620 dicti
1549 4565 1815 4622 fuissent.
1849 4566 1916 4621 Et

267 4654 378 4709 hoc
408 4654 704 4726 cognitum
733 4660 822 4709 est
853 4655 1002 4725 quod
1038 4654 1218 4710 coacti
1263 4655 1545 4720 fecerunt,
1575 4654 1777 4709 dicunt
1806 4672 1908 4709 au-

266 4749 475 4807 ctores,
495 4741 636 4813 quia
657 4741 778 4812 ipse
800 4758 898 4796 rex
921 4741 1266 4797 Ptolomaeus
1286 4759 1468 4797 unum
1482 4742 1665 4796 Deum
1690 4742 1913 4797 colebat

266 4833 417 4889 sicut
448 4829 689 4896 Hebraei,
730 4835 787 4884 et
816 4829 940 4884 ideo
974 4847 1074 4901 pro
1105 4848 1302 4886 amore
1345 4830 1506 4885 illius
1537 4830 1919 4886 Hebraeorum

263 4923 593 4993 Scripturas
625 4920 683 4974 in
717 4935 892 4974 suum
915 4918 1100 4989 jussit
1129 4918 1431 4974 transferri
1465 4918 1783 4990 eloquium.

338 5026 572 5084 Titulus
598 5030 686 5081 est
714 5025 890 5082 clavis
920 5024 1139 5099 gratiae.
1164 5025 1326 5080 Sicut
1356 5041 1455 5096 per
1480 5024 1699 5082 clavem
1724 5027 1782 5080 in
1808 5027 1909 5082 do-

267 5134 431 5173 mum
463 5115 847 5187 ingredimur,
880 5114 960 5170 ita
991 5131 1093 5187 per
1117 5112 1359 5169 titulum
1383 5115 1675 5185 psalmum
1704 5114 1916 5171 intelli-

267 5209 483 5281 gimus.

339 5293 587 5351 Intentio
609 5292 789 5363 hujus
811 5292 1128 5363 prOphetim
1151 5296 1241 5349 est
1270 5290 1558 5349 consolari
1588 5308 1773 5365 genus
1803 5292 1911 5347 hu-

268 5401 532 5447 manum,
557 5381 712 5456 quod
742 5379 915 5452 primi
938 5382 1196 5450 parentis
1218 5380 1390 5454 culpa
1411 5382 1482 5437 de
1505 5381 1759 5436 maxima
1779 5382 1912 5436 bea-

266 5474 515 5529 titudine
533 5472 591 5527 in
611 5471 898 5527 maximas
917 5468 1184 5523 miserias
1197 5471 1487 5540 dejectum
1501 5474 1647 5537 erat,
1661 5487 1764 5525 nec
1781 5468 1939 5525 inde.

268 5566 487 5635 poterat
522 5576 825 5633 resurgere
852 5557 964 5614 nisi
988 5557 1047 5613 in
1072 5556 1169 5612 Dei
1191 5557 1614 5633 misericordia.
1648 5562 1764 5612 Aut
1790 5558 1871 5613 ita
1898 5575 1910 5612 :

267 5651 558 5725 Propheta
577 5647 828 5706 intendit
856 5647 916 5704 in
947 5646 1055 5706 hoc
1077 5661 1248 5721 opere
1270 5662 1474 5706 omnes
1505 5650 1913 5723 contempora-

2032 3230 2252 3268 rerum.

2101 3302 2207 3358 Ubi
2242 3307 2431 3358 autem
2466 3303 2605 3374 quid
2638 3302 2834 3358 minus
2868 3301 3116 3357 habetur
3143 3301 3199 3355 in
3235 3300 3428 3357 Graeco
3461 3300 3531 3355 ab
3561 3299 3676 3355 He;

2029 3393 2226 3447 braica
2244 3393 2505 3458 veritate,
2530 3392 2807 3465 Origenes
2828 3391 2898 3445 de
2923 3390 3303 3446 translatione
3325 3390 3676 3445 Theodotiu-

2029 3482 2121 3536 nis
2151 3482 2245 3536 hic
2276 3481 2333 3535 in
2365 3481 2490 3536 loco
2521 3480 2746 3535 addidit
2775 3480 3033 3552 signum,
3062 3494 3283 3550 ponens
3313 3480 3676 3534 asteriscum'

2029 3571 2084 3623 id
2118 3574 2207 3624 est
2233 3569 2468 3637 stellam,
2494 3585 2619 3639 quae
2648 3568 2797 3638 quod
2825 3567 2987 3639 prius
3008 3567 3417 3623 absconditum
3440 3567 3672 3622 videba-

2026 3660 2123 3711 tur
2141 3655 2453 3711 illuminet.
2474 3656 2581 3711 Ubi
2605 3661 2799 3711 autem
2823 3656 2977 3726 quod
3000 3655 3058 3710 in
3082 3656 3318 3711 Hebraeo
3338 3673 3451 3710 non
3479 3661 3588 3726 est,
3614 3656 3673 3710 in
3766 3694 3779 3713 ι

2026 3745 2220 3800 Graeco
2240 3745 2551 3811 invenitur,
2582 3752 2635 3811 ἦ·
2653 3746 2871 3813 obelon,
2904 3746 2959 3799 id
2985 3749 3074 3800 est
3095 3746 3375 3816 jacentem
3398 3746 3681 3813 virgulam

2027 3833 2360 3906 praeposuit,
2395 3851 2569 3907 quam
2603 3852 2710 3890 nos
2743 3834 2925 3890 Latini
2955 3851 3091 3889 veru
3125 3851 3439 3907 possumus
3463 3834 3674 3905 dicere,

2028 3939 2142 3993 quo
2160 3921 2324 3993 signo
2347 3923 2678 3977 ostenditur
2701 3923 3154 3978 confodiendum
3173 3923 3329 3994 quod
3353 3922 3411 3977 in
3433 3923 3676 3978 authen-

2026 4011 2157 4065 ticis
2190 4011 2354 4066 libris
2386 4028 2501 4066 non
2534 4017 2641 4067 est.

2160 4113 2175 4147 ι
2420 4114 2454 4149 ιι
2689 4112 2741 4147 ιιι
2956 4113 3027 4148 llll
3244 4112 3274 4148 γ
3512 4114 3560 4149 Vl

2150 4176 2181 4210 a
2424 4163 2459 4210 h
2702 4175 2737 4223 ε
2975 4161 3008 4209 d
3251 4174 3279 4208 e
3516 4165 3566 4210 st

2144 4240 2176 4270 α
2422 4223 2450 4270 6
2692 4239 2722 4285 γ
2972 4223 2998 4271 δ
3252 4239 3272 4270 ε
3527 4243 3549 4281 ς

2084 4286 2243 4348 alpha
2377 4286 2499 4334 beta
2608 4299 2817 4350 gamma
2921 4286 3059 4335 delta
3164 4286 3376 4335 ebreue
3410 4287 3677 4350 episimon

2113 4350 2217 4397 mia
2385 4350 2489 4411 dyo
2622 4347 2765 4396 ‘tria
2893 4353 3097 4398 tessera
3198 4352 3354 4411 pente
3444 4347 3460 4350 ⁷
3492 4347 3597 4397 hex

2131 4425 2195 4460 VII
2399 4425 2483 4458 VIII
2691 4424 2745 4458 lx
2978 4425 3013 4460 Χ
3243 4425 3311 4459 XX
3497 4424 3599 4459 XXI

2148 4488 2173 4521 z
2300 4489 2326 4521 e
2358 4473 2574 4535 longum
2690 4472 2745 4535 th
2996 4475 3012 4522 i
3260 4472 3293 4521 k
3528 4476 3556 4535 _t

2150 4536 2175 4593 ζ
2418 4533 2476 4593 η’
2709 4534 2734 4581 θ
2999 4553 3012 4581 ι
3264 4551 3296 4582 κ
3527 4533 3561 4581 λ

2108 4605 2221 4646 zeta
2392 4602 2475 4646 eta
2637 4596 2787 4646 theta
2940 4597 3047 4646 iota
3178 4610 3349 4660 cappa
3444 4596 3627 4646 Iamda

2068 4660 2246 4709 hebda
2372 4663 2492 4709 octo
2625 4674 2727 4707 euu
2740 4674 2796 4707 ea
2927 4663 3055 4707 (leua
3204 4661 3334 4708 icosi
3407 4661 3675 4709 triaconta

2126 4737 2186 4770 XL
2421 4736 2447 4771 L
2682 4736 2740 4769 LX
2945 4736 3032 4770 LXX
3208 4736 3344 4771 ιιχι
3500 4735 3568 4770 XC

2418 4797 2455 4832 n
2696 4798 2729 4847 ξ
2973 4798 3004 4831 o
3246 4799 3279 4846 p
3506 4785 3559 4847 yi

2141 4863 2175 4909 μ.
2420 4862 2445 4892 ν
2697 4846 2720 4905 ξ
2936 4862 2995 4909 ro
3241 4862 3278 4893 π
3512 4846 3551 4908 ῃ

2114 4906 2204 4973 my
2402 4923 2475 4972 ny
2628 4969 2641 4973 _
2689 4908 2741 4956 xi
2881 4922 2912 4973 o
2934 4908 3094 4957 breue
3238 4910 3292 4973 pi
3481 4906 3599 4957 cote

2046 4969 2265 5021 tessara-
2340 4969 2522 5034 pen'te-
2627 4969 2792 5018 hexe-
2899 4970 3077 5032 hepte-
3170 4969 3369 5033 ogdoa-
3442 4984 3641 5019 ennea-

2085 5039 2262 5093 conta,
2378 5039 2551 5091 conta,
2655 5038 2828 5089 conta,
2931 5038 3106 5091 conta,
3209 5037 3384 5093 conta,
3456 5036 3630 5090 conta,

2142 5111 2170 5143 C
2679 5107 2738 5143 CC
3224 5108 3311 5145 CCC
3482 5107 3600 5145 CCCC

2696 5170 2719 5203 s
3257 5161 3278 5205 t
3524 5170 3558 5219 y

2148 5235 2172 5282 ρ
2662 5280 2667 5282 Α
2699 5234 2728 5264 σ
3249 5235 3279 5265 τ
3526 5236 3553 5264 υ

2111 5280 2206 5329 rho
2620 5280 2800 5344 sigma
3214 5284 3305 5329 tau
3428 5281 3641 5344 ypsilon

2046 5344 2271 5392 heeaton
2601 5343 2819 5392 diaeosii
3155 5344 3365 5392 tracosii
3398 5344 3672 5394 tetracosii

2144 5419 2174 5454 D
2498 5436 2509 5451 ι
2679 5420 2707 5453 Ι)
2714 5419 2741 5453 C
3216 5419 3308 5455 DCC
3474 5418 3598 5455 DCCC

2126 5469 2201 5531 pii
2680 5468 2745 5517 ch
2868 5488 2905 5515 ο
3237 5470 3297 5531 pf
3518 5482 3554 5516 o

2144 5546 2205 5642 ἶιὶ
2670 5546 2755 5641 cili
3221 5531 3301 5642 uti
3396 5605 3428 5642 ο
3448 5547 3558 5642 lori:

2112 5592 2205 5655 phi
2282 5653 2309 5656 η
2556 5654 2566 5656 4
2670 5592 2755 5641 cui
2791 5653 2818 5656 η
2996 5653 3008 5656 _
3114 5654 3119 5656 _
3218 5592 3301 5656 psi
3396 5592 3673 5656 olonaum

2022 5653 2336 5721 pedtacosii,
2555 5653 2842 5717 hexacosii,
2995 5653 3310 5721 heptaco'sii,
3341 5653 3667 5722 ogdoaeolil.
