4040 6208
336 327 453 393 M9

1456 319 2072 392 ENARRATIONES
2116 320 2195 389 ΙΝ
2240 319 2624 389 PSALMOS.

3631 318 3749 381 180

1090 479 3746 515 ﬂ

538 650 2111 821 ENARBATIONES
2226 651 2436 813 IN
2551 640 3535 812 PSALMOS.

826 1031 1159 1087 PSALMUS
1204 1031 1493 1086 PRIMUS.

408 1177 437 1206 ‹‹
471 1155 681 1210 Beatus
711 1153 797 1209 vir
827 1155 927 1225 qui
959 1172 1075 1210 non
1109 1155 1254 1209 abiit
1282 1155 1341 1209 in
1374 1154 1615 1210 consilio
1648 1154 1988 1225 impiorum,

339 1262 363 1293 ι
398 1248 455 1300 et
484 1246 544 1298 in
565 1244 657 1298 via
678 1249 1049 1316 peccatorum
1075 1262 1187 1299 non
1210 1244 1388 1312 stetit,
1419 1248 1475 1299 et
1502 1244 1560 1298 in
1592 1244 1867 1298 cathedra
1888 1260 1989 1314 pe-

337 1356 359 1383 «
398 1332 668 1389 stilcntiaa
704 1350 817 1388 non
852 1334 1044 1388 sedit:
1076 1334 1176 1389 sed
1212 1334 1269 1388 in
1302 1333 1427 1405 lege
1459 1333 1688 1387 Domini
1720 1331 1988 1386 voluntas

333 1443 362 1471 «
394 1422 543 1491 ejus,
568 1425 624 1475 et
651 1422 708 1475 in
740 1420 864 1492 lege
895 1422 1021 1490 ejus
1055 1422 1433 1476 meditabitur
1463 1422 1555 1476 die
1584 1437 1648 1475 ac
1703 1425 1888 1475 nocte.
1924 1421 1989 1474 Et

336 1530 364 1559 «
395 1509 507 1565 erit
527 1515 811 1581 tanquam
833 1510 1060 1581 lignum
1086 1511 1235 1582 quod
1264 1510 1873 1581 plantatumestsecus
1896 1510 1990 1563 de—

335 1620 363 1649 «
396 1615 609 1654 cursus
651 1615 961 1670 aquarum,
997 1600 1151 1669 quod
1189 1600 1442 1654 fructum
1504 1616 1677 1653 suum
1738 1598 1899 1653 dabit
1930 1597 1985 1652 in

329 1709 360 1739 α
393 1692 654 1759 tempore
676 1704 802 1743 suo.
828 1688 895 1742 Et
919 1688 1121 1743 folium
1157 1690 1286 1760 ejus
1310 1705 1424 1743 non
1450 1689 1684 1753 deﬂuet,
1708 1692 1763 1742 et
1791 1687 1990 1743 omnia

332 1798 361 1827 ‹‹
396 1793 785 1848 quacumque
810 1776 979 1831 faciet
1000 1778 1525 1848 prosperabuntur.
1552 1777 1675 1832 Non
1700 1776 1781 1832 sic
1800 1776 1986 1849 impii,

332 1886 361 1914 «
396 1881 512 1919 non
538 1864 640 1933 sic,
666 1865 767 1920 sed
798 1868 1078 1935 tanquam
1103 1866 1291 1937 pluvis
1317 1883 1491 1937 quem
1524 1864 1753 1936 projicit
1781 1870 1989 1920 ventus

330 1976 359 2003 ‹‹
396 1970 430 2008 a
460 1954 603 2009 facie
636 1958 820 2011 terrai.
858 1955 989 2010 Ideo
1022 1972 1136 2009 non
1171 1959 1475 2027 resurgent
1503 1954 1669 2026 impii
1712 1954 1769 2009 in
1794 1955 1987 2026 judio,

328 2064 358 2091 «
394 2058 584 2114 neque
615 2048 944 2114 peccatores
976 2044 1033 2097 in
1064 2044 1307 2099 consilio
1349 2045 1673 2114 justorum,
1707 2043 1987 2115 quoniam

330 2153 359 2179 «
396 2130 554 2185 novit
583 2130 866 2186 Dominus
898 2132 1049 2186 viam
1075 2133 1398 2201 justorum,
1443 2137 1500 2187 et
1529 2133 1638 2186 iter
1670 2132 1988 2203 impiorum

335 2238 360 2268 ι
400 2218 635 2290 peribit.
665 2241 690 2267 »

944 2335 1034 2388 EN
1045 2335 1387 2390 ARRATIO.

399 2453 602 2505 Beatus
626 2454 728 2505 vir.
774 2449 949 2513 Quasi
995 2450 1188 2505 dicat:
1238 2450 1387 2506 Olim
1446 2452 1603 2506 venit
1652 2452 1893 2521 quidam
1929 2452 1984 2505 in

321 2538 489 2593 hunc
524 2538 836 2605 mundum,
870 2539 970 2609 qui
1004 2556 1117 2593 non
1151 2539 1263 2593 fuit
1293 2538 1396 2609 vir,
1432 2541 1530 2595 sed
1590 2540 1713 2595 sine
1742 2540 1982 2609 viribus,

320 2627 469 2699 quia
499 2627 808 2681 incentivis
829 2627 1104 2681 vitiorum
1137 2627 1483 2693 succubuit;
1518 2632 1573 2683 et
1602 2628 1731 2683 ideo
1762 2628 1982 2698 infelix,

320 2716 469 2789 quia
486 2715 629 2770 abiit
646 2733 678 2770 a
694 2715 820 2787 lege
842 2715 1073 2770 Domini
1094 2716 1192 2770 Dei
1217 2717 1305 2770 sui
1326 2734 1426 2788 per
1439 2716 1877 2773 delectationem
1897 2735 1983 2773 ve-

318 2805 571 2860 titorum
596 2823 607 2871 ;
624 2805 785 2860 stetit
806 2821 905 2876 per
923 2820 1272 2859 consensum
1286 2806 1570 2876 ,seditper
1586 2806 1977 2878 operationem

321 2898 381 2949 et
403 2893 1225 2964 consuetudinem,propterea
1246 2894 1315 2947 de
1334 2910 1567 2949 summa
1589 2894 1857 2949 felicitate
1882 2896 1979 2949 de-

318 2983 472 3038 cidit
505 2983 563 3037 in
597 2999 894 3039 summam
932 2982 1246 3052 miseriam,
1276 2983 1346 3037 de
1376 2983 1495 3037 vita
1518 2985 1587 3038 ad
1614 2988 1878 3053 mortem,
1910 2985 1980 3039 de

317 3072 771 3127 immortalitate
795 3073 865 3126 ad
902 3072 1311 3126 mortalitatem
1338 3097 1351 3138 ;
1379 3076 1436 3127 et
1467 3088 1686 3137 secum,
1719 3072 1873 3128 velut
1896 3090 1980 3127 ra-

319 3162 446 3227 dix,
477 3178 653 3217 omne
684 3161 1011 3216 humanum
1044 3166 1525 3232 genustanquam
1556 3162 1828 3217 ramosin
1862 3162 1980 3216 ima

319 3250 560 3322 dejecit.
586 3252 696 3306 Sed
719 3250 908 3307 veniet
933 3250 1173 3322 quidam
1203 3249 1309 3316 vir,
1341 3255 1398 3304 et
1427 3251 1572 3304 bene
1600 3250 1688 3303 vir
1717 3250 1855 3320 quia
1874 3251 1981 3305 for-

316 3340 418 3405 tis,
455 3338 603 3410 quia
632 3338 1072 3409 insuperabilis,
1102 3341 1322 3401 Beatus,
1356 3337 1521 3407 quasi
1573 3338 1719 3392 bene
1750 3343 1977 3403 auctus,

315 3427 554 3484 scilicet
574 3427 660 3481 vir
684 3430 995 3499 perfectus,
1026 3428 1166 3498 quia
1186 3443 1309 3481 cum
1336 3427 1468 3480 aliis
1487 3426 1683 3480 dentur
1701 3426 1845 3481 dona
1867 3426 1984 3497 Spi-

314 3518 466 3571 ritus
498 3519 681 3571 sancti
710 3517 778 3571 ad
808 3533 1143 3579 mensuram,
1194 3517 1253 3570 in
1282 3531 1344 3570 eo
1375 3515 1638 3570 habitavit
1669 3518 1845 3570 omnis
1865 3516 1982 3585 ple-

312 3606 523 3661 nitudo
553 3606 865 3661 divinitatis
922 3605 1282 3676 corporaliter
1336 3605 1510 3675 (Joan.
1544 3621 1646 3665 111;
1676 3609 1829 3669 Rom,
1863 3622 1983 3671 x11;

314 3694 438 3749 Col.
470 3694 563 3765 ιι),
595 3694 655 3748 id
685 3698 775 3749 est
805 3693 1028 3766 integre
1058 3698 1113 3749 et
1159 3693 1363 3757 solide,
1418 3698 1481 3747 ut
1532 3693 1612 3746 ait
1660 3693 1979 3764 propheta:

314 3784 379 3838 Et
396 3763 711 3855 requiescet
729 3800 892 3854 super
921 3763 1048 3837 eum
1077 3783 1317 3853 Spiritus
1347 3782 1585 3847 Domini,
1618 3763 1857 3852 Spiritus
1887 3799 1981 3837 sa-
2014 3763 2056 3830 C

304 3875 557 3944 pientige
586 3877 635 3927 et
669 3873 994 3938 intellectus,
1020 3876 1129 3926 etc.
1167 3872 1292 3942 (lsa.
1319 3871 1377 3941 ι).
1414 3903 1479 3910 —-
1535 3872 1638 3939 Qui
1665 3887 1772 3926 non
1823 3873 1979 3925 abiit.

314 3961 425 4025 Qui
465 3977 593 4016 non
626 3960 851 4015 recedet
881 3978 913 4014 a
944 3959 1069 4031 lege
1099 3959 1325 4013 Domini
1351 3959 1449 4013 Dei
1475 3958 1585 4027 sui,
1612 3961 1985 4030 quemadmo-

314 4050 464 4104 dum
491 4048 599 4104 ille
614 4048 1218 4115 infelix,delectatione
1239 4047 1458 4119 peccati
1485 4048 1732 4119 periens,
1766 4048 1987 4103 scilicet

314 4141 373 4192 in
400 4139 651 4194 consilio
674 4139 991 4208 impiorum.
1025 4136 1347 4191 Consilium
1382 4135 1696 4207 impiorum
1729 4136 1836 4191 fuit
1866 4153 1984 4191 ser-

311 4229 521 4298 pentis
561 4230 617 4282 et
645 4228 791 4282 Evaa.
826 4225 1146 4281 Consilium
1196 4224 1409 4279 dicitur
1456 4226 1773 4296 excogitata
1816 4225 1983 4281 ratio.

312 4316 382 4370 Et
413 4333 675 4387 serpens
706 4332 839 4371 cum
875 4332 987 4369 non
1022 4317 1219 4386 posset
1251 4330 1352 4384 per
1382 4330 1443 4368 se
1472 4314 1656 4368 Adam
1688 4315 1984 4378 seducere,

315 4405 567 4461 seduxit
604 4405 800 4468 Evam,
833 4408 889 4459 et
917 4421 1019 4474 per
1050 4403 1226 4457 Evam
1257 4402 1465 4467 Adam,
1494 4401 1700 4458 callide
1721 4404 1864 4458 satis
1889 4420 1991 4475 per

310 4496 541 4550 vitium
581 4494 737 4565 quod
769 4498 857 4548 est
886 4492 1084 4546 virtuti
1116 4492 1468 4564 proximum,
1504 4508 1606 4561 per
1653 4493 1987 4563 cupidinem

311 4583 598 4653 honoris,
633 4582 835 4637 dicens
865 4600 877 4636 :
903 4582 1068 4636 Eritis
1098 4581 1240 4635 sicut
1295 4581 1398 4647 dii,
1445 4583 1670 4635 scientes
1718 4583 1915 4636 bonum
1943 4590 1993 4637 et

310 4676 548 4729 malum
578 4671 732 4742 (Gen.
768 4672 873 4743 ιιι).
936 4671 1075 4725 Inde
1130 4675 1188 4724 et
1235 4668 1451 4723 dicitur
1500 4671 1653 4740 quod
1714 4670 1771 4724 in
1810 4672 1993 4726 forma

315 4762 633 4834 serpentis
663 4760 934 4815 diabolus
981 4760 1167 4814 Adam
1198 4762 1255 4812 et
1284 4762 1457 4813 Evam
1508 4760 1821 4827 seduxerit,
1855 4761 1995 4831 quia

314 4852 575 4908 nullum
608 4850 815 4905 vitium
841 4848 1069 4904 facilius
1092 4847 1276 4919 serpit
1297 4846 1355 4901 in
1388 4847 1653 4902 animum
1685 4848 1991 4905 hominum

314 4957 509 5011 quam
537 4938 805 5006 ambitio,
828 4955 941 4993 non
965 4938 1120 5010 quod
1140 4938 1387 4992 formam
1413 4935 1993 5009 serpentisinduerit,

315 5047 461 5088 cum
500 5030 569 5083 in
606 5028 799 5100 specie
830 5028 1087 5083 humana
1120 5026 1419 5081 hominem
1469 5024 1700 5080 facilius
1730 5026 1996 5100 decipere

2015 1029 2068 1094 Α
2099 1025 2359 1097 loquitur
2388 1028 2458 1081 de
2487 1026 2712 1082 Christo
2742 1028 2949 1100 capite,
2981 1033 3037 1084 et
3061 1028 3191 1085 ideo
3222 1030 3451 1087 videtur
3480 1030 3748 1087 sufﬁcere

2102 1134 2225 1187 qua
2249 1117 2408 1171 dixit.
2445 1118 2551 1185 Qui
2576 1134 2685 1171 non
2714 1118 2875 1172 abiit.
2899 1118 3045 1182 Quia
3073 1119 3251 1175 sinon
3286 1120 3605 1177 delectatus
3635 1126 3744 1188 est,

2101 1204 2286 1260 multo
2310 1205 2507 1261 minus
2525 1207 2860 1273 consensit;
2887 1207 2931 1261 si
2968 1224 3083 1262 non
3105 1209 3614 1277 consensit,multo
3638 1209 3747 1266 mi-

2100 1312 2211 1350 nus
2244 1295 2396 1350 fecit.

2171 1385 2279 1440 Sed
2308 1388 2371 1438 ut
2401 1386 2730 1440 ostenderet
2763 1385 2967 1442 eodem
3000 1387 3201 1443 ordine
3248 1391 3675 1461 resurgendum

2096 1473 2310 1545 triplici
2343 1478 2528 1529 morte
2561 1475 2768 1530 anima:
2803 1492 2837 1530 a
2868 1476 3159 1532 contrario
3191 1494 3306 1550 quo
3340 1464 3752 1547 cecidimus,et

2099 1563 2155 1616 in
2177 1563 2405 1618 Christo
2436 1579 2565 1618 esse
2597 1564 2766 1618 nobis
2795 1564 3044 1620 formam
3081 1567 3446 1639 resurgendi,
3481 1567 3610 1624 ideo
3642 1568 3751 1624 hoc

2098 1651 2180 1705 illi
2205 1651 2489 1707 attribuit.
2526 1652 2719 1707 Potest
2751 1658 2806 1708 et
2834 1653 3004 1708 aliter
3033 1653 3166 1727 legi,
3204 1660 3269 1709 ut
3298 1655 3419 1711 haec
3451 1656 3750 1713 distinctio

2099 1744 2231 1812 apte
2260 1740 2586 1807 conveniat,
2620 1742 2720 1797 sed
2753 1742 3001 1798 diversis
3049 1744 3318 1815 personis
3376 1749 3439 1800 ut
3482 1746 3752 1801 ostendat

2100 1831 2304 1884 modos
2337 1831 2696 1902 resurgendi.
2733 1831 2845 1886 ita:
2898 1838 3108 1888 Beatus
3138 1834 3226 1887 vir
3268 1834 3366 1905 qui
3400 1852 3514 1889 non
3548 1834 3755 1891 habuit

2099 1917 2279 1973 ullam
2302 1918 2744 1975 delectationem
2765 1920 3077 1992 peccati,ut
3093 1923 3751 1990 Maria,Joannes,etille

2098 2008 2325 2077 beatus,
2347 2009 2470 2079 qui,
2496 2009 2603 2063 etsi
2637 2009 2957 2065 delectatus
2998 2015 3107 2075 est,
3139 2012 3247 2066 etsi
3284 2013 3600 2083 consensit,
3633 2030 3750 2069 non

2098 2101 2293 2152 tamen
2318 2096 2378 2151 in
2403 2102 2597 2151 actum
2621 2098 2804 2165 duxit,
2831 2099 3101 2171 quamvis
3133 2117 3248 2155 non
3280 2102 3422 2156 adeo
3451 2102 3656 2157 beatus
3688 2105 3753 2157 ut

2101 2186 2449 2256 superiores.
2480 2191 2547 2241 Et
2570 2188 2635 2241 in
2663 2189 2753 2241 via
2780 2197 3120 2257 peccatorum
3150 2206 3260 2244 non
3288 2192 3454 2245 stetit.
3480 2189 3588 2245 Via
3619 2207 3748 2261 pec-

2102 2278 2363 2328 catorum
2396 2274 2587 2330 omnis
2616 2274 2819 2331 illicita
2850 2276 3123 2347 cogitatio
3149 2281 3238 2333 est
3264 2278 3321 2333 in
3357 2294 3473 2350 qua
3502 2282 3750 2345 stamus,

2023 2402 2070 2465 B
2102 2378 2237 2417 cum
2271 2379 2626 2419 consensum
2658 2364 3007 2435 praebemus.
3041 2366 3151 2421 Sed
3195 2366 3482 2434 Christus,
3516 2367 3612 2437 qui
3648 2384 3751 2423 nec

2101 2469 2363 2522 unquam
2396 2451 2597 2507 illicita
2628 2454 2916 2523 cogitavit,
2970 2455 3154 2511 multo
3206 2456 3404 2512 minus
3434 2457 3749 2513 consensit.

2096 2541 2433 2595 Peccatores
2465 2544 2519 2595 et
2549 2541 2713 2612 impii
2748 2541 2842 2596 hic
2874 2560 2978 2613 pro
3010 2544 3213 2599 eodem
3264 2545 3648 2617 accipiuntur.
3687 2549 3751 2602 Et

2094 2630 2155 2683 in
2184 2629 2440 2684 cathedra
2486 2631 2816 2700 pestilentia:
2846 2648 2955 2687 non
2984 2633 3140 2687 sedit.
3179 2634 3239 2688 Id
3273 2638 3380 2699 est,
3414 2634 3515 2706 qui
3547 2652 3746 2707 pecca-

2092 2718 2305 2773 tumin
2327 2718 2723 2790 operationem
2757 2737 2873 2774 non
2907 2720 3091 2776 duxit.
3128 2722 3234 2787 Qui
3268 2723 3424 2778 enim
3458 2740 3563 2779 nec
3591 2723 3747 2795 cogi-

2091 2807 2250 2873 tavit,
2285 2824 2387 2862 nec
2419 2809 2734 2873 consensit,
2770 2809 2955 2865 multo
3002 2811 3201 2867 minus
3251 2812 3385 2867 fecit
3415 2817 3740 2883 peccatum.

2091 2895 2375 2950 Cathedra
2394 2912 2597 2967 regum
2631 2900 2720 2951 est
2748 2896 2836 2951 vel
2869 2898 3310 2969 magistrorum.
3345 2900 3507 2964 Quod
3538 2905 3627 2955 est
3655 2900 3739 2954 di-

2091 3001 2238 3048 cere,
2272 3001 2515 3056 regnum
2547 2990 2843 3040 terrenum
2876 2986 3082 3042 noluit.
3116 2990 3258 3042 Cum
3288 2990 3445 3043 enim
3486 2989 3749 3044 viderent

2089 3072 2358 3128 homines
2391 3089 2526 3128 eum
2562 3073 2659 3144 qui
2704 3074 2775 3128 de
2823 3075 3083 3146 quinque
3131 3076 3383 3147 panibus
3415 3081 3471 3132 et
3515 3078 3746 3133 duobus

2089 3161 2349 3233 piscibus
2362 3162 2622 3233 quinque
2635 3162 3133 3219 mllliahominum
3151 3166 3746 3235 saturasset,terrenis

2091 3250 2410 3304 commodis
2430 3250 2721 3306 inhiantes
2754 3266 2932 3323 regnu
2944 3270 2999 3306 m
3017 3254 3065 3308 ei
3086 3253 3290 3308 offerre
3306 3254 3737 3325 cogitaverunt:

2092 3355 2341 3409 quorum
2364 3338 2698 3409 cogitationi
2716 3340 2798 3394 sic
2812 3341 3064 3395 obviavit
3082 3358 3094 3396 :
3114 3342 3432 3413 Operamini
3440 3358 3546 3398 non
3563 3344 3743 3399 cibum

2091 3429 2186 3497 qui
2200 3427 2345 3497 perit
2373 3427 2466 3481 sed
2496 3429 2591 3497 qui
2614 3434 2899 3498 permanet
2948 3432 3009 3483 in
3053 3430 3223 3484 vitam
3269 3434 3532 3487 aeternam
3561 3434 3739 3501 (Joan.

2093 3516 2189 3586 Ix).
2210 3514 2456 3578 Quiailli
2482 3515 2552 3569 ad
2586 3515 2694 3569 hoc
2712 3533 2845 3570 eum
2862 3518 3138 3573 volebant
3168 3536 3359 3591 regem
3393 3522 3746 3578 constituere

2093 3608 2158 3659 ut
2174 3603 2642 3659 necessariaillis
2676 3604 3019 3676 provideret.
3054 3607 3178 3661 Non
3209 3607 3338 3663 ideo
3396 3613 3745 3679 potestatem

2093 3699 2199 3749 teri
2215 3710 2382 3748 enam
2400 3694 2615 3765 sprevit
2628 3692 2769 3764 quin
2785 3709 2911 3749 eam
2930 3695 3113 3766 possit
3126 3695 3251 3751 sine
3264 3701 3499 3766 peccato
3513 3697 3747 3765 habere;

2095 3789 2195 3840 sed
2221 3782 2360 3855 quia
2380 3799 2507 3838 eam
2541 3782 2817 3838 mortales
2850 3783 2976 3840 sine
3022 3788 3257 3855 peccato
3290 3789 3347 3839 et
3375 3783 3624 3840 aliorum
3656 3785 3751 3839 in-

2095 3870 2401 3928 commodo
2422 3871 2634 3926 habere
2649 3873 2938 3941 nesciunt,
2960 3889 3030 3928 nc
3045 3874 3209 3928 daret
3220 3872 3302 3929 eis
3317 3872 3680 3929 occasionem
3695 3877 3753 3928 et

2093 3959 2424 4032 exemplum
2442 3960 2999 4031 perditionis,noluit
3014 3978 3259 4033 regnum
3278 3967 3575 4019 terrenum
3594 3962 3747 4034 quod

2094 4066 2225 4105 vere
2255 4057 2339 4104 est
2371 4050 2650 4120 pestilens
2701 4067 2931 4122 semper
2961 4051 3031 4105 ad
3086 4050 3422 4109 elationem.
3469 4051 3749 4125 Quisquis

2096 4156 2164 4193 ex
2193 4138 2615 4193 consuetudine
2658 4145 2858 4210 peccat
2906 4140 3075 4212 quasi
3125 4157 3192 4195 ex
3241 4142 3584 4197 necessitate
3621 4143 3751 4212 jam

2098 4230 2315 4298 peccat,
2347 4230 2402 4279 et
2430 4226 2564 4280 talis
2595 4226 2687 4281 vix
2713 4227 2962 4284 ulterius
2992 4234 3328 4300 peccantem
3360 4230 3753 4302 impugnat,et

2099 4315 2163 4369 ﬁt
2188 4315 2401 4384 saepius
2432 4317 2497 4367 ut
2527 4316 2595 4369 ad
2631 4316 2800 4371 noxia
2828 4316 3024 4371 trahat
3067 4334 3214 4387 quos
3264 4318 3405 4371 dum
3447 4321 3752 4388 peccantes

2091 4405 2216 4474 jam
2250 4402 2399 4457 tueri
2422 4403 2741 4466 contendit,
2766 4404 2822 4459 in
2849 4404 3123 4459 cathedra
3147 4404 3427 4459 nimirum
3446 4405 3609 4459 sedet
3628 4421 3754 4475 pes-

2098 4490 2353 4559 tilentie,
2387 4491 2444 4544 id
2477 4495 2564 4545 est
2595 4492 2961 4561 perditionis,
2994 4509 3108 4546 non
3144 4491 3334 4547 solum
3386 4509 3447 4547 se
3478 4493 3750 4565 perdens,

2102 4582 2225 4646 sed,
2261 4579 2414 4651 quod
2448 4583 2537 4634 est
2569 4580 2915 4650 pessimum,
2949 4581 3166 4651 quibus
3197 4585 3389 4652 potest
3435 4586 3524 4637 est
3554 4588 3755 4638 auctor

2101 4668 2467 4743 perditionis.
2500 4667 2762 4723 Auctoris
2794 4673 2990 4723 autem
3042 4674 3098 4724 et
3148 4669 3423 4725 cathedra
3463 4675 3552 4727 est
3580 4680 3634 4728 et
3662 4688 3753 4728 se-

2102 4761 2255 4814 dere.
2287 4758 2557 4813 Christus
2590 4761 2779 4812 autem
2815 4758 2987 4813 verbo
3011 4762 3066 4813 et
3089 4758 3352 4832 exemplo
3375 4761 3539 4816 bonae
3560 4777 3758 4832 opera-

2102 4849 2280 4905 tionis
2312 4865 2543 4919 semper
2591 4851 2793 4902 auctor
2841 4852 3045 4914 exstat,
3101 4853 3159 4904 et
3218 4849 3348 4905 ideo
3388 4850 3449 4904 in
3482 4849 3758 4905 cathedra

2104 4937 2444 5010 pestilentiae
2478 4952 2592 4990 non
2624 4936 2794 4991 sedit.

2174 5027 2314 5080 Tres
2342 5024 2546 5095 lapsus
2574 5025 2733 5091 Adae,
2760 5030 2905 5080 teste
2932 5026 3280 5097 Augustino,
3311 5024 3527 5080 trinam
3550 5025 3758 5080 animas

315 5122 561 5191 posset.
587 5116 787 5184 Aliter,
825 5119 879 5172 in
911 5117 1139 5171 consitio
1170 5116 1487 5185 impiorum.
1523 5114 1845 5169 Consilium
1879 5134 1995 5171 om-
2030 5135 2077 5198 Β
2108 5118 2355 5169 mortem
2387 5113 2923 5185 praeﬁguraverunt.
2958 5114 3123 5170 Sicut
3162 5130 3319 5168 mors
3349 5118 3438 5169 est
3471 5114 3759 5186 separatio

317 5208 503 5265 nium
551 5206 870 5278 impiorum
896 5210 986 5261 est
1002 5222 1110 5260 sua
1130 5220 1403 5275 quaarere,
1429 5220 1542 5258 non
1567 5221 1693 5275 quae
1717 5210 1856 5260 sunt
1877 5206 1999 5261 Dei.

317 5294 563 5352 Christi
602 5295 867 5349 animum
902 5310 1007 5349 nec
1029 5292 1295 5348 elationis
1317 5291 1532 5363 cupido
1557 5293 1887 5364 subrepsit:
1913 5296 2009 5366 qui

304 5403 429 5443 non
464 5386 748 5452 rapinam
781 5384 1086 5438 arbitratus
1113 5389 1189 5436 est
1215 5396 1329 5435 esse
1356 5396 1413 5434 se
1441 5382 1714 5451 aqualem
1746 5386 1879 5451 Deo,
1912 5383 2005 5437 sed

311 5476 701 5544 semetipsum
731 5473 1043 5529 exinanivit
1091 5474 1324 5541 formam
1373 5470 1515 5523 servi
1562 5472 1863 5540 accipiens,
1895 5478 2004 5527 etc.

312 5564 508 5637 (Phil.
553 5563 645 5632 ιι.)
696 5561 810 5617 Nec
842 5561 1025 5616 ullam
1057 5557 1274 5631 peccati
1306 5556 1506 5612 habuit
1537 5556 2003 5629 delectationem,

314 5669 431 5710 nec
451 5650 743 5724 quaesivit
771 5667 898 5723 sua,
930 5649 1030 5708 sed
1063 5665 1188 5720 qua:
1218 5645 1318 5703 Dei
1352 5645 1560 5702 Patris.
1597 5648 1885 5719 Propheta
1915 5649 2007 5705 hic

2113 5204 2320 5259 animis
2354 5219 2386 5257 a
2416 5218 2673 5273 corpore,
2699 5203 2782 5257 ita
2812 5219 2969 5257 mors
3013 5206 3102 5257 est
3151 5202 3441 5274 separatio
3489 5202 3697 5258 animis
3726 5219 3761 5257 a

2117 5293 2252 5347 Deo.
2287 5291 2453 5346 Sicut
2482 5289 2633 5345 enim
2666 5307 2876 5361 corpus
2910 5290 3047 5345 vivit
3069 5290 3417 5347 adhaerendo
3442 5292 3649 5346 animae
3680 5293 3763 5347 ita

2116 5381 2313 5436 anima
2341 5379 2478 5433 vivit
2507 5378 2851 5433 adhaerendo
2901 5379 3036 5434 Deo.
3088 5381 3186 5436 Est
3242 5381 3457 5452 quippe
3500 5380 3559 5435 in
3592 5375 3762 5438 n‘obis

2120 5471 2361 5534 Eva,est
2382 5474 2438 5523 et
2471 5468 2671 5523 Adam.
2706 5467 2844 5521 Duae
2876 5474 3015 5523 sunt
3044 5469 3191 5524 vires
3225 5470 3493 5523 humanae
3520 5470 3762 5524 animae-

2123 5574 2259 5626 una,
2284 5574 2399 5629 qua
2419 5573 2632 5627 corpus
2653 5556 2997 5623 vivificatur,
3031 5574 3160 5629 qua:
3189 5562 3380 5629 potest
3400 5557 3511 5613 dici
3542 5559 3763 5616 anima-

2121 5646 2276 5716 litas,
2312 5650 2367 5703 et
2415 5646 2522 5701 hoc
2562 5661 2628 5701 ex
2677 5646 2936 5718 corporis
2985 5645 3288 5704 afﬁnitate.
3334 5646 3404 5703 Et
3433 5647 3602 5722 ratio,
3633 5666 3764 5723 quas
