4040 6208
310 378 420 439 151

869 377 1174 440 REMlGIl
1219 375 1950 440 ANTISSIODOBENSIE

2062 376 2187 439 ipp.
2235 376 2439 441 mas
2482 375 2641 473 1....—
2667 374 3135 441 EXEGETICA.

3593 371 3709 438 1152

306 510 993 568 refrenatanimalitatem
1012 514 1367 567 neextendat
1383 513 1526 567 sead
1542 510 1953 582 concupiscen-
1982 512 2037 578 Α
2066 510 2151 566 his
2172 520 2222 566 et
2249 514 2475 583 scripsit
2505 513 2622 569 haec
2649 514 2827 584 (Joan.
2861 514 2999 584 xxx),
3033 513 3171 584 quia
3223 510 3415 568 solent
3442 509 3711 566 homines

306 602 444 657 dum
466 601 702 654 illicita:
738 602 893 671 quia,
928 606 991 655 ut
1040 602 1117 656 ait
1149 601 1484 672 Apostolus,
1512 603 1672 671 caput
1700 600 1951 653 mulieris

308 692 407 759 vir,
431 694 591 760 caput
610 692 716 745 viri
732 690 993 755 Christus,
1026 694 1185 761 caput
1220 691 1429 745 Christi
1456 691 1594 744 Deus
1624 690 1671 757 (l
1694 690 1811 744 Cor.
1851 689 1947 759 xi).

307 780 467 843 Quod
503 780 550 833 si
584 779 729 833 ratio
758 796 869 833 non
902 779 1152 833 refrenat
1177 786 1237 833 ut
1258 779 1478 844 vir,sed
1506 777 1795 832 consentit
1824 794 1947 831 car-

307 867 531 921 nalitati
556 866 894 921 delectando
926 868 1013 922 vel
1045 869 1372 922 conﬁtendo
1400 867 1485 921 vel
1546 866 1857 937 operando,
1892 866 1951 919 in

306 957 693 1012 similitudine
718 958 849 1009 Adae
882 961 998 1011 tres
1022 974 1193 1011 casus
1215 957 1693 1023 facit,recedendo
1714 973 1746 1009 a
1768 954 1952 1025 capite

307 1064 412 1101 suo
445 1046 670 1101 Christo
702 1052 757 1098 et
789 1046 949 1098 uxori
1010 1046 1377 1099 adhairendo.
1429 1049 1545 1098 llas
1588 1050 1705 1099 tres
1738 1049 1951 1097 mortes

306 1135 514 1188 animai
549 1134 885 1204 signiﬁcant
914 1139 1032 1189 tres
1083 1134 1295 1188 mortui
1339 1133 1424 1187 illi
1474 1150 1620 1204 quos
1652 1130 1953 1187 suscitavit

305 1224 594 1279 Christus.
626 1223 767 1277 Filia
791 1223 1236 1294 arcbisynagogi
1258 1241 1430 1294 quam
1448 1224 1503 1277 in
1524 1224 1697 1277 domo
1713 1220 1956 1277 resusci-

305 1314 449 1369 tavit
472 1313 764 1385 signiﬁcat
788 1311 1042 1366 animam
1068 1312 1227 1367 intus
1261 1317 1549 1366 mortuam
1575 1311 1953 1366 delectatione

311 1403 531 1475 peccati
564 1404 775 1472 (Matth.
808 1420 864 1455 1x
886 1401 1095 1465 ,wllarc.
1125 1403 1197 1469 v).
1258 1402 1363 1468 Qui
1408 1404 1556 1455 enim
1607 1400 1801 1455 viderit
1831 1416 1953 1453 mu-

301 1494 496 1547 lierem
526 1492 595 1545 ad
644 1492 1129 1562 eoaeupiscendum
1178 1509 1317 1557 eam,
1365 1492 1479 1558 iam
1531 1492 1828 1545 maschatus
1876 1497 1954 1543 est

300 1598 417 1636 eam
443 1584 499 1635 in
522 1580 678 1635 corde
706 1597 802 1634 suo
850 1580 1061 1651 (Matth.
1096 1582 1171 1648 v).
1208 1581 1316 1635 Sed
1376 1581 1497 1634 haec
1552 1580 1761 1634 animis
1796 1594 1953 1632 mors

302 1689 418 1727 non
447 1671 587 1725 adeo
619 1673 708 1723 est
737 1669 949 1737 valida,
986 1670 1121 1740 quia
1145 1686 1244 1740 per
1262 1668 1517 1740 puellam
1550 1669 1951 1740 signiﬁcatur:

301 1777 428 1831 quae
452 1758 619 1830 quasi
646 1759 836 1812 adhuc
858 1758 1067 1829 pudica
1087 1763 1193 1826 est,
1220 1774 1354 1811 cum
1381 1758 1642 1811 nondum
1665 1771 1954 1811 consensu

300 1848 522 1921 polluta
544 1853 651 1917 est,
686 1853 744 1901 et
775 1846 940 1901 facile
972 1847 1043 1901 ab
1077 1863 1141 1901 eo
1175 1850 1365 1916 potest
1398 1842 1957 1916 resurgere,scilicet

300 1936 604 1993 Dominica
631 1936 910 1990 oratione.
945 1935 1105 1999 Quod
1139 1935 1197 1988 in
1230 1951 1295 1989 eo
1327 1934 1654 1989 ostenditur
1684 1932 1822 2004 quia
1852 1932 1959 1986 Do-

303 2026 501 2080 minus
520 2024 773 2097 porrexit
796 2040 1034 2078 manum
1061 2027 1116 2077 et
1135 2023 1346 2077 levavit
1376 2020 1716 2076 eam.Filius
1750 2019 1955 2076 mulie-

302 2114 384 2169 ris
403 2114 585 2167 viduzn
612 2129 788 2184 quem
813 2112 1168 2166 Dominusia
1187 2110 1830 2183 portasuscitavit(Luc.
1855 2113 1955 2177 vn)

302 2203 595 2277 signiﬁcat
624 2202 884 2256 animam
932 2206 1220 2255 mortuam
1267 2217 1335 2255 ex
1381 2215 1670 2255 consensu
1699 2198 1944 2271 peccati.

300 2291 634 2356 Peccatum,
666 2306 798 2345 cum
830 2306 1017 2362 usque
1050 2290 1118 2343 ad
1148 2306 1496 2367 consensum
1528 2288 1811 2360 perducit,
1837 2304 1951 2343 non

298 2381 472 2452 longe
497 2388 587 2434 est
614 2380 684 2434 ab
717 2380 1073 2451 operatione.

373 2490 506 2551 Quze
539 2486 679 2541 foris
710 2491 797 2540 est
826 2485 947 2540 haec
981 2503 1139 2540 mors
1185 2485 1429 2550 validas,
1482 2502 1585 2539 nec
1644 2486 1715 2539 ab
1747 2502 1953 2555 possu-

301 2592 433 2630 mus
466 2590 769 2644 resurgere
803 2574 914 2628 nisi
946 2573 1125 2644 digna
1156 2573 1513 2644 pmnitentia.
1546 2573 1707 2635 Quod
1731 2573 1954 2645 signiﬁ-

300 2668 468 2719 catur
500 2679 599 2733 per
629 2662 738 2716 hoc
772 2662 910 2731 quia
934 2661 1168 2732 juvenis
1200 2666 1339 2715 erat.
1374 2663 1442 2715 Et
1497 2661 1781 2715 Dominus
1813 2661 1959 2731 dixit

302 2753 370 2807 ad
406 2768 579 2807 eum:
640 2750 975 2816 Adolescens,
1038 2750 1141 2803 (ibi
1192 2749 1329 2819 dico,
1392 2749 1564 2819 Surge
1622 2752 1798 2818 (Jean.
1854 2750 1955 2821 x1).

302 2842 553 2896 Lazarus
577 2840 704 2911 jam
740 2839 955 2893 fetidus
976 2854 1147 2910 quem
1188 2842 1377 2892 tamen
1396 2837 1681 2892 Domiuus
1704 2838 1956 2893 resusci-

299 2931 441 2986 tavit
471 2930 540 2984 de
574 2932 977 2994 monumento,
1005 2926 1300 3000 signiﬁcat
1330 2927 1591 2982 animam
1634 2925 1796 2981 illam
1831 2944 1959 2998 qua:

302 3037 490 3091 usque
546 3020 617 3073 ad
677 3017 1075 3088 operationem
1133 3020 1435 3086 peccatum
1494 3016 1776 3087 perducit,
1814 3020 1959 3071 etex

302 3108 479 3179 longa
511 3106 935 3162 consuetudine
964 3110 1020 3161 et
1052 3105 1234 3160 nimio
1256 3104 1528 3160 vitiorum
1554 3106 1870 3175 fetorejam
1897 3104 1957 3159 in

303 3197 765 3267 desperationem
798 3212 916 3249 sum
950 3193 1392 3249 restaurationis
1422 3194 1647 3249 cecidit.

376 3310 646 3369 I’errator,
678 3320 800 3357 cum
859 3305 918 3356 in
972 3302 1305 3373 profundum
1360 3304 1590 3371 venerit,
1658 3304 1953 3357 contemnit

303 3394 491 3465 (Prov.
524 3394 706 3462 xvii).
737 3392 906 3447 Tales
938 3391 1222 3446 Dominus
1277 3390 1625 3446 resuscitare
1655 3391 1950 3462 dignatur,

301 3483 401 3537 sed
437 3482 691 3536 maxima
724 3480 1064 3551 pamitentia
1092 3483 1148 3533 et
1178 3495 1389 3549 magno
1423 3479 1634 3534 labore.
1670 3480 1832 3545 Quod
1875 3479 1951 3535 si-

300 3571 612 3642 gniﬁcatur
635 3586 736 3641 per
752 3570 860 3623 hoc
883 3569 1022 3639 quia
1042 3568 1322 3623 Dominus
1344 3585 1475 3623 voce
1494 3584 1709 3639 magna
1738 3568 1950 3623 clama-

299 3658 413 3715 vit:
436 3660 659 3728 Lazare,
696 3660 819 3713 veni
844 3660 1014 3728 foras.
1042 3657 1251 3711 Beatus
1283 3656 1367 3711 vir
1397 3657 1497 3728 qui
1530 3673 1643 3711 non
1676 3656 1954 3729 cogitavit

299 3748 543 3814 malum,
579 3764 683 3802 nec
715 3746 1033 3809 consensit,
1070 3762 1172 3801 nec
1204 3746 1401 3800 docuit
1429 3745 1722 3816 operando
1741 3744 1825 3799 vel
1849 3745 1951 3799 do-

297 3839 499 3893 cendo.
531 3837 599 3891 Et
629 3836 769 3908 quia
801 3853 915 3890 non
945 3834 1164 3890 sufﬁcit
1216 3832 1509 3888 declinare
1539 3850 1572 3886 a
1629 3830 1803 3896 malo,
1837 3832 1950 3887 nisi

299 3927 432 3998 quis
453 3927 687 3981 studeat
716 3926 902 3979 facere
933 3925 1176 3986 bonum,
1203 3922 1437 3977 subdit:
1473 3921 1572 3976 Sed
1603 3923 1661 3976 in
1704 3922 1815 3991 tege
1844 3923 1950 3977 Do-

298 4016 723 4075 minivoluutas
752 4014 890 4080 eius.
924 4013 1042 4066 Hoc
1076 4028 1261 4066 unum
1296 4012 1542 4065 refertur
1570 4011 1641 4064 ad
1688 4009 1787 4064 illa
1812 4011 1947 4077 duo,

198 4147 205 4151 .
298 4120 411 4157 non.
440 4103 709 4171 abitt,nee
739 4103 922 4157 stetit:
952 4100 1092 4172 quia
1122 4106 1437 4169 utrumque
1468 4099 1534 4154 ad
1570 4098 1944 4155 voluntatem.

299 4188 470 4244 Aliud
499 4194 606 4254 est,
628 4205 755 4244 esse
775 4188 975 4259 inlege
1001 4206 1013 4255 ;
1040 4187 1199 4242 aliud
1231 4192 1341 4255 est,
1374 4203 1499 4243 esse
1530 4188 1639 4242 sub
1669 4187 1816 4260 lege.
1842 4188 1950 4253 Qui

302 4296 499 4333 amore
523 4278 801 4332 virtutum
832 4293 1068 4349 peccare
1092 4276 1296 4332 nolunt
1316 4293 1449 4331 cum
1483 4275 1606 4349 lege
1633 4281 1772 4332 sunt
1803 4291 1860 4332 et
1888 4277 1947 4333 in

300 4367 445 4438 lege,
483 4369 612 4439 quia
637 4368 787 4439 justo
814 4382 925 4421 non
975 4370 1050 4421 est
1084 4367 1173 4420 lea:
1216 4368 1395 4437 posita
1427 4367 1498 4436 (ll
1551 4367 1683 4420 Tim.
1748 4369 1808 4433 ι).
1841 4366 1947 4432 Qui

300 4462 497 4513 autem
533 4456 740 4511 timore
774 4474 952 4527 paena:
984 4454 1168 4525 legem
1223 4455 1476 4509 custodit
1524 4456 1632 4509 sub
1691 4454 1815 4527 lege
1837 4460 1945 4520 est,

301 4547 438 4617 quia
470 4563 538 4600 ex
562 4547 909 4600 necessitate
932 4545 1077 4599 bene
1107 4545 1369 4616 agit,non
1388 4561 1456 4598 ex
1499 4542 1814 4599 voluntate.
1846 4545 1939 4598 Ti—

2059 600 2448 657 familiaribus
2462 603 2530 655 de
2545 620 2605 657 se
2618 610 2674 656 et
2692 604 2760 657 ad
2777 620 2836 657 se
2858 596 3340 675 loqui.Postestet
3358 600 3441 655 sic
3460 598 3706 672 intelligi

2061 695 2127 745 ut
2157 690 2227 745 ad
2259 689 2369 745 tria
2386 697 2648 764 tempora
2679 693 2999 747 referatur:
3033 696 3169 746 ante
3199 690 3404 763 legem,
3427 690 3536 745 sub
3558 689 3706 761 lege,

2059 780 2167 834 sub
2192 780 2376 850 gratia
2400 798 2413 847 ;
2447 786 2511 835 ut
2532 780 2611 836 ita
2632 782 2879 848 dicatur,
2897 783 3094 836 Beatus
3117 782 3201 835 vir
3221 780 3316 850 qui
3343 796 3455 834 non
3484 778 3622 834 abiit
3647 781 3707 832 in

2059 870 2287 923 consilio
2318 870 2635 939 impiorum,
2684 868 2905 924 scilicet
2953 869 3053 940 qui
3103 873 3234 923 ante
3287 867 3479 940 logem
3510 884 3543 921 a
3588 866 3705 922 Deo

2061 964 2317 1012 creatore
2339 974 2444 1012 suo
2469 975 2581 1013 non
2614 958 2870 1015 recessit.
2906 958 3209 1013 serviendo
3242 957 3435 1028 potius
3464 956 3707 1011 creatori

2061 1062 2238 1116 quam
2257 1050 2553 1113 creaturae,
2584 1046 2804 1101 utAbel
2828 1046 2981 1117 (Gen.
3015 1046 3092 1114 1v)
3123 1050 3179 1100 et
3200 1044 3299 1099 alii
3331 1050 3465 1099 ante
3498 1044 3706 1115 legem.

2065 1134 2279 1205 Impius
2313 1134 2840 1198 vocat,idololatras
2868 1154 2880 1203 ;
2905 1134 3218 1190 consilium
3251 1138 3712 1199 eorum,creato-

2062 1240 2182 1278 rem
2208 1228 2577 1279 contemnere
2609 1230 2666 1279 et
2694 1230 2991 1279 creaturas
3023 1222 3228 1278 COIGI‘C.

2136 1330 2203 1384 Et
2252 1329 2348 1385 ille
2406 1331 2633 1398 beatus,
2667 1334 2763 1402 qui
2790 1334 2847 1385 in
2899 1333 2989 1385 via
3035 1338 3373 1401 peccatorum
3400 1346 3513 1386 non
3540 1331 3710 1384 stetit.

2064 1423 2393 1475 Peccatores
2423 1426 2589 1475 vocat
2631 1425 3093 1492 transgressores
3152 1418 3548 1489 legis,Judaaos
3599 1419 3710 1473 sci-

2062 1506 2196 1563 licet
2252 1510 2361 1565 sub
2418 1508 2544 1581 lege
2588 1528 2600 1576 ;
2634 1510 2783 1564 viam
2818 1506 3352 1572 eorum,carnalem
3384 1505 3713 1579 intelligen-

2066 1598 2293 1663 tiam,id
2320 1603 2409 1652 est
2432 1614 2445 1654 :
2470 1598 2677 1653 beatus
2707 1598 2802 1653 ille
2833 1599 2932 1669 qui
2965 1596 3305 1668 Spiritaliter
3326 1596 3511 1667 legem
3544 1595 3712 1652 intel-

2067 1685 2213 1758 ligit,
2249 1692 2305 1742 et
2336 1686 2432 1741 ille
2463 1689 2647 1743 beatus
2694 1690 2791 1759 qui
2842 1689 2901 1741 in
2949 1686 3202 1742 cathedra
3245 1686 3575 1757 pestilentiae
3604 1700 3713 1741 non

2061 1776 2197 1831 sedit
2226 1777 2334 1831 sub
2367 1780 2628 1848 tempore
2659 1776 2878 1847 gratim.
2904 1775 3166 1831 Haeretici
3198 1775 3401 1830 sedent
3424 1774 3483 1829 in
3514 1774 3712 1830 cathe-

1987 1883 2033 1947 Β
2064 1863 2171 1917 dra
2191 1863 2554 1933 pestilentiae,
2580 1864 2719 1935 quia
2741 1880 3012 1935 perversa
3028 1863 3294 1918 doctrina
3306 1862 3522 1918 multos
3543 1863 3641 1918 sed
3653 1880 3714 1917 u-

2068 1956 2243 2006 cunt:
2275 1950 2452 2007 Etille
2471 1952 2580 2007 erit
2601 1953 2807 2007 beatus
2834 1951 2933 2023 qui
2955 1952 3113 2007 viam
3137 1952 3238 2007 Dei
3262 1951 3319 2006 in
3342 1951 3581 2007 veritate
3608 1952 3711 2007 do-

2066 2038 2237 2094 cebit.
2264 2041 2372 2095 Sed
2406 2040 2461 2094 in
2492 2040 2617 2112 lege
2639 2041 3056 2111 Domini,istud
3078 2058 3191 2096 non
3217 2045 3714 2113 mutaturusque:

2065 2132 2130 2184 Et
2156 2131 2261 2185 erit
2288 2132 2551 2202 tanquam
2580 2131 2812 2200 lignum.
2847 2130 2915 2184 Et
2944 2129 3053 2184 iste
3085 2130 3287 2185 beatus
3346 2130 3436 2183 vir
3455 2127 3563 2184 erit
3588 2136 3717 2184 tan-

2064 2234 2240 2289 quam
2275 2219 2520 2291 lignum,
2554 2220 2613 2273 id
2643 2224 2751 2285 est,
2785 2219 3158 2274 conformans
3188 2217 3437 2274 Christo.
3464 2219 3529 2273 Et
3557 2217 3717 2273 dein-

2063 2324 2199 2379 ceps
2231 2325 2302 2362 an
2325 2308 2654 2363 Christum:
2691 2312 2756 2363 Et
2781 2310 2885 2363 erit
2915 2316 3184 2379 tanquam
3215 2308 3449 2377 tignum,
3482 2311 3538 2362 et
3586 2306 3717 2363 ideo

2063 2399 2202 2468 quia
2232 2414 2534 2469 nunquam
2566 2399 2790 2454 recedet
2819 2414 2851 2452 a
2907 2398 3033 2470 lege
3065 2398 3293 2453 Domini
3352 2397 3454 2452 Dei
3485 2397 3575 2452 sui
3608 2396 3718 2452 erit

2064 2486 2217 2541 sicut
2246 2485 2389 2541 illud
2421 2486 2648 2558 lignum
2685 2487 2823 2559 quod
2876 2488 3193 2558 ptantatum
3238 2496 3317 2542 est
3342 2502 3501 2542 secus
3524 2486 3717 2541 decur-

2063 2590 2154 2629 sus
2183 2590 2483 2645 aquarum,
2517 2575 2573 2629 id
2598 2577 2774 2641 est,in
2800 2576 3019 2647 irriguo
3037 2575 3183 2631 loco.
3202 2574 3361 2631 Talis
3382 2576 3554 2631 arbor
3575 2580 3720 2630 tem-

2069 2662 2288 2734 pestive
2316 2663 2412 2715 dat
2436 2663 2692 2729 frondes,
2710 2669 2767 2718 et
2792 2664 2962 2719 ﬂores
2983 2668 3040 2719 et
3063 2664 3286 2719 fructus
3313 2680 3325 2719 :
3348 2663 3432 2719 ita
3451 2667 3509 2719 et
3555 2662 3721 2717 Chri-

2067 2756 2219 2806 stus.
2252 2753 2377 2819 lpse
2396 2751 2661 2807 Christus
2684 2752 3006 2808 nominavit
3030 2770 3093 2809 se
3114 2752 3362 2823 lignum,
3388 2757 3454 2808 ut
3479 2752 3559 2807 ibi
3593 2768 3607 2805 :
3659 2751 3725 2807 Si

2066 2842 2125 2894 in
2154 2840 2325 2894 viridi
2354 2840 2504 2908 tigno
2535 2840 2653 2897 haec
2679 2843 2917 2912 faciunt,
2955 2844 3014 2897 in
3043 2842 3207 2896 arido
3232 2841 3365 2913 quid
3392 2843 3487 2912 ﬁet
3514 2841 3543 2895 ’ἔ
3568 2840 3719 2912 (Luc.

2065 2929 2253 2998 XXllI.)
2309 2928 2409 2983 Hic
2467 2946 2582 2983 non
2611 2929 2848 3000 ponitur
2902 2928 3249 3001 simpliciter
3307 2928 3557 3002 lignum,
3618 2928 3722 2983 sed

2060 3017 2292 3089 lignum
2327 3016 2677 3089 plantatum,
2712 3018 2769 3073 id
2800 3022 2890 3073 est
2919 3019 3111 3073 arbor.
3139 3019 3209 3073 Et
3237 3018 3521 3074 Dominus
3553 3017 3725 3073 arbo-

2068 3123 2185 3161 rem
2218 3123 2280 3161 se
2308 3107 2630 3162 nominavit
2656 3106 2874 3163 Judasis
2898 3107 3047 3162 facta
3068 3108 3197 3178 ejus
3219 3107 3635 3178 recipientibus
3662 3111 3722 3162 et

2067 3195 2245 3261 dicta,
2274 3196 2471 3266 ipsum
2503 3200 2698 3250 autem
2730 3197 3261 3267 contemnentibus,
3321 3196 3557 3251 dicens:
3614 3196 3724 3251 Aut

2062 3287 2233 3354 facile
2282 3285 2534 3340 arborem
2591 3287 2787 3339 bonam
2843 3294 2894 3340 et
2948 3289 3162 3357 [ructus
3208 3287 3329 3358 ejus
3385 3287 3578 3341 bonos:
3619 3288 3721 3339 aut

2060 3376 2224 3445 facile
2247 3374 2496 3430 arborem
2524 3375 2733 3429 malam
2757 3377 2806 3430 et
2833 3377 3048 3445 fructus
3104 3377 3221 3445 ejus
3280 3374 3454 3430 malos
3503 3373 3716 3441 (Matth.

2062 3468 2182 3532 xu).
2217 3465 2287 3519 Et
2317 3464 2490 3519 arbor
2520 3462 2615 3519 illa
2640 3482 2767 3535 quze
2801 3463 3063 3535 plantata
3095 3464 3204 3518 fuit
3231 3465 3291 3519 in
3323 3464 3514 3519 medio
3544 3480 3719 3535 para-

2063 3552 2174 3608 disi
2195 3552 2491 3607 Christum
2518 3552 2990 3625 ﬁguravit.Aqua3
3010 3553 3198 3609 tribus
3214 3552 3403 3609 modis
3423 3552 3721 3624 accipiun-

2060 3645 2162 3702 tur,
2188 3641 2246 3695 in
2280 3640 2477 3696 divina
2505 3641 2719 3713 pagina
2742 3659 2754 3696 :
2791 3658 2894 3712 pro
2920 3641 3090 3698 donis
3115 3642 3370 3714 Spiritus
3393 3641 3716 3712 sancti,pro

2062 3729 2220 3783 ﬂuxu
2256 3729 2580 3783 carnalium
2638 3729 3271 3801 concupiscentiarum,
3303 3746 3406 3801 pro
3458 3728 3712 3802 populis.

2062 3818 2194 3872 Ideo
2227 3817 2383 3872 istud
2418 3817 2644 3873 diverse
2669 3822 2858 3888 potest
2888 3818 3157 3891 intelligi.
3194 3819 3262 3873 Et
3309 3818 3421 3873 erit
3445 3818 3716 3873 Christus

2060 3911 2340 3977 tanquam
2376 3904 2622 3977 lignum,
2655 3907 2714 3961 id
2747 3907 3023 3976 est,'talis
3074 3907 3203 3973 erit,
3250 3911 3370 3963 tam
3401 3906 3720 3979 benignus,

2059 3998 2179 4049 tam
2212 3994 2419 4049 efﬁcax
2451 4000 2513 4049 ut
2541 3995 2705 4049 decet
2729 4011 2857 4050 esse
2879 3996 3038 4050 istud
3070 3997 3279 4067 tignum
3333 3996 3473 4066 quod
3502 3996 3722 4069 planta-

2060 4091 2174 4137 tum
2204 4087 2284 4138 est
2311 4099 2461 4137 secus
2492 4083 2754 4138 decursus
2800 4100 3093 4155 aquarum,
3144 4084 3200 4138 id
3248 4088 3357 4153 est,
3409 4083 3507 4139 ille
3538 4084 3717 4139 homo

2060 4171 2160 4243 qui
2192 4176 2507 4243 conceptus
2524 4177 2616 4227 est
2635 4171 2693 4226 in
2718 4173 2886 4228 beata
2905 4173 3089 4228 Maria
3112 4190 3225 4229 non
3250 4162 3720 4229 secundum‘car-

2061 4260 2249 4317 nalem
2284 4262 2837 4333 concupiscentiam,
2871 4262 2972 4317 sed
3004 4278 3172 4317 secus
3229 4262 3509 4318 decursus
3540 4278 3718 4332 aqua-

2058 4350 2272 4415 rum,id
2296 4350 2740 4416 est,secundum
2762 4350 3183 4406 abundantiam
3209 4352 3494 4406 donorum
3521 4349 3718 4421 Spiri-

2059 4443 2155 4492 tus
2189 4439 2395 4503 sancti,
2422 4443 2485 4492 ut
2504 4438 2673 4506 illud,
2696 4441 2927 4510 spiritus
2942 4446 3165 4495 sanctus
3188 4439 3537 4509 superveniet
3556 4440 3619 4492 in
3638 4446 3715 4505 te,

2058 4536 2107 4581 et
2140 4529 2308 4581 virtus
2340 4528 2607 4583 Altissimi
2636 4528 2979 4584 obumbrabit
3007 4530 3110 4584 tibi
3140 4530 3291 4601 (Luc.
3328 4529 3385 4599 ι).

299 4651 428 4688 mor
457 4651 753 4689 servorum
788 4640 894 4700 est,
929 4651 1093 4687 amor
1125 4633 1374 4688 ﬁliorum
1404 4650 1415 4686 :
1449 4637 1506 4687 et
1560 4633 1688 4688 ideo
1746 4632 1946 4689 volun-
1982 4619 2027 4682 D
2126 4635 2378 4707 Spiritus
2405 4640 2645 4691 sanctus
2675 4637 2913 4691 veniens
2968 4636 3031 4690 in
3063 4636 3293 4691 beatam
3350 4634 3588 4690 Mariam
3640 4636 3716 4690 ab

295 4728 386 4777 tas
412 4723 515 4777 ﬁlii
541 4723 637 4777 Dei
675 4724 732 4778 in
764 4722 891 4794 lege
928 4722 1113 4777 Patris
1143 4722 1271 4777 fuit.
1305 4723 1368 4776 Et
1399 4724 1457 4777 in
1491 4724 1607 4790 tege
1634 4723 1750 4795 ejus
1780 4722 1947 4779 medi-

295 4812 504 4867 tabitur
530 4814 619 4867 die
645 4830 709 4867 ac
736 4816 910 4867 nocte.
949 4813 1031 4866 Ad
1062 4816 1446 4881 augmentum
1481 4810 1618 4866 boni
1648 4811 1809 4866 addit
1825 4816 1949 4866 stu-

294 4900 457 4956 dium
478 4900 787 4967 voluntati,
811 4900 1083 4971 superius
1116 4901 1212 4955 ubi
1246 4900 1390 4954 dixit
1418 4901 1475 4954 in
1507 4899 1758 4955 cathedra
1783 4905 1949 4970 pesti-

295 4991 488 5047 lentiae
519 5007 624 5045 non
648 4991 807 5054 sedit,
830 4990 898 5043 ad
925 4989 1079 5060 quod
1099 4990 1271 5042 etiam
1292 4988 1448 5043 istud
1473 4988 1747 5043 refertur:
1770 4989 1869 5044 Die
1887 5004 1951 5044 ac

294 5084 469 5143 nocte,
501 5078 587 5133 vel
620 5079 781 5134 omni
818 5083 1099 5148 tempore,
1133 5075 1215 5130 vel
1251 5076 1308 5129 in
1344 5077 1726 5147 prosperitate
1755 5082 1812 5132 et
1841 5077 1948 5133 ad-

296 5168 585 5222 versitate.
616 5167 972 5238 Prosperitas
1004 5164 1214 5219 Christi
1252 5164 1379 5231 fuit,
1415 5165 1759 5220 resurrectio
1782 5171 1838 5221 et
1855 5183 1949 5221 as-

297 5256 491 5311 censio
519 5274 531 5323 ;
565 5257 905 5322 adversitas,
941 5260 1074 5310 ante
1107 5254 1439 5326 passionem
1473 5258 1530 5309 et
1563 5252 1620 5308 in
1656 5254 1942 5325 passione.

296 5346 410 5401 Nec
434 5346 789 5417 prosperitas
819 5344 1111 5399 Christum
1148 5342 1354 5398 extulit
1410 5348 1529 5398 uta
1558 5343 1681 5416 lege
1721 5344 1948 5399 Domini

296 5438 722 5500 recederet,nec
745 5432 1062 5487 adversitas
1091 5432 1175 5486 sic
1201 5431 1587 5487 conturbavit.
1627 5433 1743 5487 lluc
1761 5449 1948 5504 usque

298 5523 581 5594 Propheta
606 5523 674 5576 de
697 5522 882 5592 capite
900 5521 1145 5575 Christo.
1182 5525 1375 5575 Potest
1405 5525 1462 5575 et
1492 5520 1575 5575 sic
1606 5520 1852 5591 intelligi
1884 5524 1949 5576 ut

300 5612 826 5681 ipsemctChristus
852 5612 920 5664 de.
943 5626 1003 5664 se
1028 5611 1145 5662 haec
1163 5609 1361 5663 omnia
1378 5609 1552 5679 dicat,
1580 5611 1941 5665 utJounues:

298 5702 394 5757 Hic
423 5705 499 5755 est
525 5700 825 5771 discipulus
883 5700 977 5753 ille
1032 5700 1127 5768 qui
1187 5699 1561 5754 testimonium
1612 5699 1856 5771 perhibet
1885 5700 1949 5756 de

2059 4723 2217 4779 omni
2249 4728 2395 4778 aistu
2425 4723 2763 4780 illicitaruni
2796 4725 3403 4796 concupiscentiarum
3424 4740 3553 4779 eam
3587 4739 3716 4796 pro-

2056 4812 2199 4867 texit
2226 4816 2283 4867 et
2313 4817 2501 4866 totum
2530 4815 2658 4884 ejus
2689 4830 2943 4868 amorem
2973 4812 3029 4868 in
3053 4813 3235 4868 Deum
3264 4812 3490 4867 direxit.
3518 4816 3588 4867 Et
3611 4812 3714 4885 qui

2057 4918 2127 4956 ex
2156 4898 2256 4955 tali
2288 4900 2622 4971 operatione
2652 4906 2772 4955 tam
2807 4918 2989 4971 purus
3021 4906 3197 4956 natus
3227 4900 3338 4955 fuit
3368 4899 3510 4955 nihil
3543 4899 3714 4955 illici~

2059 4995 2184 5045 tum
2207 4996 2541 5062 perpetrare
2561 4990 2747 5062 potuit
2764 5008 2777 5057 ;
2793 4992 2939 5045 bene
2956 4991 3260 5057 decursus,
3295 4990 3435 5062 quia
3455 4989 3714 5062 Spiritus

2058 5084 2300 5134 sanctus
2331 5079 2685 5149 supervenit,
2720 5083 2797 5146 et,
2825 5085 2838 5099 ’
2861 5078 3000 5149 quia
3024 5079 3153 5149 ejus
3213 5078 3533 5151 operationi
3565 5077 3713 5151 nihil

2057 5168 2289 5223 obstare
2320 5143 2529 5238 potest,
2560 5143 2763 5222 omnes
2785 5143 3027 5223 illicitas
3051 5143 3437 5242 cogitationes
3470 5184 3504 5223 a
3528 5143 3715 5223 Maria

2059 5256 2321 5312 removit.
2356 5256 2509 5323 Quod
2559 5255 2806 5327 lignum,
2864 5258 2920 5312 id
2982 5262 3071 5314 est
3128 5258 3413 5325 Christus,
3469 5259 3714 5328 fructum

2055 5362 2240 5407 suum,
2269 5344 2325 5399 id
2344 5348 2433 5399 est
2461 5343 2663 5399 fideles
2694 5361 2855 5410 suos,
2890 5345 3205 5402 Ecclesiam
3266 5362 3435 5403 suam
3466 5345 3622 5401 dabit
3650 5347 3713 5400 in

2057 5439 2292 5505 tempore
2318 5448 2433 5489 suo.
2467 5432 2650 5488 Omne
2686 5439 2920 5507 tempus
2953 5452 3127 5491 suum
3153 5440 3260 5502 est,
3294 5435 3393 5492 sed
3428 5432 3571 5489 illud
3593 5449 3714 5489 ma~

2057 5524 2209 5577 xime
2232 5523 2425 5577 visum
2450 5526 2537 5575 est
2559 5539 2730 5578 suum
2758 5524 2813 5578 in
2848 5541 2965 5596 quo
2996 5525 3185 5596 magis
3213 5530 3388 5579 notus
3415 5527 3476 5578 et
3503 5522 3716 5578 clariﬁ-

2056 5618 2222 5668 catus
2252 5616 2359 5676 est,
2395 5610 2615 5667 scilicet
2646 5629 2781 5668 cum
2814 5618 2971 5669 esset
3009 5613 3251 5685 triginta
3309 5627 3623 5677 annorum,
3653 5615 3712 5665 et

2055 5700 2259 5756 docere
2281 5699 2453 5772 ccepit
2474 5702 2532 5755 et
2552 5706 2685 5772 post
2708 5701 3021 5759 adventum
3044 5702 3232 5759 sancti
3262 5699 3541 5774 Spiritus,
3572 5714 3707 5756 cum
