4040 6208
274 338 383 405 183

1382 334 1998 403 ENARRATIOXES
2040 336 2123 400 IN
2168 324 2547 403 PSALMOS.

3560 342 3675 401 154

273 476 331 533 in
362 492 598 533 omnem
627 480 843 533 terram
877 475 1051 534 exivit
1080 492 1261 533 souus
1293 475 1714 549 apostolorum.
1748 474 1912 531 Unde
1941 472 1995 539 Α
2028 472 2305 543 Ecclesia,
2336 491 2513 546 neque
2535 484 2835 547 peccatores
2863 473 3087 531 scilicet
3114 474 3431 545 resurgunt
3461 488 3678 545 praeva-

277 567 514 623 dicitur:
538 567 789 623 Nondum
809 571 925 623 erat
950 569 1103 623 Jesus
1118 567 1475 636 clariﬁcalus,
1501 567 1628 638 quia
1676 565 1916 636 Spiritus

275 660 487 713 sanctus
509 655 759 712 nondum
785 660 902 711 erat
921 656 1079 711 datus
1108 655 1284 726 (Joan.
1317 654 1437 724 νη).
1496 653 1599 709 Vel
1657 658 1918 724 tempore

277 762 402 811 suo,
434 745 494 799 id
523 749 635 813 est,
656 744 718 799 in
741 742 1612 811 consummationesaeculi,cum
1626 741 1919 797 tradiderit

276 849 501 905 regnum
520 834 626 888 Deo
669 838 722 889 et
776 835 933 888 Patri
983 832 1198 904 quando
1249 833 1543 887 novissima
1603 832 1918 885 destruetur

275 939 419 977 mors
449 922 493 992 (Ι
522 922 646 977 Cor.
679 922 793 991 xv).
824 920 927 975 Vel
959 923 1065 975 erit
1091 930 1354 992 tanquam
1402 922 1633 991 lignum,
1688 921 1745 973 id
1806 923 1913 985 est,

277 1011 426 1067 sicut
453 1009 551 1065 ille
581 1010 756 1065 homo
787 1009 887 1081 qui
924 1009 1080 1065 venit
1109 1010 1169 1064 in
1203 1009 1360 1064 hunc
1382 1009 1692 1073 mundum,
1718 1024 1829 1062 non
1855 1008 1914 1061 in

277 1115 448 1156 carne
478 1102 718 1171 peccati,
782 1099 881 1153 sed
943 1100 1002 1153 in
1060 1098 1427 1154 similitudine
1472 1099 1661 1153 carnis
1710 1098 1919 1167 peccati

275 1191 614 1259 (Rom.vui),
638 1186 777 1258 quia
799 1187 923 1243 sine
946 1193 1180 1259 peccato
1201 1191 1517 1258 conceptus
1538 1191 1627 1241 est
1642 1190 1914 1251 etnatus;

275 1276 372 1332 sed
406 1280 604 1331 tamen
634 1274 843 1329 similis
872 1274 931 1329 in
963 1291 1134 1347 pmna
1162 1274 1405 1346 peccati,
1438 1274 1573 1346 quia
1627 1273 1914 1340 mortalis,

276 1364 413 1439 quia
443 1364 762 1437 passibilis.
792 1363 911 1429 Vel,
944 1380 1094 1419 secus
1112 1364 1375 1419 decursus
1404 1380 1693 1435 aquarum,
1716 1363 1774 1417 id
1807 1366 1915 1429 est,

268 1456 438 1526 juxta
468 1458 738 1507 naturam
768 1454 1115 1524 populorum
1148 1453 1206 1507 in
1230 1451 1487 1524 quaaliis
1505 1452 1919 1507 decedentibus

275 1541 695 1613 superveniunt
715 1540 1090 1612 alii.Spiritus
1103 1546 1342 1597 sanctus
1355 1558 1507 1613 aqua
1519 1540 1918 1610 dicitur,quia,

274 1630 430 1686 sicut
459 1645 613 1701 aqua
648 1627 833 1684 abluit
889 1629 1203 1685 exteriores
1263 1630 1485 1699 sordes,
1538 1629 1619 1683 ita
1668 1627 1922 1700 Spiritus

276 1718 465 1775 sancti
495 1718 681 1791 gratia
713 1718 1037 1773 interiores.
1074 1718 1140 1772 Et
1171 1735 1287 1773 non
1322 1718 1558 1787 mirum,
1594 1717 1642 1772 si
1680 1720 1923 1789 fructum

272 1823 439 1863 suum
458 1806 628 1875 dabit,
653 1806 789 1877 quia
816 1807 1016 1878 folium
1033 1808 1148 1875 eius
1175 1822 1283 1862 non
1316 1806 1544 1871 decidet,
1576 1806 1633 1861 id
1657 1811 1766 1873 est,
1800 1823 1923 1861 ver-

272 1896 350 1951 ba
378 1897 512 1967 ejus
544 1911 661 1949 non
694 1900 868 1950 erunt
898 1896 1243 1951 inefﬁcacia.
1274 1897 1342 1950 Et
1362 1896 1409 1951 si
1434 1895 1785 1967 quibusdam
1815 1912 1930 1949 non

274 1988 611 2055 operentur,
646 1988 843 2039 tamen
874 1983 982 2038 hoc
1010 2000 1212 2065 verum
1270 1987 1360 2040 est
1416 1985 1569 2055 quod
1625 2001 1738 2040 non
1793 1987 1932 2038 sunt

271 2071 624 2139 inefﬁcacia,
658 2072 796 2143 quia
823 2071 1040 2127 talibus
1072 2082 1187 2127 non
1221 2077 1360 2127 sunt
1406 2072 1582 2128 verba
1639 2072 1738 2144 qui
1793 2088 1933 2127 aure

270 2160 473 2216 cordis
502 2176 573 2215 ea
602 2177 717 2215 non
750 2160 1098 2232 percipiunt.
1128 2162 1261 2215 Ideo
1286 2162 1463 2215 verba
1478 2161 1577 2215 Dei
1600 2160 1753 2216 foliis
1775 2178 1932 2216 com-

266 2254 587 2321 parantur,
619 2247 758 2319 quia
812 2248 966 2303 sicut
1021 2247 1162 2303 folia
1218 2249 1477 2316 arbores,
1534 2248 1617 2303 ita
1675 2249 1935 2304 doctrina

267 2335 589 2392 Christum
619 2340 810 2403 ornat,
842 2337 1256 2404 et,ulfructus
1305 2335 1446 2391 latet
1502 2337 1561 2391 in
1620 2337 1793 2405 foliis,
1857 2338 1938 2392 ita

267 2430 331 2480 et
366 2423 670 2478 beatitudo
698 2423 958 2479 ﬁdelium
991 2424 1215 2496 regitur
1248 2425 1303 2478 in
1327 2425 1592 2479 doctrina
1616 2424 1850 2480 Christi.
1872 2428 1937 2481 Et

267 2513 470 2568 omnia
491 2526 832 2584 qwcunque
857 2514 1021 2583 faciet
1047 2514 1535 2584 prosperabuntur,
1588 2514 1707 2569 sive
1764 2514 1824 2569 in
1851 2531 1932 2585 se,

267 2601 400 2657 sive
433 2599 491 2653 in
526 2600 683 2656 suis:
719 2600 777 2654 in
808 2616 891 2667 se,
928 2601 1047 2655 sive
1075 2601 1136 2655 in
1169 2601 1340 2656 dictis
1372 2601 1491 2656 sive
1516 2602 1575 2655 in
1636 2601 1840 2669 factis;
1872 2602 1933 2657 in

270 2688 404 2745 suis
439 2689 559 2743 sive
589 2688 708 2743 sint
727 2704 1006 2760 prospera
1035 2689 1158 2743 sive
1187 2689 1447 2744 adversa.
1476 2691 1536 2744 In
1569 2689 1677 2744 hoc
1707 2694 1796 2745 est
1830 2690 1931 2745 Dei

268 2777 647 2850 providentia
675 2776 986 2845 mirabilis,
1009 2777 1332 2849 quiaetiam
1357 2777 1527 2834 malis
1550 2795 1788 2834 suorum
1819 2779 1930 2834 uti-

268 2871 369 2921 tur
401 2867 479 2922 ad
511 2866 756 2921 bonum.

341 2990 649 3057 Quosdam
679 2989 836 3045 enim
869 2989 1155 3062 permittit
1187 2991 1413 3061 cadere,
1441 2997 1503 3046 ut
1523 2992 1931 3048 fortioressur-

265 3084 435 3153 gant,
471 3082 789 3135 utPetrum
808 3079 865 3133 in
881 3079 1211 3151 negatione,
1234 3083 1290 3134 et
1311 3079 1597 3135 Thomam
1622 3080 1679 3134 in
1698 3081 1932 3136 dubita-

264 3169 452 3237 tione,
486 3168 577 3224 vel
607 3169 783 3224 etiam
815 3169 885 3223 ad
919 3185 1085 3223 suam
1120 3173 1178 3223 et
1208 3168 1453 3224 aliorum
1500 3169 1832 3237 utilitatem,
1868 3174 1933 3223 ut

267 3257 509 3325 Petrus,
534 3258 631 3327 qui
652 3258 712 3312 in
735 3274 840 3312 suo
860 3274 998 3313 casu
1017 3256 1221 3311 didicit
1236 3261 1456 3327 quanta
1477 3256 1931 3312 mansuetudine

267 3346 653 3402 subditorum
694 3346 811 3400 vita
842 3345 919 3401 sit
940 3344 1305 3417 corrigenda.
1330 3348 1453 3399 Non
1475 3348 1552 3400 sic
1572 3347 1751 3417 impii,
1773 3345 1929 3400 scili-

264 3443 359 3491 cet
388 3439 461 3490 ut
493 3432 599 3489 illa
628 3434 825 3489 omnia
853 3432 1315 3505 cooperenturin
1330 3434 1570 3499 bonum,
1595 3450 1729 3488 cum
1752 3434 1929 3488 etiam

262 3522 368 3579 illa
396 3541 538 3595 quae
555 3523 638 3578 eis
667 3523 1103 3578 videnturbona
1124 3525 1512 3593 cooperantur
1533 3521 1589 3574 in
1615 3523 1932 3589 malum,ut

259 3611 438 3679 illud,
476 3613 826 3683 Prosperitas
863 3613 1154 3667 stultorum
1212 3610 1399 3682 perdet
1453 3610 1577 3664 illos
1635 3611 1813 3680 (Prov.
1866 3611 1928 3682 1).

264 3702 494 3774 lmpios
520 3704 687 3756 vocat
709 3706 889 3755 Deum
911 3699 1268 3771 ignorantes,
1294 3703 1359 3753 ut
1380 3698 1589 3762 Judwi,
1609 3697 1855 3769 gentiles
1876 3702 1933 3752 et

258 3789 538 3846 heretici
550 3788 833 3859 quierunt
854 3786 1279 3860 comparabiles
1302 3786 1521 3858 pulveri
1541 3803 1657 3842 non
1679 3785 1929 3841 solidato

260 3879 332 3935 ab
363 3879 595 3942 imbre,
626 3894 784 3951 quem
804 3881 995 3933 ventus
1018 3876 1287 3949 prohibet
1310 3892 1349 3931 a
1379 3878 1540 3948 facie,
1576 3876 1633 3929 id
1666 3878 1773 3945 est,
1831 3876 1929 3930 de-

261 3984 448 4041 super
482 3967 701 4023 faciem
731 3975 910 4033 terrz,
963 3966 1103 4038 quia
1157 3971 1435 4045 carentes
1481 3965 1728 4019 humore
1771 3965 1931 4019 verbi

259 4055 360 4113 Dei
398 4061 653 4131 propter
682 4056 1042 4128 impietatem
1074 4071 1266 4120 suam,
1299 4072 1333 4109 a
1380 4059 1571 4119 vento,
1634 4054 1690 4108 id
1747 4059 1859 4120 est,
1899 4071 1933 4109 a

260 4146 507 4203 diabolo
544 4144 632 4201 vel
666 4145 857 4218 prima
887 4145 1265 4216 suggestione
1288 4142 1643 4215 repellentur
1670 4159 1705 4198 a
1732 4143 1933 4213 cogni-

263 4235 427 4291 tione
460 4236 592 4301 Dei,
626 4234 727 4306 qui
756 4239 845 4290 est
875 4238 1027 4288 terra
1056 4234 1380 4302 viventium,
1413 4232 1470 4286 id
1532 4236 1640 4301 est,
1673 4248 1708 4285 a
1764 4231 1930 4286 facie.

262 4324 472 4380 Facies
508 4340 618 4396 pro
649 4322 977 4395 cognitione
1009 4320 1312 4393 accipitur,
1338 4320 1475 4391 quia
1494 4320 1820 4375 secundum
1842 4320 1930 4375 fa-

263 4412 414 4467 ciem
448 4415 531 4468 de
561 4411 825 4483 qualibet
855 4427 915 4466 re
945 4410 1337 4481 cognitionem
1383 4409 1596 4464 habere
1652 4407 1931 4465 solemus.

260 4501 383 4557 Ideo
401 4518 528 4558 non.
560 4510 860 4569 resurgunt
890 4500 1070 4571 impii,
1104 4499 1162 4554 id
1198 4504 1305 4567 est,
1342 4497 1695 4565 idololatria;
1730 4500 1788 4552 in
1834 4501 1933 4568 ju-

2031 564 2310 618 ricatores
2327 563 2472 634 legis
2492 566 2679 620 Judaei
2703 570 2760 621 et
2775 564 2905 621 falsi
2928 562 3241 619 Christiani
3266 563 3337 616 ab
3350 562 3460 616 hoc
3474 566 3538 617 ut
3562 561 3680 617 sint

2032 654 2092 707 in
2122 654 2354 708 consilio
2370 654 2671 725 justoram,
2699 654 2836 727 quia
2856 654 2950 709 hic
2968 653 3283 709 noluerunt
3310 651 3519 708 essein
3541 667 3678 707 con-

2029 741 2160 796 silio
2185 743 2504 812 justorum.

2097 830 2219 885 Hoc
2253 831 2382 885 ideo
2415 831 2572 899 dicit,
2608 849 2678 887 ne
2708 833 2777 888 dc
2810 834 3193 888 sacramentis
3241 836 3681 904 praesumerent,

2027 917 2251 973 scilicet
2283 924 2347 973 ut
2370 920 2638 990 judicent
2665 921 2751 975 vel
2776 922 3121 992 judicentur
3148 922 3207 977 in
3238 922 3481 991 bonum,
3530 921 3685 976 sicut

2024 1023 2131 1061 nec
2162 1007 2363 1079 impii;
2396 1026 2531 1063 nam
2571 1009 2797 1082 solipii,
2826 1010 3481 1083 resurgentinjudicio,
3504 1009 3592 1065 vel
3617 1016 3682 1067 ut
3759 1054 3768 1062 .

2016 1094 2310 1164 judicent,
2340 1094 2429 1149 vel
2464 1102 2528 1150 ut
2558 1096 2894 1166 iudicentur
2922 1098 2982 1151 in
3016 1099 3258 1164 bonum,
3292 1104 3349 1153 et
3373 1099 3483 1154 hoc
3530 1099 3681 1171 ideo,

2023 1181 2163 1252 quia
2183 1185 2335 1238 novit
2365 1186 2631 1241 Dominus
2660 1188 3113 1258 viamjastorum,
3141 1187 3199 1241 id
3221 1189 3603 1259 est,probavit
3623 1194 3679 1247 et

2024 1269 2233 1325 dilexit
2264 1272 2441 1340 viam,
2479 1274 2533 1328 id
2566 1280 2678 1344 est,
2711 1274 2889 1329 vitam
2925 1275 3161 1331 bonam.
3195 1276 3365 1346 Impii
3394 1281 3451 1331 et
3489 1293 3689 1348 pecca-

2022 1374 2180 1427 tores
2210 1360 2341 1417 ideo
2373 1379 2488 1416 non
2510 1368 2821 1435 resurgent
2841 1380 2908 1418 eo
2938 1364 3132 1429 modo,
3157 1363 3434 1435 quoniam
3452 1366 3555 1420 iter
3574 1368 3679 1421 im-

2023 1450 2270 1520 piorum,
2302 1449 2358 1504 id
2393 1456 2498 1505 est.
2535 1451 2650 1505 vita
2697 1468 2873 1523 quam
2927 1452 3167 1523 ipsimet
3196 1453 3306 1511 sibi
3361 1452 3689 1527 elegerunt,

2023 1539 2295 1609 peribita
2328 1539 2671 1611 dignatione
2723 1541 2842 1596 Dei.
2901 1539 3123 1596 Aliter:
3181 1542 3345 1612 impii
3402 1546 3686 1614 tanquam

2011 1626 2222 1699 .pulvis
2241 1627 2850 1700 dissipabuntur,quia
2865 1628 3350 1685 circumferentur
3370 1630 3688 1687 idololatria

2030 1716 2187 1771 omni
2213 1721 2369 1771 vento
2400 1716 2668 1773 doctrina;-
2690 1717 2904 1788 (Ephes.
2931 1718 3027 1788 1v),
3062 1717 3149 1773 vel
3168 1718 3369 1773 afﬂatu
3400 1721 3690 1792 superbia:

2037 1808 2102 1859 ut
2131 1804 2223 1858 ille
2257 1805 2357 1876 qui
2392 1804 2556 1869 dixit,
2591 1811 2804 1860 Ponam
2826 1805 3005 1861 sedem
3023 1823 3201 1862 meum
3229 1807 3301 1862 ad
3348 1810 3687 1879 aquilonem,

2038 1897 2092 1948 et
2120 1894 2431 1949 similisero
2460 1895 2736 1949 Attissimo
2782 1897 2908 1965 (Isa.
2959 1900 3098 1964 xw).
3153 1903 3196 1948 A
3230 1897 3373 1952 facie
3430 1901 3616 1964 terrae,
3651 1916 3685 1954 a

2038 1980 2260 2037 visione
2288 1982 2407 2046 Dei,
2432 1982 2532 2054 qui
2557 1987 2645 2037 est
2665 1986 2821 2037 terra
2834 1983 3255 2039 viventium.Ut
3276 1981 3692 2051 illud,Tollalur

2043 2072 2247 2141 impius
2276 2088 2347 2125 ne
2368 2071 2554 2126 videat
2574 2074 2773 2142 faciem
2820 2073 2917 2126 Dei
2973 2061 3107 2143 (lsa'
3149 2076 3325 2143 xxvr),
3382 2073 3512 2129 ideo
3569 2075 3691 2140 ﬁet,

2044 2161 2182 2231 quia
2212 2161 2399 2231 impii,
2434 2160 2488 2214 id
2520 2160 2960 2232 estidololatraa,
2995 2179 3109 2217 non
3147 2168 3457 2235 resurgunt
3487 2179 3521 2218 a
3551 2180 3689 2219 casu

2045 2249 2220 2320 primi
2253 2250 2511 2320 parentis
2542 2254 2597 2305 et
2630 2250 2862 2321 proprio
2892 2250 2953 2304 in
2977 2250 3224 2319 judicio,
3252 2250 3474 2306 scilicet
3502 2256 3567 2307 ut
3634 2253 3691 2307 in

2046 2337 2155 2393 hac
2183 2338 2299 2392 vita
2321 2338 2484 2408 justo
2509 2338 2733 2408 judicio
2764 2339 3128 2410 perpendant
3158 2355 3335 2411 quam
3359 2341 3591 2411 justum
3618 2341 3695 2397 sit

2045 2429 2112 2480 ut
2143 2424 2333 2480 minor
2361 2425 2571 2481 serviat
2600 2428 2827 2497 majori,
2854 2443 3057 2482 servus
3104 2429 3369 2495 Domino,
3429 2434 3695 2484 creatura

2044 2513 2323 2579 Creatori,
2358 2519 2415 2569 et
2439 2515 2511 2568 ab
2543 2531 2609 2569 eo
2631 2516 2897 2569 recedere
2914 2516 3040 2570 sine
3062 2532 3177 2587 quo
3190 2532 3319 2573 esse
3340 2534 3452 2572 non
3480 2522 3691 2589 potest,

2043 2606 2101 2657 et
2131 2609 2456 2657 creaturam
2487 2603 2769 2657 venerari.

2114 2690 2313 2762 Neque
2344 2695 2694 2762 peccatores,
2756 2692 2809 2746 id
2870 2697 2960 2747 est
3015 2697 3482 2765 transgressores
3542 2695 3691 2768 legis

2041 2783 2351 2851 resurgent
2382 2780 2438 2833 in
2457 2779 3366 2852 conciliojustorum.Concilium
3391 2784 3692 2855 justorum

2043 2871 2134 2923 est
2166 2872 2228 2921 ut
2261 2885 2387 2939 qua:
2422 2869 2517 2923 Dei
2549 2874 2689 2924 sunt
2717 2875 3001 2941 quaerant,
3034 2887 3149 2925 non
3183 2888 3311 2942 quas
3342 2887 3468 2937 sua,
3497 2875 3693 2927 utnon

2042 2957 2175 3023 sibi,
2209 2958 2309 3012 sed
2344 2957 2458 3011 Deo
2490 2956 2775 3028 placeant,
2808 2963 2865 3012 et
2892 2963 3197 3030 propterea
3245 2961 3350 3014 iter
3397 2962 3696 3031 impiorum

2036 3046 2261 3117 peribit,
2290 3046 2346 3100 id
2371 3051 2479 3111 est,
2503 3047 2619 3100 vita
2640 3051 2697 3100 et
2717 3046 2882 3101 labor
2900 3063 3102 3102 eorum
3125 3048 3252 3103 sine
3274 3050 3542 3105 mercede
3562 3050 3695 3105 erit.

2044 3135 2149 3202 Qui
2177 3136 2327 3189 enim
2356 3151 2469 3189 non
2489 3135 2682 3190 habuit
2710 3144 2925 3206 partem
2953 3139 3014 3190 in
3056 3140 3454 3193 resurrectione
3502 3142 3699 3210 prima

2042 3239 2152 3278 non
2181 3224 2402 3277 habebit
2426 3232 2644 3294 partem
2674 3226 2731 3278 in
2766 3228 3166 3281 resurrectione
3210 3227 3462 3282 secunda
3511 3228 3694 3298 (Apoc.

2040 3312 2153 3381 xx).
2177 3311 2337 3373 Quod
2353 3313 2459 3364 iter
2475 3312 2770 3381 impiorum
2800 3314 3019 3383 peribit,
3043 3314 3300 3368 ostendit
3323 3331 3357 3368 a
3375 3315 3688 3382 contrario,

2041 3398 2323 3470 quoniam
2360 3398 2830 3463 novit,Dominus
2860 3420 2973 3457 non
3008 3401 3197 3457 solum
3217 3402 3687 3474 cognitione,sed

2039 3487 2216 3543 etiam
2247 3486 2604 3559 dignatione,
2636 3488 2788 3544 viam
2811 3490 3127 3559 justorum,
3158 3490 3338 3558 vitam
3367 3497 3425 3548 et
3470 3498 3688 3550 actum.

2646 3611 2973 3668 PSALMUS
3014 3614 3062 3667 II
3072 3657 3084 3669 .

2615 3717 2879 3773 PSALMUS
2932 3719 3122 3757 DAVID.

2113 3811 2139 3837 ‹‹
2177 3790 2365 3854 Quare
2385 3789 3045 3864 fremueruntgentes,et
3062 3791 3261 3864 populi
3279 3791 3536 3848 meditati
3551 3797 3693 3848 sunt

2041 3901 2068 3927 ‹‹
2104 3877 2351 3932 inania?
2379 3878 2705 3933 Astiterunt
2733 3897 2897 3951 reges
2927 3884 3113 3947 terra),
3146 3885 3201 3936 et
3230 3881 3524 3955 principes
3553 3899 3690 3938 con-

2043 3988 2070 4017 «
2100 3971 2385 4022 venerunt
2414 3967 2471 4021 in
2490 3985 2672 4022 unum
2691 3969 2968 4025 adversus
2991 3969 3305 4026 Dominum
3320 3975 3376 4026 et
3413 3971 3691 4027 adversus

2048 4078 2066 4104 α
2102 4055 2397 4111 Christum
2432 4056 2579 4126 ejus.
2617 4057 3032 4129 Dirumpamus
3088 4059 3319 4115 vincula
3373 4078 3575 4116 eorum
3634 4066 3693 4117 et

2042 4167 2069 4193 ‹‹
2090 4143 2469 4215 projiciamus
2500 4161 2533 4198 a
2564 4145 2734 4201 nobis
2769 4147 2981 4220 jugum
3006 4148 3288 4221 ipsorum.
3313 4150 3421 4214 Qui
3466 4150 3693 4207 habitat

2045 4254 2072 4281 ‹‹
2104 4231 2164 4286 in
2188 4231 2347 4287 cmlis
2374 4233 2641 4288 irridebit
2661 4251 2759 4289 eos
2780 4241 2834 4290 et
2853 4237 3133 4292 Dominus
3159 4239 3548 4293 subsannabit
3568 4255 3689 4294 eos.

2047 4343 2075 4372 «
2108 4321 2272 4375 Tunc
2301 4319 2578 4391 loquetur
2605 4323 2673 4376 ad
2710 4340 2807 4378 eos
2842 4325 2901 4380 in
2932 4325 3020 4380 ira
3047 4343 3174 4395 sua,
3210 4330 3265 4381 et
3295 4327 3353 4381 in
3374 4327 3566 4381 furore
3587 4343 3693 4380 suo

2046 4432 2073 4461 ‹‹
2105 4409 2475 4464 conturbabit
2504 4426 2621 4465 eos.
2656 4411 2775 4481 Ego
2799 4417 2993 4467 autem
3028 4414 3386 4468 constitutus
3417 4430 3550 4470 sum
3595 4430 3694 4468 rex

2048 4523 2069 4550 α
2104 4499 2176 4554 ab
2199 4514 2264 4552 eo
2284 4514 2461 4569 super
2479 4498 2613 4552 Sion
2639 4506 2898 4553 montem
2919 4504 3185 4554 sanctum
3211 4502 3693 4573 ejus,praedicans

260 4588 429 4657 dicio,
454 4590 518 4644 id
555 4592 668 4653 est,
705 4589 1058 4659 utjudicent
1084 4586 1173 4643 vel
1198 4587 1564 4658 judicentur,
1626 4590 1765 4658 quia
1813 4589 1939 4658 jam
1972 4574 2019 4637 D
2054 4610 2081 4639 «
2111 4591 2468 4660 praeceptum
2500 4588 2647 4656 eius.
2680 4586 2965 4642 Dominus
2996 4588 3139 4642 dixit
3195 4590 3267 4644 ad
3322 4607 3448 4645 me:
3512 4590 3694 4646 Filius

260 4678 545 4734 damnati
578 4681 738 4733 sunt.
770 4677 1222 4749 Resurgentium
1237 4675 1335 4731 alii
1361 4679 1675 4746 resurgunt
1694 4675 1766 4731 ad
1780 4675 1939 4755 judi-

262 4766 449 4833 cium,
488 4766 595 4821 alii
620 4782 729 4821 non
745 4766 1121 4837 adjudicium
1138 4769 1473 4837 resurgunt.
1493 4765 1599 4829 Qui
1622 4768 1940 4836 resurgunt

260 4856 332 4910 ad
358 4855 693 4925 judicium,
726 4854 1349 4926 autjudicabunturad
1375 4853 1627 4907 salutem
1649 4853 1774 4923 jam
1798 4870 1935 4924 pur-

261 4944 379 5015 gati
413 4946 481 4999 in
509 4943 891 5015 purgatoriis,
909 4946 1009 4998 aut
1032 4942 1103 4997 ad
1126 4940 1568 4996 damnationem
1593 4945 1658 4996 ut
1678 4940 1757 4995 illi
1792 4957 1937 5012 quo-

260 5048 398 5088 rum
432 5031 702 5104 perditio
732 5048 851 5087 non
882 5029 1056 5087 estin
1087 5030 1190 5084 hac
1223 5030 1338 5084 vita
1370 5028 1699 5084 manifesta.
1725 5028 1937 5083 Resur-

263 5122 549 5192 gentium
573 5119 1085 5190 noninjudicium,
1102 5117 1200 5173 alii
1220 5117 1940 5189 nonjudicabuntur,quia

254 5210 642 5280 judicabant
673 5209 839 5275 alios,
874 5213 941 5264 ut
970 5208 1157 5264 sancti
1191 5205 1436 5279 apostoli
1467 5210 1525 5262 et
1554 5206 1651 5261 alii
1703 5207 1938 5278 perfecti

260 5296 739 5362 inEcclesia,alii
766 5314 879 5353 non
894 5295 1326 5371 judicabuntur
1342 5295 1480 5366 quia
1495 5294 1621 5364 jam
1643 5295 1941 5350 evidenter

261 5386 549 5444 damnati
575 5391 737 5453 sunt,
761 5402 876 5442 non
909 5385 1098 5443 solum
1123 5384 1277 5456 apud
1304 5384 1509 5448 Deum,
1534 5384 1634 5437 sed
1658 5384 1809 5452 apud
1835 5385 1940 5438 Ec-

260 5476 549 5541 clesium,
591 5479 656 5530 ut
685 5475 952 5547 gentiles,
984 5472 1172 5530 Judaai
1203 5477 1261 5527 et
1289 5469 1732 5537 haeretici,etilli
1761 5472 1860 5543 qui
1880 5473 1939 5527 in

258 5562 702 5622 criminalibus
722 5564 977 5637 peccatis
998 5567 1343 5635 prasentem
1364 5561 1537 5615 vitam
1569 5560 1694 5615 sine
1714 5562 1940 5616 confes-

260 5655 434 5713 sione
458 5659 527 5712 et
547 5652 1093 5727 dignapomitentia
1121 5650 1355 5719 ﬁniunt,
1389 5648 1524 5706 licet
1550 5648 1853 5722 ignoretur
1868 5652 1941 5707 ab

2053 4700 2073 4726 α
2112 4694 2273 4732 meus
2310 4693 2372 4731 es
2402 4680 2488 4738 tu,
2521 4692 2626 4746 ego
2658 4675 2830 4731 hodie
2855 4675 3029 4746 genui
3063 4680 3135 4732 te.
3171 4677 3406 4734 Postula
3438 4696 3471 4734 a
3500 4697 3595 4735 me
3636 4684 3694 4736 et

2048 4788 2075 4814 ‹‹
2102 4765 2248 4820 dabo
2261 4764 2365 4819 tibi
2379 4768 2580 4836 gentes
2594 4763 2986 4819 haereditatem
3001 4768 3162 4821 tuam
3173 4772 3248 4826 .et
3260 4767 3690 4838 possessionem

2048 4858 2260 4907 «tuam
2297 4852 2582 4908 terminos
2613 4857 2800 4907 terrae.
2835 4853 3019 4924 Reges
3049 4871 3147 4910 eos
3168 4855 3226 4910 in
3251 4856 3413 4928 virga
3436 4857 3619 4911 ferrea
3638 4861 3695 4911 et

2053 4963 2080 4992 ‹‹
2102 4947 2382 5009 tanquam
2410 4958 2512 4996 vas
2536 4939 2696 5012 figuli
2718 4942 3047 5013 confringes
3068 4960 3185 4998 eos.
3211 4944 3281 4998 Et
3302 4960 3478 5013 nunc,
3504 4960 3691 5015 reges,

2049 5052 2078 5080 «
2111 5028 2413 5100 intelligite
2442 5046 2455 5096 ;
2490 5028 2827 5095 erudimini,
2861 5034 2958 5101 qui
2980 5031 3262 5100 judicatis
3291 5036 3528 5085 terram.
3561 5031 3693 5087 Ser-

2050 5142 2078 5169 ‹‹
2100 5119 2217 5173 vite
2241 5116 2558 5173 Dominoin
2576 5117 2804 5186 timore,
2838 5127 2895 5173 et
2913 5119 3198 5174 exsultate
3210 5117 3260 5173 ei
3276 5124 3689 5176 cumtremore.

2050 5232 2077 5259 «
2108 5204 2539 5278 Apprehendite
2552 5205 2821 5276 disciplin
2832 5222 2925 5259 am
2943 5222 3011 5259 ne
3029 5206 3263 5277 quando
3277 5206 3566 5261 irascatur
3584 5212 3693 5263 Do-

2050 5320 2079 5348 «
2112 5296 2330 5360 minus,
2361 5298 2419 5348 et
2448 5294 2698 5365 pereatis
2729 5294 2800 5348 de
2829 5293 2923 5347 via
2943 5294 3127 5363 justa.
3152 5280 3294 5349 Clum
3322 5294 3603 5350 exarserit
3633 5294 3693 5350 in

2050 5409 2077 5436 «
2108 5382 2264 5440 brevi
2298 5382 2384 5437 ira
2413 5382 2565 5453 ejus,
2594 5381 2746 5436 beati
2778 5397 2982 5436 omnes
3013 5382 3109 5452 qui
3141 5383 3446 5438 confidunt
3472 5383 3533 5437 in
3554 5400 3693 5440 eo.»

2676 5470 3069 5527 ENARRATIU.

2122 5563 2303 5630 Quare
2341 5563 2687 5631 fremuerunt
2730 5564 2951 5630 gentes?
3002 5560 3248 5626 Quidam
3278 5578 3309 5615 a
3365 5562 3564 5618 Beatus
3610 5563 3698 5617 vir

2051 5666 2239 5723 usque
2254 5650 2405 5706 Beati
2418 5664 2604 5705 omnes
2613 5649 2712 5720 gui
2722 5650 3004 5720 conﬁdunt
3017 5651 3079 5707 in
3088 5666 3173 5720 eo,
3196 5666 3382 5709 unum
3394 5650 3692 5724 psalmum
