4040 6208
349 370 468 436 155

915 371 1218 438 REMIGII
1268 371 2019 440 ANTISSIODORENSIS
2063 371 2240 436 OPP.
2285 371 2486 436 PARS
2529 371 2579 435 Ῑ.
2613 403 2693 420 —-
2722 368 3198 436 EXEGETICA.

3626 369 3767 435 ’186

340 507 545 565 dicunt
562 523 710 579 esse,
727 505 1115 581 Hieronymus
1135 509 1287 565 hanc
1309 509 1594 566 rationem
1616 510 1715 565 dat
1731 509 1886 580 quod
1909 508 1986 564 sit
2013 508 2069 574 Α
2097 523 2248 563 rum.
2281 507 2545 576 Vincula,
2577 507 2636 562 id
2668 511 2774 575 est,
2809 507 3064 562 rationes
3093 509 3150 562 et
3178 503 3475 562 doctrinas
3525 502 3756 576 quibus

339 614 518 664 unus,
549 596 688 669 quia
715 615 750 652 a
781 597 1136 654 beatitudine
1167 599 1372 670 incipit
1414 603 1472 654 et
1502 598 1562 653 in
1623 599 1985 654 beatitudine

340 687 574 754 desinit,
607 690 663 742 et
693 687 896 742 beatus
925 687 1143 743 Paulus
1173 705 1356 742 unum
1381 688 1634 743 ostendit
1656 688 1712 742 in
1744 688 1984 742 Actibus

338 775 1155 849 Apostolorum(Act.x1u).Qui
1171 781 1364 832 autem
1381 777 1673 832 diversum
1692 776 1985 849 psalmum

338 866 560 921 habent
583 865 913 936 asuperiori
938 866 1108 921 modo
1126 865 1431 922 intitulant
1451 885 1470 920 :
1491 865 1757 922 Psalmus
1785 867 1980 920 David.
2025 895 2029 898 -

339 952 626 1024 Psalmus,
660 952 716 1007 id
749 957 839 1008 est
864 954 1140 1024 operatio.

406 1058 524 1113 Hac
555 1056 778 1112 ratione
800 1073 900 1129 per
919 1057 1214 1130 psalmum
1242 1059 1526 1132 accipitur
1546 1059 1825 1131 operatio,
1848 1060 1988 1130 quia

335 1145 706 1219 psalterium,
739 1150 804 1200 ut
835 1163 1047 1202 sonum
1080 1148 1302 1214 reddat,
1333 1165 1509 1202 manu
1541 1149 1821 1220 tangitur.
1885 1149 1990 1202 Per

336 1253 581 1292 manum
597 1235 929 1307 accipemus
952 1237 1551 1305 operationem.David
1577 1238 1991 1309 interpretatur

335 1341 508 1379 manu
534 1325 695 1394 fortis
714 1323 794 1379 vel
820 1325 943 1378 visu
965 1327 1370 1392 desiderabilis,
1392 1325 1448 1379 in
1464 1343 1578 1397 quo
1627 1326 1992 1398 significatur

339 1413 606 1469 Christus
633 1412 734 1484 qui
766 1418 855 1468 est
886 1429 1063 1468 manu
1096 1414 1284 1478 fortis,
1319 1413 1912 1484 quiavicitdiabolum
1937 1419 1991 1470 et

339 1501 526 1573 spolia
551 1502 676 1571 ejus
695 1501 1016 1556 distribuit.
1052 1502 1320 1570 Quosdam
1337 1519 1484 1558 enim
1517 1504 1660 1559 dedit
1698 1505 1986 1574 apostolos,

335 1589 593 1661 quosdam
613 1591 1080 1662 prophetas,atios
1108 1591 1817 1663 doctores(Ephes.1v).Visu
1840 1593 1987 1647 desi-

334 1677 610 1734 derabilis
643 1683 750 1745 est,
776 1679 917 1751 quia
947 1696 1060 1735 non
1092 1679 1280 1735 solum
1322 1680 1718 1747 homines,sed
1733 1673 1991 1754 etangeli

333 1767 667 1823 desiderant
687 1785 820 1822 eum
839 1768 1188 1840 videre.Ipse
1202 1769 1356 1824 enim
1372 1770 1635 1825 estcibus
1650 1771 1989 1842 angelorum

336 1859 392 1910 et
412 1855 811 1927 hominum,ut
834 1856 992 1910 enim
1025 1874 1234 1928 panem
1257 1858 1598 1929 angelorum
1614 1861 1993 1915 manducaret

336 1944 637 2010 homo,rex
651 1946 992 2016 angelorum
1009 1947 1196 2002 factus
1217 1952 1307 2002 est
1329 1946 1522 2002 homo.
1547 1948 1826 2004 Dicamus
1848 1965 1984 2020 ergo

335 2033 437 2088 ita:
463 2034 732 2105 Operatio
745 2051 872 2106 quae
888 2035 945 2089 in
960 2035 1067 2089 hoc
1083 2035 1308 2106 psalmo
1324 2036 1670 2108 intelligitur
1685 2042 1774 2092 est
1788 2037 1983 2093 Chris-

332 2123 397 2190 ti,
422 2127 480 2177 et
500 2123 618 2178 haec
639 2127 727 2179 est
748 2123 992 2178 intentio
1025 2124 1330 2179 ostendere
1361 2129 1423 2178 ut
1453 2125 1786 2197 quicunque
1807 2125 1986 2181 velint

333 2227 577 2285 regnare
606 2228 742 2267 cum
772 2212 1024 2278 Christo,
1052 2213 1184 2284 ejus
1214 2214 1649 2284 persecutiones
1682 2232 1795 2270 non
1820 2233 1982 2271 recu-

332 2301 689 2374 sent,quiasi
706 2303 1086 2373 compatimur,
1110 2305 1158 2358 et
1174 2304 1628 2372 conregnabimus
1658 2305 1827 2375 (Rom.
1844 2323 1944 2362 vm
1965 2323 1977 2372 ;

333 2389 460 2459 (Tit.
494 2390 580 2459 ιι).
612 2390 745 2445 Sive
775 2408 930 2446 unus
960 2391 1227 2462 psalmus
1257 2393 1336 2448 sit
1365 2409 1497 2448 cum
1519 2395 1824 2466 superiori,
1864 2395 1982 2448 sive

331 2478 404 2532 ab
435 2495 502 2532 eo
532 2478 817 2545 diversus,
851 2480 910 2534 in
942 2497 1077 2535 voce
1098 2481 1312 2537 Christi
1334 2481 1565 2552 legitur,
1598 2487 1655 2536 et
1675 2483 1978 2537 continua-

332 2568 431 2618 tur
461 2581 594 2620 cum
627 2567 909 2637 superiori
946 2567 1064 2623 ita:
1100 2569 1217 2639 Ego
1248 2570 1307 2624 in
1341 2569 1497 2624 hunc
1530 2571 1818 2624 mundum
1851 2570 1978 2624 veni

330 2657 664 2726 peccatores
721 2655 912 2710 salvos
973 2656 1180 2719 facere,
1237 2673 1340 2712 nec
1400 2657 1622 2712 malum
1687 2659 1814 2725 feci,
1875 2676 1979 2713 nec

331 2741 556 2798 malum
587 2742 779 2809 docui,
813 2747 870 2798 et
899 2742 1046 2813 ideo,
1079 2761 1252 2815 quare
1280 2747 1632 2816 fremuerunt
1667 2750 1886 2817 gentes?
1918 2748 1975 2800 Id

333 2835 442 2898 est,
477 2831 549 2886 ad
583 2847 760 2903 quam
791 2830 1098 2887 utilitatem
1133 2833 1345 2888 suam?
1377 2839 1527 2890 certe
1556 2833 1799 2899 nullam,
1861 2835 1977 2890 imo

328 2919 402 2976 ad
433 2936 601 2976 suam
635 2920 1073 2976 damnationem
1103 2927 1160 2977 et
1188 2923 1258 2977 ad
1292 2939 1481 2978 meam
1495 2923 1974 2996 gloriam.Centes,

323 3008 381 3064 id
413 3013 502 3064 est
531 3007 797 3081 gentiles,
822 3008 1042 3066 Pilatus
1068 3015 1124 3066 et
1172 3012 1426 3067 Herodes
1475 3013 1858 3079 fremuerunt,
1917 3013 1974 3067 id

325 3101 434 3162 est,
455 3097 582 3154 sine
599 3097 822 3154 ratione
853 3102 918 3153 ut
949 3098 1144 3155 leones
1170 3100 1229 3154 in
1245 3117 1335 3156 me
1354 3100 1648 3162 fremitum
1667 3101 1970 3157 dederunt.

326 3185 436 3242 Per
463 3190 666 3259 gentes
690 3187 1059 3259 accipiuntur
1077 3190 1286 3261 pagani
1319 3189 1417 3260 qui
1449 3191 1629 3261 geniti
1665 3195 1824 3261 sunt,
1859 3208 1971 3246 non

326 3275 672 3348 regenerati.
704 3279 770 3331 Et
797 3278 1008 3350 pepuli,
1052 3278 1108 3332 id
1167 3283 1256 3333 est
1309 3279 1514 3344 Judaei,
1579 3296 1758 3351 quare
1805 3279 1972 3334 medi-

325 3365 429 3420 tati
446 3369 574 3420 sunt
596 3365 836 3420 inania?
860 3365 918 3420 id
977 3371 1065 3421 est
1096 3366 1380 3434 ineil‘acia,
1415 3385 1448 3423 a
1475 3367 1718 3423 veritate
1765 3385 1967 3424 vacua.

322 3452 691 3526 Collegerunt
719 3456 876 3509 enim
908 3455 1244 3524 concilium,
1277 3455 1534 3512 dicentes
1564 3473 1575 3511 :
1625 3458 1686 3513 Si
1732 3457 1970 3512 dimitti-

319 3557 443 3596 mus
470 3557 596 3598 eum
625 3543 723 3610 sic,
745 3558 928 3599 omnes
947 3543 1165 3599 credent
1209 3547 1265 3600 in
1295 3561 1441 3600 eum.
1475 3546 1550 3600 Ab
1598 3545 1694 3600 itto
1723 3562 1850 3614 ergo
1880 3546 1972 3601 die

319 3632 692 3702 cogitaverunt
711 3631 1016 3702 interﬁcere
1043 3650 1170 3689 eum
1198 3635 1376 3704 (Joan.
1422 3635 1522 3704 x1).
1587 3634 1791 3689 Inania
1850 3635 1970 3690 haec

317 3718 574 3789 fuerunt,
609 3720 748 3791 quia
777 3720 876 3776 illa
914 3737 1072 3776 mors
1127 3722 1340 3778 Christi
1389 3722 1660 3778 exultatio
1709 3723 1840 3778 fuit.
1902 3725 1970 3778 Et

309 3807 432 3877 jam
463 3812 621 3864 totus
644 3810 897 3865 mundus
933 3815 1064 3881 post
1093 3828 1228 3866 eum
1260 3811 1426 3866 abiit.
1471 3813 1777 3867 Astiterunt
1822 3829 1970 3884 reges

315 3901 494 3953 terrae.
530 3897 770 3953 Duobus
802 3897 992 3954 modis
1015 3903 1208 3969 potest
1236 3898 1346 3970 legi
1381 3897 1546 3954 illud.
1585 3899 1761 3958 Ouasi
1789 3900 1969 3966 dicat,

314 4001 431 4040 non
465 3985 653 4040 solum
677 3995 882 4055 gentes,
909 3986 1131 4042 scilicet
1151 3987 1408 4043 minores
1439 3987 1654 4043 milites
1699 3989 1968 4057 Romani,

314 4069 417 4127 sed
447 4072 622 4126 etiam
657 4089 826 4144 reges
873 4076 1125 4144 majores
1181 4075 1494 4131 astiterunt
1549 4077 1688 4137 illis.
1743 4077 1797 4132 id
1859 4083 1966 4146 est,

314 4159 667 4230 adjuverunt
697 4160 828 4216 illas
860 4162 1170 4218 adversum
1203 4181 1314 4218 me.
1349 4165 1509 4236 Reges
1539 4174 1716 4235 terrae,
1767 4165 1824 4220 id
1883 4171 1972 4222 est

313 4249 550 4319 terreni,
585 4252 820 4304 terrena
851 4255 1116 4306 amantes
1148 4256 1204 4307 et
1233 4252 1485 4310 cmlestia
1505 4258 1965 4311 contemnentes.

313 4337 384 4394 Et
415 4354 530 4393 non
562 4336 754 4394 solum
789 4337 988 4411 populi
1018 4340 1373 4408 Judaeorum,
1429 4343 1486 4398 id
1545 4347 1634 4399 est
1689 4344 1967 4414 minores,

314 4427 416 4484 sed
447 4430 505 4482 et
526 4427 825 4500 principes
856 4427 1076 4495 saeculi,
1102 4431 1300 4486 Annas
1331 4438 1385 4486 et
1414 4431 1681 4503 Caiphae.
1717 4433 1783 4486 Et
1811 4432 1893 4487 illi
1915 4439 1970 4489 et

310 4515 408 4572 isti
439 4524 806 4572 convenerunt
827 4518 887 4571 in
912 4534 1111 4583 unum,
1144 4517 1364 4574 scilicet
1385 4519 1718 4586 consilium,
1743 4521 1968 4576 scilicet

2108 611 2214 652 nos
2237 596 2524 652 attrahere
2552 596 2755 651 volunt
2785 596 2893 650 sub
2917 596 3131 668 jugum
3163 595 3333 650 fidei:
3387 595 3451 649 Et
3498 595 3764 666 projicia-

2093 701 2268 740 musa
2299 687 2450 741 nobis
2471 687 2668 756 jugum
2707 687 2969 756 ipsorum,
3001 685 3058 738 id
3117 687 3226 749 est,
3283 683 3479 748 ﬁdem,
3527 683 3614 738 vel
3659 685 3762 754 ju-

2095 789 2258 844 gum,
2293 773 2350 827 id
2408 778 2516 840 est,
2577 773 2764 845 legem
2821 789 2936 844 qua
2999 788 3106 828 nos
3169 787 3435 827 coercere
3491 771 3766 827 volunta

2086 863 2354 933 jucunda
2384 863 2830 918 consuetudine.
2855 866 2977 917 Non
3010 861 3380 928 moechaberis,
3404 862 3521 916 Non
3542 864 3762 932 furtum

2093 951 2480 1022 facies(E.z:od.
2513 969 2623 1019 xx;
2683 951 2872 1007 Matth.
2936 954 3074 1019 XIX).
3127 951 3235 1005 Per
3283 951 3528 1016 vincula,
3587 949 3761 1005 blan-

2097 1040 2230 1094 dam
2261 1041 2585 1095 doctrinam
2616 1057 2732 1111 qua
2779 1041 2850 1095 ad
2912 1041 3087 1094 ﬁdem
3148 1038 3417 1094 atliciunt
3474 1038 3755 1111 intellige.

2098 1131 2440 1199 Perjugum,
2473 1130 2680 1184 duram
2714 1129 2898 1200 legem
2931 1145 3058 1200 quae
3088 1133 3220 1200 post
3249 1128 3424 1183 ﬁdem
3472 1127 3757 1184 Christia-

2097 1219 2188 1273 nis
2215 1219 2553 1289 imponitur.
2612 1219 2725 1289 Ipsi
2788 1219 3190 1289 cogitaverunt
3240 1216 3480 1272 vincula
3534 1217 3756 1272 Christi

2099 1307 2464 1379 disrumpere
2485 1314 2543 1362 et
2567 1309 2780 1378 jugum
2812 1309 2939 1377 ejus
2971 1324 3004 1360 a
3035 1324 3096 1362 se
3128 1305 3427 1377 projicere,
3489 1308 3588 1362 sed
3642 1307 3759 1361 fru-

2098 1401 2238 1463 stra,
2275 1397 2412 1467 quia
2443 1396 2538 1450 ille
2565 1398 2661 1467 qui
2691 1397 2901 1451 habitat
2923 1413 2982 1450 ιη
3013 1396 3163 1451 caelis
3201 1395 3258 1448 id
3289 1400 3398 1462 est,
3433 1395 3492 1449 in
3540 1396 3750 1466 praedi-

2099 1485 2397 1540 catoribus
2418 1484 2792 1551 suis,scilieet
2814 1485 3062 1556 Spiritus
3081 1488 3344 1549 sanctus,
3363 1483 3619 1539 irridebit
3639 1501 3745 1541 eos.

2100 1573 2234 1628 Coeli
2266 1574 2544 1630 dicuntur
2576 1574 2761 1628 sancti
2796 1575 3224 1645 praedicatores,
3248 1572 3386 1644 quia
3403 1573 3755 1645 compluuut

2103 1661 2309 1732 verbis,
2342 1667 2653 1718 coruscant
2684 1661 3002 1729 miraculis,
3037 1661 3304 1717 intonant
3323 1661 3520 1717 minis.
3545 1663 3750 1718 Irride-

2103 1752 2180 1806 bit
2201 1767 2309 1806 eos.
2341 1751 2544 1806 Divina
2574 1751 2875 1822 Scriptura
2914 1767 3066 1822 saepe
3100 1755 3211 1808 Deo
3271 1750 3536 1806 attribuit
3593 1753 3749 1823 quod

2104 1840 2160 1893 in
2195 1839 2324 1894 aliis
2354 1845 2642 1911 operatur.
2679 1840 2773 1896 Sic
2803 1839 3070 1895 irridebit
3095 1856 3214 1906 eos,
3250 1840 3307 1894 id
3338 1843 3446 1907 est,
3480 1841 3753 1896 ostendet

2097 1928 2304 2000 dignos
2329 1929 2471 1994 risu,
2503 1945 2635 1983 cum
2659 1946 2775 1984 non
2807 1933 3082 2000 poterunt
3113 1929 3340 1984 efﬁcere
3363 1929 3518 2000 quod
3549 1928 3747 1984 volue-

2092 2020 2251 2082 runt,
2275 2021 2340 2071 ut
2362 2016 2502 2072 illud
2531 2036 2543 2072 :
2581 2018 2776 2072 Omnes
2803 2019 3070 2089 incipient
3094 2017 3326 2073 ittudere
3368 2019 3442 2082 ei,
3463 2017 3736 2074 dicentes:

2091 2107 2188 2160 Hic
2207 2105 2366 2160 homo
2385 2109 2546 2177 coepit
2573 2107 2850 2176 aediﬁcare
2869 2111 2920 2162 et
2966 2124 3080 2162 non
3123 2108 3306 2178 potuit
3362 2123 3748 2163 consummare

2030 2229 2042 2242 ι
2093 2196 2244 2266 (Luc.
2279 2197 2510 2267 x1v).Et
2551 2212 2666 2250 non
2713 2196 2905 2250 solum
2964 2195 3248 2262 irridebit,
3313 2196 3413 2250 sed
3472 2200 3528 2250 et
3586 2198 3745 2268 quod

2091 2284 2326 2356 gravius
2352 2289 2462 2352 est,
2495 2284 2877 2350 subsannabit,
2909 2301 3044 2338 cum
3077 2301 3190 2340 non
3223 2283 3415 2339 solum
3474 2285 3745 2340 ostendet

2091 2389 2277 2444 pravas
2299 2371 2618 2428 voluntatis
2650 2372 3000 2439 inefﬁcaces,
3022 2374 3121 2428 sed
3141 2372 3316 2428 etiam
3345 2377 3477 2444 post
3501 2389 3562 2428 se
3579 2374 3744 2428 abire

2091 2461 2262 2517 faciet
2295 2487 2308 2529 ;
2341 2466 2407 2516 ut
2437 2461 2537 2533 qui
2570 2461 2734 2533 prius
2756 2462 2864 2516 fuit
2903 2465 3244 2532 persecutor
3271 2460 3485 2517 Christi
3542 2467 3745 2534 postea

2091 2551 2192 2604 ﬁat
2234 2550 2579 2621 praedicator
2607 2549 2839 2605 Christi.
2876 2550 3070 2605 lrrisio
3103 2550 3168 2604 ﬁt
3191 2565 3308 2621 ore,
3357 2551 3744 2607 subsannatio

2088 2637 2147 2692 in
2181 2655 2356 2709 rugas
2385 2656 2528 2693 naso
2551 2637 3257 2704 contracto.Vel,irridebit
3287 2654 3394 2705 eos,
3427 2638 3519 2694 his
3547 2639 3743 2697 dando

2087 2726 2146 2780 in
2174 2728 2488 2798 reprobum
2520 2744 2785 2793 sensum,
2808 2728 2864 2782 id
2896 2733 3006 2793 est,
3036 2728 3096 2782 in
3118 2727 3386 2782 tenebras
3409 2727 3738 2784 interiores.

2086 2814 2155 2868 Et
2186 2819 2336 2886 post,
2359 2832 2426 2870 su
2438 2815 2752 2870 bsannabis
2772 2833 2869 2870 eos
2895 2816 3180 2870 mittendo
3205 2815 3265 2870 in
3286 2816 3556 2871 tenebras
3578 2822 3736 2873 exte-

2086 2903 2288 2959 riores.
2327 2903 2535 2960 Aliter:
2565 2907 2982 2976 Disrumpamus
3011 2907 3232 2960 vincula
3259 2921 3465 2960 eorum.
3501 2909 3565 2960 In
3600 2922 3737 2977 per-

2085 3008 2230 3047 sona
2259 2992 2494 3048 Christi.
2528 2993 2702 3056 Quasi
2726 2992 2917 3048 dicati
2947 2995 3058 3064 Ipsi
3075 2997 3443 3049 convenerunt
3471 2994 3734 3049 adversus

2082 3083 2372 3137 Dominum
2402 3090 2453 3137 et
2481 3081 2743 3138 advercus
2772 3099 2859 3136 me
2902 3082 3181 3137 Christum
3230 3087 3370 3154 ejus.
3427 3083 3533 3138 Sed
3599 3101 3728 3150 nos,

2083 3187 2116 3224 ο
2149 3171 2554 3241 praedicatores
2585 3171 2721 3237 mei,
2783 3170 3193 3242 disrumpamns
3241 3172 3466 3226 vincula
3515 3188 3731 3238 eorum,

2004 3247 2046 3316 C
2081 3259 2421 3314 Judaaorum
2451 3259 2539 3315 vel
2571 3259 2900 3332 gentilium,
2925 3259 3147 3315 scilicet
3167 3276 3369 3315 eorum
3391 3259 3729 3325 blanditias,

2080 3348 2294 3419 quibus
2338 3365 2441 3404 nos
2473 3348 2767 3404 retrahere
2827 3349 3031 3405 volunt
3073 3367 3106 3404 a
3136 3349 3539 3420 praedicatione
3571 3350 3731 3416 ﬁdei,

2079 3447 2131 3493 et
2154 3439 2759 3509 projiciamusanobis
2786 3440 2984 3510 jugum
3039 3440 3277 3510 ipsorum
3337 3438 3394 3492 id
3452 3443 3564 3504 est,
3621 3439 3730 3493 mi-

2079 3544 2187 3582 nas
2217 3544 2420 3582 eorum
2445 3531 2912 3582 contemnamus.
2946 3527 3015 3581 Et
3049 3527 3195 3582 bene
3218 3542 3557 3598 possumus,
3593 3527 3731 3599 quia

2079 3615 2176 3670 ille
2207 3618 2303 3687 qui
2333 3616 2544 3672 habitat
2573 3617 2633 3670 in
2665 3615 2832 3670 nobis
2876 3615 3028 3671 cretis
3064 3615 3545 3687 praedicatoribus
3603 3615 3729 3670 suis

2078 3704 2331 3760 irridebit
2360 3720 2468 3760 eos.
2501 3704 2661 3760 Istud
2683 3721 2795 3760 non
2829 3709 3112 3760 mutatur.

2151 3829 2294 3882 Tunc
2315 3830 2563 3899 loquetur
2587 3831 2646 3883 in
2677 3829 2764 3883 ira
2794 3845 2915 3884 sua.
2950 3830 3133 3896 Tunc,
3176 3828 3234 3883 id
3258 3832 3366 3894 est,
3401 3832 3726 3901 postquam

2076 3917 2342 3973 irridebit
2371 3923 2425 3972 et
2457 3917 2844 3973 subsannabit
2873 3919 3161 3989 quosdam
3192 3918 3602 3988 convertenda,
3649 3919 3721 3972 ad

2077 4006 2410 4062 incredulos
2437 4009 2685 4078 loquetur
2705 4009 2765 4061 in
2791 4009 2878 4062 ira
2897 4024 3022 4074 sua,
3048 4007 3146 4078 qui
3181 4006 3345 4078 prius
3376 4007 3436 4061 in
3499 4007 3728 4062 miseri-

2077 4096 2273 4150 cordia
2304 4095 2532 4150 locutus
2562 4101 2650 4152 est
2675 4113 2687 4151 :
2722 4097 2920 4166 Venite,
2955 4097 3067 4158 ritii
3090 4096 3278 4152 audite
3304 4113 3409 4166 me,
3474 4097 3730 4152 timorem

2077 4187 2297 4241 Domini
2320 4184 2510 4241 docebo
2540 4201 2629 4240 vos
2651 4186 2766 4257 (Ps.
2815 4186 3037 4257 xxxm).
3099 4186 3278 4241 Ponet
3334 4185 3668 4242 incredulos
3697 4203 3732 4241 a

2077 4273 2358 4340 sinistris,
2394 4278 2450 4330 et
2480 4273 2632 4329 dicet
2651 4274 2734 4328 eis
2761 4292 2772 4329 :
2807 4275 3048 4344 Esurivi,
3078 4283 3130 4329 et
3176 4290 3286 4330 non
3332 4275 3561 4331 dedistis
3589 4275 3733 4330 mihi

2074 4363 2408 4419 manducare
2438 4364 2643 4433 (Matth.
2676 4367 2864 4430 xxxv),
2889 4367 2999 4418 etc.
3024 4363 3153 4418 Htec
3174 4363 3326 4420 dicat
3348 4367 3489 4420 tunc
3537 4366 3602 4419 in
3643 4367 3732 4419 ira.

2074 4468 2198 4520 sua,
2230 4452 2287 4508 id
2312 4455 2420 4521 est,
2436 4453 2602 4524 justa
2636 4451 2912 4508 vindicta.
2948 4453 3014 4508 Et
3045 4457 3176 4524 post
3232 4452 3376 4520 haec,
3425 4454 3482 4507 in
3535 4454 3732 4523 furore

2073 4557 2174 4597 suo
2204 4540 2549 4596 conturbabit
2571 4556 2680 4604 eos,
2703 4539 2903 4596 dicens
2927 4559 2942 4594 :
2965 4541 3235 4596 Discedite
3263 4559 3297 4595 a
3324 4556 3434 4606 me,
3492 4541 3732 4596 maledi-

312 4605 570 4660 adversus
602 4607 898 4661 Dominum
932 4606 1102 4662 illum
1136 4607 1234 4679 qui
1263 4615 1351 4664 est
1382 4608 1665 4664 Dominus
1698 4610 1966 4666 domino-

2086 4633 2171 4696 cti,
2207 4632 2266 4685 in
2295 4632 2474 4702 ignem
2506 4637 2778 4686 aeternum
2807 4629 2992 4700 (Ibid.)
3045 4630 3159 4685 Nec
3214 4630 3322 4699 ira,
3381 4645 3488 4684 nec
3546 4630 3727 4695 furor,

311 4709 466 4760 rum,
500 4692 558 4746 id
590 4697 698 4760 est,
743 4694 1023 4752 adversus
1054 4701 1308 4752 Patrem.
1365 4698 1496 4753 Ideo
1527 4699 1806 4753 adversus
1857 4699 1960 4753 Pa-

321 4785 492 4848 trem,
527 4780 665 4853 quia
683 4791 734 4838 et
753 4783 1010 4839 adversus
1041 4785 1317 4842 Christum
1345 4788 1482 4858 ejus,
1517 4787 1573 4840 id
1596 4792 1707 4852 est,
1759 4787 1960 4842 volun-

315 4874 498 4926 tatem
529 4869 680 4940 ejus,
705 4871 844 4940 quia
873 4872 1116 4928 verbum
1157 4875 1348 4930 Patris
1380 4879 1468 4931 est
1497 4875 1625 4946 ejus
1667 4874 1958 4947 voluntas,

309 4957 514 5025 Aliter,
543 4960 843 5014 astiterunt
873 4975 1023 5032 reges
1053 4970 1230 5018 terra.

379 5065 506 5121 Non
529 5064 721 5121 solum
755 5065 1123 5122 fremuerunt
1170 5085 1330 5136 voce,
1373 5070 1473 5126 sed
1531 5073 1844 5138 astiterunt,
1903 5072 1959 5128 id

309 5158 417 5220 est,
451 5155 948 5227 appropiaverunt
969 5158 1325 5230 operatione.
1384 5159 1482 5216 Ille
1529 5162 1963 5234 appropinquat

307 5244 379 5299 ad
409 5243 738 5299 nocendum
769 5244 870 5316 qui
901 5245 1129 5302 laborat
1165 5251 1228 5302 ut
1258 5248 1604 5320 perﬁciat,et
1624 5250 1820 5323 populi
1851 5251 1957 5306 Ju-

305 5333 563 5389 dteorum
597 5349 710 5387 non
744 5332 936 5388 solum
969 5336 1228 5393 meditati
1255 5341 1383 5392 sunt
1406 5339 1622 5404 inania,
1657 5340 1758 5395 sed
1783 5340 1956 5396 etiam

309 5438 512 5478 omnes
541 5419 601 5475 in
642 5437 821 5476 unam
881 5426 1232 5482 sententiam
1291 5437 1653 5483 convenerunt
1701 5429 1959 5485 adversus

307 5511 598 5568 Dominum
618 5525 819 5565 eorum
865 5515 1183 5569 auctoremi
1242 5521 1300 5571 et
1355 5518 1617 5572 adversus
1678 5517 1957 5574 Christum

305 5601 432 5671 eius
456 5598 858 5654 meditatorom
885 5599 987 5656 Dei
1012 5609 1067 5656 et
1091 5602 1710 5674 hominum,dicentes:
1737 5607 1954 5664 Dirum-

305 5703 499 5764 pamus
528 5687 746 5744 vincula
777 5703 983 5763 eorum,
1017 5690 1075 5748 id
1107 5697 1215 5764 est,
1237 5692 1452 5751 Christi
1502 5699 1560 5753 et
1597 5694 1950 5756 Christiano-

2075 4736 2181 4775 nec
2214 4719 2410 4791 aliqua
2442 4719 2656 4774 mentis
2678 4719 2989 4774 commotio
3023 4719 3181 4774 cadit
3212 4718 3270 4772 in
3297 4720 3498 4786 Deum,
3523 4718 3624 4774 scd
3661 4735 3729 4773 ex

2073 4809 2278 4864 eti‘ectu
2314 4808 2441 4880 ipso
2465 4807 2586 4863 hac
2614 4807 2864 4863 videtur.
2898 4809 3004 4878 Ego
3035 4812 3226 4864 autem
3253 4810 3580 4864 constitutus
3600 4823 3723 4863 sum

2074 4913 2174 4953 rex
2204 4897 2272 4952 ab
2297 4913 2379 4953 eo.
2414 4895 2502 4951 Illi
2532 4904 2902 4952 convenerunt
2931 4897 3189 4952 adversus
3219 4897 3513 4952 Dominum
3541 4903 3593 4952 et
3615 4895 3725 4952 ad-

2074 5003 2258 5043 versus
2281 5003 2373 5042 me
2399 4985 2678 5041 Christum
2697 4985 2834 5056 ejus,
2860 4985 3147 5041 dicentes:
3175 4985 3481 5042 Eradamus
3500 5001 3627 5041 eum
3660 4984 3728 5041 de

2071 5083 2215 5131 terra
2248 5076 2390 5147 (Jer.
2423 5076 2524 5135 χι).
2544 5072 2655 5128 Sed
2689 5072 2926 5128 frustra.
2979 5074 3095 5144 Ego
3149 5078 3345 5131 autem
3393 5090 3498 5146 per
3554 5071 3722 5129 illam

2073 5163 2405 5238 passionem
2437 5165 2494 5217 et
2524 5166 2769 5217 mortem
2797 5164 3126 5219 constitutus
3172 5181 3298 5220 sum
3343 5178 3462 5231 rex,
3505 5166 3562 5218 et
3605 5179 3723 5218 non

2071 5270 2248 5325 super
2269 5251 2517 5324 paleam,
2548 5255 2743 5306 tamen
2759 5267 2936 5322 super
2951 5269 3154 5325 grana,
3173 5253 3230 5308 id
3244 5256 3353 5324 est,
3382 5268 3546 5324 super
3565 5252 3722 5308 Sion.

2014 5353 2025 5363 '
2069 5343 2206 5398 Sion
2229 5341 2644 5411 interpretatur
2660 5341 2902 5410 specula.
2927 5345 2984 5396 et
2997 5340 3433 5414 signiﬁcatillos
3464 5356 3722 5412 quorum

2068 5431 2406 5487 conversatio
2438 5429 2499 5483 in
2543 5427 2785 5482 cmtisest
2813 5428 2992 5495 (Phil.
3013 5429 3120 5499 ιιι),
3155 5428 3255 5499 qui
3287 5444 3356 5483 ea
3407 5443 3536 5498 quas
3562 5430 3722 5481 retro

2068 5524 2209 5576 sunt
2238 5517 2644 5574 obliviscentes
2672 5515 2732 5571 in
2761 5517 3052 5572 anteriora
3081 5533 3142 5572 se
3170 5517 3514 5572 extendunt.
3546 5514 3721 5571 Tales

2066 5609 2241 5666 etiam
2256 5611 2484 5664 montes
2497 5605 2792 5674 dicuntur,
2801 5609 3034 5678 propter
3045 5605 3422 5662 eminentiam
3434 5605 3722 5661 virtutum

2067 5704 2124 5756 et
2153 5695 2536 5756 stabilitatem
2566 5695 2739 5754 ﬁdei:
2774 5702 3016 5754 montem
3044 5704 3297 5755 sanctum
3340 5694 3485 5769 ejus,
3517 5692 3576 5751 id
3606 5697 3720 5762 est,
