4040 6208
242 276 336 340 161

1353 278 1953 343 ENARRATIONES
1995 277 2073 339 IN
2120 278 2500 341 PSALMOS.

3508 284 3625 348 162

245 412 497 467 Dominus
523 413 756 484 suscepit
786 411 1004 469 me.llle
1022 430 1113 469 me
1127 417 1362 485 suscepit
1381 415 1451 469 de
1481 414 1748 486 sepulcro
1771 414 1868 485 qui
1900 415 1950 480 Α
1985 412 2217 467 I'usJ’er
2238 415 2511 468 canticum
2531 412 2851 483 accipimus
2872 408 3246 483 gaudium.ln
3268 412 3455 469 titulis
3472 417 3624 487 psal-

244 517 324 555 me
349 503 584 571 suscepit
615 502 673 556 in
706 503 958 574 Virginis
990 509 1172 557 utero.
1206 503 1306 557 Vel
1336 506 1572 574 suscepit
1602 521 1714 568 me,
1736 503 1873 574 quia

245 606 335 661 ego
357 594 666 661 susceptus
687 592 814 661 ejus
837 608 998 658 sum;
1023 596 1081 646 et
1101 593 1229 662 quia
1246 593 1509 646 Dominus
1524 593 1869 662 suscepitme,

242 680 344 734 Non
374 680 572 735 timebo
604 680 797 735 millia
823 679 1023 751 populi
1049 681 1448 735 circumdantis
1476 697 1581 746 me,
1615 684 1788 750 caput
1817 684 1875 734 et

242 767 512 822 membra.
545 768 719 833 Bene,
750 770 1161 837 circumstantis,
1191 769 1329 839 quia
1362 769 1527 839 pauci
1559 774 1698 823 sunt
1752 768 1872 822 veri

242 855 541 913 Christiani
573 858 644 911 ad
678 874 989 913 numerum
1023 858 1373 921 infidelium,
1407 863 1462 911 et
1484 858 1623 928 quia
1652 874 1757 929 ego
1784 874 1876 911 ca-

242 948 476 1016 put'non
513 944 706 1013 timeo,
743 962 996 1013 exsurge,
1033 946 1353 1007 Domine,id
1388 948 1722 1018 est,perlice
1749 963 1874 1016 qum

244 1032 476 1104 ccepisti,
510 1050 575 1087 ac
607 1050 767 1089 meos
801 1036 1206 1106 praedicatores
1236 1051 1547 1105 exsurgero
1597 1051 1632 1087 a
1668 1034 1877 1087 timore

246 1112 470 1188 mentis,
499 1127 562 1176 ut
589 1139 723 1178 cum
757 1124 969 1178 ﬁducia
992 1124 1309 1195 praedicent
1337 1141 1349 1190 ;
1373 1127 1431 1177 et
1454 1123 1537 1178 sic
1555 1123 1770 1176 salvum
1789 1137 1878 1176 me

241 1209 344 1282 fac,
378 1210 439 1264 in
473 1210 693 1277 futuro,
726 1212 783 1267 id
817 1217 925 1281 est,
969 1229 1150 1277 meos,
1182 1216 1238 1266 et
1266 1213 1460 1277 debes,
1525 1212 1663 1282 quia
1720 1215 1783 1265 tu
1815 1227 1879 1265 es

242 1299 370 1354 Deus
401 1315 577 1355 meus.
609 1300 867 1372 Quisque
899 1301 1035 1356 facit
1065 1300 1175 1356 sibi
1200 1301 1595 1370 Dcum,quem
1628 1298 1880 1353 maxime

243 1386 463 1459 diligit:
498 1387 852 1445 libidinosus
906 1389 1213 1456 Venerem,
1274 1388 1513 1443 vinosus
1562 1387 1876 1455 Bacchum,

242 1475 520 1548 Epicurus
550 1487 831 1534 ventrem.
864 1479 982 1550 Ego
1013 1495 1146 1534 vero
1179 1482 1235 1533 ct
1266 1478 1377 1531 mei
1402 1483 1457 1531 te
1490 1476 1683 1532 solum
1715 1481 1773 1530 et
1802 1475 1883 1529 di-

244 1564 425 1636 ligunt
455 1570 511 1620 et
537 1565 754 1622 habent
810 1567 1015 1621 Deum.
1076 1565 1195 1631 Vel,
1248 1582 1502 1636 exsurge,
1538 1566 1785 1625 Domine,
1824 1564 1877 1618 id

240 1657 342 1722 est,
374 1654 647 1709 notitiam
680 1660 841 1710 tuam
876 1656 949 1710 da
982 1654 1368 1727 diligentibus
1394 1654 1492 1724 qui
1517 1658 1736 1725 quanto
1761 1652 1883 1724 plu-

239 1758 326 1796 res
356 1747 769 1798 convertentur
796 1748 959 1799 tanto
1001 1744 1198 1799 minus
1252 1743 1660 1814 praedicatores
1717 1742 1883 1796 time-

242 1830 402 1885 bunt.
437 1833 705 1897 Quotidie
736 1832 1005 1888 Christus
1035 1833 1311 1901 exsurgit,
1345 1848 1477 1886 cum
1529 1832 1658 1902 ejus
1690 1847 1880 1885 resur-

242 1921 418 1976 rectio
451 1921 846 1978 nescientibus
866 1922 1297 1979 manifestatur.
1333 1911 1604 1988 Quoniam
1649 1925 1710 1975 tu
1760 1936 1883 1990 pcr-

237 2011 456 2065 cussisti
484 2026 666 2066 omnes
694 2011 1046 2067 adversantes
1075 2011 1217 2065 mihi
1244 2012 1363 2065 sine
1390 2026 1579 2065 causa.
1616 2010 1744 2064 Ideo
1775 2024 1885 2063 non

243 2097 443 2154 timebo
470 2101 650 2154 millia
676 2101 868 2171 populi
894 2100 1289 2155 circumdantis
1345 2116 1453 2167 me,
1511 2101 1771 2168 quoniam
1826 2102 1886 2152 tu

236 2189 517 2257 percuties
546 2204 654 2251 eos,
685 2189 923 2243 tandem
950 2187 1250 2259 separabis
1279 2203 1379 2242 eos
1411 2188 1482 2241 ab
1505 2186 1757 2241 Ecclesia
1786 2192 1886 2241 tua

233 2280 298 2329 ut
333 2275 567 2345 paleam
600 2292 634 2329 a
660 2276 859 2346 granis
890 2276 949 2329 in
975 2276 1213 2342 judicio.
1249 2275 1315 2328 Et
1371 2275 1480 2330 hoc
1528 2275 1681 2329 unde
1718 2273 1885 2328 scio?

230 2363 513 2430 Quoniam
536 2364 657 2434 jam
682 2365 998 2434 percussisti
1026 2380 1207 2418 omnes
1229 2364 1574 2418 adversantes
1600 2363 1743 2417 mihi
1770 2364 1889 2417 sine

228 2468 429 2506 causa.
464 2451 596 2505 Ideo
628 2453 784 2523 quod
814 2454 935 2506 sine
962 2469 1132 2507 causa
1160 2452 1302 2506 mihi
1352 2451 1732 2515 adversantur,
1778 2451 1886 2507 hoc

229 2540 463 2606 indicat
493 2538 624 2593 illos
654 2557 688 2594 a
720 2545 771 2594 te
803 2557 1131 2611 percussos,
1166 2541 1222 2594 id
1256 2545 1363 2609 est,
1394 2540 1560 2594 datos
1588 2539 1647 2593 in
1690 2555 1884 2609 repro-

232 2629 376 2683 bum
410 2644 679 2683 sensum.
714 2629 908 2682 Dentes
933 2632 1298 2699 peccatorum,
1336 2628 1389 2681 id
1423 2632 1528 2689 est,
1577 2627 1885 2689 maledicta

230 2717 413 2773 verba
444 2715 661 2787 quibus
693 2734 806 2771 non
841 2715 1450 2782 lacerant,c0ntrivisti,
1484 2716 1539 2770 id
1569 2721 1658 2771 est
1689 2715 1759 2769 ad
1801 2716 1884 2769 ni-

232 2805 419 2859 hilum
458 2804 752 2876 redegisti.
788 2806 904 2860 Non
937 2812 1017 2859 est
1045 2806 1192 2861 salus
1223 2804 1325 2860 illi
1352 2807 1411 2859 in
1442 2794 1554 2860 Deo
1583 2806 1716 2876 ejus.
1749 2808 1878 2859 Jam

234 2894 301 2948 ad
337 2893 599 2948 nihilum
627 2894 847 2949 redacti
878 2894 1139 2949 suut.Vel
1170 2894 1456 2963 dentes,id
1488 2899 1594 2957 est,
1613 2898 1882 2948 auctores

232 2982 585 3052 perditionis
616 2998 818 3037 eorum
851 2982 951 3053 qui
981 2999 1081 3037 eos
1104 2983 1273 3054 quasi
1295 2982 1740 3048 devorant,dum
1768 2982 1880 3038 sibi

234 3070 618 3143 incorporant
647 3076 702 3126 et
734 3073 954 3126 faciunt
975 3088 1104 3127 esse
1124 3073 1277 3143 quod
1306 3076 1536 3138 sunt,ut
1561 3071 1780 3126 dictum
1796 3074 1885 3126 est

1980 518 2211 556 morum
2243 519 2395 573 saepe
2424 500 2717 557 invenitur
2741 505 3015 557 canticum
3039 501 3265 573 psalmo
3288 503 3623 574 appositum

1981 590 2069 645 vel
2097 593 2157 645 in
2181 591 2540 646 carminibus.
2604 591 2736 646 Ideo
2796 592 3105 662 quaesitum
3165 594 3254 645 est
3310 607 3383 645 an
3431 593 3627 648 omnis

1984 679 2249 750 psalmus
2280 685 2433 735 esset
2461 681 2757 745 canticum,
2790 680 2937 741 vel,e
2964 696 3347 745 converso,an
3366 680 3623 751 quidam

1984 768 2197 839 psalmi
2237 773 2433 822 essent
2458 771 2754 831 canticum,
2788 769 2875 823 vel
2909 785 2939 822 e
2968 786 3266 824 converso.
3290 768 3399 823 Sed
3435 771 3628 824 inven-

1985 862 2111 911 tum
2145 864 2233 911 est
2262 858 2413 927 quod
2450 857 2506 911 in
2540 857 2894 928 quibusdam
2926 857 3171 928 psalmis
3194 857 3467 929 praecedit
3484 860 3629 929 psal-

1987 962 2127 1013 mus,
2159 950 2215 1000 et
2244 946 2511 1017 sequitur
2538 947 2831 1014 canticum,
2866 945 2923 999 in
2958 946 3308 1015 quibusdam
3359 948 3631 1017 praecedit

1985 1034 2303 1099 canticum,
2336 1038 2392 1088 et
2418 1033 2685 1105 sequitur
2721 1034 3294 1106 psalmus.Signiﬁcat
3324 1037 3477 1106 quod
3509 1037 3629 1108 pri-

1986 1138 2116 1177 ores
2147 1123 2274 1191 ejus
2310 1128 2501 1192 partes
2533 1122 2906 1177 consolentur
2934 1139 3040 1177 nos
3077 1123 3149 1178 ad
3182 1124 3463 1192 laborem,
3496 1142 3629 1197 pos-

1988 1210 2228 1264 teriores
2259 1212 2388 1279 ejus
2419 1216 2611 1282 partes
2643 1211 3021 1265 consolentur
3052 1228 3158 1266 nos
3191 1229 3293 1283 per
3321 1215 3628 1284 gaudium:

1988 1301 2209 1371 priores
2242 1299 2491 1353 invitant
2520 1300 2591 1355 ad
2625 1299 2892 1372 gloriam,
2925 1300 3299 1371 posteriores,
3326 1301 3636 1359 hortantur

1990 1404 2096 1442 nos
2128 1388 2199 1441 ad
2231 1387 2510 1442 laborem.
2545 1389 2605 1442 In
2639 1405 2753 1459 quo
2793 1392 2986 1443 autem
3020 1387 3250 1459 psalmo
3273 1391 3545 1461 praecedit
3574 1393 3634 1450 in

1988 1475 2156 1530 titulo
2183 1476 2458 1546 psalmus,
2492 1481 2550 1531 et
2579 1475 2847 1548 sequitur
2894 1478 3189 1543 canticum,
3250 1477 3476 1549 priores
3505 1480 3635 1550 ejus

1995 1570 2190 1635 partes
2224 1564 2530 1620 hortantur
2560 1582 2666 1620 nos
2697 1566 2768 1620 ad
2801 1564 3079 1633 laborem,
3106 1566 3457 1637 posteriores
3486 1567 3634 1622 invi-

1988 1657 2117 1706 tant
2143 1652 2211 1707 ad
2247 1651 2698 1724 gloriam.Sicut
2727 1658 2783 1707 et
2814 1654 2870 1707 in
2906 1653 3012 1709 hoc
3044 1652 3290 1725 psalmo,
3311 1656 3453 1710 Cum
3481 1657 3636 1713 invo-

1991 1758 2189 1809 carem,
2226 1741 2283 1795 in
2318 1742 2490 1796 tinem
2519 1743 2763 1813 psalmus
2790 1742 2992 1812 David,
3024 1742 3082 1797 id
3111 1743 3367 1809 est,bona
3395 1747 3636 1814 operatio

1997 1848 2121 1900 qua:
2154 1830 2501 1903 intelligitur
2532 1831 2587 1884 in
2622 1832 2729 1885 hoc
2763 1830 3011 1902 psalmo,
3045 1837 3134 1886 est
3164 1833 3360 1901 David,
3391 1839 3449 1888 et
3496 1834 3638 1904 quia

1995 1924 2083 1973 cst
2116 1920 2290 1973 David
2326 1918 2597 1987 carnalis,
2631 1924 2793 1974 estet
2814 1920 3254 1991 spiritalis,ideo
3286 1921 3639 1977 determinat

1995 2008 2050 2061 in
2086 2009 2281 2074 linem,
2310 2008 2367 2062 id
2401 2014 2510 2078 est,
2544 2008 2663 2062 haec
2691 2007 2950 2079 operatio
2998 2009 3084 2063 sic
3143 2008 3522 2081 intelligenda
3547 2015 3639 2066 est

1994 2112 2123 2151 esse
2154 2097 2356 2163 David,
2399 2101 2462 2150 ut
2492 2096 2655 2151 illum
2689 2095 3089 2168 intelligamus
3119 2097 3218 2168 qui
3249 2102 3336 2152 est
3357 2097 3638 2169 linis,ide-

1996 2201 2145 2254 oque
2175 2186 2404 2239 duobus
2437 2185 2658 2240 modis:
2696 2185 2805 2250 vel,
2853 2186 2992 2255 quia
3036 2190 3145 2239 est.
3182 2186 3638 2254 consummatio,

1995 2290 2111 2351 non
2145 2274 2513 2344 consumptio
2544 2273 2690 2345 legis
2721 2278 2778 2327 et
2795 2272 3210 2343 prophetarum
3237 2273 3530 2344 :vel,quia
3551 2280 3643 2329 est

1996 2361 2260 2416 omnium
2294 2361 2576 2415 bonorum
2615 2361 2911 2432 perfectio,
2947 2361 3086 2432 quia
3116 2361 3314 2416 omnia
3345 2362 3497 2417 bona
3524 2361 3639 2416 im-

1996 2450 2249 2519 perfecta
2279 2466 2465 2520 usque
2497 2450 2565 2503 ad
2599 2465 2729 2503 eum
2783 2449 2883 2520 qui
2934 2452 3022 2504 est
3069 2465 3369 2504 summum
3394 2452 3637 2506 bonum.

1994 2537 2177 2592 Omne
2206 2538 2361 2591 enim
2392 2538 2772 2592 imminutum
2806 2537 3004 2607 perlici
3036 2537 3270 2592 habent.
3296 2538 3361 2591 Et
3389 2541 3480 2593 est
3506 2554 3638 2594 can-

1994 2626 2182 2689 ticum,
2214 2624 2269 2678 id
2302 2630 2408 2691 est,
2443 2626 2698 2680 ostendit
2729 2625 2898 2680 nobis
2928 2630 3059 2695 post
3090 2625 3305 2680 bonam
3348 2626 3637 2698 Operatio-

1992 2730 2123 2769 nem
2142 2714 2420 2784 gaudium
2440 2719 2494 2768 et
2508 2714 2809 2784 praemium
2829 2714 3144 2769 laboris.Et
3165 2714 3257 2769 hic
3275 2716 3428 2770 bona
3440 2731 3639 2787 opera-

1990 2803 2069 2856 tio
2092 2808 2146 2855 et
2160 2803 2399 2872 prmmiu
2411 2821 2463 2857 IIl
2478 2803 2834 2874 operationis
2849 2802 3355 2858 ostenditurnobis
3368 2804 3633 2876 exemplo

1992 2890 2218 2960 capitis.
2243 2892 2365 2962 Ipse
2398 2890 2603 2945 titulus
2632 2890 3442 2947 ostenditintentionem.Vox
3469 2893 3634 2963 capi-

1990 2978 2066 3033 tis
2092 2978 2452 3033 :Vostidcles
2483 2979 2595 3034 mei
2628 2979 2726 3050 qui
2760 2997 2860 3051 per
2892 2979 3107 3034 multas
3139 2980 3635 3036 tribulationesad

1993 3084 2237 3139 regnum
2262 3067 2578 3133 tenditis,si
2600 3070 2897 3138 pervenire
2918 3066 3113 3137 vultis,
3143 3068 3403 3123 invocato
3426 3069 3634 3136 Deum,

230 3142 660 3215 Petroiscilicet
689 3160 745 3213 in
778 3160 1035 3215 bonum:
1070 3142 1240 3215 Macta
1269 3169 1319 3215 et
1345 3160 1631 3214 manduca
1661 3159 1882 3229 (Act.x).
1916 3142 1958 3207 C
1996 3155 2053 3209 id
2086 3158 2360 3227 est,intus
2397 3162 2586 3211 vocate
2616 3156 2674 3210 in
2709 3156 3019 3222 cordc,non
3057 3156 3251 3211 solum
3285 3157 3344 3212 in
3368 3174 3523 3213 voce:
3549 3162 3639 3214 vel

234 3247 451 3302 Domini
479 3252 564 3304 est
612 3248 785 3303 salus.
844 3248 996 3302 Bene
1045 3248 1184 3314 dixi,
1235 3249 1447 3302 salvum
1493 3263 1579 3302 me
1608 3250 1716 3317 fac,
1750 3263 1884 3301 nam

235 3336 451 3392 Domini
481 3340 565 3392 est
592 3338 763 3403 salus,
798 3354 909 3392 non
945 3353 1110 3391 mea:
1144 3328 1200 3390 et
1230 3335 1367 3406 quia
1417 3341 1521 3390 tua
1572 3340 1680 3399 est,
1713 3352 1745 3389 o
1777 3335 1889 3390 Do-

236 3424 409 3489 mine,
440 3442 613 3497 super
641 3426 901 3497 populum
933 3434 1088 3480 tuum
1121 3425 1419 3479 benedictio
1457 3426 1573 3477 tua.
1626 3423 1887 3477 Benedic-

233 3514 330 3579 tio,
364 3514 420 3569 id
459 3519 575 3580 est,
610 3514 1019 3586 multiplicatio
1052 3514 1333 3568 virtutum
1367 3518 1424 3567 et
1445 3513 1730 3566 bonorum
1752 3526 1887 3582 ope-

235 3616 358 3656 rum
392 3620 584 3674 super
610 3602 893 3674 populum
927 3606 1119 3666 tuum,
1154 3607 1220 3655 ut
1251 3601 1418 3667 illud,
1475 3600 1767 3655 Benedicat
1792 3614 1889 3654 nos

233 3688 383 3761 Deus,
418 3692 570 3747 Deus
604 3696 795 3746 noster
823 3691 937 3759 (Ps.
971 3690 1146 3760 LXXI),
1178 3690 1236 3743 id
1267 3694 1376 3757 est,
1412 3688 1778 3761 multiplicet.

828 3795 1158 3851 PSALMUS
1208 3796 1297 3851 IV.

672 3903 729 3940 ΙΝ
761 3902 939 3940 FINEM
980 3903 1037 3939 IN
1078 3901 1457 3940 CARMINIBUS.

824 3990 1085 4029 PSALMUS
1115 3991 1305 4028 DAVID.

304 4087 330 4113 (ι
360 4066 512 4122 Cum
585 4064 936 4131 invocarem,
995 4062 1287 4116 exaudivit
1345 4077 1437 4115 me
1468 4062 1619 4116 Deus
1644 4061 1888 4132 justitite

238 4176 255 4199 -
289 4170 453 4224 meae,
490 4155 557 4209 in
592 4151 968 4207 tribulatione
997 4150 1256 4205 dilatasti
1280 4148 1719 4205 mihi.Miserere
1751 4149 1889 4219 mei,

232 4262 253 4289 σε
287 4247 343 4297 et
370 4241 598 4299 exaudi
628 4240 947 4296 orationem
972 4238 1891 4308 meam.Filiihominum,usque-

233 4351 257 4377 ι(
288 4347 403 4402 quo
436 4330 612 4405 gravi
647 4329 840 4393 corde,
876 4333 937 4382 ut
971 4328 1109 4399 quid
1170 4326 1413 4398 diligitis
1462 4326 1773 4381 vanitatem
1834 4329 1892 4381 et

233 4440 257 4467 «
289 4420 560 4490 quaritis
599 4418 968 4473 mendacium
992 4418 1018 4471 ?
1049 4417 1117 4471 Et
1138 4416 1347 4471 scitote
1373 4414 1649 4486 quoniam
1680 4413 1890 4469 miriﬁ-

235 4530 253 4553 ι
287 4508 436 4563 cavit
468 4508 766 4563 Dominus
797 4510 1070 4562 sanctum
1103 4522 1232 4559 sum
1264 4521 1275 4557 :
1316 4503 1595 4558 Dominus
1626 4504 1893 4558 exaudiet
1922 4507 1969 4570 D

240 4617 265 4645 «
300 4612 415 4668 me,
450 4614 594 4653 cum
625 4596 949 4650 clamavero
980 4594 1050 4649 ad
1085 4610 1240 4648 cum.
1275 4592 1599 4647 Irascimini
1632 4597 1688 4646 et
1716 4591 1894 4647 nolite

232 4706 256 4732 ‹‹
288 4701 535 4756 peccare
563 4701 575 4738 :
615 4701 742 4755 quae
775 4682 969 4737 dicitis
1003 4682 1059 4736 in
1092 4680 1367 4736 cordibus
1384 4681 1593 4735 vestris
1611 4685 1668 4735 et
1698 4681 1756 4734 in
1789 4697 1889 4735 cu-

234 4794 258 4819 «
289 4774 515 4829 hilibus
548 4771 761 4828 vestris
792 4770 1277 4843 compungimini.
1332 4769 1663 4824 Sacrificate
1713 4768 1890 4824 sacri-

236 4884 263 4911 «
294 4861 802 4933 ﬁcium’justitiaa,
835 4864 893 4915 et
938 4865 1164 4932 sperato
1217 4857 1273 4912 in
1318 4850 1586 4913 Domino:
1620 4857 1779 4912 Multi
1812 4858 1895 4911 di-

232 4970 258 4997 ι‹
289 4958 471 5007 cunt:
510 4951 661 5017 Quis
689 4949 947 5005 ostendit
1004 4947 1170 5003 nobis
1220 4946 1417 5002 bona?
1465 4946 1773 5018 Signatum
1806 4950 1895 5000 cst

236 5060 260 5087 «
287 5058 472 5113 super
504 5057 622 5096 nos
655 5046 854 5094 lumen
885 5036 1083 5093 vultus
1109 5036 1218 5103 tui,
1261 5036 1529 5101 Domine;
1565 5035 1774 5090 dedisti
1797 5033 1892 5088 la:-

232 5149 257 5175 α
290 5129 489 5184 titiam
524 5128 591 5183 in
624 5127 795 5183 corde
826 5142 976 5182 meo.
1012 5132 1053 5178 Δ
1090 5126 1278 5180 fructu
1320 5124 1618 5193 frumenti,
1671 5123 1788 5178 vini
1837 5128 1896 5178 et

233 5238 258 5264 «ι
288 5216 424 5288 olei,
457 5215 845 5286 multiplicati
878 5219 1034 5270 sunt.
1070 5214 1131 5267 In
1184 5230 1323 5284 pace
1376 5213 1432 5267 in
1466 5213 1725 5283 idipsum
1758 5213 1888 5266 dor-

232 5326 255 5351 α
284 5305 469 5360 miam
505 5309 571 5360 et
606 5304 987 5375 requiescam.
1021 5302 1305 5367 Quoniam
1341 5307 1424 5367 tu,
1460 5302 1724 5368 Domino,
1771 5300 1892 5356 sin-

237 5417 254 5441 ι
285 5394 588 5466 gulariter
619 5392 677 5447 in
708 5410 813 5464 spe
842 5390 1199 5448 constituisti
1231 5408 1345 5445 me.
1379 5413 1406 5440 ››

871 5484 1137 5554 ENARRA
1147 5496 1265 5551 no.

295 5590 356 5646 In
385 5591 570 5665 ﬁnem
593 5586 848 5662 psalmus
872 5587 1073 5658 David,
1107 5584 1382 5644 canticum
1408 5585 1493 5644 vel
1521 5585 1586 5643 in
1614 5586 1889 5644 carmini-

1992 3250 2192 3298 vocate
2222 3245 2403 3299 Deum
2436 3244 2495 3298 in
2526 3261 2653 3309 vos,
2684 3250 2748 3298 ut
2779 3243 2924 3299 nihil
2971 3245 3182 3315 petatis
3239 3245 3296 3299 in
3329 3247 3637 3315 praemium

1996 3332 2212 3386 laboris
2245 3330 2438 3395 vestri,
2472 3330 2584 3386 nisi
2617 3332 2836 3402 ipsum,
2870 3337 2925 3387 et
2957 3332 3224 3387 exaudiet
3252 3334 3517 3403 vos,quia
3545 3350 3640 3389 me

1997 3425 2171 3489 caput
2201 3420 2309 3473 hoc
2344 3421 2514 3474 modo
2544 3420 2854 3474 exaudivit.
2890 3422 2957 3474 Et
2986 3420 3095 3475 hoc
3143 3426 3231 3475 est
3260 3422 3416 3491 quod
3449 3422 3590 3478 dicit
3622 3439 3636 3477 :

2071 3508 2203 3562 Cum
2234 3510 2557 3573 invocarem,
2590 3509 2873 3563 exaudirit
2903 3526 2989 3562 me
3022 3512 3194 3564 Deus.
3226 3511 3368 3565 Deus
3397 3511 3525 3566 dico
3539 3511 3640 3581 ju-

1995 3599 2165 3652 stitiae
2195 3611 2353 3661 mea},
2388 3594 2445 3649 id
2477 3601 2585 3660 est,
2619 3596 2720 3665 qui
2784 3613 2874 3650 me
2923 3596 3121 3650 docuit
3165 3599 3457 3668 quomodo
3479 3600 3642 3670 justo

1998 3691 2275 3756 peterem,
2308 3684 2445 3755 quia
2470 3686 2583 3755 ipse
2611 3684 2704 3738 dat
2732 3693 2782 3740 et
2811 3684 2948 3739 velte
2975 3693 3026 3738 et
3052 3700 3211 3754 posse
3240 3701 3338 3755 pro
3370 3688 3510 3741 bona
3539 3704 3637 3743 vo-

1998 3776 2206 3829 luntate
2242 3774 2407 3842 (Phil.
2444 3774 2526 3844 ιι).
2560 3772 2682 3841 Vel,
2742 3773 2872 3828 ideo
2915 3772 3100 3828 Deum
3156 3772 3376 3839 vocavi,
3415 3780 3472 3829 et
3522 3791 3639 3829 non

1997 3862 2201 3931 alium,
2234 3862 2332 3933 qui
2367 3862 2439 3917 ab
2468 3880 2533 3917 eo
2564 3866 2653 3917 est
2681 3862 2869 3918 omnis
2891 3860 3145 3934 justitia,
3177 3878 3291 3917 non
3323 3860 3381 3916 in
3423 3862 3641 3918 divitiis

1996 3953 2081 4007 vel
2115 3951 2244 4005 aliis
2274 3950 2638 4019 hujusmodi.

2067 4041 2175 4096 Sed
2211 4040 2348 4111 quia
2380 4038 2610 4095 dulcius
2626 4039 3053 4095 etfamiliarius
3082 4039 3639 4113 videturloquicum

1997 4130 2111 4184 Deo
2143 4145 2321 4199 quam
2353 4129 2425 4183 de
2454 4128 2591 4196 Deo,
2648 4128 2777 4184 ideo
2834 4128 3120 4184 convertit
3175 4146 3507 4187 sermonem
3566 4132 3639 4188 ad

1999 4218 2216 4288 ipsum,
2249 4221 2561 4288 postquam
2594 4217 2868 4273 ﬁdelibus
2900 4218 3023 4273 suis
3054 4219 3124 4273 ad
3176 4218 3639 4276 exhortationem

1998 4307 2067 4361 de
2098 4307 2214 4360 Deo
2247 4304 2469 4359 lotutus
2500 4310 2607 4360 est.
2642 4309 2786 4361 Vere
2814 4308 3093 4362 exaudisti
3119 4323 3224 4371 me,
3257 4312 3315 4362 et.
3345 4307 3405 4362 in
3436 4325 3551 4372 me,
3582 4312 3641 4363 et

1995 4394 2055 4448 in
2091 4394 2255 4463 meis,
2288 4392 2387 4463 qui
2418 4395 2477 4447 in
2508 4395 2870 4450 tribulatione
2930 4395 3183 4449 dilatasti
3233 4394 3397 4460 mihi,
3430 4392 3487 4448 id
3527 4399 3639 4464 est,

2001 4482 2309 4538 dilatatum
2342 4497 2440 4535 cor
2469 4481 2679 4536 dedisti
2703 4482 2848 4536 mihi
2878 4498 2992 4537 non
3024 4481 3294 4536 strictum
3326 4486 3391 4536 ut
3410 4498 3523 4537 non
3548 4498 3641 4539 so-

1998 4571 2123 4626 lum
2155 4570 2455 4642 diligerem
2486 4568 2727 4639 amicos,
2762 4569 2861 4623 sed
2923 4569 3099 4623 etiam
3157 4568 3449 4625 inimicos.
3481 4572 3642 4627 Arcto

2001 4665 2079 4715 est
2108 4661 2257 4715 enim
2285 4660 2375 4713 via
2404 4672 2528 4728 quae
2557 4658 2686 4712 duci
2714 4657 2784 4712 ad
2816 4659 2985 4712 vitam
3004 4657 3208 4725 (Matth.
3227 4658 3416 4730 vu,)et
3441 4664 3639 4717 tamen

2002 4766 2113 4804 non
2144 4748 2397 4803 curritur
2429 4746 2540 4801 nisi
2572 4746 2811 4801 dilatato
2844 4746 3053 4801 corde:

2073 4860 2193 4910 Iloc
2219 4859 2394 4926 caput
2422 4854 2491 4907 de
2523 4870 2604 4922 sc,
2665 4851 2749 4908 sic
2804 4857 3000 4907 autem
3058 4852 3130 4907 de
3162 4854 3442 4910 membris
3473 4855 3636 4910 suis:

2002 4944 2262 4998 Dzlatasti
2290 4943 2451 5005 mihi,
2485 4940 2539 4995 id
2573 4944 2681 5001 est,
2715 4940 2861 4995 meis
2919 4943 2977 4994 in
3009 4941 3383 5007 tribulatione,
3423 4940 3644 4997 scilicet

2004 5037 2067 5086 ut
2095 5031 2222 5102 ipsa
2249 5028 2548 5085 tribulatio
2581 5046 2693 5084 non
2735 5030 3030 5084 videretur
3083 5030 3167 5084 eis
3226 5034 3497 5100 angusta,
3539 5030 3639 5085 sed

2002 5121 2251 5175 dilatasti
2279 5118 2577 5187 gaudium,
2613 5118 2750 5189 quia
2808 5117 3104 5172 tribulatio
3162 5120 3214 5172 et
3276 5119 3550 5189 angustia
3578 5118 3637 5173 in

2002 5225 2233 5265 omnem
2263 5207 2521 5262 animam
2544 5206 2800 5262 hominis
2823 5204 3117 5276 cperantis
3144 5204 3636 5278 malum(Rom.n).

2076 5315 2235 5370 Unde
2266 5312 2601 5384 Apostolus,
2632 5314 2750 5367 Non
2779 5312 2955 5366 solum
2983 5314 3187 5381 autem,
3219 5311 3311 5366 sed
3339 5323 3390 5367 et
3428 5312 3638 5383 gloria-

1998 5422 2124 5460 mur
2153 5407 2211 5459 in
2246 5401 2959 5467 tribulatzonibus,scientes
2980 5401 3111 5469 quia
3123 5401 3411 5456 tribulatio
3427 5401 3640 5471 patien-

2001 5495 2137 5550 tiam
2170 5494 2446 5563 operatur,
2474 5491 2750 5562 patientia
2773 5490 3193 5560 probatianem,
3220 5491 3475 5562 probatio
3510 5505 3637 5546 vero

1996 5599 2165 5658 spem,
2194 5597 2312 5657 spes
2338 5583 2530 5639 autem
2565 5594 2690 5638 non.
2705 5577 3017 5655 confundit,
3047 5579 3184 5656 quia
3239 5578 3486 5639 charitas
3538 5580 3641 5642 Dei
