4040 6208
268 300 373 364 165

1374 297 1984 363 ENARBATIONES
2028 301 2108 361 IN
2154 299 2531 363 PSALMOS.

3538 302 3652 373 166

266 450 374 489 non
424 439 683 507 sperant,
736 435 992 491 dicentes
1027 453 1038 491 :
1084 436 1213 504 Quis
1260 435 1491 491 ostendit
1522 435 1677 489 nobis
1727 436 1900 489 bona?
1929 436 1986 501 Α
2015 455 2042 482 ‹‹
2078 433 2445 505 iniquitatem
2479 440 2539 489 tu
2563 450 2646 489 es.
2672 432 2868 506 Neque
2892 432 3185 491 habitabit
3202 438 3374 508 juxta
3394 444 3450 495 te
3482 443 3651 497 mali-

267 522 482 579 scilicet
511 524 611 579 illa
638 542 764 596 qum
796 525 1112 597 promittis.
1146 524 1251 587 Qui
1304 524 1569 579 ascendit
1601 524 1657 577 in
1690 523 1902 577 cmlum

269 612 358 683 qui
388 610 487 666 illa
514 612 733 667 videret
752 618 807 667 et
830 614 996 667 nobis
1020 612 1421 668 renuntiaret?
1443 617 1543 665 aut
1560 610 1692 683 quis
1710 616 1904 665 osten-

269 702 360 756 det
376 701 544 755 nobis
567 700 1088 771 mala,scilicetilla
1108 706 1398 755 tormenta
1416 717 1543 771 qua:
1563 701 1755 755 dicitis
1778 716 1905 754 esse

268 790 412 861 apud
447 790 665 845 inferos
687 790 713 844 τί
746 792 987 845 Frustra
1011 791 1117 845 hoc
1135 790 1618 859 dicunt,quiatu,
1645 789 1901 853 Domine,

267 879 567 934 ostendisti
592 879 757 933 nobis
780 880 969 934 dando
986 880 1155 934 nobis
1171 879 1453 933 rationem
1478 879 1547 932 ad
1572 878 1907 932 similitudi-

269 984 396 1023 nem
430 972 613 1022 tuam.
648 969 793 1023 Nam
823 972 1120 1037 signatum,
1153 967 1209 1021 id
1243 972 1350 1031 est,
1380 966 1726 1037 sigillatum,
1762 970 1818 1020 et
1847 966 1906 1019 in

270 1057 391 1128 ipso
414 1055 605 1128 sigillo
625 1056 872 1128 Spiritus
894 1056 1101 1121 sancti,
1124 1064 1204 1110 est
1223 1072 1387 1126 super
1404 1072 1499 1110 nos
1523 1057 1702 1109 lumen
1729 1055 1908 1109 vultus

267 1146 363 1214 tui,
404 1145 647 1211 Domine,
676 1146 733 1199 id
765 1149 871 1211 est,
904 1145 1003 1200 lux
1032 1144 1132 1199 illa
1152 1162 1277 1215 quae
1311 1144 1627 1216 imaginem
1656 1148 1817 1197 tuam
1848 1142 1907 1196 in

267 1233 432 1289 nobis
464 1233 601 1288 facit
621 1250 919 1305 apparere.
944 1234 1046 1289 Vel
1067 1235 1247 1288 lumen
1271 1232 1457 1288 vultus
1473 1234 1574 1297 tui,
1593 1231 1651 1286 id
1679 1236 1764 1287 est
1786 1230 1908 1286 cla-

266 1321 407 1376 ritas
437 1321 713 1393 imaginis
758 1326 869 1376 tuaz
903 1340 1028 1392 quae
1060 1323 1118 1376 in
1168 1321 1336 1376 nobis
1368 1322 1677 1375 obscurata
1729 1326 1818 1375 est
1849 1320 1908 1373 in

266 1411 473 1471 Adam,
508 1408 732 1464 scilicet
759 1426 893 1464 vera
938 1411 1106 1475 ratio,
1143 1427 1258 1481 qua
1286 1408 1389 1463 tibi
1423 1408 1645 1463 similes
1677 1424 1907 1477 sumus,

268 1500 639 1554 antecedente
657 1498 848 1570 sigillo
872 1500 1054 1553 sancti
1070 1498 1322 1570 Spiritus
1340 1498 1396 1552 in
1413 1498 1579 1552 nobis
1600 1499 1911 1552 reformata

268 1594 371 1643 est.
410 1589 476 1642 Et
508 1588 615 1643 hoc
646 1593 735 1643 est
764 1589 919 1659 quod
968 1590 1235 1659 sequitur
1268 1604 1281 1642 :
1316 1588 1520 1641 Dedisti
1550 1589 1819 1656 tertitiam,
1852 1586 1910 1639 id

266 1682 355 1733 est
387 1676 642 1748 Spiritus
673 1677 861 1732 sancti
890 1678 1140 1748 gratiam
1174 1678 1233 1729 in
1261 1677 1416 1731 corde
1444 1692 1578 1741 meo,
1612 1676 1751 1747 quia
1777 1675 1909 1730 cha-

277 1767 418 1820 ritas
448 1767 548 1820 Dei
575 1765 776 1836 ili/fusa
806 1770 883 1821 est
923 1768 979 1819 in
1010 1765 1259 1821 cordibus
1291 1767 1487 1820 nostris
1514 1781 1615 1835 per
1640 1765 1912 1835 Spiritum

265 1861 517 1910 sanctum
547 1857 641 1925 qui
666 1855 825 1909 datus
853 1864 930 1910 est
959 1855 1114 1909 nobis
1141 1855 1314 1925 (Rom.
1338 1854 1413 1925 v).
1446 1853 1627 1908 Aliter
1659 1870 1671 1907 :
1704 1853 1913 1908 Dedisti

267 1943 528 1999 laetitiam
560 1945 618 1998 in
647 1943 804 1999 corde
830 1959 971 2011 meo,
993 1943 1279 2016 signando
1302 1944 1485 1997 lumen
1516 1944 1697 1997 vultus
1728 1944 1829 2008 tui,
1853 1941 1911 1995 id

266 2037 356 2087 est
388 2032 668 2087 rationem
700 2048 878 2104 super
908 2048 1036 2098 nos,
1062 2032 1118 2086 id
1151 2036 1257 2097 est,
1287 2031 1345 2086 in
1382 2031 1665 2103 superiori
1691 2035 1911 2094 nostro,

274 2121 502 2176 scilicet
524 2122 580 2176 in
608 2120 1117 2187 anima:dedisti,id
1132 2121 1552 2186 est,ostendisti
1582 2120 1722 2175 mihi
1751 2124 1914 2174 tuam

268 2211 556 2275 lwtitiam,
590 2210 812 2265 scilicet
840 2215 1115 2265 teternam
1149 2210 1593 2275 beatitudinem,
1629 2225 1743 2263 non
1776 2208 1917 2262 foris

264 2297 675 2368 quaerendam,
700 2298 800 2351 sed
832 2299 891 2351 in
920 2297 1076 2351 corde
1104 2312 1240 2365 meo,
1264 2296 1319 2349 id
1352 2302 1460 2365 est,
1483 2297 1541 2349 in
1574 2295 1697 2351 sola
1718 2312 1840 2366 spe,
1865 2299 1921 2349 et

265 2385 540 2439 nondum
571 2384 627 2438 in
665 2400 743 2438 re.
780 2384 865 2439 llli
893 2390 1085 2439 autem
1119 2384 1215 2455 qui
1252 2385 1473 2453 dicunt,
1508 2386 1639 2451 Quis
1671 2383 1920 2451 ostendet

258 2473 431 2527 nobis
463 2458 618 2536 bona,
654 2472 783 2527 ideo
814 2474 1087 2545 ignorant
1118 2472 1268 2526 hanc
1309 2472 1751 2540 beatitudinem,
1784 2472 1921 2541 quia

262 2561 637 2631 multiplicati
662 2570 811 2627 sunt,
846 2562 903 2614 id
935 2566 1045 2625 est,
1080 2560 1280 2615 multis
1312 2560 1599 2631 impliciti,
1634 2564 1690 2614 et
1720 2558 1920 2614 multis

263 2649 687 2705 sollicitantur.
721 2651 759 2702 A
788 2652 993 2719 fructu,
1016 2650 1071 2702 id
1107 2654 1195 2704 est
1227 2649 1477 2703 utilitate
1509 2649 1600 2704 sui
1630 2650 1917 2718 frumenti,

264 2756 384 2794 non
410 2738 749 2805 tui,scilicet
778 2737 991 2793 Christi
1014 2738 1083 2792 de
1114 2755 1229 2808 quo
1260 2738 1507 2792 dicitur:
1541 2739 1661 2792 Nisi
1680 2754 1919 2805 granum

262 2828 543 2897 frumenti
588 2826 785 2881 cadens
832 2828 889 2880 in
938 2830 1167 2891 terram,
1198 2830 1476 2881 mortuum
1516 2828 1707 2896 fuerit,
1742 2828 1919 2897 ipsum

264 2920 443 2971 solum
476 2925 658 2971 manet
688 2917 865 2987 (Joan.
899 2917 1021 2987 xu).
1062 2918 1171 2986 Ego
1201 2932 1321 2969 sum
1350 2918 1512 2986 panis
1539 2919 1697 2970 vivus
1729 2916 1914 2985 (Joan.

265 3006 365 3075 vx).
403 3006 513 3060 Sui
546 3006 681 3072 vini,
714 3022 830 3059 non
859 3005 967 3060 tui.
992 3004 1207 3059 Vinum
1240 3004 1469 3059 Domini
1500 3004 1748 3059 imitatio
1782 3021 1919 3076 pas-

263 3095 453 3149 sionis
485 3093 726 3160 Christi,
750 3094 821 3148 de
852 3110 965 3165 quo
987 3109 1197 3165 corpus
1220 3092 1480 3149 ﬁdelium
1505 3094 1833 3161 denuntiat,
1852 3098 1917 3148 ut

263 3199 483 3254 corpus
518 3182 670 3237 beati
714 3183 1005 3238 Laurentii
1038 3188 1092 3237 et
1124 3182 1372 3237 aliorum
1406 3182 1744 3237 multorum.
1777 3185 1920 3251 Quia
1950 3169 1992 3234 C

262 3273 415 3327 calix
447 3274 682 3326 Domini
692 3272 973 3326 inebrians
989 3290 1153 3342 quam
1172 3273 1479 3343 praeclarus
1495 3273 1916 3342 est(Psal.xxu).

266 3360 327 3414 Et
358 3363 471 3416 olei
502 3361 749 3429 sui,non
782 3362 888 3415 tui.
913 3360 1117 3415 Oleum
1150 3360 1381 3414 Domini
1413 3365 1502 3415 est
1534 3360 1719 3431 gratia
1744 3360 1923 3430 Spiri-

266 3454 363 3505 tus
385 3449 604 3505 sancti.
626 3449 829 3505 Oleum
852 3456 1045 3504 autem
1068 3453 1438 3520 peccatorum
1461 3448 1653 3502 carnis
1677 3447 1920 3501 delecta-

266 3538 347 3593 tio
377 3539 468 3594 vel
513 3537 797 3594 adulatio.
832 3538 936 3592 Per
966 3538 1085 3592 haec
1117 3537 1248 3605 tria,
1283 3537 1664 3601 frumentum,
1699 3536 1920 3604 vinum,

266 3624 483 3694 oleum,
503 3644 637 3698 quae
668 3626 976 3681 adversum
1000 3626 1191 3681 carnis
1213 3625 1531 3697 prmcipitia
1552 3630 1690 3680 sunt
1720 3628 1924 3679 caatera

266 3715 973 3786 carnaliaintelliguntur.
1011 3716 1122 3786 Ego
1155 3718 1351 3769 autem
1371 3715 1623 3786 perfecta
1646 3711 1920 3781 Ecclesia,

266 3804 402 3875 quia
424 3803 858 3860 beatitudinem
887 3820 1073 3858 meam
1096 3804 1155 3857 in
1185 3803 1277 3858 his
1291 3819 1406 3857 non
1430 3802 1924 3874 quzero,dormiam

264 3892 321 3947 in
347 3893 460 3949 hac
485 3894 613 3947 vita
634 3894 955 3948 secundum
980 3892 1326 3947 oblivionem
1348 3891 1612 3946 omnium
1637 3896 1924 3963 tempora-

263 3980 405 4038 lium
442 3983 839 4055 negotiorum.
877 3984 939 4037 In
968 3998 1117 4053 pace,
1151 3981 1206 4035 id
1236 3984 1343 4049 est,
1376 3981 1434 4034 in
1467 3981 1722 4052 appetitu
1757 3984 1920 4035 aiter-

268 4087 479 4127 norum
506 4072 801 4126 bonorum
821 4087 946 4141 qua:
969 4076 1107 4125 sunt
1123 4070 1396 4141 pax,quia
1416 4069 1495 4123 ibi
1521 4069 1682 4123 nulla
1703 4068 1922 4123 tumul-

264 4164 513 4215 tuantur
545 4159 690 4214 vitia
720 4176 904 4231 :pace,
938 4160 1086 4225 dico,
1112 4160 1385 4213 tendente
1408 4161 1463 4212 in
1496 4158 1926 4228 ipsum,scilicet

267 4248 361 4302 ubi
396 4248 569 4303 aliud
609 4264 723 4302 non
757 4248 1023 4318 sequitur
1054 4247 1165 4301 nisi
1196 4246 1324 4316 ipsa
1351 4263 1480 4317 pax.
1512 4248 1577 4300 Et
1610 4250 1810 4317 postea
1838 4262 1924 4301 re-

262 4340 548 4407 quiescam
584 4341 788 4391 sancta
817 4336 876 4390 in
930 4341 1142 4390 {eterna
1175 4336 1387 4406 quiete,
1418 4351 1543 4389 cum
1572 4336 1803 4390 mortale
1831 4334 1928 4390 hoc

262 4425 459 4480 induet
512 4425 1011 4492 immortalitatem,
1043 4440 1168 4477 cum
1216 4424 1508 4477 novissime
1557 4424 1784 4476 inimica
1830 4420 1927 4475 de-

2016 544 2044 572 ι(
2075 540 2249 595 gnus,
2302 540 2490 593 neque
2538 524 2963 594 permanebunt
3008 523 3215 595 injusti
3265 534 3399 584 ante
3451 533 3650 592 oculos

2015 635 2042 661 «
2076 618 2229 667 tuos.
2264 612 2447 666 Odisti
2498 629 2701 667 omnes
2732 614 2833 684 qui
2884 619 3199 684 operantur
3257 616 3651 693 iniquitatem,

2014 723 2041 749 ‹‹
2076 701 2280 771 perdes
2314 716 2518 755 omnes
2548 701 2647 771 qui
2672 700 2995 773 loquuntur
3025 705 3418 762 mendacium.
3449 709 3655 768 Virum

2015 812 2045 840 α
2078 790 2434 861 sanguinum
2468 794 2523 843 et
2567 789 2834 844 dolosam
2867 792 3304 849 abominabitur
3321 796 3606 855 Dominus
3641 819 3654 857 :

2018 902 2043 927 ‹‹
2076 895 2181 949 ego
2220 884 2414 933 autem
2448 878 2506 932 in
2559 878 2935 934 multitudine
2967 881 3375 939 misericordias
3407 891 3517 942 tuae
3568 889 3657 944 in-

2022 990 2047 1020 ιι
2077 968 2261 1022 troibo
2314 967 2369 1020 in
2420 968 2661 1021 domum
2711 971 2895 1035 tuam,
2941 971 3196 1026 adorabo
3246 975 3317 1029 ad
3368 977 3655 1047 templum

2014 1080 2041 1105 ‹‹
2078 1062 2345 1111 sanctum
2380 1061 2547 1110 tuum
2580 1057 2636 1109 in
2670 1056 2877 1134 timpre
2907 1062 3025 1111 tuo.
3053 1062 3314 1133 Domine,
3346 1064 3534 1121 deduc
3566 1084 3659 1123 me

2016 1168 2043 1194 ‹‹
2076 1144 2133 1197 iu
2160 1144 2390 1213 justitia
2431 1149 2531 1198 tua
2563 1149 2796 1215 propter
2844 1144 3111 1202 inimicos
3161 1165 3344 1218 meos,
3379 1154 3565 1227 dirige
3596 1156 3656 1211 in

2016 1256 2042 1282 ‹‹
2078 1238 2387 1302 conspectu
2420 1237 2518 1287 tuo
2550 1233 2725 1286 vitam
2775 1250 2985 1289 meam.
3020 1238 3301 1301 Quoniam
3336 1258 3448 1297 non
3481 1249 3569 1299 est
3598 1246 3657 1299 in

2020 1344 2047 1371 α
2078 1338 2174 1376 ore
2206 1338 2406 1376 eorum
2438 1321 2670 1391 veritas,
2703 1338 2801 1376 cor
2829 1340 3029 1378 eorum
3062 1342 3279 1383 vanum
3313 1336 3418 1386 est.
3453 1332 3661 1404 Sepul-

2024 1433 2050 1463 σι
2079 1428 2243 1465 crum
2277 1414 2480 1481 patens
2520 1415 2609 1464 est
2638 1416 2839 1482 guttur
2884 1429 3106 1479 eorum,
3136 1414 3356 1487 linguis
3404 1422 3528 1476 suis
3559 1423 3663 1477 do-

2020 1524 2046 1549 ‹‹
2078 1500 2199 1553 lose
2231 1500 2480 1570 agebant
2508 1516 2519 1551 :
2547 1500 2752 1567 judica
2774 1500 2925 1583 illos,
2957 1506 3123 1556 Deus.
3148 1506 3425 1561 Decidant
3449 1526 3483 1563 a
3507 1512 3664 1582 cogi-

2024 1612 2043 1635 α
2082 1587 2403 1642 tationibus
2434 1588 2575 1656 suis,
2612 1590 2935 1643 secundum
2989 1591 3426 1650 multitudinem
3458 1596 3664 1670 impie—

2020 1700 2047 1727 ‹‹
2084 1682 2269 1731 tatum
2304 1692 2503 1731 eorum
2549 1676 2771 1747 expello
2804 1694 2920 1744 eos,
2955 1682 3230 1749 quoniam
3288 1683 3667 1743 irritaverant

1945 1806 1990 1868 Β
2022 1789 2048 1814 ‹‹
2079 1770 2154 1828 te,
2191 1765 2448 1820 Domine.
2486 1765 2549 1818 Et
2578 1764 2844 1820 laetentur
2872 1784 3076 1823 omnes
3103 1771 3201 1840 qui
3226 1781 3464 1843 sperant
3493 1776 3552 1831 in
3585 1782 3666 1847 te,

2022 1878 2047 1903 ‹‹
2079 1854 2137 1908 in
2166 1858 2446 1909 aeternum
2487 1854 2883 1920 exsultabant,
2916 1861 2973 1911 et
3024 1858 3319 1915 habitabis
3368 1863 3425 1918 in
3458 1866 3562 1920 eis.
3594 1866 3668 1921 Et

2025 1968 2049 1991 ‹‹
2086 1943 2562 2014 gloriabunturin
2584 1948 2850 1999 teomnes
2864 1945 2963 2015 qui
2983 1945 3455 2019 diliguntjnomen
3473 1958 3663 2027 tuum,

2022 2056 2049 2083 ‹‹
2085 2032 2360 2104 quoniam
2392 2036 2453 2085 tu
2478 2031 2981 2102 benedicesjusto.
3002 2037 3262 2105 Domine,
3289 2046 3352 2093 ut
3374 2046 3537 2096 scuto
3562 2043 3666 2099 bo-

2027 2146 2052 2171 ‹‹
2088 2140 2172 2177 nce
2203 2121 2519 2175 voluntatis
2550 2124 2660 2175 tuae
2692 2124 2979 2177 coronasti
3014 2141 3139 2179 nos.
3180 2150 3204 2173 ››

2649 2245 2916 2301 ENARRA
2929 2246 3048 2301 T10.

2102 2337 2161 2388 In.
2190 2336 2355 2403 ﬁnem
2381 2350 2481 2403 pro
2498 2350 2559 2388 ea
2584 2349 2707 2404 quae
2730 2334 3109 2390 [nereditatem
3128 2342 3675 2409 consequitur.Psal-

2030 2440 2148 2477 mus
2181 2423 2371 2477 David.
2399 2423 2461 2477 In
2484 2422 2590 2476 hoc
2616 2422 2843 2492 psalmo
2879 2425 3119 2495 ligurate
3150 2427 3497 2501 intelligitur
3518 2432 3673 2504 quod

2032 2512 2169 2566 olim
2204 2510 2583 2566 historialiter
2627 2517 2716 2566 est
2764 2518 2958 2567 actum
2992 2513 3047 2567 in
3082 2516 3224 2570 Sara
3268 2522 3325 2571 et
3352 2521 3523 2591 Agar,
3559 2538 3678 2577 una

2030 2601 2231 2663 libera,
2277 2600 2456 2654 altera
2501 2599 2711 2654 ancilla
2761 2602 3096 2669 (Gen.xx1;
3142 2604 3259 2659 Gal.
3297 2607 3373 2677 Iv)
3427 2625 3438 2661 :
3492 2608 3677 2665 libera

2030 2706 2162 2743 cum
2198 2689 2314 2743 ﬁlio
2336 2688 2731 2743 hrereditatem
2755 2690 2999 2761 accepit.
3032 2693 3184 2762 Agar
3204 2695 3417 2749 ancilla
3440 2714 3574 2753 cum
3607 2698 3677 2753 ﬁ-

2030 2777 2104 2831 lio
2137 2777 2468 2837 haereditate
2502 2777 2723 2849 privata
2742 2783 2847 2833 est.
2885 2779 2991 2833 Per
3012 2780 3212 2837 Saram
3246 2783 3487 2841 liberam
3520 2791 3579 2842 et
3608 2787 3675 2841 ﬁ-

2027 2865 2171 2920 lium
2204 2867 2331 2935 ejus
2354 2866 2637 2921 catholica
2667 2867 3031 2938 signiﬁcatur
3056 2868 3306 2925 Ecclesia
3342 2890 3354 2927 :
3392 2890 3494 2944 per
3522 2876 3678 2946 Agar

2030 2954 2302 3010 ancillam
2350 2959 2406 3009 et
2460 2955 2647 3009 ﬁlium
2704 2956 2831 3025 ejus
2890 2955 3137 3012 ecdlesia
3196 2960 3676 3032 malignantium,

2032 3044 2311 3099 falsorum
2330 3043 2794 3099 Christianorum
2818 3049 2874 3099 et
2891 3044 3299 3102 haereticorum
3314 3049 3679 3119 signiﬁcatur

2030 3138 2085 3187 et
2113 3136 2241 3203 ejus
2290 3131 2481 3203 proles
2522 3133 2642 3203 qui,
2692 3133 2960 3204 quamvis
2992 3136 3063 3189 ab
3114 3136 3429 3201 Abraham.
3462 3139 3517 3194 id
3567 3146 3679 3207 est,

2031 3220 2544 3291 Christo,generati
2561 3228 2697 3275 sunt
2728 3224 3053 3278 secundum
3070 3224 3432 3295 baptismum
3448 3233 3503 3283 et
3521 3246 3675 3301 quaa-

2031 3310 2164 3362 dam
2198 3308 2312 3361 alia
2333 3314 2715 3374 sacramenta,
2738 3316 2933 3366 tamen
2959 3328 3072 3366 non
3100 3321 3536 3386 consequentur
3557 3317 3677 3373 hm-

2032 3397 2355 3460 reditatem,
2398 3412 2530 3450 cum
2576 3397 2944 3467 exigentibus
2975 3416 3177 3454 eorum
3228 3404 3421 3473 pravis
3454 3405 3679 3461 meritis

2032 3485 2325 3556 generatio
2357 3483 2456 3538 illa
2487 3485 2675 3556 magis
2726 3486 2784 3540 in
2835 3488 3172 3544 servitutem
3206 3508 3382 3562 quam
3416 3493 3472 3547 in
3504 3493 3677 3550 liber-

2032 3577 2206 3627 tatem
2242 3577 2454 3642 vergat.
2488 3572 2715 3628 Titulus
2748 3575 2832 3629 sic
2856 3578 3167 3647 exponitur
3200 3595 3212 3633 :
3252 3581 3514 3638 Psalmus
3550 3584 3679 3655 iste,

2030 3663 2088 3716 id
2137 3666 2245 3727 est,
2300 3676 2550 3732 praesens
2599 3661 2919 3718 exhortatio
2970 3665 3133 3719 bona:
3181 3670 3540 3737 operationis
3596 3679 3681 3727 est

2036 3752 2232 3817 David,
2266 3750 2323 3804 id
2378 3754 2483 3820 est,
2517 3749 2729 3805 Christi
2785 3752 3093 3825 dirigentis
3147 3754 3205 3808 in
3259 3756 3454 3825 ﬁnem,
3488 3758 3544 3812 id
3595 3765 3686 3814 est

2034 3841 2090 3895 in
2123 3843 2594 3895 consommatum
2640 3840 2861 3895 bonum
2912 3858 3010 3897 eos
3058 3859 3205 3914 quos
3258 3844 3528 3900 hortatur
3579 3864 3683 3919 pro

2032 3946 2117 3997 ea,
2152 3929 2207 3983 id
2242 3934 2351 3995 est,
2380 3928 2665 3984 catholica
2687 3930 2942 3986 Ecclesia
2964 3948 3088 4003 quae
3112 3932 3512 3989 haereditath
3544 3952 3683 3992 con-

2033 4018 2315 4089 sequitur‘
2353 4035 2385 4071 a
2416 4034 2533 4088 qua
2564 4017 2898 4074 haereditate
2918 4021 3212 4077 contraria
3244 4039 3383 4094 pars
3414 4024 3683 4080 extermi-

2034 4107 2287 4162 nabitur.
2305 4107 2405 4161 Est
2435 4113 2629 4161 autem
2653 4107 2831 4178 hujus
2862 4109 3072 4179 psalmi
3098 4111 3341 4167 intentio
3364 4129 3684 4185 proponere

2033 4194 2363 4265 exemplum
2399 4211 2598 4249 eorum
2633 4196 2730 4267 qui
2766 4197 2835 4251 ad
2887 4198 3283 4255 hereditatem
3316 4203 3681 4273 perveniunt,

2035 4288 2092 4339 et
2121 4300 2320 4339 eorum
2354 4283 2451 4354 qui
2476 4299 2543 4337 ea
2572 4284 2892 4354 privantur,
2918 4292 2982 4341 ut
3012 4288 3243 4343 discant
3269 4289 3369 4360 qui
3400 4291 3473 4345 ad
3505 4290 3684 4346 haere-

2036 4373 2285 4426 ditatem
2309 4376 2588 4426 vocantur
2610 4390 2757 4443 quos
2790 4375 3008 4430 imitari
3030 4377 3300 4445 debeant,
3318 4395 3466 4448 quos
3488 4380 3687 4451 fugere

2036 4465 2093 4516 et
2122 4460 2415 4531 quomodo
2437 4459 2575 4514 illuc
2609 4462 2926 4531 pervenire.
2960 4463 3214 4518 Ecclesia
3234 4464 3521 4520 catholica
3551 4472 3679 4521 ten-

263 4519 512 4569 struetur
546 4530 697 4568 mors
728 4514 776 4584 (Ι
806 4512 924 4568 Cor.
957 4516 1069 4578 xv).
1104 4512 1292 4567 Causa
1320 4527 1498 4581 quare
1529 4510 1622 4567 hic
1652 4510 1917 4565 dormiam

2040 4510 2092 4516 --
2127 4510 2409 4531 1_---_-__
2438 4510 2570 4514 -M-
2609 4510 2699 4531 Γ--
2725 4510 2926 4517 .------.
2960 4510 3214 4518 _------..
3236 4510 3521 4520 -.η-νην..
3555 4510 3648 4521 ,νη

2040 4550 2182 4604 dens
2204 4549 2273 4602 ad
2303 4548 2651 4618 promissam
2677 4548 3093 4619 haarcditatem,
3117 4551 3175 4605 id
3202 4554 3387 4619 est,ad
3410 4558 3684 4610 aeternam

266 4607 320 4655 et
348 4608 487 4674 post
518 4604 885 4674 requiescam.
922 4602 1191 4668 Quoniam
1214 4608 1292 4665 tu,
1328 4601 1578 4667 Domine,
1602 4601 1931 4655 constituisti

264 4708 347 4747 me
375 4693 755 4763 singulariter
784 4693 843 4745 in
862 4706 969 4762 spe,
996 4690 1051 4743 id
1083 4693 1185 4755 est,
1216 4689 1272 4742 in
1306 4688 1431 4743 sola
1452 4706 1552 4759 spe
1579 4688 1931 4743 haereditatis

264 4797 429 4849 mer,
465 4782 702 4837 scilicet
729 4784 793 4835 ut
824 4796 937 4834 non
970 4778 1110 4833 foris
1141 4793 1457 4849 qumrerem
1508 4776 1930 4833 beatitudinem

266 4886 460 4927 meam
493 4872 558 4925 in
597 4872 691 4925 his
722 4868 1098 4925 transitoriis.

895 4991 1221 5046 PSALMUS
1252 4993 1320 5043 V.

300 5100 358 5138 IN
403 5099 599 5140 FINEM
632 5099 742 5138 PRO
783 5098 851 5137 EA
898 5097 1029 5143 QUzE
1067 5096 1475 5133 ΠᾸΞΒΕΟΙΤΑΤΕΜ
1508 5095 1899 5141 CONSEQUITUR

856 5168 1116 5207 PSALMUS
1156 5167 1343 5205 DAVID.

340 5286 361 5311 α
400 5264 610 5318 Verba
644 5277 772 5316 mea
817 5260 1058 5315 auribus
1090 5258 1341 5330 percipe,
1376 5258 1638 5324 Domine,
1672 5257 1931 5330 intellige

267 5373 292 5400 «
325 5352 662 5407 clamorem
694 5366 912 5406 meum.
943 5348 1179 5403 Intende
1200 5347 1321 5401 voci
1347 5347 1626 5402 orationis
1658 5364 1929 5413 mete,rex

268 5464 291 5489 κ
326 5458 504 5498 meus
569 5443 634 5496 et
691 5442 839 5495 Deus
891 5454 1075 5493 meus.
1133 5435 1415 5500 Quoniam
1476 5437 1545 5490 ad
1610 5441 1664 5491 te
1731 5437 1925 5504 orabo,

267 5531 614 5595 «Domine,
677 5546 846 5585 mane
904 5526 1177 5584 exaudies
1238 5540 1436 5579 vocem
1496 5541 1706 5579 meam.
1766 5529 1930 5581 Mane

268 5644 291 5669 «ι
327 5620 545 5678 astabo
588 5617 720 5689 tibi,
754 5623 809 5677 et
838 5617 1044 5677 videbo
1074 5612 1353 5689 quoniam
1384 5628 1499 5671 non
1547 5612 1701 5671 Deus
1731 5615 1930 5675 volens

2040 4637 2483 4701 beatitudinem,
2517 4652 2759 4691 cernens
2794 4637 2980 4692 multa
3027 4638 3446 4711 impedimenta
3476 4642 3535 4698 in
3567 4644 3683 4711 vin,

2042 4727 2099 4781 id
2129 4732 2235 4793 est,
2260 4725 2318 4780 in
2352 4726 2459 4780 hac
2486 4724 2621 4789 vita,
2641 4725 2857 4781 timens
2889 4743 2959 4782 ne
2982 4744 3094 4783 non
3120 4730 3687 4799 perveniat,invocat

2042 4814 2324 4871 auxilium
2356 4815 2483 4885 ejus
2515 4814 2614 4884 qui
2648 4818 2736 4869 est
2765 4816 2855 4870 via
2902 4814 3058 4884 illuc,
3093 4818 3299 4874 ductor
3327 4824 3383 4875 et
3411 4821 3540 4893 ipsa
3570 4822 3687 4877 hae-

2042 4904 2257 4959 reditas
2289 4905 2463 4975 (Joan.
2498 4903 2636 4971 x1v).

2118 4992 2281 5046 Verba
2310 5008 2432 5045 mea
2462 4991 2689 5045 auribus
2714 4994 2954 5064 percipe,
2987 4995 3238 5050 Domine.
3274 4996 3347 5050 Ut
3377 4996 3592 5068 dignus
3613 4999 3689 5053 sit

2041 5080 2299 5136 exaudiri
2333 5084 2458 5134 orat
2488 5084 2707 5150 quanto
2747 5082 3126 5137 atl'ectuosius
3156 5083 3325 5137 valet.
3364 5082 3403 5137 0
3435 5086 3687 5151 Domine,

2042 5170 2148 5225 hoc
2179 5170 2307 5225 ideo
2342 5170 2480 5240 quia
2512 5184 2617 5239 ego
2635 5186 2837 5224 servus
2870 5175 3028 5239 tuus,
3048 5171 3213 5225 verba
3242 5187 3381 5239 mea,
3408 5171 3535 5228 ideo
3560 5190 3689 5230 mea
3788 5176 3799 5185 ’

2042 5259 2181 5330 quia
2212 5257 2367 5313 cordi
2400 5273 2675 5323 consona,
2711 5258 2932 5313 scilicet
2984 5259 3255 5329 perfecta,
3291 5261 3519 5315 auribus
3562 5278 3687 5332 pcr-

2039 5350 2174 5419 cipe,
2210 5347 2265 5400 id
2298 5351 2405 5412 est,
2440 5362 2511 5400 ne
2543 5346 2875 5416 dedignaris
2906 5346 3125 5401 audire.
3160 5348 3285 5403 Non
3334 5348 3444 5404 hoc
3477 5348 3691 5406 dicitur

2040 5436 2194 5509 quod
2239 5435 2316 5489 sit
2364 5434 2866 5505 circumscriptus,
2899 5434 3037 5506 quia
3069 5438 3270 5492 audire
3302 5438 3402 5492 Dei
3455 5455 3569 5495 non
3600 5447 3690 5496 est

2041 5526 2194 5581 aliud
2230 5540 2407 5595 quam
2440 5528 2650 5577 nutum
2686 5539 2804 5576 suae
2834 5523 3151 5581 voluntatis
3183 5526 3479 5582 evidenter
3494 5532 3687 5583 osten-

2039 5616 2194 5685 dere,
2229 5612 2330 5671 sed
2361 5628 2429 5669 ex
2454 5611 2716 5671 humana
2736 5614 3160 5673 consuetudine
3191 5614 3300 5675 hoc
3323 5613 3546 5677 dictum
3577 5622 3686 5685 est.
