4040 6208
348 286 463 347 167

914 284 1230 346 ΒΕΜΙΕΙΙ
1272 285 1983 349 ANTISSIODORENSI

2100 283 2249 345 )PP.
2298 276 2497 345 PARS
2543 284 2593 344 Ι.
2626 314 2703 329 -—
2732 281 3195 344 EXEGETIGA.

3646 276 3776 341 168

347 420 446 490 qui
470 417 642 473 verba
656 417 874 489 quibus
898 433 1069 472 aures
1089 418 1374 474 adhibent
1393 420 1596 474 auditu
1613 420 1789 491 digna
1806 422 2000 474 osten-
2028 420 2082 483 Α
2112 416 2268 472 dicat
2300 433 2312 470 :
2350 416 2465 473 Soli
2490 415 2638 487 justi
2668 416 2832 480 hanc.
2865 414 3263 470 haarcditatem
3292 418 3766 485 consequentur,

351 509 516 563 dunt.
550 506 674 576 Vel,
696 507 924 561 auribus
950 509 1190 578 percipe,
1216 507 1272 561 id
1305 512 1412 578 est,
1445 511 1506 563 tu
1539 509 1638 580 qui
1671 507 1851 563 habes
1879 506 1998 561 vim

350 595 709 668 percipiendi
741 595 1281 668 sensualia,judica
1299 596 1476 652 verba
1496 614 1626 651 mea
1657 614 1727 651 an
1762 597 1882 651 sint
1911 595 1998 649 rli-

349 702 465 758 gna
495 684 885 749 exauditione,
919 685 1171 753 intellige
1199 687 1502 741 clamorem
1529 701 1734 740 meum.
1768 687 1998 750 Quanto

350 774 537 844 major
563 776 652 828 est
681 771 901 827 clamor
945 790 1121 843 quam
1154 774 1345 837 verba,
1380 777 1542 829 tanto
1574 774 1766 843 majus
1796 776 1885 827 est
1910 773 1998 827 in-

348 861 609 933 telligere
641 877 817 931 quam
837 861 1081 915 auribus
1112 862 1430 934 percipere.
1450 861 1626 926 Quasi
1659 861 1813 915 dicat
1838 878 1849 915 :
1874 862 2001 916 Mea

347 958 539 1014 valida
566 958 883 1030 postulatio
916 962 970 1012 te
995 959 1067 1012 ad
1101 958 1559 1014 misericordiam
1592 958 1852 1024 inclinet,
1885 958 1996 1014 sci-

347 1048 481 1103 licet
510 1052 573 1102 ut
614 1047 834 1104 efﬁcias
884 1048 1039 1118 quod
1074 1052 1229 1119 peto,
1261 1048 1401 1118 quia
1459 1052 1622 1102 tuum
1674 1046 1998 1118 intelligere

345 1138 532 1192 facere
556 1142 663 1193 est.
696 1136 901 1191 Adhuc
936 1137 1129 1207 majus
1159 1136 1416 1208 postulat
1442 1153 1454 1191 :
1481 1137 1709 1193 Intende
1728 1138 1844 1192 voci
1868 1153 1996 1192 oru-

342 1227 511 1281 tionis
539 1240 697 1282 mese.
739 1223 885 1289 Quia
913 1240 1019 1295 ego
1072 1224 1301 1281 intense
1331 1231 1387 1280 et
1422 1225 1548 1280 sine
1598 1225 1998 1281 irremissione

345 1313 555 1382 clamo,
590 1314 721 1369 ideo
752 1318 809 1368 et
837 1319 898 1367 tu
930 1313 1186 1382 intende,
1216 1314 1272 1368 id
1323 1317 1411 1369 est
1437 1313 1734 1370 irremisse
1763 1314 1991 1369 exaudi.

352 1401 535 1457 Aliter
569 1419 582 1458 :
616 1402 754 1473 quia
785 1402 910 1457 sine
941 1407 1041 1455 tuo
1064 1401 1280 1456 auxilio
1314 1400 1457 1456 nihil
1493 1419 1754 1474 possum,
1779 1402 1997 1458 intende

343 1493 460 1560 uoci
489 1493 759 1546 orationis
798 1506 957 1556 mese,
991 1491 1047 1545 id
1080 1496 1188 1555 est,
1222 1490 1584 1546 irremissam
1634 1492 1721 1546 fac
1753 1496 1817 1545 ut
1846 1496 1902 1546 et
1931 1495 1993 1546 tu

350 1580 649 1635 irremisse
680 1579 977 1634 exaudias.
1001 1580 1088 1633 'l‘u
1119 1579 1273 1634 enim
1297 1580 1472 1651 jubes
1504 1580 1656 1651 quod
1690 1580 1795 1651 vis,
1829 1585 1886 1634 et
1917 1580 1995 1634 fa-

346 1667 431 1722 cis
464 1668 617 1739 quod
669 1667 773 1723 vis.
809 1666 1082 1722 Orationis
1117 1682 1278 1747 mem,
1310 1685 1437 1739 qua:
1489 1668 1566 1723 sit
1612 1668 1685 1723 de
1733 1668 1993 1739 profectu

2109 506 2249 575 quia
2276 506 2479 576 injusti
2509 506 2890 578 privabantur
2915 521 2983 560 ea
3012 504 3194 577 (Deut.
3227 521 3320 571 1v;
3353 502 3623 574 Heb.xu).
3648 502 3769 557 Ma-

2109 595 2310 666 lignus,
2339 596 2394 649 id
2428 598 2516 650 est
2538 594 2881 648 immundus
2904 593 3211 658 detractor,
3236 590 3571 661 odiosus,in
3588 590 3772 661 cujus

2106 684 2280 739 corde
2313 683 2437 739 sola
2470 682 2693 737 malitia
2722 681 2969 739 habitat.
2999 683 3118 737 Non
3138 680 3411 736 habitabit
3424 681 3598 752 juxta
3625 683 3682 734 te
3702 682 3773 733 ut

2109 771 2321 827 habeat
2351 771 2770 839 baereditatem,
2789 769 2927 840 quia
2947 769 3196 824 tenebras
3219 785 3333 823 non
3358 771 3606 839 possunt
3633 783 3766 822 ma-

2110 876 2246 915 nere
2268 861 2438 930 juxta
2466 858 2678 914 lucem.
2711 859 2783 913 Et
2812 874 2946 912 cum
2979 862 3040 911 tu
3075 856 3156 912 sis
3189 856 3343 929 ignis
3373 872 3762 925 consumens,

2110 974 2224 1012 non
2258 960 2448 1028 potest
2478 956 2582 1010 tibi
2614 955 2927 1010 adhaerere.
2963 953 3023 1009 Si
3051 955 3173 1024 quis
3204 955 3354 1009 enim
3392 952 3769 1023 aedificaverit

2107 1062 2273 1118 supra
2312 1045 2735 1117 fundamentum
2782 1044 2899 1109 hoc,
2951 1044 3185 1113 tignum,
3234 1044 3442 1112 fenum,
3472 1042 3766 1114 stipulam,

2104 1149 2262 1190 omne
2292 1135 2391 1189 hoc
2437 1135 2599 1205 quale
2625 1135 2698 1188 sit
2747 1134 2890 1201 ignis
2930 1132 3185 1203 probabit
3214 1133 3257 1202 (1
3292 1131 3411 1186 Cor.
3442 1130 3549 1202 ιιι).
3579 1132 3769 1201 Neque

2103 1224 2321 1294 injusti,
2356 1224 2414 1278 id
2461 1228 2568 1288 est,
2603 1221 2849 1293 operarii
2900 1220 3248 1293 iniquitatis,
3280 1219 3502 1276 scilicet
3546 1219 3765 1286 Judaei,

2104 1313 2355 1369 haeretici
2390 1317 2446 1368 et
2491 1312 2587 1367 alii
2639 1311 2769 1366 falsi
2822 1310 3159 1376 Christiani,
3188 1311 3587 1382 permanebunt
3630 1313 3766 1366 ante

2104 1403 2283 1457 oculos
2309 1407 2449 1472 tuos,
2474 1401 2613 1473 quia
2642 1417 2843 1456 eorum
2876 1400 3279 1472 pcenitentinm
3304 1398 3764 1454 misericorditer

2106 1495 2424 1562 exspectas,
2452 1490 2590 1563 quia
2623 1489 2755 1543 ﬁdei
2787 1493 2844 1544 et
2872 1491 3374 1545 sacramentorum
3405 1503 3540 1541 cum
3573 1485 3762 1541 ﬁdeli-

2109 1579 2222 1634 bus
2258 1579 2374 1633 tuis
2398 1579 2711 1650 participes
2733 1594 2861 1632 esse
2891 1577 3180 1642 concedis,
3210 1576 3310 1631 sed
3333 1592 3449 1630 non
3474 1591 3762 1646 permane-

2109 1667 2261 1723 bunt.
2285 1667 2485 1723 Aliter:
2513 1685 2614 1739 per
2634 1665 2771 1721 mali
2781 1666 3017 1739 gnum,J
3026 1665 3258 1721 adesum
3280 1663 3433 1720 male
3452 1664 3578 1737 lege
3594 1667 3768 1720 uten-

344 1756 656 1821 virtutum,
688 1760 746 1810 et
782 1771 884 1828 per
913 1755 1023 1811 hoc
1070 1772 1385 1825 possumus
1419 1756 1679 1828 accipere
1724 1756 1995 1829 superius
2026 1789 2071 1851 Β
2102 1759 2219 1811 tem
2246 1774 2260 1825 ;
2284 1757 2675 1828 perinjustos,
2699 1755 2877 1810 falsos
2892 1754 3251 1810 Christianos
3272 1769 3591 1827 possumus
3608 1753 3759 1809 acci-

341 1850 398 1899 et
424 1846 719 1900 clamorem
748 1861 850 1917 pro
882 1843 1126 1917 gemitu,
1151 1845 1282 1916 quia
1307 1862 1404 1899 rex
1437 1861 1603 1900 meus
1635 1862 1717 1912 es,
1753 1845 1890 1916 quia
1924 1851 1986 1901 tu

344 1950 437 1988 me
453 1933 603 2004 regis
628 1950 640 1988 :
663 1935 773 1997 vel,
795 1932 932 2002 quia
976 1932 1155 1987 alium
1177 1949 1372 2005 regem
1398 1932 1529 1989 nolo
1556 1934 1769 1989 habere
1790 1933 1991 1989 volun-

342 2026 460 2077 tate
492 2022 728 2094 propria
759 2021 869 2076 nisi
904 2038 1078 2092 quem
1110 2021 1295 2077 habeo
1323 2022 1506 2077 Deum
1540 2026 1773 2093 natura,
1794 2039 1866 2077 ne
1889 2022 1987 2078 de-

338 2111 521 2177 vium,
538 2128 570 2164 a
591 2111 682 2164 via
699 2110 967 2180 justitiaa,
988 2114 1037 2165 et
1059 2111 1198 2165 Deus
1220 2126 1389 2165 meus.
1413 2109 1468 2163 id
1496 2116 1604 2175 est,
1630 2110 1813 2164 virtus
1836 2126 1988 2167 mea:

342 2213 492 2263 Deus
525 2207 708 2262 virtus
737 2212 845 2277 est,
873 2212 928 2262 et
949 2208 1049 2278 qui
1082 2211 1229 2277 orat,
1263 2207 1318 2261 id
1354 2214 1464 2276 est,
1497 2207 1741 2262 virtutes
1760 2207 1986 2278 quaerit,

338 2298 520 2352 Deum
545 2298 819 2368 quaeritet
839 2297 1044 2351 merito
1071 2296 1231 2351 illius
1252 2296 1407 2351 Deus
1429 2297 1644 2352 dicitur
1657 2293 1955 2363 620;,timor
1974 2338 1988 2363 ,

342 2386 478 2440 inde
498 2384 824 2457 Deus,quia
837 2386 1013 2440 timor
1028 2391 1203 2439 Deum
1220 2402 1566 2457 cognoscere
1580 2386 1734 2440 facit.
1757 2385 1875 2457 Vel,
1890 2402 1992 2441 rea:

335 2489 507 2538 meus,
535 2473 784 2537 Christe,
808 2475 949 2528 Deus
972 2489 1120 2527 meus
1145 2473 1329 2543 Pater,
1358 2473 1411 2528 id
1436 2474 1787 2542 est,Creator
1802 2490 1985 2529 meus.

337 2561 407 2614 Et
455 2577 652 2616 revera
703 2561 990 2623 intendes,
1025 2560 1302 2631 quoniam
1355 2565 1413 2615 et
1460 2560 1703 2615 clamavi
1736 2566 1795 2614 et
1835 2578 1990 2616 sem-

340 2664 442 2719 per
473 2648 735 2703 clamabo
761 2648 819 2701 in
853 2664 945 2702 me
975 2652 1032 2702 et
1062 2648 1121 2701 in
1148 2648 1592 2719 posteritatibus
1622 2649 1770 2704 meis
1803 2664 1990 2720 usque

341 2736 413 2790 ad
446 2735 951 2791 consumationem
983 2736 1199 2801 saeculi,
1224 2742 1281 2791 et
1310 2736 1417 2791 hoc
1448 2742 1555 2802 est,
1582 2739 1845 2808 quoniam
1865 2754 1989 2792 ora-

338 2825 424 2880 bo.
458 2840 486 2879 o
520 2824 763 2889 Domine,
798 2830 853 2878 et
882 2824 954 2879 ad
985 2829 1054 2889 te,
1093 2829 1153 2878 ut
1182 2829 1304 2879 tota
1335 2828 1467 2880 mea
1495 2827 1680 2881 oratio
1712 2826 1783 2880 ad
1816 2830 1870 2881 te
1902 2825 1989 2880 di-

338 2913 583 2985 rigatur,
609 2916 675 2967 ut
698 2917 754 2966 tu
782 2912 863 2968 sis
889 2914 1099 2968 modus
1126 2913 1423 2985 petitionis
1442 2931 1603 2976 meae,
1623 2921 1680 2969 et
1702 2915 1838 2987 quia
1860 2920 1915 2971 te
1935 2920 1992 2971 et

335 3002 405 3056 ad
436 3010 484 3058 te
536 3002 720 3073 orabo,
753 3002 1014 3057 exaudics
1062 3019 1238 3059 vocem
1291 3020 1471 3058 meam
1518 3022 1631 3058 non
1666 3009 1852 3069 nocte,
1886 3004 1987 3061 sed

338 3106 520 3145 mane.
554 3092 698 3145 Tota
730 3090 851 3147 haec
882 3091 1000 3145 vita
1032 3092 1194 3160 quasi
1233 3109 1344 3146 nox
1392 3097 1499 3161 est,
1532 3093 1670 3164 quia
1700 3093 1903 3148 multis
1934 3097 1991 3149 et

346 3179 578 3249 magnis
607 3177 951 3250 ignorantiae
982 3184 1038 3233 et
1068 3179 1342 3235 vitiorum
1375 3180 1628 3235 tenebris
1658 3180 1985 3237 involvitur.

347 3277 667 3331 Transacta
697 3276 818 3331 haec
866 3276 1167 3349 corruptili
1198 3277 1336 3344 vita,
1368 3294 1494 3334 cum
1523 3279 1754 3333 mortale
1780 3281 1881 3335 hoc
1908 3281 1992 3335 in-

345 3365 472 3420 duet
500 3364 983 3421 immortalitatem
1006 3367 1050 3437 (I
1075 3365 1193 3421 Cor.
1226 3366 1341 3438 xv),
1362 3366 1555 3422 veniet
1587 3384 1781 3437 mane,
1813 3367 1870 3423 id
1904 3373 1993 3423 est

347 3453 577 3508 initium
611 3454 724 3508 diei
757 3471 1060 3525 nunquam
1091 3455 1436 3511 deﬁcientis.
1460 3457 1602 3511 Tunc
1631 3456 1783 3512 enim
1815 3458 1992 3526 fulge—

348 3543 480 3597 bunt
493 3543 639 3613 justi
657 3544 795 3597 sicut
822 3546 901 3598 sol
926 3545 985 3598 in
1005 3561 1168 3615 regno
1188 3546 1373 3600 Patris
1397 3561 1583 3600 eorum
1606 3545 1823 3618 (Matth.
1838 3547 1986 3620 xm),

342 3630 603 3686 claritate
636 3631 914 3686 virtutum
946 3632 1259 3704 splendidi,
1293 3632 1517 3688 nullam
1549 3634 1839 3689 maculam
1864 3652 1989 3690 cor-

342 3719 633 3792 ruptionis
664 3720 963 3776 habentes.
998 3726 1117 3777 Hoc
1150 3723 1322 3778 modo
1346 3722 1644 3789 exaudies,
1666 3724 1803 3793 quia
1829 3740 1992 3789 mane

340 3809 398 3863 id
433 3813 539 3875 est,
573 3809 814 3865 remotis
842 3810 1184 3881 ignorantiae
1216 3816 1273 3865 et
1293 3811 1474 3865 totius
1496 3811 1885 3881 corruptionis
1906 3817 1988 3867 te-

341 3898 560 3965 nebris,
592 3898 721 3953 luce
742 3898 1021 3953 virtutum
1045 3902 1102 3954 et
1129 3898 1591 3954 immortalitatis
1620 3898 1985 3970 splendidus,

339 3987 531 4042 astabo
561 3987 688 4055 tibi,
723 3987 960 4042 assidue
981 3994 1174 4043 tecum
1200 3987 1385 4042 stabo.
1411 3987 1570 4050 Quod
1606 3987 1698 4041 hic
1731 4006 1845 4043 non
1877 3994 1984 4044 est.

341 4073 581 4128 Stamus
611 4075 767 4129 enim
805 4074 899 4129 hic
925 4092 1060 4130 cum
1094 4076 1231 4146 Deo,
1265 4076 1363 4131 sed
1399 4094 1513 4131 non
1544 4078 1989 4149 astamus,quia

342 4162 884 4239 apprOpinquamus
912 4164 1059 4218 bene
1080 4163 1342 4229 vivendo,
1369 4164 1518 4221 male
1535 4171 1726 4220 autem
1746 4166 1986 4223 vivendo

343 4250 415 4305 ab
446 4266 511 4305 eo
544 4250 891 4306 recedimus.
926 4251 1027 4306 Vel
1058 4252 1248 4308 astabo
1277 4253 1396 4313 tibi.
1432 4254 1487 4308 id
1522 4260 1611 4309 est
1643 4258 1752 4309 tua:
1781 4256 1983 4327 cogni-

334 4337 477 4394 tioni
510 4356 687 4411 prope
718 4340 883 4394 stabo
917 4356 928 4395 :
963 4343 1093 4411 quia
1123 4358 1270 4396 nunc
1298 4357 1556 4411 cognosco
1580 4360 1650 4398 ea:
1673 4349 1988 4415 parte,tunc

336 4431 520 4483 autem
547 4444 863 4499 cognoscam
889 4432 1029 4484 sicut
1079 4434 1130 4485 et
1174 4433 1425 4499 cognitus
1451 4448 1575 4486 sum
1603 4434 1651 4500 (I
1681 4434 1802 4487 Cor.
1836 4434 1980 4504 xm).

2102 1861 2255 1916 pere.
2289 1845 2391 1900 Vel
2428 1861 2528 1916 per
2574 1843 2922 1916 malignum,
2955 1842 3295 1912 diabolum;
3329 1859 3433 1915 per
3476 1843 3764 1914 injustos,

2098 1943 2364 1997 membra
2392 1943 2539 2014 ejus.
2573 1941 2640 1997 Et
2671 1959 2742 1997 ne
2767 1941 2901 2012 quis
2931 1942 3059 1997 ideo
3094 1941 3382 2012 desperet,
3415 1939 3553 2011 quia
3584 1940 3762 1995 mali-

2097 2047 2243 2103 gnos
2270 2035 2327 2085 et
2358 2031 2608 2102 injustos
2630 2030 2965 2085 haereditate
2986 2029 3250 2100 privavit,
3269 2045 3403 2083 cum
3425 2026 3516 2082 vix
3547 2029 3626 2082 sit
3647 2027 3758 2083 ali-

2100 2120 2235 2192 quis
2266 2120 2365 2191 qui
2399 2120 2634 2192 penitus
2676 2119 2818 2173 vitio
2850 2122 3041 2173 careat
3091 2118 3149 2172 in
3183 2117 3292 2172 hac
3321 2116 3458 2183 vita,
3491 2116 3618 2171 ideo
3650 2116 3751 2172 de-

2100 2209 2379 2264 terminat
2404 2211 2474 2264 de
2506 2209 2722 2280 quibus
2753 2207 2927 2271 dicat,
2960 2205 3318 2262 consolando
3341 2206 3539 2276 justos
3570 2205 3760 2262 Odisti

2099 2315 2285 2354 omnes
2313 2300 2408 2370 qui
2432 2305 2731 2370 aperantur
2758 2297 3130 2368 iniquitatem.
3156 2299 3367 2367 Magna
3398 2294 3495 2350 Dei
3524 2293 3755 2350 miseri-

2100 2390 2298 2444 cordia
2330 2405 2441 2444 non
2477 2388 2598 2443 odit
2631 2385 2763 2442 illos
2793 2386 2893 2458 qui
2927 2385 3145 2457 operati
3177 2387 3340 2450 sunt,
3371 2383 3471 2462 eqd
3500 2385 3597 2454 qui
3622 2399 3755 2455 Ope-

2101 2481 2320 2541 rantur,
2354 2476 2409 2531 id
2443 2480 2549 2543 est,
2582 2476 2687 2547 qui
2728 2479 3118 2547 perseverant.
3153 2474 3324 2539 Bene,
3356 2472 3532 2529 odisti
3560 2492 3581 2527 :
3612 2472 3753 2544 quia

2103 2564 2203 2636 qui
2234 2565 2357 2619 odit
2387 2563 2608 2635 aliquid
2639 2563 2728 2619 vel
2762 2564 2834 2618 ab
2860 2578 2926 2618 eo
2960 2560 3193 2627 recedit,
3223 2559 3312 2616 vel
3344 2578 3379 2616 a
3403 2577 3466 2616 se
3491 2560 3639 2616 illud
3666 2577 3754 2617 se-

2103 2657 2291 2723 parat,
2317 2653 2399 2708 sic
2419 2657 2474 2707 et
2495 2653 2649 2708 Deus
2673 2651 2908 2724 impios,
2937 2668 3053 2707 non
3077 2650 3233 2721 quod
3256 2649 3455 2705 odium
3484 2649 3561 2704 sit
3578 2649 3638 2704 in
3660 2666 3751 2706 eo.

2103 2746 2302 2796 Potest
2330 2746 2386 2796 et
2416 2742 2499 2796 sic
2522 2741 2639 2796 acci
2651 2742 2727 2813 pii
2758 2745 2821 2796 ut
2851 2757 2954 2812 per
2984 2739 3308 2812 malignum
3342 2738 3756 2795 universaliter

2102 2830 2459 2900 accipiamus
2478 2847 2709 2885 omnem
2737 2831 3007 2901 iniquum
3026 2828 3147 2884 sive
3168 2843 3487 2901 paganum,
3511 2827 3630 2883 sive
3651 2828 3756 2882 ,111-

2100 2920 2310 2985 desum,
2346 2918 2464 2974 sive
2496 2918 2709 2974 falsum
2759 2917 3176 2985 Christianum,
3212 2916 3311 2988 qui
3340 2932 3545 2972 omnes
3574 2915 3745 2987 quasi

2100 3024 2255 3063 unus
2301 3013 2440 3063 sunt
2483 3007 2541 3061 in
2595 3007 2923 3078 iniquitate,
2956 3010 3013 3061 et
3043 3007 3115 3061 ad
3164 3006 3273 3061 hos
3303 3005 3380 3060 sit
3427 3004 3745 3073 redditum,

2104 3098 2298 3153 Omnes
2326 3098 2424 3167 qui
2452 3105 2748 3167 operantur
2777 3097 3143 3167 iniquitatem.
3180 3095 3285 3149 Per
3314 3094 3589 3164 injustos,
3612 3109 3749 3165 pos-

2102 3201 2310 3240 sumus
2341 3185 2600 3255 accipere
2628 3185 2950 3248 haereticos,
2983 3184 3082 3254 qui
3117 3183 3291 3238 etiam
3324 3181 3627 3255 pluraliter
3658 3182 3750 3237 in-

2101 3275 2396 3328 ducuntur
2420 3278 2655 3346 propter
2677 3273 2936 3328 diversas
2962 3273 3256 3328 sectas.Et
3280 3272 3351 3328 de
3374 3271 3469 3327 his
3491 3271 3709 3326 dicitur
3729 3287 3746 3326 :

2099 3371 2296 3427 Perttes
2321 3387 2503 3426 omnes
2534 3373 2630 3442 qui
2660 3371 2959 3442 loquuntur
2985 3370 3354 3439 mendacium,
3390 3385 3505 3424 non
3535 3367 3637 3440 qui
3662 3367 3750 3424 lo-

2100 3459 2217 3529 cuti
2240 3464 2396 3514 sunt.
2417 3461 2641 3524 Quanto
2674 3459 2866 3529 majus
2897 3462 2985 3513 est
3007 3459 3246 3530 perdere
3278 3473 3454 3529 quam
3483 3457 3617 3512 odio
3640 3455 3747 3512 ha-

2098 3549 2437 3615 bere,‘tanto
2470 3548 2661 3617 majus
2683 3553 2771 3602 est
2802 3552 3101 3619 peccatum
3121 3545 3354 3601 mentiri
3387 3562 3566 3617 quam
3596 3543 3749 3600 male

2098 3652 2268 3708 agere
2316 3652 2432 3691 non
2482 3635 2875 3706 qualicunque
2922 3634 3250 3702 mendacio,
3291 3634 3391 3689 sed
3444 3632 3749 3689 mendacio

2099 3726 2255 3796 quod
2286 3741 2518 3796 semper
2564 3724 2623 3779 in
2680 3729 2810 3779 actu
2844 3727 2950 3791 est,
2986 3729 3051 3779 ut
3101 3723 3527 3778 haereticorum.
3562 3722 3752 3778 Potest

2097 3814 2251 3869 Deus
2282 3812 2537 3885 aliquem
2570 3814 2700 3868 odio
2732 3813 2947 3869 habere
2994 3811 3094 3884 qui
3126 3816 3325 3867 tamen
3358 3812 3528 3866 vivat.
3562 3810 3748 3875 Quem

2094 3918 2227 3957 vero
2250 3902 2438 3974 perdit
2458 3903 2526 3956 ad
2545 3901 2795 3957 nihilum
2816 3901 3118 3973 redigitur.
3135 3900 3452 3957 Suntenim
3477 3899 3749 3972 quaedam

2098 3990 2406 4046 mendacia
2438 3991 2581 4046 satis
2601 3990 2871 4058 venialia,
2905 3995 2971 4045 ut
2999 4007 3066 4046 ea
3096 4006 3223 4062 quas
3273 3989 3422 4043 ﬁunt
3452 4004 3553 4059 pro
3587 3987 3749 4057 ludo,

2096 4096 2199 4151 pro
2229 4078 2475 4135 aliorum
2504 4079 2625 4133 vita
2645 4080 3043 4134 conservanda
3063 4082 3120 4133 et
3149 4077 3281 4132 aliis
3306 4075 3509 4131 multis
3531 4074 3748 4144 modis,

2095 4168 2193 4223 sed
2209 4167 2690 4239 qualitercunque
2715 4168 2816 4222 ﬁat
2838 4171 3142 4240 peccatum
3165 4166 3435 4221 est.Bene
3459 4164 3750 4235 dicit,per—

2094 4256 2184 4313 des
2215 4257 2353 4329 quia
2382 4257 2536 4312 Deus
2565 4274 2699 4312 vera
2729 4256 2989 4313 essentia
3018 4258 3126 4311 est.
3160 4253 3267 4318 Qui
3302 4247 3750 4308 autem‘menti-

2094 4351 2210 4415 tur,
2242 4346 2388 4401 illud
2422 4345 2564 4400 dicit
2593 4344 2743 4417 quod
2782 4362 2896 4401 non
2919 4348 3025 4408 est,
3044 4348 3101 4399 et
3130 4359 3260 4398 esse
3292 4359 3409 4398 non
3439 4357 3569 4397 esse
3592 4339 3754 4413 peni-

2092 4439 2188 4490 tus
2220 4434 2487 4490 destruit.
2505 4436 2687 4499 Quam
2722 4449 3001 4501 magnum
3025 4433 3101 4487 sit
3122 4435 3425 4504 peccatum
3448 4428 3753 4485 haeretico-

334 4526 405 4580 Et
431 4530 571 4581 tunc
593 4543 727 4581 cum
754 4543 850 4581 ero
880 4535 998 4598 jam
1018 4532 1174 4582 totus
1196 4526 1446 4593 lucidus,
1476 4545 1589 4584 non
1618 4529 1841 4585 habens
1864 4547 1985 4587 ma-
2019 4518 2064 4582 D
2095 4540 2226 4578 rum
2258 4522 2535 4591 ostendit,
2567 4538 2781 4578 vocans
2806 4522 3144 4577 haereticum
3174 4521 3360 4576 virum
3386 4520 3746 4590 sanguinum.

337 4612 530 4669 culam
563 4630 753 4686 neque
784 4616 1216 4688 rugam,videbo
1242 4616 1466 4672 scilicet
1496 4622 1711 4688 aperte.
1745 4620 1989 4676 Videmus

337 4703 485 4757 enim
542 4718 689 4757 nunc
742 4720 843 4774 per
887 4704 1171 4774 speculum
1219 4708 1278 4760 in
1300 4708 1615 4777 mnigmate,
1645 4716 1777 4762 tunc
1805 4711 1988 4764 autem

338 4790 489 4864 facie
515 4791 585 4845 ad
611 4793 820 4862 faciem
850 4792 898 4863 (Ι
926 4793 1045 4849 Cor.
1079 4796 1222 4865 xm).
1256 4794 1380 4856 Vel,
1412 4811 1593 4860 mane,
1624 4796 1682 4850 id
1714 4801 1985 4863 est,tem-

343 4878 563 4950 pestive
584 4883 641 4934 et
656 4879 781 4934 sine
802 4880 1080 4937 dilatione
1100 4882 1358 4937 exaudies
1388 4899 1566 4939 vocem
1588 4882 1767 4939 meam
1797 4884 1855 4939 in
1878 4885 1986 4941 hac

341 4967 460 5023 vita
488 4966 791 5039 praceptis
809 4968 925 5024 tuis
948 4969 1386 5034 consulendo,et
1404 4971 1554 5026 vires
1576 4973 1988 5030 administran-

334 5057 407 5112 do
439 5074 510 5113 ne
557 5056 823 5113 deficiam
883 5058 940 5112 in
991 5064 1099 5113 via.
1135 5060 1203 5114 Et
1251 5059 1455 5115 merito
1503 5077 1596 5115 me
1646 5064 1986 5134 tempestive

333 5146 626 5213 exaudies,
662 5146 799 5219 quia
831 5164 935 5223 ego
966 5164 1133 5204 mane
1154 5149 1344 5204 astabo
1375 5150 1495 5215 tibi,
1530 5150 1588 5205 id
1622 5156 1731 5217 est,
1768 5159 1984 5226 tempe-

334 5235 498 5302 stive,
533 5240 599 5301 ut
628 5234 724 5290 ille
748 5236 846 5307 qui
882 5237 1086 5293 avidus
1110 5243 1200 5293 est
1226 5238 1297 5292 ad
1322 5237 1579 5293 laborem
1609 5257 1843 5296 summo
1867 5259 1987 5298 ma-

335 5339 406 5378 ue
430 5322 655 5395 incipit.
690 5326 846 5380 Mane
876 5326 1148 5398 incipiam
1179 5330 1235 5382 et
1265 5327 1448 5383 astabo
1480 5329 1599 5394 tibi,
1626 5328 1679 5384 id
1704 5334 1811 5398 est,
1837 5332 1983 5387 assi-

337 5410 490 5466 duus
521 5426 638 5466 ero.
672 5411 885 5468 Revera
914 5430 1077 5470 mane
1107 5416 1299 5471 astabo
1328 5415 1450 5483 tibi,
1483 5416 1622 5486 quia
1651 5434 1764 5472 non
1798 5424 1981 5490 nocte,

340 5515 601 5573 quoniam
622 5517 730 5556 non
751 5502 888 5557 Deus
909 5504 1091 5558 volens
1124 5504 1468 5574 iniquitatem
1491 5508 1551 5560 tu
1574 5522 1649 5561 es.
1676 5505 1743 5561 Et
1763 5506 1871 5563 hoc
1896 5513 1986 5565 est

344 5587 500 5667 quod
530 5587 709 5649 dicit:
731 5595 920 5667 Neque
962 5591 1237 5651 habitabit
1255 5593 1416 5669 iuxta
1437 5597 1493 5652 te
1518 5594 1810 5670 malignus.
1832 5599 1912 5656 Ac
1932 5598 1985 5659 si

2096 4622 2317 4686 Merito,
2352 4620 2490 4692 quia
2518 4620 2710 4674 fundit
2734 4619 3079 4690 sanguinem
3106 4617 3460 4682 animarum,
3485 4615 3542 4670 id
3561 4614 3747 4681 est,ﬁ-

2096 4709 2227 4763 dem
2261 4725 2374 4779 qua
2404 4709 2606 4762 vivunt
2622 4708 2832 4763 animae
2855 4709 3175 4778 justorum.
3208 4708 3392 4763 Justus
3418 4706 3571 4761 enim
3595 4718 3753 4759 meus

2095 4813 2165 4852 ex
2190 4798 2296 4867 ﬁde
2344 4799 2476 4852 vivzt
2528 4799 2700 4865 (Rom.
2738 4815 2794 4863 1;
2847 4798 3014 4851 Hebr.
3047 4795 3132 4866 ιι).
3170 4795 3301 4851 Ideo
3341 4793 3748 4849 haereticorum

2095 4885 2465 4940 mendacium
2490 4887 2683 4956 majus
2703 4891 2791 4940 est
2814 4884 2946 4939 aliis
2968 4883 3388 4955 peccatis,quia
3411 4881 3525 4937 alia
3543 4896 3749 4952 pecca-

2094 4980 2153 5030 ta
2186 4973 2374 5030 solum
2398 4973 2567 5029 illum
2590 4975 2690 5045 qui
2711 4973 2831 5046 agit
2847 4972 3255 5029 occiduntzhoc
3279 4976 3473 5027 autem
3498 4973 3555 5025 et
3578 4968 3748 5024 illum

2094 5064 2193 5133 qui
2236 5064 2535 5129 mentitur,
2569 5068 2628 5117 et
2674 5078 2879 5117 omnes
2930 5078 3079 5133 quos
3126 5060 3187 5115 in
3234 5074 3490 5115 errorem
3542 5056 3746 5112 mittit.

2094 5153 2275 5216 Quem
2298 5152 2479 5205 virum
2499 5150 2856 5220 sanguinum,
2883 5149 3153 5205 eumdem
3183 5148 3359 5203 dicit:
3391 5148 3575 5202 uirum
3596 5145 3750 5227 dolo-

2092 5257 2215 5294 sum
2234 5239 2463 5294 duabus
2486 5238 2556 5292 de
2577 5238 2771 5293 causis
2796 5256 2809 5294 :
2837 5237 2943 5304 vel,
2961 5238 3101 5309 quia
3126 5236 3283 5293 aliud
3305 5236 3553 5291 habetin
3569 5234 3748 5290 corde

2093 5334 2150 5385 et
2177 5326 2335 5383 aliud
2366 5326 2425 5382 in
2458 5326 2678 5399 lingua,
2708 5344 2841 5382 cum
2877 5326 3022 5383 sciat
3052 5343 3167 5382 non
3199 5341 3328 5381 esse
3359 5340 3562 5380 verum
3591 5322 3749 5395 quod

2095 5417 2255 5483 dicit,
2286 5421 2345 5472 et
2373 5420 2570 5472 tamen
2596 5416 2852 5489 quadam
2874 5414 3331 5488 praesumptione
3356 5430 3560 5469 verum
3584 5427 3747 5469 asse-

2094 5523 2221 5563 rere
2250 5508 2515 5561 conatur.
2532 5504 2654 5560 Non
2680 5504 2835 5563 enim
2867 5502 3203 5577 ignorantia
3221 5502 3561 5558 haereticum
3582 5500 3745 5569 facit,

2094 5597 2195 5656 sed
2218 5594 2522 5671 jactantia.
2554 5594 2657 5654 Vel
2685 5594 2814 5654 ideo
2843 5593 3112 5664 dolosam,
3135 5591 3278 5669 quia
3306 5590 3592 5650 admiscet
3609 5605 3751 5651 vero.
