4040 6208
344 299 459 361 169

1472 284 2077 367 ENAltRA'l‘lONES
2124 308 2201 367 lN
2247 309 2630 372 PSALMOS.

3636 318 3752 377 170

340 431 595 503 falsis,ut
614 450 681 490 eo
697 435 927 492 facilius
942 437 1138 494 fallere
1171 438 1375 510 possit.
1409 438 1589 494 Aiiter
1612 456 1624 493 :
1646 441 1832 494 virum
1860 455 1990 494 san-
2024 440 2075 506 Α
2110 441 2219 496 bus
2251 440 2544 513 insipidus
2576 443 2659 498 ﬁt.
2691 445 2757 500 Et
2778 444 2939 516 prius
2969 442 3345 499 conversione
3372 444 3750 504 inimicorum

331 525 565 593 guinum
585 532 635 579 et
653 523 899 582 dolosam
947 527 1358 582 abominabitur
1410 529 1699 583 Dominus.
1735 528 1794 583 Si
1823 527 1986 584 volu-

335 627 471 667 mus
501 613 774 685 superius
832 615 1092 688 accipere
1149 614 1496 689 generaliter
1548 618 1793 688 dictum,
1824 617 1989 673 odisti

333 716 518 756 omnes
537 703 634 774 qui
654 710 955 774 operantur
977 706 1466 777 iniquitatem,erit
1485 706 1749 778 probatio
1775 706 1832 760 in
1861 724 1989 778 par-

327 794 405 853 te,
439 791 579 861 quia
605 795 662 847 et
686 794 867 847 virum
921 796 1279 864 sanguinam.
1335 795 1392 850 id
1455 798 1562 865 est,
1625 794 1985 850 homicidam

324 878 735 935 abominabitur
760 882 1026 938 Dominus
1059 884 1259 952 :pedes
1302 899 1484 938 omnes
1539 884 1639 955 qui
1682 884 1987 955 loquantur

326 967 693 1037 mendacium,
728 971 865 1043 quia
885 988 1000 1026 non
1050 973 1246 1027 solum
1304 974 1487 1026 virum
1532 971 1775 1027 dolosam
1815 989 1984 1028 men-

326 1057 492 1125 titur,
530 1058 629 1114 sed
665 1059 842 1115 etiam
872 1058 1040 1115 illum
1073 1061 1174 1133 qui
1201 1061 1505 1116 veritatem
1540 1060 1682 1116 dicit
1712 1065 1777 1115 ut
1825 1060 1984 1116 deci-

328 1145 473 1218 piat,
507 1146 699 1219 utqui
729 1147 965 1220 planam
1017 1149 1171 1204 viam
1203 1150 1462 1204 ostendit
1517 1153 1585 1204 ut
1643 1150 1699 1204 in
1748 1150 1983 1204 turbam

325 1244 669 1316 praedonum
702 1245 917 1301 mittat.
951 1246 1052 1301 Isti
1084 1263 1246 1302 omes
1289 1247 1837 1302 exhceredabuntur.
1876 1251 1984 1316 Ego

324 1337 527 1399 autem,
560 1334 842 1389 catholica
871 1335 1144 1399 Ecclesia,
1178 1336 1418 1391 introibo
1449 1336 1509 1390 in
1564 1336 1784 1391 domum
1833 1344 1983 1391 tuam

323 1421 617 1476 coelestem
649 1424 996 1495 Jerusalem,
1050 1424 1269 1479 scilicet
1318 1441 1709 1497 supernorum
1768 1425 1982 1480 civium

323 1511 964 1580 societatemJntroibo,
998 1519 1061 1567 ut
1087 1513 1236 1584 lupis
1270 1514 1327 1568 in
1359 1513 1669 1568 aedificium
1698 1531 1710 1569 :
1743 1515 1804 1567 in
1833 1514 1984 1569 mul-

320 1599 561 1654 titudine
579 1601 973 1657 misericordiae
1004 1610 1135 1670 tuae,
1160 1602 1217 1656 id
1243 1605 1351 1670 est,
1387 1619 1501 1657 non
1533 1602 1593 1656 in
1626 1601 1774 1657 meis
1807 1602 1980 1658 meri-

320 1687 420 1743 tis.
468 1689 600 1745 Ideo
632 1692 689 1745 in
721 1690 1096 1758 multitudine,
1130 1690 1268 1762 quia
1308 1706 1589 1764 magnum
1623 1694 1711 1746 est
1739 1691 1981 1747 introire

320 1776 407 1832 vel
439 1793 572 1833 cum
605 1778 807 1834 multis
837 1796 986 1851 quos
1018 1778 1421 1835 misericordia
1472 1784 1575 1836 tua
1625 1779 1866 1835 introire
1896 1780 1979 1836 fa—
2016 1811 2063 1875 Β

323 1864 473 1922 ciet:
506 1867 635 1923 ideo
655 1869 919 1937 introibo,
954 1869 1092 1941 quia
1122 1869 1357 1924 adorabo
1378 1869 1561 1941 prius.
1596 1869 1701 1924 Hic
1747 1868 1985 1941 exponit

322 1954 742 2022 illudadorabo,
763 1957 986 2011 scilicet
1010 1958 1084 2013 ad
1108 1959 1369 2028 templum
1399 1966 1652 2013 sanetum
1685 1965 1862 2025 tuum,
1895 1955 1983 2027 vel

325 2048 392 2098 ut
419 2044 751 2116 perveniam
775 2047 839 2101 in
863 2047 1057 2101 timore
1079 2055 1191 2111 tuo,
1211 2046 1433 2101 scilicet
1450 2051 1632 2112 casto,
1660 2064 1773 2102 non
1803 2045 1983 2101 forni-

322 2135 480 2189 cario
499 2151 672 2207 quem
690 2135 936 2190 charitas
955 2140 1110 2206 foras
1136 2137 1305 2190 mittit
1333 2136 1381 2206 (Ι
1401 2138 1557 2191 Joan.
1585 2137 1682 2208 1v).
1706 2136 1824 2190 Hoc
1856 2152 1982 2191 mo-

322 2223 398 2277 do
421 2224 585 2278 orabo
611 2241 624 2278 :
663 2226 918 2289 Domine,
952 2210 1123 2279 detlue
1152 2241 1239 2278 me
1268 2226 1329 2277 in
1359 2226 1454 2279 via
1484 2233 1603 2290 tua,
1631 2224 1771 2295 quia
1799 2224 1860 2278 in
1892 2223 1985 2279 via

323 2310 551 2381 sum,id
578 2316 687 2379 est,
722 2311 782 2365 in
837 2317 1131 2383 provectu,
1166 2312 1254 2367 fac
1287 2329 1379 2367 me
1437 2313 1521 2367 ire
1553 2313 1622 2367 de
1679 2313 1895 2367 virtute
1923 2312 1982 2366 in

319 2399 599 2454 virtutem
624 2416 636 2454 :
672 2399 779 2455 hoc
809 2405 920 2466 est,
946 2402 1005 2455 in
1018 2402 1241 2473 justitia
1264 2404 1382 2466 tua,
1401 2418 1515 2456 non
1549 2417 1678 2456 mea
1705 2401 1982 2456 substan-

318 2486 424 2549 tia,
444 2488 628 2557 dirige
654 2490 804 2542 viam
834 2505 1033 2557 meam,
1066 2489 1124 2542 id
1160 2493 1266 2555 est,
1300 2489 1476 2543 vitam
1511 2504 1702 2544 meam
1735 2489 1795 2543 in
1824 2504 1979 2543 cons-

315 2579 484 2647 pectu
512 2584 627 2641 tuo,
660 2580 727 2629 ut
748 2575 865 2631 tuis
886 2574 1072 2631 oculis
1086 2577 1163 2631 sit
1184 2577 1362 2648 digna
1388 2594 1399 2630 :
1425 2577 1509 2631 vel
1533 2577 1684 2631 viam
1709 2582 1889 2641 tuam,
1921 2576 1980 2631 id

321 2669 433 2735 est,
467 2663 746 2719 mandata
766 2668 866 2719 tua
896 2664 1009 2729 fac,
1042 2668 1106 2719 ut
1135 2681 1203 2720 ea
1228 2670 1380 2720 recte
1412 2664 1758 2737 intelligam.
1794 2665 1859 2719 Et
1891 2665 1981 2720 fac

319 2756 546 2825 propter
573 2753 828 2807 inimicos
873 2768 1018 2808 meos
1074 2751 1398 2817 haereticos,
1452 2753 1595 2822 quia
1632 2753 1692 2808 in
1749 2752 1853 2808 illa
1888 2753 1982 2808 via

324 2841 469 2897 mihi
492 2840 736 2896 insidias
759 2846 1003 2912 ponunt.
1024 2840 1158 2896 Ideo
1177 2840 1359 2912 dirige
1378 2843 1497 2896 vias
1514 2857 1687 2905 meas,
1720 2843 1981 2913 quoniam

322 2947 436 2986 non
462 2932 539 2986 est
566 2930 625 2985 in
641 2945 736 2984 ore
753 2945 963 2997 eorum,
987 2929 1046 2984 id
1074 2934 1181 2999 est,
1216 2930 1274 2985 in
1308 2931 1498 2986 verbis
1520 2946 1724 2985 eorum
1754 2932 1976 2985 veritas.

325 3030 391 3084 ln
421 3027 614 3083 verbis
641 3027 769 3083 ideo
799 3043 914 3083 non
938 3032 1027 3082 est
1045 3030 1269 3093 veritas,
1294 3028 1434 3100 quia
1453 3044 1544 3084 cor
1562 3045 1751 3085 eorum
1770 3044 1982 3083 vanum

318 3123 426 3181 est,
461 3116 517 3171 id
550 3120 657 3186 est,
692 3132 808 3171 non
840 3115 1058 3170 habent
1076 3117 1401 3183 veritatem,
1431 3116 1517 3172 vel
1545 3117 1845 3183 vanum,id
1868 3120 1976 3181 est,

318 3220 426 3279 per
474 3203 783 3259 elationem
834 3202 1245 3271 annihilatum,
1295 3209 1547 3260 tractum
1609 3223 1642 3260 a
1672 3205 1835 3260 fumo
1876 3205 1977 3276 qui

320 3298 545 3366 quanto
560 3292 736 3347 altius
752 3291 1014 3347 ascendit
1030 3296 1192 3347 tanto
1212 3293 1401 3364 magis
1414 3291 1978 3360 evanescit.Utillud,

321 3385 583 3438 Dieentes
630 3382 778 3436 enim
832 3396 944 3436 esse
997 3383 1289 3452 sapientes,
1349 3382 1506 3435 stulti
1550 3383 1685 3451 facti
1748 3387 1874 3435 sunt
1928 3383 1982 3434 et

317 3468 666 3527 evanuerunt
682 3472 740 3524 in
757 3471 1188 3543 cogitationibus
1206 3471 1322 3524 suis
1354 3472 1531 3540 (Rom.
1566 3469 1629 3541 1).
1663 3468 1981 3541 Sepulcrum

319 3568 405 3617 est
410 3568 603 3631 patens
614 3566 1024 3632 guttureorum,
1048 3575 1273 3627 eorum,
1295 3557 1352 3613 id
1371 3563 1478 3627 est,
1503 3557 1981 3613 doctrinaeorum

323 3648 543 3706 similis
574 3653 663 3704 est
692 3647 885 3720 amplo
916 3653 973 3704 et
1001 3648 1289 3719 profundo
1350 3647 1639 3720 sepulcro,
1670 3647 1824 3719 quod
1869 3663 1984 3702 uno

326 3738 610 3794 cadavere
643 3741 873 3809 recepto
905 3752 1019 3791 non
1050 3734 1360 3807 clauditur,
1423 3735 1523 3791 sed
1572 3751 1801 3806 semper
1829 3737 1988 3805 patet

326 3832 397 3882 ut
418 3827 675 3897 devoret,
699 3842 934 3897 sempor
955 3825 1194 3880 fetorem
1212 3824 1427 3879 emittit
1447 3840 1723 3879 nocuum.
1759 3823 1989 3893 Linguis

324 3917 446 3971 suis
478 3915 659 3971 dolose
680 3915 932 3985 agebant,
969 3930 1082 3969 non
1113 3913 1254 3980 tuis,
1281 3930 1313 3969 o
1343 3912 1518 3984 Deus,
1577 3913 1715 3985 quia
1761 3913 1831 3968 ad
1879 3912 1990 3968 hoc

330 4021 434 4060 eas
455 4003 541 4059 eis
570 4003 782 4059 dedisti
809 4007 874 4057 ut
897 4002 1202 4058 veritatem
1260 4001 1657 4074 loquerentur.
1715 4002 1846 4057 Ideo
1874 4003 1991 4057 suis

333 4102 479 4175 quia
506 4101 580 4157 ad
612 4100 985 4156 mendacium
1004 4098 1089 4155 eis
1134 4104 1404 4155 utuntur.
1438 4100 1625 4156 Dolose
1652 4105 1899 4171 agebant,
1931 4099 1993 4154 id

332 4195 451 4258 est,
482 4188 810 4262 deceptorie
828 4189 1080 4258 agebant.
1115 4188 1288 4258 Bene,
1321 4189 1573 4259 agebant,
1609 4188 1748 4261 quia
1772 4191 1991 4260 imper-

335 4280 512 4346 fecte,
543 4279 837 4334 interdum
859 4294 1009 4344 vera,
1031 4276 1329 4332 interdum
1356 4276 1501 4332 falsa
1532 4277 1895 4349 proferendo.
1927 4277 1996 4331 Et

2098 531 2361 587 lmientur
2381 548 2566 587 omnes
2586 535 2682 604 qui
2698 543 2924 606 sperant
2945 535 3005 589 in
3028 538 3095 590 te.
3123 534 3399 591 Lactentur
3418 533 3512 589 hic
3536 535 3595 590 in
3622 552 3747 608 spe,

2096 623 2152 673 et
2173 624 2303 690 post
2326 622 2383 674 in
2405 626 2675 677 aeternum
2695 624 3067 694 exsultabant,
3090 621 3146 678 id
3169 625 3277 690 est,
3311 621 3569 694 plenarie
3599 640 3746 697 gau-

2095 709 2333 773 debunt,
2369 725 2502 764 cum
2561 710 2853 783 duplicem
2884 711 3094 768 stolam
3126 710 3586 767 immortalitatis
3600 712 3748 769 acci-

2096 798 2273 869 pient.
2284 799 2349 853 Et
2364 798 2509 853 bene
2523 799 2666 853 dixit
2680 800 3743 872 prius,lmientur,etpost,exsultabunt,

2095 888 2233 958 quia
2246 886 2442 942 laetitia
2456 891 2547 944 est
2559 888 3073 957 animi,exsultatio
3086 907 3219 946 vero
3234 889 3512 963 corporis.
3527 892 3745 961 Asalto,

2095 975 2230 1031 inde
2261 975 2524 1032 exsulto:
2578 981 2634 1033 et
2664 977 2865 1033 ﬁdeles
2888 979 3054 1050 prius
3081 978 3356 1035 laetantur
3385 980 3456 1036 de
3484 996 3745 1036 resurre-

2094 1066 2282 1120 ctione
2311 1065 2539 1133 animze,
2573 1083 2698 1138 qua:
2728 1072 2817 1122 est
2847 1066 3038 1139 prima
3066 1068 3299 1135 stola,et
3320 1072 3453 1140 post
3484 1068 3745 1141 plenarie

2093 1155 2353 1227 gaudent
2372 1155 2443 1210 de
2465 1155 2889 1212 resurrectione
2908 1156 3185 1230 corporis,
3208 1173 3336 1230 quas
3367 1161 3457 1213 est
3485 1158 3746 1215 secunda

2093 1242 2334 1299 stola.Et
2355 1244 2562 1299 merito
2578 1245 2952 1313 exsultabant,
2979 1246 3119 1318 quia
3149 1248 3213 1300 tu
3239 1246 3521 1302 habitabis
3551 1249 3610 1302 in
3638 1247 3741 1303 eis.

2166 1332 2228 1387 In
2264 1332 2485 1388 malum
2517 1333 2601 1388 sic
2632 1337 2823 1405 potest
2850 1333 3034 1406 accipi
3064 1334 3218 1406 quod
3249 1335 3472 1390 dictum
3507 1340 3614 1403 est,
3644 1341 3745 1393 Ju-

2092 1421 2215 1476 diea
2245 1421 2396 1488 illos,
2429 1423 2589 1477 Deus.
2637 1422 2782 1485 Quia
2830 1422 3261 1495 incorrigibiles
3318 1428 3458 1478 sunt
3511 1431 3568 1480 et
3624 1426 3743 1481 tuis

2092 1510 2366 1566 ﬁdelibus
2388 1511 2638 1566 multum
2672 1518 2936 1578 nocent,o
2968 1516 3132 1581 Deus,
3146 1511 3341 1583 judice
3363 1512 3508 1581 illos,
3542 1513 3599 1567 id
3631 1517 3741 1582 est,

2093 1600 2329 1665 damna,
2363 1616 2572 1671 separa
2600 1600 2798 1672 paleas
2825 1601 3092 1673 agranis.
3121 1601 3191 1656 Et
3215 1601 3323 1657 hoc
3345 1617 3463 1657 non
3486 1602 3743 1675 optando

2092 1688 2235 1745 dicit
2294 1687 2570 1756 Ecclesia,
2623 1690 2725 1745 sed
2783 1690 3208 1763 prophetando.
3265 1690 3496 1758 Judica,
3543 1690 3598 1746 id
3630 1695 3742 1760 est,

2093 1779 2310 1834 damna
2340 1783 2397 1833 et
2427 1777 2522 1833 hic
2552 1781 2611 1833 et
2643 1777 2699 1833 in
2733 1778 2951 1834 futuro.
2974 1778 3235 1835 Decidant
3263 1779 3743 1850 acogitationibus

2093 1868 2209 1922 suis
2240 1867 2298 1921 in
2331 1866 2440 1922 hac
2469 1866 2605 1930 vita,
2636 1866 2695 1922 id
2725 1870 2832 1935 est,
2863 1874 3098 1939 propter
3124 1884 3331 1940 pravas
3363 1867 3743 1941 cogitationes

2094 1972 2232 2011 suas
2262 1955 2321 2011 in
2344 1972 2492 2027 quas
2514 1956 2852 2011 ceciderunt
2879 1956 3075 2027 pravis
3106 1955 3332 2012 meritis
3364 1955 3488 2012 suis
3530 1972 3743 2029 praece-

2092 2044 2387 2100 dentibus.
2421 2044 2706 2113 Decidant,
2739 2043 2799 2099 id
2847 2048 2958 2111 est,
2990 2045 3049 2099 in
3108 2044 3398 2101 deteriora
3429 2046 3642 2101 cadant
3671 2047 3744 2102 de

2092 2150 2285 2189 errore
2316 2134 2374 2189 in
2404 2148 2660 2188 errorem
2692 2133 3035 2199 corruendo,
3067 2136 3125 2187 et
3178 2133 3237 2187 in
3297 2133 3495 2189 futuro
3524 2133 3745 2206 expelle

2093 2238 2192 2277 eos
2222 2223 2295 2276 ab
2326 2221 2664 2276 haereditate
2694 2237 2803 2277 sua
2857 2220 3154 2279 secundum
3198 2222 3609 2278 multitudinem
3637 2224 3743 2278 im-

2093 2313 2360 2381 pietatum
2386 2326 2592 2374 eorum,
2622 2310 2681 2365 id
2707 2313 2818 2375 est,
2850 2309 3101 2364 multum
3125 2310 3360 2381 expelle,
3384 2310 3523 2382 quia
3547 2310 3745 2367 multa

2094 2403 2236 2455 sunt
2262 2398 2594 2470 impietates
2648 2414 2873 2453 eorum.
2916 2399 3196 2466 Quoniam
3260 2401 3650 2466 irritaverant,
3683 2399 3743 2456 id

2092 2496 2202 2555 est,
2237 2490 2581 2559 spreverunt
2610 2486 2779 2557 quasi
2811 2485 2922 2541 vile
2952 2486 3093 2558 quid
3126 2491 3202 2555 te,
3258 2487 3525 2559 Domine,
3557 2487 3657 2560 qui
3681 2502 3746 2544 es

2091 2576 2377 2631 Dominus
2407 2574 2693 2630 omnium.
2728 2576 2797 2629 Et
2827 2578 3140 2646 postquam
3173 2579 3442 2647 separata
3499 2576 3613 2632 erit
3642 2593 3745 2649 pa-

2091 2662 2181 2719 lea
2208 2679 2243 2717 a
2272 2679 2474 2735 grano,
2508 2662 2759 2718 tenebrae
2789 2679 2823 2717 a
2851 2662 2999 2729 luce,
3035 2662 3291 2719 lmientur
3318 2666 3531 2737 adepta
3562 2665 3747 2722 haere-

2090 2752 2272 2806 ditate
2299 2767 2483 2808 omnes
2511 2753 2608 2822 qui
2636 2755 2865 2823 sperant
2890 2754 2952 2807 in
2980 2757 3056 2817 te,
3080 2752 3277 2808 nonin
3303 2751 3435 2820 alio,
3459 2756 3516 2808 et
3535 2753 3745 2810 merito

2091 2841 2362 2908 laetentur,
2395 2840 2536 2911 quia
2564 2842 2624 2896 in
2651 2847 2926 2897 aeternum
2954 2841 3332 2907 exsultabant,
3365 2845 3430 2896 ut
3459 2841 3624 2913 prius
3653 2841 3746 2897 di-

2090 2935 2249 2984 ctum
2279 2932 2387 2984 est.
2423 2929 2555 2984 Ideo
2586 2929 2942 2984 exsultabant
2997 2929 3139 3000 quia
3191 2930 3467 2985 habitabis
3515 2931 3587 2986 .in
3641 2932 3740 3001 eis,

2091 3017 2194 3089 qui
2224 3018 2398 3073 modo
2427 3016 2658 3072 habitas
2689 3016 2748 3071 in
2777 3017 2863 3072 eis
2893 3033 2996 3088 per
3017 3021 3355 3089 operantem
3378 3017 3745 3090 gratiam.in-

2089 3106 2384 3161 habitabis
2414 3109 2554 3160 tunc
2583 3105 2906 3161 secundum
2940 3105 3308 3176 praesentiam
3327 3110 3385 3162 et
3404 3107 3744 3165 manifesta-

2009 3173 2052 3239 δ
2092 3196 2308 3250 tionem
2339 3193 2665 3264 tuiipsius:
2699 3194 2766 3247 Et
2795 3173 2957 3265 quod
2987 3195 3182 3265 majus
3212 3199 3322 3262 est,
3351 3196 3741 3265 gloriabuntur

2090 3286 2149 3339 in
2175 3282 2308 3351 te,id
2324 3281 2754 3351 est,perfectam
2770 3281 3015 3353 gloriam
3034 3299 3097 3338 se
3110 3282 3355 3354 adeptos
3368 3283 3651 3339 videbunt
3679 3286 3741 3339 in

2088 3376 2144 3426 te
2157 3385 2458 3425 summum
2480 3368 2926 3423 bonum.0mnes
2945 3372 3045 3441 qui
3054 3369 3301 3440 diligunt
3311 3370 3531 3425 scilicet
3549 3371 3743 3439 modo,

2089 3474 2290 3514 nomen
2311 3456 2554 3517 tuam.id
2571 3460 2662 3511 est
2676 3456 3270 3514 Dcminus.Dominus
3290 3466 3502 3514 nomen
3526 3463 3614 3515 est
3633 3458 3742 3516 illi.

2094 3545 2183 3601 Illi
2208 3546 2318 3601 hoe
2339 3559 2551 3600 namen
2580 3543 2836 3616 diligunt
2865 3546 2964 3617 qui
2984 3550 3096 3601 Deo
3115 3545 3442 3603 voluntarie
3460 3549 3745 3607 serviunt.

2094 3634 2228 3690 Ideo
2248 3632 2665 3705 gloriabuntur,
2693 3635 2959 3704 quoniam
2983 3643 3044 3689 tu
3075 3633 3351 3689 benedices
3389 3636 3561 3704 justo.
3596 3637 3750 3693 Bene

2085 3726 2273 3796 justo:
2307 3738 2513 3779 omnes
2543 3721 2701 3777 enim
2725 3738 2910 3777 unum
2941 3739 3151 3779 sumus
3179 3721 3240 3777 in
3271 3722 3524 3789 Christo,
3545 3722 3603 3778 id
3638 3727 3749 3779 est.

2097 3812 2340 3885 augebis
2367 3814 2424 3867 et
2453 3809 2876 3884 multiplicabls
2905 3825 3139 3867 omnem
3172 3809 3420 3883 gratiam
3465 3813 3522 3866 et
3549 3825 3754 3867 omnes

2096 3902 2364 3968 virtutes,
2397 3900 2540 3972 quia
2568 3900 2723 3972 quod
2755 3901 2929 3957 modo
2958 3900 3178 3956 habent
3205 3900 3265 3955 in
3295 3917 3399 3973 spe
3419 3904 3560 3956 tunc
3581 3899 3757 3956 habe-

2098 3991 2247 4045 bunt
2275 3990 2334 4044 in
2364 4006 2447 4054 re,
2480 4006 2636 4044 nunc
2665 4004 2734 4044 ex
2757 3994 2940 4061 parte,
2998 3993 3140 4045 tunc
3195 3988 3467 4061 perfecte.
3512 3990 3753 4061 Revera,

2100 4077 2487 4148 gloriabuntur
2517 4078 2577 4132 in
2595 4086 2665 4140 te,
2696 4094 2729 4133 ο
2759 4078 3005 4149 Domine,
3037 4082 3095 4134 et
3123 4094 3240 4134 non
3272 4079 3332 4133 in
3364 4078 3502 4150 alio,
3524 4079 3662 4151 quia
3690 4082 3757 4134 tu

2098 4167 2379 4223 coronasti
2432 4180 2551 4235 nos,
2608 4164 2666 4220 id
2723 4169 2833 4231 est,
2892 4166 3355 4224 circumvallasti
3411 4172 3471 4224 et
3500 4165 3751 4223 munisti

2105 4254 2273 4326 quasi
2306 4270 2522 4309 corona
2551 4254 2852 4322 militium,
2910 4261 3080 4323 scuto,
3141 4256 3199 4311 id
3255 4260 3346 4312 est
3401 4257 3759 4327 protectione

330 4369 476 4442 quia
498 4342 651 4424 tales
683 4371 821 4423 sunt
849 4342 1038 4436 iudica
1068 4364 1201 4421 illos
1233 4371 1397 4422 Deus.
1428 4342 1549 4421 Hoc
1580 4369 1770 4438 potest
1799 4364 1912 4437 legi
1941 4368 1989 4419 et

2106 4343 2263 4399 bonae
2291 4342 2590 4398 volun-tatis
2620 4350 2765 4399 tuae:
2793 4344 2883 4399 vel
2940 4345 3216 4400 eoronasti
3268 4359 3366 4399 nos
3423 4347 3555 4414 post
3581 4342 3759 4398 victo-

327 4459 392 4512 in
406 4458 630 4512 bonum
649 4459 706 4511 et
720 4456 777 4510 in
801 4454 1048 4510 malum.
1066 4455 1128 4509 In
1143 4455 1362 4510 bonum
1380 4471 1392 4510 :
1414 4470 1444 4510 o
1460 4454 1820 4526 Deas,judiea
1849 4453 1994 4521 illos,

2107 4432 2276 4497 riam,
2310 4446 2425 4485 non
2457 4430 2682 4485 meritis
2705 4432 2944 4496 nostris,
2977 4431 3079 4486 sed
3101 4434 3163 4485 ut
3199 4433 3348 4486 scuto
3379 4431 3535 4488 bona?
3559 4431 3759 4486 volun-

336 4545 398 4601 id
430 4549 542 4610 est,
573 4545 789 4599 damna
817 4560 916 4599 eos
944 4543 1090 4599 tales
1121 4543 1326 4615 quales
1356 4560 1418 4599 se
1461 4544 1739 4610 fecerunt,
1773 4541 1989 4598 scilicet

2103 4522 2243 4577 tatis
2272 4524 2387 4575 tua?
2416 4518 2744 4590 prazveuisti
2771 4517 3132 4573 voluntatem
3190 4522 3475 4584 nostram,
3533 4517 3672 4591 quia
3699 4522 3765 4575 tu

327 4635 554 4689 damna
584 4633 645 4688 in
678 4632 762 4688 eis
789 4632 930 4688 vitia
955 4648 1178 4698 eorum,
1241 4631 1299 4686 id
1333 4636 1441 4700 est,
1500 4632 1752 4688 decidant
1780 4649 1818 4686 a
1857 4632 2002 4700 cogi-

331 4721 640 4778 tationibus
668 4723 806 4791 suis,
838 4720 896 4774 id
918 4725 1028 4786 est,
1060 4719 1188 4791 ipsa
1218 4735 1422 4775 eorum
1453 4718 1811 4775 conscientia
1840 4734 2003 4773 accu-

338 4816 432 4867 set
462 4826 584 4881 eos,
611 4809 701 4865 vel
732 4811 1078 4881 separentur
1106 4825 1139 4863 a
1168 4808 1363 4880 pravis
1382 4807 1838 4880 cogitationibus
1856 4805 2002 4862 suis.

343 4908 658 4966 Secundum
714 4906 1135 4962 multitudinem
1195 4908 1542 4978 impietatum
1568 4922 1761 4961 eorum
1799 4905 2009 4976 expelle

342 5014 459 5065 eos,
491 4997 754 5068 quoniam
785 4996 1147 5050 irritaverant
1176 5000 1245 5063 te,
1278 4996 1529 5066 Domine,
1565 4994 1622 5049 id
1655 4998 1764 5061 est,
1799 5009 2007 5050 secun-

346 5087 493 5142 dum
520 5083 740 5141 multas
771 5083 1179 5138 miserationes
1210 5088 1343 5139 tuas
1373 5084 1637 5139 deleatur
1694 5080 2008 5139 multitudo

347 5178 725 5247 peccatorum
756 5188 981 5228 eorum.
1043 5172 1174 5226 Ideo
1242 5173 1454 5227 cadant
1509 5189 1543 5227 a
1586 5172 2012 5244 cogitationibus

346 5265 492 5329 suis,
524 5262 804 5334 quoniam
837 5277 1026 5333 prava
1055 5262 1476 5331 sunt,quoniam
1508 5263 1911 5316 irritaveruunt
1941 5263 2012 5325 te,

350 5352 601 5420 Domine,
630 5351 688 5405 id
708 5354 818 5419 est,
850 5350 1083 5405 irritum
1108 5351 1418 5417 duxerunt,
1451 5350 1593 5405 dum
1650 5349 1843 5405 conati
1877 5353 2015 5405 sunt

354 5441 545 5513 legem
572 5444 733 5494 tuam
766 5439 1097 5494 destruere:
1131 5437 1221 5493 vel
1252 5439 1643 5505 irritaverant,
1702 5437 1761 5492 id
1794 5442 1902 5504 est,
1935 5441 2012 5505 te,

350 5528 771 5586 dulcissimum
798 5527 994 5583 cibum
1028 5524 1395 5591 naturaliter,
1427 5526 1537 5581 sibi
1561 5529 1618 5580 et
1648 5524 1781 5581 aliis
1807 5525 2014 5599 insipi-

352 5622 498 5678 dum
526 5618 810 5675 fecerunt.
835 5616 1203 5672 Febricitanti
1255 5616 1471 5672 etenim
1502 5614 1695 5690 palato
1720 5615 1911 5673 dulcis
1942 5616 2018 5674 ci-

684 5744 953 5811 Puaon.
1000 5742 1271 5811 CXXXI.

2112 4608 2325 4665 dedisti
2356 4606 2501 4663 velle
2531 4605 2744 4662 dedisti
2775 4610 2832 4661 et
2862 4606 3177 4677 perﬁcere:
3211 4611 3273 4661 tu
3306 4606 3463 4664 enim
3504 4607 3765 4680 operaria

2112 4700 2173 4753 in
2204 4696 2375 4753 nobis
2407 4713 2509 4768 per
2536 4694 2781 4768 gratiam
2817 4699 3006 4763 tuam,
3049 4698 3107 4750 et
3153 4711 3301 4768 opus
3354 4696 3767 4753 misericordia

2113 4791 2226 4843 tuae
2256 4787 2315 4841 in
2351 4785 2519 4842 nobis
2544 4800 2808 4840 coronas.

2717 4907 3040 4965 PSALMUS
3062 4910 3158 4965 VI.

2120 5018 2179 5056 IN
2213 5016 2389 5055 FINEM
2423 5015 2480 5052 IN
2511 5013 2866 5053 CABMINIBUS
2899 5014 3013 5053 PRO
3035 5014 3268 5068 OCTAVA,
3291 5012 3550 5053 PSALMUS
3579 5012 3771 5053 ῡΑνιι).

2197 5110 2218 5138 ι
2252 5086 2517 5153 Domine,
2550 5102 2622 5140 ne
2653 5085 2712 5139 iu
2744 5086 2939 5142 furore
2998 5091 3097 5142 tuo
3155 5102 3369 5157 arguas
3426 5102 3540 5152 me,
3584 5100 3775 5157 neque

2125 5199 2153 5229 ‹‹
2182 5177 2242 5232 in
2272 5176 2361 5231 ira
2390 5178 2492 5229 tua
2513 5174 2795 5247 corripias
2825 5190 2938 5230 me:
3000 5174 3272 5229 Miserere
3333 5174 3468 5229 mei.
3502 5172 3776 5242 Domine,

2125 5287 2151 5315 ‹‹
2184 5262 2462 5336 quoniam
2494 5263 2766 5317 inﬁrmus
2789 5278 2920 5316 sum
2947 5279 2959 5315 :
2987 5278 3131 5317 sana
3162 5279 3275 5330 me,
3325 5262 3592 5333 Domine,
3625 5279 3779 5335 quo-

2132 5371 2152 5400 ι
2187 5350 2344 5405 niam
2378 5349 2726 5404 conturbata
2755 5351 2896 5403 sunt
2924 5364 3059 5404 ossa
3107 5364 3256 5404 mea.
3308 5350 3375 5404 Et
3421 5349 3620 5405 anima
3649 5365 3780 5407 mea

2131 5464 2151 5490 ει
2186 5439 2422 5495 turbata
2453 5443 2541 5494 est
2570 5436 2770 5492 valde:
2805 5437 2905 5492 sed
2953 5440 3039 5502 tu,
3098 5437 3365 5508 Domine,
3420 5437 3779 5511 usquequo?

2129 5528 2551 5595 «Convertere,
2607 5526 2871 5591 Domine,
2928 5530 2985 5581 et
3040 5526 3199 5598 eripe
3255 5526 3514 5582 animam
3547 5543 3778 5587 meam:

2129 5640 2157 5670 «ι
2189 5615 2416 5675 salvum
2436 5632 2529 5675 me
2549 5615 2638 5674 fac
2652 5619 2888 5692 propter
2916 5612 3376 5674 misericordiam
3400 5618 3586 5677 tuam.
3623 5617 3783 5689 Quo-

3416 5745 3460 5819 6
