4040 6208
305 279 410 340 171

874 281 1180 344 REMlGlI
1224 281 1975 344 ANTISSIODORENSIS
2021 281 2194 342 OPP.
2242 282 2442 342 PARS
2484 282 2533 341 l.
2567 279 3136 343 —EXEGETICA.

3591 275 3705 338 172

301 435 328 461 ‹‹
364 413 520 466 niam
553 428 668 467 non
700 416 790 468 est
819 413 876 468 in
910 420 1096 470 morte
1126 418 1224 487 qui
1257 432 1481 472 memor
1511 416 1586 470 sit
1609 416 1693 471 tui
1725 434 1737 470 :
1773 416 1830 470 in
1855 415 1940 470 in-
1970 416 2026 480 Α
2054 420 2142 470 est
2175 415 2346 469 David
2371 415 2425 468 id
2460 421 2568 480 est,
2588 414 2805 470 Christi
2837 416 2897 469 in
2933 429 3171 485 corpore
3191 429 3319 469 suo.
3342 411 3546 479 David,
3578 411 3708 469 dico

299 523 327 550 ‹‹
361 501 522 555 ferno
554 504 748 556 autem
783 501 916 573 quis
973 504 1344 559 conﬁtebitur
1390 504 1541 559 tibi?
1572 504 1849 559 Laboravi
1884 504 1942 558 in

2055 501 2429 575 dirigentisin
2452 504 2648 574 ﬁnem,
2671 507 2727 559 et
2749 508 2838 558 est
2856 504 2976 558 haec
2997 501 3144 558 actio
3167 518 3270 574 pro
3287 501 3570 572 octava,id
3601 506 3711 564 est,

300 610 328 639 «
355 589 575 661 gemitu
607 606 757 660 meo,
791 589 992 647 lavabo
1025 609 1124 663 per
1181 593 1444 663 singulas
1502 599 1698 648 noctes
1729 593 1945 647 lectum
2052 609 2154 663 pro
2177 591 3426 663 exspectationejudicii,etestaccipiendain
3445 589 3702 662 hymnis,

301 699 330 726 «
345 677 785 750 meum,lacrym
797 680 844 734 is
858 680 1002 734 meis
1017 685 1263 736 stratum
1279 698 1474 736 meum
1491 682 1710 752 rigabo.
1728 681 1948 736 Turba-

303 788 332 817 ‹‹
355 770 552 821 tuaest
573 784 606 821 a
627 767 818 822 furore
840 768 1043 824 oculus
1062 770 1565 835 meus,inveteravi
1585 771 1734 824 inter
1747 787 1950 825 omnes

305 854 624 910 «inimicos
637 857 1112 912 meos.Discedite
1127 876 1159 912 a
1177 874 1499 922 me,omnes
1518 859 1612 928 qui
1631 857 1950 929 operamini

308 964 332 992 ι
352 943 1024 1016 iniquitatem,quoniam
1043 946 1625 1002 exaudivitDominus
1643 963 1837 1001 vocem
1861 946 1955 1001 fle-

313 1052 336 1082 ι
359 1037 456 1088 tus
475 1032 608 1086 mei.
626 1033 928 1088 Exaudivit
950 1035 1228 1089 Dominus
1249 1035 1716 1106 deprecationem
1736 1051 1948 1100 meam,

305 1145 333 1171 ‹‹
367 1121 650 1177 Dominus
684 1123 1004 1177 orationem
1038 1139 1229 1178 meam
1257 1123 1534 1195 suscepit.
1595 1124 1955 1178 Erubescant

306 1235 333 1260 «
361 1216 418 1266 et
449 1211 872 1266 conturbentur
898 1212 1270 1267 vehementer
1299 1229 1502 1268 omnes
1543 1212 1766 1268 inimici
1799 1213 1909 1268 mei
1936 1231 1948 1268 :

306 1323 335 1350 ‹‹
368 1303 779 1356 convertantur
807 1306 863 1354 et
891 1301 1240 1356 erubescant
1270 1300 1434 1358 valde
1453 1301 1744 1356 velociter.
1784 1325 1810 1349 ››

933 1425 1325 1481 ENARRATIO.

377 1511 635 1569 Psalmus
653 1513 823 1568 David
835 1529 933 1584 pro
949 1522 1131 1569 octava
1155 1516 1214 1569 in
1235 1516 1400 1584 finem
1417 1517 1476 1569 in
1505 1515 1725 1586 hymnis
1751 1532 1761 1571 :
1797 1520 1955 1571 octa-

305 1620 416 1658 vus
446 1601 730 1674 accipitur
757 1602 870 1658 dies
891 1603 1117 1674 judicii.
1154 1603 1423 1669 Quidam,
1451 1621 1715 1676 perverse
1746 1603 1955 1659 intelli-

307 1695 532 1764 gentes,
563 1695 782 1762 septem
816 1690 1000 1746 millia
1029 1709 1315 1746 annorum
1349 1709 1450 1763 pro
1495 1697 1716 1764 septem
1749 1693 1956 1748 diebus

314 1779 680 1852 accipiebant
732 1783 789 1834 et
843 1784 994 1851 post,
1030 1779 1197 1851 sequi
1254 1785 1546 1847 octavum,
1605 1782 1662 1836 id
1723 1785 1830 1851 est,
1855 1783 1956 1851 ju-

313 1868 445 1925 dicii
479 1867 653 1936 diem,
707 1873 764 1922 et
821 1867 904 1922 sic
964 1869 1115 1923 diem
1161 1869 1350 1938 judici
1407 1874 1628 1925 certum
1677 1887 1740 1926 se
1793 1870 1954 1925 inve-

312 1957 469 2013 nisse
499 1957 804 2029 putabant.
838 1957 1062 2022 Quibus
1092 1957 1212 2012 haec
1240 1959 1417 2012 verba
1469 1958 1696 2013 Domini
1729 1964 1958 2014 contra-

312 2045 554 2101 dicunt:
613 2047 731 2100 Non
785 2060 865 2099 est
913 2048 1152 2100 vestr-um
1201 2061 1356 2100 nosse
1411 2054 1657 2118 tempora
1711 2048 1794 2102 vel
1842 2063 1958 2103 mo-

311 2142 501 2190 menta
529 2150 648 2205 qua
694 2136 859 2188 Pater
912 2142 1092 2205 posuit
1139 2135 1200 2188 in
1259 2151 1361 2189 sua
1411 2144 1672 2204 potestate
1721 2137 1850 2208 (Act.
1895 2138 1958 2207 ι),

314 2230 370 2281 et
383 2223 497 2280 alia
517 2222 730 2279 multa:
759 2227 948 2295 potest
967 2228 1163 2279 autem
1193 2224 1276 2279 sic
1301 2223 1542 2297 intelligi
1569 2243 1588 2280 :
1611 2225 1687 2280 Ex
1711 2242 1824 2297 quo
1844 2242 1962 2280 om-

313 2314 412 2369 nia
441 2316 740 2384 cmperunt
769 2328 894 2382 qum
925 2312 1348 2368 variationibus
1406 2314 1731 2385 subjacent,
1773 2319 1960 2370 totum

313 2401 454 2456 illud
489 2406 718 2471 tempus
747 2405 969 2471 septem
1001 2401 1206 2458 diebus
1236 2402 1504 2468 volvitur,
1538 2403 1664 2459 ideo
1698 2407 1816 2459 tota
1843 2403 1962 2458 haec

311 2490 428 2544 vita
447 2488 508 2542 in
521 2489 847 2559 septenario
866 2493 1054 2560 potest
1075 2491 1278 2561 accipi.
1303 2491 1622 2548 Transacta
1636 2491 1743 2546 hac
1765 2509 1960 2546 rerum

312 2575 887 2647 vertigine,sequitur
907 2577 1190 2645 octava,in
1218 2593 1335 2647 qua
1347 2595 1460 2632 non
1485 2579 1595 2632 erit
1615 2595 1761 2648 opus
1782 2579 1963 2633 varie-

314 2670 434 2722 tate
454 2661 955 2736 temporum,quia
969 2663 1094 2719 dies
1117 2663 1217 2718 illa
1237 2682 1354 2719 non
1377 2667 1825 2736 variabitur,nec
1846 2664 1967 2721 ver-

318 2759 478 2811 tetur
506 2753 564 2808 in
595 2752 890 2808 tenebras.
922 2751 1139 2808 Aliter:
1173 2768 1272 2808 sex
1303 2753 1510 2808 diebus
1559 2759 1832 2826 operatus
1879 2760 1969 2811 est

321 2843 628 2899 Dominus.
662 2841 723 2896 In
757 2845 1024 2896 creatura
1054 2841 1522 2914 uniuscujusque
1554 2848 1746 2914 potest
1785 2844 1968 2915 accipi

324 2934 503 2989 etiam
517 2931 695 2986 unius
715 2929 827 2984 diei
841 2930 1097 3001 spatium
1113 2930 1168 2984 in
1186 2947 1301 3001 qua
1313 2932 1538 3002 operari
1558 2931 1972 3002 licet.Septima

329 3021 452 3076 dies
475 3018 756 3090 accipitur
775 3017 1028 3089 spatium
1056 3017 1195 3072 illud
1212 3019 1368 3090 quod
1386 3027 1470 3074 est
1494 3019 1971 3076 intertransitum

327 3109 510 3180 hujus
523 3107 651 3162 vitae
664 3112 719 3162 et
731 3121 1101 3162 communem
1116 3107 1594 3162 resurrectionem
1609 3114 1836 3163 .Octava
1849 3109 1973 3165 dies

323 3203 414 3254 est
445 3195 910 3253 resurrectionis.
943 3194 1155 3250 Aliter:
1204 3196 1330 3250 dum
1374 3201 1514 3251 sunt
1541 3197 1965 3270 generationes,

324 3303 440 3342 una
463 3283 924 3354 carnalis,altera
941 3282 1240 3354 spiritalis.
1260 3284 1523 3341 Carnalis
1543 3286 1834 3357 generatio
1861 3287 1970 3342 fuit

323 3393 356 3430 a
374 3374 562 3446 primo
590 3373 825 3428 homine
848 3388 1034 3442 usque
1055 3372 1125 3426 ad
1152 3372 1609 3429 Christum.l{zec
1635 3375 1964 3446 fuitprima,

323 3463 634 3519 carnaliter
654 3461 1086 3532 vixit,quamvis
1117 3461 1173 3515 in
1207 3479 1272 3516 ea
1290 3461 1473 3532 aliqui
1495 3463 1830 3534 spirituales
1854 3466 1968 3520 fue-

323 3556 480 3622 runt,
513 3554 579 3604 ut
608 3548 921 3618 Abraham,
955 3549 1115 3604 Isaac
1171 3554 1229 3604 et
1258 3549 1458 3616 Jacob,
1516 3551 1613 3622 qui
1649 3552 1706 3606 in
1750 3553 1967 3624 Spiritu

321 3645 526 3696 sancto
557 3639 672 3694 Deo
702 3638 1045 3704 servierunt,
1077 3642 1272 3694 tamen
1321 3639 1581 3694 carnales
1639 3641 1775 3695 dicti
1807 3647 1965 3709 sunt,

320 3729 458 3802 quia
487 3727 748 3783 carnales
779 3727 1212 3782 observationes
1233 3733 1663 3798 acceperunt,et
1681 3728 1738 3783 in
1762 3732 1970 3786 umbra

318 3817 576 3872 fuerunt.
610 3815 903 3888 Spiritalis
932 3816 1228 3884 generatio
1269 3815 1554 3886 accipitur
1603 3816 1863 3872 ﬁdelium
1895 3819 1968 3874 ab

316 3906 568 3961 adventu
585 3903 796 3958 Christi
819 3920 1005 3975 usque
1031 3904 1088 3958 in
1109 3904 1284 3958 ﬁnem
1300 3903 1652 3974 szeculi,quaa
1673 3905 1968 3976 generatio

315 3993 598 4064 spiritalis
623 3992 1150 4063 dicitur,quiavivit
1173 3992 1231 4047 in
1250 3991 1742 4063 nominespiritus
1768 3998 1825 4049 et
1851 4011 1965 4050 non

317 4081 378 4137 in
407 4086 696 4138 vetustate
725 4080 930 4135 litterae
963 4081 1009 4150 (Ι
1038 4080 1160 4134 Cor.
1195 4082 1309 4150 xv),
1343 4084 1398 4135 et
1431 4079 1549 4135 hinc
1590 4086 1679 4137 est
1709 4083 1968 4140 secunda

315 4171 632 4242 generatio.
657 4168 994 4224 Priusenim
1026 4167 1277 4236 carnale,
1298 4169 1505 4224 deinde
1527 4171 1679 4240 quod
1708 4171 1967 4241 spiritale

315 4261 491 4328 (Rom.
523 4259 646 4329 vn).
684 4262 777 4311 Hae
796 4257 920 4311 duas
951 4257 1354 4327 generationes
1382 4257 1712 4313 referuntur
1727 4260 1797 4314 ad
1830 4277 1965 4332 sep-

316 4347 609 4403 tenarium
625 4361 934 4401 numerum
947 4343 1068 4415 ,qui
1092 4349 1397 4400 constatex
1418 4351 1667 4417 quatuor
1683 4353 1738 4403 et
1754 4348 1962 4404 tribus.

315 4438 575 4502 Quatuor
604 4436 935 4490 referuntur
963 4433 1036 4489 ad
1069 4432 1317 4504 primam
1351 4435 1804 4505 generationem,
1827 4437 1967 4508 quia

2057 681 2195 752 quia
2216 681 2362 736 bene
2380 681 2673 752 bymnizat
2695 681 2808 736 Deo
2823 679 3008 736 ﬁdelis
3027 681 3384 750 anima,cum
3410 695 3510 750 per
3533 679 3714 750 pceni-

2059 769 2300 824 tentiam
2334 787 2396 825 se
2426 769 2650 842 afﬂigit.
2685 769 2957 824 Gaudium
2988 769 3200 824 etenim
3230 774 3307 824 est
3358 769 3580 837 angelis
3609 769 3708 822 Dei

2059 874 2222 928 super
2253 875 2359 913 uno
2379 863 2669 928 peccatore
2677 859 3055 929 paznitentiam
3074 862 3278 927 agente
3297 858 3446 928 (Luc.
3467 857 3582 926 xv).
3614 857 3720 912 Est

2062 950 2256 1000 autem
2273 947 2329 999 in
2345 946 2451 1000 hoc
2466 946 2691 1018 psalmo
2706 964 2810 1001 vox
2823 947 3112 1018 cujusque
3126 946 3224 1000 inﬁ
3237 946 3345 1000 rmi
3362 945 3716 1011 ﬁdelis,con-

2060 1035 2375 1089 siderantis
2392 1041 2649 1090 octavam
2672 1035 2851 1102 illam,
2874 1036 2928 1089 id
2943 1039 3049 1097 est,
3063 1035 3424 1090 tremendam
3451 1033 3608 1088 diem
3622 1035 3721 1103 ju-

2062 1123 2194 1177 dicii
2213 1123 2280 1177 ad
2310 1140 2486 1194 quam
2509 1139 2714 1178 omnes
2735 1121 3409 1194 venientjudicandi,alii
3433 1122 3504 1177 ad
3531 1121 3714 1177 beati-

2061 1209 2454 1276 tndinem,alii
2469 1211 2540 1266 ad
2557 1215 2871 1282 paenam.et
2893 1227 2999 1266 suo
3014 1209 3276 1282 exemplo
3292 1209 3438 1266 alios
3452 1211 3522 1265 ad
3539 1210 3719 1282 poeni-

2063 1300 2303 1354 tentiam
2317 1298 2962 1356 etvocationemdivinae
2977 1298 3390 1355 misericordiae
3403 1297 3716 1355 hortantis.

2068 1399 2311 1467 Domine,
2343 1413 2413 1452 ne
2431 1399 2489 1452 in
2510 1401 2699 1468 furore
2729 1405 2819 1452 tuo
2840 1413 3040 1467 arguas
3066 1413 3171 1464 me,
3197 1413 3370 1468 neque
3391 1398 3451 1452 in
3497 1399 3589 1452 ira
3617 1405 3721 1453 tua

2066 1496 2165 1541 tua
2181 1488 2458 1557 corripias
2477 1486 2668 1540 mc.Te
2689 1485 2912 1551 invoco,
2937 1483 3036 1556 qui
3059 1485 3408 1540 esDominus
3428 1485 3716 1541 omnium.

2067 1574 2196 1629 Scio
2223 1575 2360 1645 quia
2387 1575 2582 1630 venies
2604 1573 2980 1645 judicaturus
3012 1573 3158 1629 alios
3181 1573 3237 1628 in
3263 1575 3477 1641 furore,
3502 1578 3559 1628 et
3574 1572 3720 1628 alios

2066 1662 2125 1717 in
2159 1663 2244 1717 ira
2273 1668 2410 1729 tua;
2445 1679 2583 1733 rogo
2615 1667 2687 1726 te,
2723 1667 2786 1716 ut
2816 1663 2908 1716 hic
2940 1679 3032 1717 me
3053 1662 3284 1732 judices
3315 1663 3456 1717 dum
3484 1667 3722 1734 tempus

1991 1781 2036 1845 Β
2067 1755 2156 1806 est
2185 1751 2595 1806 misericordiae
2626 1756 2682 1806 et
2710 1751 2836 1806 dies
2868 1750 3096 1807 salutis.
3129 1751 3289 1806 Sicut
3320 1751 3481 1806 furor
3533 1751 3724 1822 major

2067 1843 2157 1893 est
2187 1856 2362 1902 quam
2396 1839 2498 1908 ira,
2535 1839 2672 1910 quia
2701 1839 2786 1893 ira
2813 1838 3024 1901 brevis,
3058 1840 3220 1893 furor
3247 1843 3335 1893 est
3365 1838 3612 1909 longus;
3641 1839 3724 1893 ita

2070 1944 2311 1999 arguere
2341 1927 2533 1999 majus
2565 1932 2652 1982 est
2665 1943 2842 1998 quam
2856 1927 3335 1999 corripere.Saepe
3348 1927 3448 1999 qui
3469 1943 3724 2000 arguun-

2070 2021 2168 2072 tur
2195 2021 2578 2072 accusantur:
2613 2015 3043 2071 accusationem
3077 2017 3342 2087 sequitur
3399 2014 3720 2086 damnatio,

2071 2105 2349 2161 correctio
2367 2105 2509 2158 ﬁtad
2524 2103 2992 2159 emendationem
3026 2122 3038 2166 ;
3065 2103 3722 2175 etquiainfuturojudi-

2071 2195 2158 2249 cio
2190 2194 2286 2248 alii
2308 2192 2711 2265 arguunturin
2740 2194 2930 2247 furore
2953 2193 3090 2264 (non
3109 2193 3261 2264 quod
3288 2193 3447 2248 furor
3468 2193 3640 2248 cadat
3659 2193 3718 2248 in

2072 2282 2255 2336 Deum
2281 2282 2438 2337 furor
2459 2281 2615 2336 enim
2642 2286 2730 2335 est
2751 2298 2966 2354 magna
2981 2282 3492 2336 animicommotio
3515 2282 3586 2336 ad
3602 2280 3725 2335 vin-

2072 2371 2333 2440 dictam),
2362 2371 2582 2426 scilicet
2614 2371 2754 2441 quia
2783 2371 2943 2442 gravi
2975 2370 3292 2442 supplicio:
3329 2368 3548 2441 duplici
3565 2369 3723 2425 enim

2073 2459 2418 2514 contritione
2449 2463 2825 2514 conterentur
2846 2460 2972 2530 (Jer.
3010 2463 3147 2526 xvn)
3177 2458 3273 2514 alii
3307 2459 3366 2514 in
3396 2459 3503 2527 ira,
3529 2463 3595 2514 ut
3623 2458 3725 2530 qui

2074 2573 2253 2628 supra
2283 2556 2730 2611 fundamentum
2762 2556 2896 2611 ﬁdei
2928 2557 3360 2611 aadiﬁcaverunt
3381 2554 3630 2628 lignum,
3652 2556 3730 2612 fe-

2075 2642 2984 2714 num,stipulam,salvabuntur;
3019 2645 3172 2716 quod
3205 2645 3289 2700 sic
3312 2648 3528 2710 tamen,
3561 2645 3733 2716 quasi

2076 2749 2178 2804 per
2207 2732 2400 2803 ignem
2435 2733 2477 2801 (ι
2510 2731 2633 2785 Cor.
2668 2737 2786 2800 Ill);
2810 2750 2842 2786 o
2863 2731 3456 2804 Domine,antequam
3478 2732 3729 2803 adjudi-

2077 2821 2328 2877 candum
2360 2821 2579 2885 venias,
2603 2821 2743 2875 dum
2766 2825 3001 2892 tempus
3027 2827 3117 2877 est
3140 2821 3551 2876 misericordia:
3569 2824 3735 2877 mise-

2077 2925 2200 2964 rere
2226 2908 2418 2975 mei,id
2442 2913 2530 2963 est
2551 2909 3023 2975 misericorditer,
3041 2927 3133 2965 me
3154 2910 3248 2965 hic
3271 2909 3736 2982 corripe,etopus

2081 3001 2189 3063 est,
2211 2999 2472 3070 quoniam
2502 2997 2753 3066 inﬁrmus
2781 3014 2923 3052 sum.
2945 2997 3230 3054 Delictum
3262 2997 3434 3070 primi
3470 2997 3734 3069 parentis

2085 3102 2315 3158 poenam
2349 3087 2633 3140 contraxit
2655 3102 2878 3158 magnae
2903 3086 3264 3142 inﬁrmitatis
3283 3087 3338 3141 in
3365 3103 3570 3142 omnes
3601 3103 3734 3160 pos-

2084 3179 2259 3229 teros.
2291 3175 2408 3228 Non
2436 3175 2587 3229 enim
2615 3175 2756 3244 quod
2783 3175 2921 3245 volo,
2955 3177 3054 3231 hoc
3107 3191 3210 3246 ago
3231 3193 3251 3236 ;
3307 3175 3398 3230 sed
3455 3175 3597 3246 quod
3643 3174 3733 3231 odi

2078 3263 2311 3323 malum.
2335 3263 2479 3317 illud
2505 3265 2650 3334 facio
2674 3264 2851 3334 (Rom.
2886 3265 3008 3335 vn).
3043 3296 3110 3305 —~
3160 3265 3418 3334 Inﬁrmus
3444 3281 3581 3328 sum,
3615 3279 3734 3318 non

2075 3350 2267 3408 solum
2298 3352 2358 3406 in
2390 3368 2646 3424 corpore,
2680 3353 2781 3408 sed
2813 3352 2986 3407 etiam
3019 3353 3076 3406 in
3109 3354 3324 3408 anima.
3383 3352 3453 3407 Et
3497 3352 3606 3407 hoc
3639 3355 3730 3408 est

2076 3441 2232 3512 quod
2262 3440 2440 3496 dicit:
2476 3440 2628 3497 Sana
2661 3457 2764 3508 me,
2794 3441 3146 3512 Domine,qui
3179 3458 3240 3498 es
3263 3440 3594 3496 animarum
3617 3457 3736 3497 me-

2078 3530 2267 3595 dicus,
2299 3533 2559 3602 quoniam
2591 3531 2918 3586 conturbata
2975 3538 3103 3585 sunt
3162 3547 3281 3586 ossa
3334 3547 3472 3600 mea,
3529 3530 3589 3585 id
3620 3536 3728 3594 est,

2077 3619 2316 3673 virtutes
2341 3636 2465 3689 quae
2488 3623 2626 3674 sunt
2652 3619 2859 3673 animm
2891 3619 3068 3674 robur
3087 3619 3171 3674 vel
3195 3619 3579 3687 carnalitatis,
3599 3635 3732 3674 con-

2077 3708 2320 3762 turbatae
2343 3712 2502 3774 sunt,
2535 3708 2591 3761 id
2616 3713 2722 3773 est,
2757 3709 3012 3763 confusae
3047 3714 3103 3762 et
3131 3709 3453 3764 obscuratae
3475 3724 3542 3764 ex
3569 3708 3733 3762 inﬁr-

2091 3796 2290 3851 mitate
2321 3795 2418 3851 illa
2447 3813 2623 3867 quam
2657 3814 2690 3851 a
2720 3797 2908 3868 primo
2943 3801 3180 3869 parente
3219 3797 3504 3853 contraxi.
3562 3797 3632 3852 Et
3663 3812 3734 3854 ne

2081 3884 2212 3956 quis
2227 3901 2361 3940 ossa
2390 3901 2661 3956 corporea
2691 3885 2996 3957 acciperet,
3029 3885 3265 3957 exponit
3294 3885 3430 3957 quid
3463 3901 3567 3957 per
3593 3901 3729 3941 ossa

2079 3972 2217 4028 velit
2248 3973 2590 4046 intelligere.
2649 3977 2714 4029 Et
2760 3975 2957 4030 anima
3003 3991 3125 4030 mea
3168 3975 3383 4030 turbata
3430 3983 3510 4030 est
3541 3973 3723 4030 valde.

2076 4071 2291 4126 Aliter:
2326 4071 2466 4142 quia
2497 4071 2768 4128 inﬁrmus
2799 4090 2929 4128 sum
2982 4072 3038 4126 in
3099 4089 3292 4140 carne,
3353 4072 3624 4128 inﬁrmus
3677 4072 3736 4127 in

2076 4160 2409 4226 virtutibus,
2445 4161 2572 4215 ideo
2605 4161 2804 4215 anima
2860 4177 2990 4216 mea
3047 4161 3282 4216 turbata
3313 4166 3404 4216 est
3454 4158 3624 4216 valde
3658 4160 3729 4216 ad

2076 4250 2584 4320 compunclionem
2643 4253 2698 4304 et
2753 4250 2826 4305 ad
2893 4250 3202 4322 gemitum.
3286 4250 3356 4304 Et
3432 4250 3572 4322 quia
3625 4265 3733 4322 ego

2076 4337 2146 4391 ad
2186 4338 2586 4408 paenitentiam
2619 4339 2886 4394 turbatus
2917 4355 3070 4404 sum,
3131 4343 3210 4404 tu,
3258 4339 3501 4409 Domine,
3534 4354 3733 4410 usque-

2075 4443 2179 4497 quo
2211 4427 2467 4481 turbaris
2489 4425 2517 4479 ‘?
2548 4431 2606 4481 et
2636 4427 2896 4498 quandiu
2929 4427 3128 4482 diﬁ'ers
3186 4443 3394 4482 sanare
3414 4427 3441 4482 ?
3468 4426 3732 4483 Medicus

317 4523 1098 4593 carnalitervixit,quiacaro
1117 4506 1964 4594 constatquatuorelementis.
2000 4506 2043 4569 D
2076 4519 2288 4586 aegroto
2335 4515 2631 4569 ϐοηῖὶῒεῐιῐί
2683 4532 2850 4570 suam
2909 4515 3313 4570 inﬁrmitatem
3375 4514 3730 4570 mediCinam

315 4611 630 4668 Ternarius
652 4613 721 4667 ad
749 4618 864 4668 tres
886 4611 1093 4666 animae
1118 4612 1407 4682 potentias
1422 4613 1961 4669 refertur.Estenim

317 4699 642 4762 rationalis,
670 4700 998 4767 irascibilis,
1022 4699 1511 4771 concupiscibilis.
1541 4701 1838 4756 Rationem
1865 4701 1962 4757 ba-

313 4790 413 4844 bet
441 4789 512 4844 ad
545 4787 993 4844 discernendum
1017 4787 1170 4841 inter
1199 4788 1520 4858 appetenda
1554 4792 1610 4843 et
1640 4805 1752 4843 non
1786 4806 1960 4860 appe-

311 4879 488 4934 tenda
513 4896 526 4944 ;
551 4877 758 4933 deinde
775 4875 1325 4946 concupiscentiam,
1340 4881 1400 4930 ut
1421 4877 1567 4931 sciat
1585 4877 1736 4931 bona
1756 4893 1963 4932 concu-

313 4968 575 5040 piscere;
610 4967 779 5030 iram,
819 4969 883 5020 ut
927 4965 1074 5019 sciat
1124 4963 1292 5018 malis
1339 4964 1528 5019 irasci.
1585 4965 1693 5020 Sed
1727 4966 1865 5038 quia
1893 4983 1961 5022 ex

312 5056 596 5111 afﬁnitate
619 5057 879 5127 corporis
901 5054 1021 5108 hinc
1048 5068 1201 5123 sape
1230 5051 1593 5116 hebetantur,
1636 5053 1763 5109 ideo
1795 5055 1958 5109 adhi-

313 5145 486 5200 betur
502 5145 768 5200 doctrina
783 5144 853 5198 ad
874 5141 1325 5197 iliuminandam
1350 5140 1652 5205 rationem,
1680 5143 1866 5200 virtus
1886 5145 1956 5200 ad

309 5233 719 5288 refrenandam
742 5233 986 5288 nimiam
1016 5231 1164 5285 iram
1198 5234 1256 5284 et
1285 5229 1528 5285 nimiam
1549 5232 1959 5304 concupiscen-

308 5322 470 5378 tiam.
508 5326 644 5377 Post
664 5322 818 5376 hunc
844 5321 1238 5392 septenarium
1262 5318 1450 5373 veniet
1472 5319 1594 5375 dies
1614 5327 1871 5387 octavus,
1898 5321 1957 5376 in

306 5427 420 5482 quo
434 5409 1162 5480 remunerabiturquisque
1175 5408 1320 5462 bene
1335 5406 1594 5462 usushoc
1609 5411 1957 5482 septenario,

305 5497 365 5553 in
384 5515 622 5570 corpore
652 5503 709 5553 et
737 5498 934 5554 anima
967 5497 1038 5551 ad
1072 5495 1337 5567 gloriam,
1372 5495 1522 5550 male
1555 5513 1686 5552 vero
1719 5516 1862 5554 usus
1886 5500 1957 5556 ad

306 5601 558 5667 pcenam.
581 5587 871 5660 Psalmus,
890 5586 946 5642 id
968 5584 1238 5657 est,bona
1253 5584 1512 5657 operatio
1530 5583 1710 5658 hujus
1722 5588 1955 5663 psalmi,

2073 4618 2284 4674 negare
2313 4619 2424 4656 non
2460 4603 2649 4657 debet.
2683 4608 2763 4657 Ne
2823 4602 2973 4658 ultra
3009 4603 3281 4672 turberis,
3341 4602 3430 4657 vel
3464 4618 3534 4657 ne
3565 4602 3730 4657 diﬂ‘e-

2072 4708 2166 4746 ras
2199 4691 2484 4758 misereri,
2521 4691 2714 4762 potius
2733 4696 3062 4756 convertere,
3097 4692 3360 4753 Domine;
3391 4691 3546 4746 sicut
3567 4707 3730 4746 aver-

2071 4779 2348 4835 susfuisti
2371 4779 2760 4848 avertenti,ita
2781 4785 3113 4834 convertere
3146 4779 3520 4835 convertenti.
3577 4784 3730 4833 Deus

2071 4885 2174 4924 nec
2206 4868 2503 4934 avertitur,
2539 4885 2641 4923 nec
2685 4872 3079 4932 convertitur;
3115 4869 3214 4924 sed
3262 4869 3390 4938 ejus
3425 4866 3728 4923 conversio

2072 4957 2462 5012 miserationis
2492 4962 2582 5011 est
2612 4957 2886 5027 ostensio,
2913 4957 3065 5012 sicut
3097 4959 3319 5013 aversio
3343 4973 3476 5011 cum
3500 4955 3726 5011 miseri-

2068 5047 2274 5101 cordia:
2305 5045 2601 5102 subtrahit
2633 5063 2890 5102 manum.
2924 5049 2991 5101 Et
3021 5049 3170 5118 eripe
3219 5048 3470 5100 animam
3519 5060 3724 5111 meam,

2070 5133 2382 5210 haerentem
2433 5133 2707 5204 vepribus
2765 5135 3088 5190 carnalium
3148 5133 3620 5190 delectationum.
3653 5133 3728 5188 Et

2069 5228 2334 5294 ereptum
2369 5223 2578 5276 salvum
2609 5239 2694 5277 me
2723 5225 2831 5294 fac,
2864 5224 2919 5278 id
2957 5229 3063 5290 est,
3124 5225 3199 5278 da
3228 5221 3722 5295 persevcrantiam

2069 5313 2126 5366 in
2161 5311 2332 5374 bono,
2367 5315 2429 5364 ut
2458 5310 2646 5366 bonus
2679 5313 2938 5368 medicus
2971 5314 3069 5384 qui
3093 5318 3364 5368 sanatum
3396 5313 3725 5375 conservat,

2069 5400 2432 5456 ostendendo
2464 5400 2603 5471 quid
2636 5400 2815 5456 vitare
2846 5407 2902 5456 et
2929 5403 3067 5472 quid
3111 5417 3344 5457 sumere
3390 5399 3723 5455 conveniat.

2072 5502 2303 5568 Propter
2334 5498 2768 5554 misericordiam
2789 5509 2964 5570 tuam,
2991 5517 3104 5556 non
3155 5499 3378 5555 meritis
3401 5497 3566 5554 meis.
3599 5496 3726 5553 Non

2071 5588 2255 5647 habeo
2279 5585 2437 5646 aliud
2468 5587 2744 5664 pretium.
2795 5589 2930 5650 Ideo
2986 5588 3165 5665 eripe,
3225 5587 3356 5648 ideo
3411 5585 3592 5658 salva,
3655 5589 3726 5646 ut
