4040 6208
312 279 427 338 173

1431 277 2039 339 ENARRATIONES
2086 278 2166 338 IN
2215 277 2595 339 PSALMOS.

3601 279 3719 339 174

313 426 537 467 memor
569 409 680 465 sim
730 409 837 481 tui,
886 408 944 463 id
978 412 1085 475 est,
1120 414 1182 464 ut
1209 408 1441 464 laudem
1476 414 1547 464 te.
1585 411 1731 465 Nam
1764 412 1810 466 si
1846 411 1952 465 hoc
1983 414 2036 477 Α
2070 412 2332 481 lacrgmis
2365 413 2497 465 meis
2527 410 2912 467 exterioribus
2942 408 3150 478 rigabo,
3182 407 3340 465 velut
3368 408 3623 474 hortum,
3654 414 3721 464 ut

314 518 427 555 non
459 499 684 565 feceris,
727 515 843 553 non
875 498 1145 555 laudabo.
1180 504 1325 554 Nam
1359 516 1454 554 ero
1484 499 1542 553 in
1578 505 1783 569 morte,
1818 500 1959 570 quia

312 606 420 644 non
449 597 525 643 est
555 591 612 642 in
641 596 810 643 morte
836 590 933 659 qui
950 605 1161 644 memor
1188 591 1260 644 sit
1280 591 1365 643 tui
1386 591 1437 659 (Ι
1454 594 1600 644 Petr.
1625 590 1706 659 11).
1740 589 1955 644 Aliter:

312 678 444 733 Ideo
474 677 657 732 libera
686 676 911 732 scilicet
940 678 1197 732 animam
1230 694 1421 733 meam
1448 695 1481 733 a
1500 677 1836 733 carnalibus
1860 678 1957 732 de-

311 766 570 835 sideriis,
607 783 734 837 quae
766 766 1022 821 militant
1053 767 1333 821 adversus
1362 783 1520 835 eam,
1555 767 1832 838 quoniam
1854 810 1867 830 ,
1910 764 1960 822 si

312 872 424 909 non
478 854 713 926 eripias,
738 854 1093 910 interﬁcient
1143 871 1254 923 me,
1302 856 1359 909 id
1400 860 1507 919 est,
1541 857 1899 927 separabunt
1928 873 1962 911 a

308 948 383 1012 te,
416 944 516 1015 qui
547 948 636 999 est
666 944 783 998 vita
818 960 976 1009 mea;
1010 948 1064 998 et
1086 944 1134 998 si
1160 950 1447 1013 mortuus,
1478 961 1592 998 non
1617 961 1713 999 ero
1737 962 1962 1001 memor

308 1034 415 1098 tui,
450 1038 514 1087 ut
543 1033 777 1087 redeam
808 1033 879 1087 ad
914 1033 1314 1103 pmnitentiam
1366 1049 1467 1104 per
1505 1034 1954 1089 confessionem.

311 1122 443 1176 Ideo
491 1127 624 1193 post
674 1121 1087 1191 eruditionem,
1140 1123 1193 1175 id
1240 1126 1349 1191 est,
1395 1126 1525 1193 post
1555 1122 1956 1193 paenitentiam

309 1226 608 1275 conserva,
658 1226 731 1263 ne
781 1209 991 1264 iterum
1038 1209 1262 1281 lapsus,
1314 1211 1371 1263 in
1406 1211 1762 1281 profundum
1792 1211 1957 1266 vitio-

307 1316 441 1354 rum
490 1300 766 1363 recidam,
818 1299 917 1353 ubi
959 1299 1085 1369 jam
1126 1300 1451 1369 desperatio
1494 1304 1600 1354 est.
1635 1303 1702 1353 Et
1733 1300 1841 1355 hoc
1872 1304 1961 1355 est

308 1388 463 1459 quod
498 1388 676 1442 dicit:
721 1389 779 1441 In
814 1389 1033 1457 inferno
1063 1392 1243 1442 autem
1288 1390 1410 1457 quis
1438 1388 1785 1457 conﬁtebitur
1812 1390 1961 1443 tibi?

306 1477 530 1532 Aliter:
568 1477 719 1548 eripe
746 1478 996 1531 animam
1024 1492 1221 1543 meam,
1274 1478 1375 1531 sed
1425 1477 1595 1532 modo
1637 1478 1778 1532 dum
1808 1482 1958 1533 tem-

306 1583 417 1637 pus
449 1570 538 1620 est
567 1565 998 1628 misericordia.
1052 1583 1121 1619 ne
1162 1565 1219 1618 in
1253 1565 1505 1636 peccatis
1535 1565 1771 1633 moriar,
1823 1566 1959 1638 quia

303 1655 361 1707 in
385 1658 574 1709 morte
596 1672 709 1709 non
734 1659 824 1709 est
846 1654 944 1725 qui
970 1670 1194 1708 memor
1216 1654 1291 1708 sit
1314 1654 1401 1709 tui
1438 1654 1507 1709 ad
1534 1655 1953 1726 pmnitentiam.

2068 504 2270 572 aptum
2302 501 2403 554 ﬁat
2435 501 2783 556 fructiﬁcare
2813 500 2964 555 Deo:
2998 496 3084 554 vel
3116 514 3328 569 corpus
3354 500 3603 552 stratum
3631 497 3717 551 di-

2069 590 2241 653 citur,
2297 588 2434 658 quia
2474 592 2546 643 ab
2578 590 2812 645 inﬁrmo
2839 590 3035 644 animo
3069 588 3223 643 varie
3252 590 3533 642 versatur.
3588 586 3717 641 Uni-

2068 695 2285 733 versum
2307 687 2543 732 stratum
2566 680 2681 748 ejus
2702 681 2935 734 versasti
2954 680 3013 732 in
3042 678 3368 747 inﬁmitate
3396 677 3513 747 ejus
3543 675 3715 746 (Psal.

2071 771 2180 835 ιχ).
2237 766 2406 821 Tanti
2455 766 2672 821 laboris
2721 784 2959 822 causam
3010 765 3256 822 subdit:
3311 764 3584 823 Turbatus
3641 769 3720 819 est

2070 857 2261 911 oculus
2308 872 2477 925 meus,
2526 856 2581 909 id
2629 860 2737 922 est,
2793 857 2940 910 ratio
2980 854 3067 911 vel
3111 872 3322 910 mens:
3368 853 3464 909 ille
3494 850 3720 909 scilicet

2070 944 2275 1000 oculus
2307 945 2405 1015 qui
2446 944 2646 999 multis
2676 943 3077 1015 corporalibus
3132 943 3315 999 oculis
3346 943 3578 1016 dignior
3606 946 3714 998 est.

2071 1043 2236 1097 Ratio
2268 1043 2423 1097 enim
2457 1044 2782 1097 discernere
2813 1042 2950 1097 facit
2980 1042 3135 1097 mala
3167 1059 3200 1096 a
3232 1040 3416 1109 bonis,
3465 1041 3717 1097 damna-

2070 1132 2288 1187 tionem
2336 1149 2370 1186 a
2419 1130 2757 1187 salvatione.
2812 1130 2913 1186 Illa
2951 1131 3244 1194 turbatur,
3286 1146 3421 1185 cum
3454 1129 3716 1185 futuram

2070 1220 2507 1275 damnationem
2540 1220 2835 1292 praevidet,
2868 1225 2923 1274 et
2952 1236 3057 1274 nos
3081 1218 3239 1273 illam
3268 1219 3555 1275 meruisse
3580 1236 3718 1274 con-

2070 1308 2305 1364 siderat.
2358 1311 2397 1363 A
2437 1314 2648 1380 furore,
2696 1310 2750 1363 id
2798 1314 2906 1374 est,
2942 1326 2976 1362 a
3007 1307 3383 1363 damnatione
3412 1308 3591 1362 futuri
3617 1308 3717 1379 ju-

2070 1397 2205 1452 dicii
2256 1398 2315 1451 in
2370 1404 2570 1453 octava
2603 1417 2615 1453 :
2660 1397 2747 1454 vel
2781 1415 2813 1452 a
2842 1402 3053 1469 furore,
3099 1396 3155 1451 id
3198 1401 3307 1467 est,
3341 1414 3510 1468 pmna
3540 1413 3715 1468 quam

2070 1487 2393 1557 accipimus
2429 1488 2486 1541 in
2517 1487 2706 1558 primo
2733 1491 2998 1558 parente:
3023 1484 3164 1541 vela
3188 1488 3400 1557 furore,
3435 1485 3574 1558 quia
3603 1502 3717 1540 non

2069 1575 2127 1629 in
2163 1577 2615 1631 mansuetudine
2646 1579 2702 1630 et
2733 1576 3013 1647 patientia
3037 1575 3238 1646 judico
3270 1579 3327 1630 et
3360 1575 3418 1629 in
3451 1590 3545 1630 me
3574 1579 3629 1630 et
3659 1574 3718 1629 in

2069 1664 2219 1729 aliis,
2259 1666 2356 1719 sed
2388 1665 2447 1719 in
2494 1665 2598 1719 ira.
2633 1665 2765 1720 Ideo
2798 1664 3041 1720 interior
3069 1663 3275 1719 oculus
3302 1663 3577 1719 turbatus
3607 1668 3716 1733 est,

301 1744 365 1797 In
398 1746 614 1812 inferno
645 1748 828 1798 autem
859 1744 981 1813 quis
1009 1743 1359 1812 conﬁtebitur
1405 1744 1530 1809 tibi,
1572 1744 1650 1798 ita
1684 1750 1747 1799 ut
1779 1761 1953 1799 exau-

2068 1780 2309 1819 cernens
2360 1763 2613 1817 furorem
2663 1767 2832 1817 tuum
2872 1766 3181 1818 venturum
3226 1762 3285 1815 in
3320 1765 3539 1816 octava.
3572 1760 3719 1825 Quia

300 1831 472 1886 dias?
500 1832 730 1887 Nullus.
766 1833 849 1886 Ibi
892 1831 1047 1887 enim
1080 1832 1444 1888 infructuosa
1473 1838 1561 1888 est
1592 1834 1953 1905 paenitentia,

301 1926 368 1974 ut
396 1920 561 1976 illius
592 1921 806 1988 divitis,
843 1927 1007 1976 Pater
1034 1921 1327 1987 Abraham,
1370 1923 1626 1977 miserere
1664 1926 1774 1978 mei
1804 1925 1954 1994 (Luc.

296 2015 441 2077 xvr).
490 2009 592 2065 Vel
641 2011 1013 2081 conﬁtebitur,
1065 2010 1118 2064 id
1168 2015 1275 2079 est,
1325 2010 1524 2066 nullus
1569 2010 1833 2067 laudabit
1880 2018 1952 2068 te.

298 2107 534 2164 Aliter:
591 2110 760 2179 eripe,
813 2110 1028 2163 salvum
1075 2125 1160 2162 me
1209 2111 1299 2179 fac
1332 2126 1348 2158 :
1398 2111 1535 2179 quia
1584 2126 1697 2163 non
1732 2126 1864 2165 sum
1896 2110 1955 2166 in

294 2201 517 2261 morte,
570 2196 627 2250 id
677 2201 785 2266 est,
844 2196 903 2250 in
957 2196 1419 2266 perseveratione
1470 2198 1709 2267 peccati,
1764 2204 1821 2252 et
1873 2199 1957 2254 tui

292 2288 671 2355 contemptu.
722 2290 989 2339 Peccator
1035 2301 1161 2338 cum
1209 2286 1270 2338 in
1324 2284 1663 2354 profundum
1718 2289 1955 2357 venerit,

287 2374 609 2429 contemnit
647 2374 832 2443 (Prov.
864 2373 1047 2442 xvm).
1081 2374 1243 2438 Quod
1278 2374 1521 2427 ostendo
1554 2390 1655 2445 per
1684 2374 1793 2429 hoc
1823 2376 1961 2446 quia

285 2477 535 2516 memor
563 2476 695 2515 sum
726 2461 841 2526 tui,
890 2461 944 2514 id
977 2465 1094 2524 est,
1137 2460 1274 2531 quia
1304 2478 1403 2516 oro
1436 2461 1506 2515 ad
1540 2466 1632 2515 te:
1670 2464 1825 2533 quod
1859 2481 1960 2534 per

285 2565 640 2620 repugnans
671 2549 916 2603 ostendo
942 2566 954 2602 :
988 2554 1115 2605 Non
1145 2550 1300 2603 enim
1334 2554 1407 2603 est
1436 2551 1494 2603 in
1526 2553 1698 2604 morte
1727 2552 1823 2621 qui
1850 2568 1957 2607 me-

282 2656 416 2694 mor
444 2640 524 2692 sit
550 2640 655 2692 tui.
690 2638 804 2710 Ego
837 2638 965 2692 dico
998 2638 1152 2709 quod
1188 2654 1301 2692 non
1335 2638 1446 2692 sim
1480 2639 1538 2693 in
1573 2643 1778 2707 morte,
1827 2640 1955 2695 ideo

286 2727 438 2799 quia
472 2742 696 2781 memor
727 2743 859 2780 sum
906 2725 1014 2789 tui,
1059 2726 1159 2797 qui
1193 2726 1251 2779 in
1282 2725 1507 2780 inferno
1542 2726 1726 2781 multo
1759 2727 1955 2783 minus

286 2833 431 2871 sum
463 2832 477 2868 :
514 2817 574 2868 in
608 2817 842 2885 inferno,
870 2815 925 2868 id
951 2818 1057 2881 est,
1083 2815 1142 2868 in
1166 2814 1591 2884 desperatione,
1619 2832 1747 2887 quae
1769 2817 1956 2870 omni-

284 2905 402 2959 bus
426 2904 690 2975 peccatis
714 2903 951 2957 inferior
975 2902 1257 2966 est.Quod
1285 2904 1527 2958 ostendo
1547 2921 1647 2975 per
1668 2904 1798 2970 hoc,
1817 2904 1955 2976 quia

279 2994 581 3049 conﬁteor
611 2992 715 3046 tibi
748 2990 1046 3046 miseriam
1079 3007 1291 3056 meam,
1318 2996 1374 3045 et
1405 2996 1704 3062 peccatum
1731 3009 1953 3059 meum,

278 3108 399 3147 non
437 3095 643 3146 tuum.
692 3095 834 3143 Nam
877 3089 1009 3160 quis
1044 3090 1389 3160 desperatus
1420 3090 1793 3144 confitebitur
1822 3091 1949 3156 tibi,

273 3180 335 3235 id
378 3184 500 3245 est,
561 3178 635 3234 ad
688 3177 967 3232 honorem
998 3182 1188 3246 tuum,
1224 3183 1279 3232 te
1313 3178 1660 3232 removendo
1693 3195 1723 3232 a
1756 3179 1948 3249 culpa.

278 3269 439 3323 sicut
470 3284 587 3340 ego
621 3266 764 3321 facio
792 3266 818 3320 ?
862 3267 924 3320 In
966 3265 1370 3337 desperatione
1400 3265 1555 3319 enim
1588 3267 1785 3336 positi,
1818 3283 1952 3321 con-

276 3357 537 3412 ﬁtentur
595 3354 912 3425 aliquando
962 3358 1201 3425 peccata
1240 3370 1349 3407 sua
1380 3369 1493 3407 non
1526 3352 1651 3421 tibi,
1685 3354 1784 3407 sed
1817 3370 1951 3408 con-

277 3450 371 3501 tra
404 3452 487 3516 te,
518 3460 661 3499 cum
694 3442 897 3497 dicunt
929 3459 991 3497 se
1023 3441 1168 3496 tales
1199 3459 1232 3495 a
1266 3447 1319 3495 te
1352 3440 1532 3495 creari
1565 3441 1856 3506 debuisse,
1894 3447 1958 3496 ut

273 3551 535 3605 peccare
593 3549 708 3588 non
751 3536 1011 3603 possent,
1060 3534 1116 3585 et
1157 3530 1239 3585 sic
1283 3529 1534 3601 quodam
1570 3531 1741 3584 modo
1772 3548 1833 3586 se
1857 3531 1953 3602 ju-

272 3628 399 3679 stos
458 3623 756 3694 iudicant,
808 3626 865 3675 et
915 3626 1215 3675 accusant.
1266 3618 1495 3674 Aliter:
1544 3620 1712 3689 eripe,
1749 3618 1953 3685 libera,

271 3713 417 3783 quia
453 3729 581 3767 non
623 3726 755 3765 sum
785 3710 843 3763 in
876 3712 1083 3774 morte,
1116 3707 1173 3763 id
1205 3712 1313 3771 est,
1348 3724 1463 3763 non
1494 3725 1623 3762 sum
1654 3713 1953 3763 mortuum

271 3803 659 3869 membrum,
703 3798 794 3854 cui
842 3815 959 3853 non
999 3802 1089 3852 est
1134 3813 1281 3868 opus
1313 3796 1621 3851 medicina.
1656 3797 1801 3860 Quia
1831 3814 1956 3853 me-

269 3906 405 3947 mor
436 3906 591 3946 sum
626 3888 734 3955 tui,
768 3888 827 3941 id
857 3892 964 3954 est,
1000 3886 1411 3940 misericordiae
1444 3891 1559 3940 tuae
1582 3902 1870 3958 cognosco
1900 3892 1957 3943 te

266 3980 622 4044 medicum,
657 3992 941 4047 cognosco
972 3979 1027 4030 te
1061 3974 1523 4039 misericordem,
1557 3991 1661 4046 ego
1695 3976 1834 4043 dixi,
1870 3976 1957 4030 Li-

263 4069 433 4140 bera,
459 4067 699 4123 salvum
744 4081 834 4120 me
862 4066 952 4134 fac
1002 4067 1225 4135 propter
1281 4063 1714 4119 misericordiam
1770 4073 1957 4125 tuam;

262 4170 323 4221 et
354 4172 582 4222 tamen
619 4164 675 4218 in
711 4167 998 4234 quantum
1033 4160 1217 4226 valeo,
1262 4160 1391 4216 volo
1425 4162 1761 4231 promereri.
1813 4162 1959 4224 Quia

261 4255 542 4311 laboravi
575 4254 645 4308 in
676 4252 888 4323 gemitu
916 4266 1054 4316 meo,
1088 4248 1145 4302 id
1176 4254 1281 4317 est,
1309 4248 1571 4304 studiose
1597 4250 1874 4321 ingemui,
1903 4256 1961 4306 et

260 4360 383 4399 non
436 4343 660 4399 solum
704 4338 981 4403 laboravi,
1036 4337 1227 4393 lavabo
1270 4354 1372 4408 per
1398 4339 1649 4405 singulas
1676 4347 1853 4393 noctes
1882 4340 1958 4394 te-

259 4441 417 4488 ctum
454 4446 665 4487 meum
686 4446 705 4481 .·
734 4427 959 4493 lavabo,
985 4427 1043 4481 id
1066 4432 1179 4492 est,
1212 4426 1529 4497 puriﬁcabo
1552 4443 1656 4497 per
1674 4428 1958 4498 gemitum

1983 3142 2024 3206 C

2066 1851 2367 1907 inveteravi
2413 1853 2560 1907 inter
2601 1867 2783 1906 omnes
2836 1853 3090 1906 inimicos
3138 1866 3305 1906 meos.
3356 1849 3481 1905 Non
3522 1849 3715 1905 solum

2064 1941 2335 2005 veteravi,
2388 1941 2490 1995 sed
2541 1941 2716 1996 etiam
2767 1941 3093 2007 inveteravi,
3128 1940 3182 1994 id
3215 1943 3325 2005 est,
3356 1937 3521 1994 valde
3548 1942 3714 1994 vetus

2066 2030 2257 2084 factus
2307 2046 2440 2084 sum
2486 2045 2588 2100 per
2617 2029 3103 2084 consuetudinem
3133 2034 3189 2082 et
3219 2028 3713 2099 perseverantiam

2067 2122 2439 2189 peccatorum
2466 2118 2614 2171 inter
2634 2133 2841 2171 omnes
2862 2116 3134 2171 inimicos
3166 2132 3349 2185 meos,
3383 2116 3463 2170 ita
3495 2119 3560 2170 ut
3588 2132 3711 2170 om-

2068 2205 2233 2259 nium
2264 2210 2666 2276 pecccatorum
2689 2222 2886 2259 eorum
2923 2204 3213 2275 particeps
3236 2204 3425 2258 factus
3449 2202 3583 2257 sim.
3609 2202 3714 2258 Vel

2069 2296 2398 2359 inveteravi,
2432 2294 2484 2347 id
2521 2299 2630 2358 est,
2659 2292 2759 2364 qui
2786 2294 3116 2347 membrum
3149 2293 3279 2347 novi
3308 2291 3566 2347 hominis
3588 2306 3717 2348 esse

2067 2399 2354 2453 coeperam
2408 2400 2507 2453 per
2548 2383 2718 2437 ﬁdem
2755 2385 2811 2436 et
2840 2381 3257 2447 innocentiam,
3290 2382 3348 2434 in
3382 2381 3715 2436 membrum

2066 2472 2274 2525 veteris
2294 2470 2551 2525 hominis
2573 2471 2843 2525 redactus
2864 2470 3014 2524 inter
3036 2485 3238 2523 omnes
3262 2469 3532 2524 inimicos
3554 2485 3717 2525 meos

2067 2565 2130 2614 ut
2162 2577 2314 2614 unus
2346 2559 2455 2612 sim
2489 2558 2752 2613 omnium
2786 2563 3183 2628 peccatorum,
3234 2557 3334 2629 qui
3374 2557 3520 2613 mihi
3552 2558 3717 2630 prius

2063 2647 2288 2701 inimici
2336 2648 2590 2701 fuerunt.
2635 2645 2737 2701 Vel
2770 2647 3095 2709 inveteravi,
3128 2646 3183 2700 id
3221 2650 3328 2716 est,
3361 2647 3551 2701 factus
3582 2662 3715 2702 sum

2066 2740 2129 2790 ut
2157 2736 2322 2790 valde
2354 2741 2516 2791 vetus
2552 2735 2993 2799 vestimentum,
3045 2736 3197 2806 quod
3248 2752 3352 2790 nec
3404 2735 3560 2800 usui,
3610 2750 3715 2790 nec

2064 2830 2405 2880 ornamento
2438 2830 2635 2895 aptum
2671 2830 2781 2890 est,
2835 2824 2977 2879 mihi
3009 2824 3164 2890 usui,
3217 2823 3487 2879 Ecclesiae
3542 2840 3713 2879 orna-

2064 2920 2259 2968 mento
2309 2930 2411 2983 per
2461 2912 2809 2966 doctrinam.
2860 2910 3074 2966 Fidelis
3106 2910 3304 2965 anima
3333 2909 3715 2965 considerans

2064 3018 2337 3073 magnam
2387 3004 2480 3055 Dei
2525 3000 2989 3055 misericordiam
3034 2999 3132 3069 qui
3166 2999 3309 3054 dicit
3338 3016 3350 3053 :
3385 2996 3526 3053 Nolo
3558 3014 3713 3053 mor-

2063 3095 2180 3145 tem
2214 3090 2549 3161 peccatoris,
2583 3090 2683 3143 sed
2716 3093 2782 3143 ut
2812 3089 2998 3159 magis
3030 3092 3398 3143 convertatur
3430 3092 3485 3142 et
3515 3088 3711 3156 vivat;

2066 3182 2122 3233 et
2149 3196 2162 3232 :
2224 3179 2287 3232 In
2314 3194 2657 3248 quacunque
2680 3177 2771 3231 die
2795 3182 3061 3248 peccator
3083 3193 3398 3232 conversus
3416 3176 3716 3247 ingemue-

2065 3266 2158 3332 rit,
2212 3265 2407 3321 salvus
2460 3266 2569 3319 erit
2614 3264 2828 3335 (Ezech.
2862 3268 3063 3332 xvm);
3106 3268 3241 3335 post
3269 3281 3462 3319 veram
3496 3264 3714 3334 peccati

2065 3353 2491 3409 confessionem
2526 3370 2640 3407 non
2672 3352 2904 3407 dubitat
2934 3369 2995 3407 se
3026 3352 3383 3417 exauditam,
3415 3351 3497 3406 ita
3520 3350 3715 3406 exsul-

2066 3441 2241 3496 tando
2273 3441 2473 3494 dicens
2508 3458 2520 3494 :
2570 3440 2868 3494 Exaudivit
2896 3442 3160 3496 Dominus
3189 3456 3369 3495 vocem
3395 3442 3555 3510 ﬂetus
3587 3441 3714 3501 mei.

2068 3541 2152 3595 Ita
2181 3542 2237 3593 et
2264 3554 2386 3602 vos,
2420 3537 2756 3608 quicunque
2786 3538 3047 3591 exaudiri
3088 3536 3291 3608 vultis,
3345 3539 3476 3593 date
3516 3554 3716 3593 vocem

2066 3628 2257 3683 ﬂetus.
2292 3629 2409 3682 Vos
2442 3631 2637 3681 autem
2668 3642 2762 3697 qui
2792 3628 3103 3697 operamini
3132 3628 3505 3697 iniquitatem,
3526 3626 3581 3679 id
3606 3630 3717 3691 est,

2065 3717 2164 3789 qui
2220 3715 2482 3771 conﬁteri
2528 3731 2596 3771 ea
2639 3732 2754 3770 non
2794 3713 2991 3782 vultis,
3040 3715 3140 3770 sed
3181 3714 3239 3768 in
3273 3714 3357 3769 eis
3389 3729 3719 3785 persevera-

2063 3807 2161 3876 tis,
2193 3805 2458 3861 Discedite
2486 3822 2515 3859 a
2546 3821 2632 3859 me
2662 3804 2755 3859 hic
2784 3803 3107 3866 alfectione,
3132 3807 3265 3875 post
3292 3807 3487 3858 autem
3514 3790 3718 3857 et'cor-

2065 3911 2223 3967 pore,
2275 3894 2497 3948 scilicet
2538 3893 2598 3947 in
2642 3897 2861 3961 octava,
2896 3892 3180 3948 Ostendat
3211 3890 3508 3963 quomodo
3541 3907 3715 3945 exau-

2065 3983 2185 4038 dita
2222 3982 2299 4037 sit
2332 4000 2343 4037 τ
2401 3982 2699 4036 Exaudivit
2748 3982 3011 4037 Dominus
3056 3981 3487 4052 deprecationem
3515 3996 3717 4045 meam,

2066 4088 2193 4142 quas
2226 4071 2337 4125 fuit
2368 4087 2470 4142 pro
2502 4069 2753 4140 peccatis
2784 4085 2797 4125 :
2833 4074 2895 4124 ut
2922 4069 3091 4137 illud,
3140 4071 3388 4140 Domine,
3433 4086 3503 4125 ne
3532 4071 3597 4125 in
3624 4072 3716 4140 fu-

2068 4175 2190 4214 rore
2218 4165 2333 4213 tuo.
2358 4189 2427 4197 ——
2449 4159 2710 4213 Dominus
2728 4160 3038 4214 orationem
3062 4176 3240 4214 meam
3268 4160 3527 4229 suscepit,
3557 4157 3716 4213 scili-

2068 4253 2157 4303 cet
2206 4263 2334 4317 quaa
2388 4247 2498 4300 fuit
2537 4262 2639 4317 pro
2670 4247 3101 4317 perseverantia
3130 4247 3187 4301 in
3223 4247 3398 4310 bono,
3431 4251 3496 4301 ut
3526 4245 3669 4300 illud
3700 4264 3715 4301 :

2068 4337 2295 4391 Salvum
2322 4350 2408 4388 me
2430 4342 2517 4404 [ac
2551 4339 2767 4405 propter
2798 4336 3244 4406 misericprdiam
3273 4339 3447 4388 tuam.
3480 4365 3541 4374 —
3577 4335 3717 4386 Eru-

2070 4424 2287 4478 bescont
2332 4426 2384 4478 et
2429 4424 2819 4477 conturbentur
2868 4424 3215 4477 vehementer
3261 4438 3446 4477 omnes
3502 4422 3723 4476 inimici

252 4520 490 4577 lectum
532 4534 770 4583 meum,
806 4517 865 4571 id
900 4521 1009 4585 est,
1042 4515 1463 4570 conscientiam
1493 4532 1704 4581 meam,
1740 4516 1963 4571 scilicet
1991 4504 2036 4567 D
2067 4514 2195 4567 mei.
2252 4516 2368 4566 Hoc
2418 4516 2607 4583 potest
2653 4510 2765 4582 legi
2816 4515 2871 4565 et
2918 4512 2976 4565 in
3020 4511 3261 4577 bonum,
3295 4515 3352 4565 et
3383 4510 3442 4564 in
3475 4509 3716 4564 malum.

256 4612 477 4666 omnia
504 4607 630 4664 illa
650 4605 974 4661 emendabo
997 4621 1124 4676 quae
1143 4604 1301 4658 intus
1319 4603 1637 4659 commissi.
1659 4604 1965 4660 Conscien-

256 4700 343 4754 tia
374 4698 701 4769 accipitur
729 4711 832 4766 pro
875 4694 1044 4760 lecto,
1092 4693 1231 4764 quia
1276 4692 1357 4746 ibi
1404 4692 1657 4763 quisque
1695 4693 1961 4764 quiescit,

258 4787 319 4843 id
366 4793 493 4855 est,
554 4783 860 4841 consentit
910 4780 999 4837 vel
1029 4781 1137 4853 legi
1172 4781 1271 4836 Dei
1304 4780 1389 4836 vel
1422 4780 1537 4853 legi
1568 4781 1825 4852 peccati:
1877 4781 1964 4836 vel

261 4879 410 4949 quia
442 4876 539 4930 ibi
580 4876 681 4928 est
702 4872 998 4942 justorum
1031 4868 1280 4940 requies.
1316 4869 1399 4922 Ad
1434 4868 1543 4923 hoc
1568 4868 1723 4923 enim
1752 4885 1963 4941 purga-

258 4970 361 5021 tur
394 4983 433 5021 a
466 4960 776 5019 sordibus
808 4959 1105 5024 vitiorum,
1164 4963 1227 5012 ut
1257 4957 1333 5012 ibi
1367 4957 1445 5012 sit
1476 4957 1705 5028 placida
1735 4962 1789 5011 et
1820 4974 1965 5029 pura

260 5057 442 5127 quies
481 5051 741 5108 animae.
790 5053 898 5103 Per
924 5049 1175 5117 singulas
1218 5054 1425 5113 noctes,
1476 5046 1534 5101 id
1566 5051 1673 5116 est,
1709 5062 1811 5117 per
1839 5046 1963 5101 sin-

258 5143 442 5217 gulas
479 5138 697 5196 malas
729 5136 1108 5209 cogitationes
1136 5153 1147 5201 ;
1182 5135 1269 5190 vel
1303 5137 1501 5191 tectum
1530 5151 1733 5199 meum,
1763 5134 1820 5190 id
1853 5140 1963 5204 est,

260 5229 724 5288 delectationes
774 5223 1057 5279 carnales.
1108 5225 1213 5278 Per
1241 5224 1493 5292 singulas
1521 5227 1721 5289 noctes,
1766 5224 1823 5278 id
1856 5228 1963 5293 est,

264 5347 372 5404 per
405 5323 687 5400 singula
716 5322 853 5377 vitia
881 5322 939 5377 in
974 5322 1186 5394 quibus
1218 5321 1539 5376 delectatus
1572 5338 1725 5376 sum.
1757 5322 1823 5377 Et
1850 5340 1964 5378 non

263 5420 475 5477 solum
512 5410 960 5471 conscientiam
988 5409 1077 5465 vel
1110 5408 1577 5477 delectationem,
1603 5409 1694 5462 cui
1728 5425 1967 5464 consen-

259 5509 334 5565 tit
365 5505 686 5582 spiritus,
733 5499 834 5554 sed
884 5498 1060 5554 etiam
1092 5502 1325 5553 stratum
1355 5513 1561 5561 meum,
1594 5496 1651 5549 id
1681 5500 1787 5563 est,
1822 5497 1965 5554 infe-

258 5600 389 5660 rius
424 5604 693 5658 meum.
743 5588 897 5665 quod
932 5603 1164 5664 semper
1192 5585 1387 5645 animo
1420 5584 1724 5661 subjacere
1771 5586 1961 5661 debet,

2075 4610 2136 4663 In
2163 4610 2404 4675 bonum,
2436 4608 2516 4663 ita
2541 4625 2552 4661 :
2590 4607 2728 4679 quia
2748 4623 2883 4678 ergo
2908 4624 3009 4678 per
3036 4607 3500 4664 erubescentiam
3525 4624 3723 4680 pecca-

2072 4702 2265 4753 torum
2308 4702 2363 4753 et
2405 4698 2643 4769 dignam
2677 4696 3184 4766 compunctionem
3216 4696 3477 4752 exaudiri
3509 4696 3719 4765 merui,

2073 4787 2202 4842 ideo
2232 4788 2434 4841 hortor
2465 4801 2669 4841 omnes
2699 4785 2971 4840 inimicos
2999 4802 3180 4853 meos,
3207 4791 3272 4841 ut
3303 4788 3725 4858 rocognoscant

2074 4881 2310 4947 peccata
2357 4892 2484 4944 sua,
2535 4875 2604 4929 ad
2650 4890 2822 4945 quem
2868 4874 3043 4929 ﬁnem
3089 4875 3347 4930 tendant.
3403 4874 3550 4927 Nam
3594 4874 3723 4942 ﬁnis

2076 4965 2299 5020 illorum
2346 4979 2493 5018 mors
2539 4967 2618 5017 est
2668 4964 2847 5033 (Rom.
2899 4966 3008 5034 v1).
3059 4964 3129 5018 Et
3176 4963 3520 5018 erubescant
3558 4978 3620 5016 se
3655 4976 3725 5017 ea

2074 5058 2459 5124 perpetrasse,
2508 5056 2565 5106 et
2594 5055 2729 5122 post
2758 5050 3165 5105 verecundiam
3198 5051 3620 5105 conturbentur
3649 5050 3721 5105 ad

2075 5140 2583 5213 compunctionem
2618 5145 2673 5194 et
2704 5138 3143 5210 paenitentiam;
3175 5142 3575 5200 convertantur,
3611 5137 3723 5192 sci-

2073 5231 2208 5286 licet
2240 5230 2308 5285 ad
2346 5231 2652 5284 Dominum
2685 5246 2697 5281 :
2733 5232 2789 5281 et
2818 5227 3160 5296 erubescant,
3187 5243 3302 5281 non
3325 5226 3605 5281 dilatione
3627 5224 3729 5281 ali-

2075 5337 2213 5391 qua,
2246 5320 2346 5374 sed
2374 5319 2528 5373 valde
2560 5317 2835 5372 velociter.
2873 5320 2936 5368 lu
2972 5314 3215 5383 malum,
3246 5316 3364 5370 ita:
3400 5316 3731 5370 Erubescant

2075 5425 2259 5465 omnes
2292 5409 2508 5462 inimici
2540 5408 2666 5472 mei,
2700 5410 2758 5459 et
2788 5405 3211 5460 conturbentur
3233 5421 3387 5460 nunc
3410 5405 3538 5474 jam
3562 5404 3728 5474 judi-

2075 5499 2218 5570 cati,
2267 5499 2559 5564 excaecati,
2616 5501 2672 5550 et
2720 5494 2839 5550 dati
2870 5495 2928 5549 in
2962 5496 3273 5568 reprobum
3307 5511 3589 5562 sensum;
3639 5493 3729 5551 vel

2074 5589 2412 5656 erubescant,
2443 5586 2503 5645 in
2535 5585 2638 5643 illa
2663 5588 2883 5654 octava,
2916 5602 3019 5660 pro
3050 5585 3433 5655 erubescent;
3467 5601 3583 5644 non
3625 5600 3731 5664 op-
