4040 6208
332 418 339 424 .
399 340 511 422 ἰτδ

970 358 1267 420 REMIGII
1310 359 2061 423 ANTISSIODORENSIS
2106 365 2277 424 OPP.
2327 365 2526 428 PARS
2572 366 2620 426 Ι.
2653 366 3225 429 ~EXEGE'I‘ICA.

3678 364 3805 425 176

397 491 496 562 tio,
551 490 653 547 sed
694 488 1061 563 prophetatio
1102 493 1160 545 et
1188 489 1395 546 divinae
1427 491 1729 548 sententiae
1761 496 2043 565 aggratu-
2073 498 2126 563 Α
2158 495 2268 551 nisi
2295 497 2804 569 quibusDominus
2826 498 3078 555 revelare
3094 498 3305 568 voluit;
3326 500 3392 553 ut
3412 495 3556 552 illud
3577 513 3590 551 :
3613 495 3805 568 Myste‘

392 578 534 636 latio
582 582 692 647 est,
739 594 873 635 cum
913 578 1167 635 viderint
1195 596 1301 636 nos
1332 597 1460 637 esse
1490 582 1549 635 in
1587 579 1791 652 gloria,
1848 579 2042 637 dicen-

390 671 518 724 tes:
560 669 630 723 Hi
656 670 782 723 sunt
810 684 942 740 quos
970 668 1259 725 habuimus
1298 671 1359 724 in
1403 672 1589 726 derisu
1639 670 1795 742 (Sap.
1848 671 1935 742 v),
1990 674 2047 726 et

394 756 903 813 conturbabuntur
925 758 1137 814 timore
1157 774 1391 831 magno,
1427 759 1485 814 id
1516 763 1606 815 est
1634 759 2039 815 vehementer:

392 850 775 903 convertantur
817 851 1020 919 postea
1060 848 1133 903 ad
1163 847 1484 903 videndum
1518 865 1625 903 sua
1653 852 1963 919 tormenta,
1996 856 2046 904 et

394 936 552 992 hunc
582 937 902 992 erubescant
933 942 1149 993 aeterna
1191 936 1633 1006 erubescentia;
1668 940 1724 994 et
1752 937 1860 994 hoc
1888 937 2046 994 valde

392 1025 666 1093 velociter,
696 1022 756 1080 id
786 1028 895 1092 est,
927 1024 1055 1081 sine
1085 1024 1385 1082 dilatione.

970 1131 1300 1190 PSALMUS
1340 1133 1462 1188 VII.

394 1239 452 1280 IN
506 1239 682 1278 FINEM
734 1238 995 1278 PSALMUS
1048 1238 1249 1290 DAVID,
1300 1239 1455 1285 QUEM
1505 1239 1777 1278 CANTAVIT
1825 1239 2043 1278 DOMINO

724 1310 834 1348 PRO
873 1310 1077 1350 VERBIS
1116 1309 1287 1349 CHUSI
1326 1310 1457 1348 FILII
1498 1310 1713 1349 JEMINI.

464 1422 491 1451 ‹‹
526 1399 771 1455 Domine
800 1399 955 1456 Deus
988 1417 1173 1467 meus,
1207 1399 1267 1454 in
1300 1404 1354 1456 te
1386 1401 1611 1473 speravi
1638 1419 1650 1469 ;
1691 1400 1918 1456 salvum
1952 1416 2044 1455 me

388 1512 415 1541 ‹‹
451 1489 541 1545 fac
590 1494 665 1544 ex'
707 1489 984 1544 omnibus
1030 1487 1521 1563 persequentibus
1581 1506 1706 1558 me,
1757 1492 1816 1544 et
1864 1487 2045 1543 libera

389 1601 417 1631 ‹‹
453 1594 566 1633 me.
601 1577 923 1649 Nequando
946 1577 1133 1650 rapiat
1163 1581 1227 1634 ut
1257 1576 1344 1632 leo
1378 1576 1637 1633 animam
1662 1593 1878 1643 meam,
1900 1577 2042 1632 dum

387 1692 414 1719 ‹‹
450 1684 566 1724 non
598 1671 688 1723 est
717 1667 817 1739 qui
859 1667 1132 1737 redimat,
1185 1683 1375 1738 neque
1427 1667 1527 1738 qui
1573 1665 1800 1722 salvum
1848 1666 2039 1722 faciat.

390 1779 419 1809 ι(
454 1756 698 1813 Domine
730 1761 880 1812 Deus
911 1772 1099 1822 meus,
1133 1755 1183 1811 si
1214 1756 1323 1811 feci
1353 1756 1535 1824 istud,
1569 1756 1616 1811 si
1650 1760 1739 1811 est
1761 1755 2042 1826 iniquitas

390 1869 418 1898 ‹‹
452 1846 512 1901 in
546 1845 822 1901 manibus
853 1844 1031 1912 meis,
1083 1845 1131 1901 si
1181 1844 1408 1900 reddidi
1439 1844 1899 1901 retribuentibus
1931 1844 2041 1899 mi-
2078 1870 2122 1932 Β

391 1959 418 1986 ‹‹
454 1934 516 1991 hi
548 1934 722 2002 mala,
767 1934 1031 1991 decidam
1077 1934 1284 1989 merito
1333 1934 1404 1989 ab
1437 1932 1694 1989 inimicis
1740 1933 1886 1990 meis
1918 1934 2041 1989 ina-

399 2046 426 2075 ‹‹
459 2025 571 2081 nis.
605 2028 999 2095 Persequatur
1017 2022 1291 2078 inimicus
1316 2022 1575 2077 animam
1599 2039 1789 2078 meam
1813 2027 1871 2078 et
1891 2038 2044 2078 com-

395 2137 422 2164 ‹‹
458 2113 808 2187 prehendat,
857 2116 915 2168 et
962 2111 1261 2168 conculcet
1304 2112 1362 2167 in
1412 2116 1567 2167 terra
1609 2111 1787 2167 vitam
1821 2126 2042 2178 meam,

397 2226 426 2255 ‹‹
456 2207 513 2259 et
541 2202 788 2276 gloriam
820 2217 1011 2257 meam
1043 2201 1103 2257 in
1136 2200 1430 2273 pulverem
1464 2200 1730 2256 deducat.
1764 2200 2041 2271 Exsurge,

397 2314 425 2343 ‹‹
458 2292 724 2361 Domine,
747 2291 808 2346 in
832 2292 918 2347 ira
937 2295 1058 2360 tua,
1093 2294 1149 2346 et
1177 2290 1428 2346 exaltare
1450 2290 1510 2344 in
1535 2290 1750 2346 ﬁnibus
1778 2288 2045 2344 inimico-

396 2404 423 2431 ‹‹
460 2398 593 2437 rum
625 2384 910 2436 meorum.
944 2381 1011 2435 Et
1039 2396 1314 2452 exsurge,
1361 2379 1607 2434 Domine
1658 2379 1813 2434 Deus
1852 2393 2041 2443 meus,

397 2493 424 2517 ‹‹
459 2470 519 2524 in
554 2474 837 2542 praecepto
869 2470 1025 2540 quod
1057 2469 1372 2536 mandasti,
1397 2473 1454 2523 et
1486 2484 1781 2539 synagoga
1802 2465 2043 2538 populo-

399 2580 426 2609 ‹‹
457 2574 590 2613 rum
621 2556 1011 2612 eircumdabit
1038 2560 1113 2611 te.
1144 2557 1212 2610 Et
1234 2560 1470 2628 propter
1490 2555 1641 2610 hanc
1666 2555 1723 2608 in
1749 2554 1933 2609 altum
1958 2570 2044 2608 re-

395 2670 423 2697 ‹‹
459 2646 698 2721 gredere
730 2663 742 2700 :
790 2645 1074 2701 Dominus
1114 2644 1346 2715 judicat
1392 2643 1658 2716 populos.
1691 2644 1902 2698 Judica
1931 2658 2044 2712 me,

396 2757 425 2786 «
460 2733 722 2803 Domine,
743 2733 1069 2790 secundum
1089 2733 1383 2804 justitiam
1402 2749 1615 2799 meam,
1640 2736 1697 2787 et
1722 2731 2045 2787 secundum

399 2847 427 2875 «
462 2821 858 2880 innocentiam
903 2838 1094 2878 meam
1126 2837 1304 2893 super
1346 2837 1460 2877 me.
1512 2821 1902 2876 Consumetur
1948 2837 2046 2876 ne~

400 2937 427 2964 ‹‹
462 2914 648 2986 quitia
666 2916 1058 2985 peccatorum,
1073 2914 1131 2966 et
1147 2910 1363 2983 diriges
1372 2909 1629 2981 justum,
1644 2912 1914 2964 scrutans
1931 2925 2051 2964 cor-

401 3026 429 3054 ‹‹
464 3003 540 3058 da
561 3007 620 3058 et
642 3017 807 3057 renes
835 3005 1006 3057 Deus.
1028 3001 1266 3056 Justum
1289 2998 1644 3069 adjutorium
1671 3014 1868 3052 meum
1890 3014 1924 3052 a
1945 2998 2050 3052 Do-

407 3112 436 3142 ‹‹
468 3091 648 3159 mino,
691 3090 793 3163 qui
832 3089 1020 3147 salvos
1050 3088 1188 3144 facit
1216 3092 1405 3143 rectos
1437 3087 1628 3142 corde.
1676 3086 1829 3141 Deus
1869 3086 2051 3155 judex

2154 587 2302 641 rium
2330 604 2362 641 a
2391 588 2605 642 smculis
2651 588 3027 644 absconditum
3072 587 3331 660 apostolis
3370 586 3633 642 revelavit
3662 586 3806 641 Deus

2153 691 2250 746 per
2269 677 2475 731 Filium
2493 692 2652 732 suum
2677 676 2811 747 (Col.
2846 695 2886 744 1,
2914 679 3048 749 Eph.
3078 680 3186 746 ιιι),
3219 676 3327 732 hoc
3348 679 3438 731 est
3457 674 3602 730 illud
3626 674 3805 731 silen-

2154 764 2335 836 tium,
2368 766 2522 837 quod
2565 764 2791 836 caecitas
2822 782 2889 821 ex
2921 770 3086 839 parte
3115 764 3358 838 contigit
3390 764 3446 818 in
3480 762 3690 832 Israel,
3742 767 3809 819 ut

2155 852 2454 924 plenitudo
2479 853 2741 926 gentium
2767 854 3009 911 intraret
3033 856 3205 927 (Rom.
3229 853 3334 926 x1),
3360 858 3417 909 et
3442 853 3599 925 quod
3621 852 3809 908 Judas

2154 946 2212 997 et
2243 943 2395 1014 quod
2442 943 2724 998 Judaicus
2772 944 3024 1017 pepulus
3073 942 3312 999 molitus
3350 946 3440 998 est
3467 942 3541 997 ad
3573 940 3810 997 ruinam

2155 1031 2330 1087 unius
2362 1031 2472 1087 hoc
2502 1032 2665 1087 ﬁeret
2690 1032 2762 1088 ad
2795 1032 3180 1088 salvationem
3210 1030 3555 1087 multorum.
3581 1029 3805 1087 Jemini

2154 1119 2573 1192 interpretatur
2607 1121 2824 1192 dexter,
2857 1122 3202 1195 signiﬁcans
3249 1122 3551 1188 dextrum,
3601 1120 3661 1175 id
3693 1124 3811 1186 est,

2154 1209 2472 1281 propitium
2504 1209 2692 1266 Deum
2724 1211 2833 1266 hoc
2864 1210 3166 1267 silentium
3199 1226 3330 1268 esse
3368 1214 3697 1283 operatum.

2223 1299 2499 1367 Psatmus,
2522 1298 2579 1354 id
2605 1304 2694 1355 est
2709 1300 2863 1356 bona
2883 1301 3162 1374 operatio,
3188 1300 3259 1356 de
3281 1316 3399 1371 qua
3419 1298 3514 1355 hic
3533 1297 3806 1372 psalmus

2153 1386 2291 1459 agit,
2316 1390 2405 1443 est
2427 1387 2619 1454 David,
2653 1387 2709 1443 id
2734 1392 2822 1444 est
2841 1388 3080 1460 perfecti
3109 1387 3319 1459 ﬁdelis,
3342 1387 3443 1460 qui
3466 1391 3556 1442 est
3575 1387 3645 1442 de
3675 1403 3803 1442 cor-

2152 1492 2289 1548 pore
2304 1476 2481 1532 David
2508 1476 2728 1532 scilicet
2747 1477 3039 1533 tendentis
3064 1477 3122 1531 in
3149 1477 3344 1547 ﬁnem,
3369 1476 3427 1532 id
3448 1480 3539 1534 est
3558 1475 3619 1531 in
3642 1475 3805 1532 Chri-

2152 1568 2332 1620 stum.
2362 1565 2529 1633 Quem
2554 1564 2872 1637 psalmum,
2898 1565 2952 1620 id
2977 1571 3265 1638 estquam
3284 1565 3499 1621 bonam
3522 1564 3804 1633 operatio-

2152 1670 2308 1725 nem,
2341 1659 2399 1709 et
2431 1655 2599 1726 quasi
2630 1654 2950 1726 gratiarum
2983 1655 3271 1711 actionem
3301 1656 3561 1724 cantavit,
3596 1653 3654 1709 id
3686 1657 3795 1722 est,

2153 1742 2515 1799 exsultanter
2534 1748 2810 1815 operatus
2832 1749 2938 1814 est,
2960 1745 3208 1813 Domino,
3228 1744 3285 1798 id
3309 1746 3419 1815 est,
3434 1742 3506 1799 ad
3522 1742 3804 1800 honorem

2152 1831 2401 1901 Domini,
2431 1847 2533 1902 pro
2559 1833 2759 1899 verbis,
2791 1831 2849 1887 id
2881 1836 2988 1899 est,
3015 1831 3384 1898 revelatione,
3413 1832 3608 1900 Chusi,
3634 1832 3692 1886 id
3716 1836 3806 1888 est

2153 1919 2390 1985 silentii,
2425 1920 2564 1991 quia
2590 1920 2866 1994 dignatus
2895 1926 2984 1978 est
3013 1921 3063 1977 ei
3094 1921 3347 1978 revelare
3377 1921 3671 1994 quomodo
3700 1936 3806 1994 per

2153 2007 2569 2078 humilitatem,
2602 2014 2659 2064 et
2686 2010 3076 2066 obedientiam
3111 2009 3448 2082 superbiam
3480 2008 3641 2065 illius
3665 2026 3803 2065 con-

2155 2096 2338 2166 trivit,
2391 2097 2491 2168 qui
2542 2114 2646 2170 per
2692 2099 3031 2170 superbiam
3087 2099 3343 2171 primum
3394 2102 3696 2171 parentem
3734 2098 3806 2154 de

2155 2185 2424 2257 paradiso
2458 2186 2687 2257 dejecit,
2713 2188 3004 2259 quomodo
3030 2192 3244 2256 cantet,
3273 2188 3562 2258 quomodo
3585 2187 3803 2260 gratias

2153 2279 2287 2347 agat
2308 2292 2409 2347 pro
2432 2275 2539 2331 hac
2562 2275 3031 2333 manifestatione
3049 2276 3355 2348 sequentia
3377 2275 3590 2348 psalmi
3611 2281 3806 2333 osten-

2153 2364 2318 2433 dunt,
2344 2364 2442 2419 ubi
2466 2364 2721 2419 ostendit
2741 2382 2801 2420 se
2823 2366 2952 2436 ejus
2968 2364 3361 2422 humilitatem
3379 2370 3437 2421 et
3462 2365 3802 2439 patientiam

2154 2452 2393 2521 imitari,
2431 2454 2633 2509 dicens
2669 2470 2680 2509 :
2725 2453 2786 2509 Si
2816 2455 2925 2522 feci
2956 2454 3124 2520 istud,
3152 2459 3261 2509 etc.
3294 2454 3456 2518 Quod
3486 2454 3666 2510 Chusi
3699 2454 3806 2510 fuit

2154 2539 2310 2595 ﬁlius
2326 2541 2564 2605 Jemini,
2589 2541 2647 2597 id
2668 2545 2775 2612 est,
2803 2542 2959 2613 quod
2984 2541 3284 2599 silentium
3307 2542 3593 2615 processit
3613 2559 3647 2598 a
3668 2560 3805 2616 pro-

2156 2628 2297 2699 pitio
2327 2629 2463 2693 Deo,
2496 2629 2624 2683 ideo
2655 2628 2754 2684 illo
2787 2629 2994 2686 merito
3026 2630 3240 2701 gralias
3270 2630 3410 2703 agit.
3455 2631 3555 2686 Est
3608 2637 3807 2687 autem

2158 2717 2403 2772 intentio
2424 2717 2723 2789 Propheta:
2749 2718 2807 2774 in
2838 2719 2949 2775 hoc
2980 2718 3205 2792 psalmo
3232 2720 3535 2776 ostendere
3556 2719 3810 2792 qualiter

2157 2805 2407 2877 quisque
2429 2807 2721 2878 perfectus
2741 2824 2803 2863 se
2825 2811 2990 2864 custo
3013 2808 3138 2864 dire
3160 2809 3387 2864 debeat.
3403 2810 3629 2874 Quanto
3650 2809 3807 2866 enim

2159 2894 2410 2967 quisque
2432 2895 2758 2966 perfectior,
2784 2900 2944 2953 tanto
2968 2896 3195 2953 cautior
3214 2897 3384 2953 debet
3409 2914 3558 2966 esse,
3584 2896 3805 2955 scilicet

2160 2999 2465 3055 nunquam
2490 2983 2736 3039 remisse
2762 3000 2951 3056 agere,
2981 2985 3121 3057 quia
3140 2985 3249 3041 etsi
3273 2986 3583 3042 exteriores
3606 2986 3803 3043 hostes

2154 3071 2276 3141 jam
2308 3072 2462 3138 vicit,
2498 3073 2568 3127 ab
2599 3073 2863 3128 interiori
2894 3073 3063 3129 hoste
3095 3084 3289 3129 tamen
3322 3075 3643 3130 cavendum
3693 3079 3806 3145 est,

406 3204 432 3231 «
458 3160 908 3252 justum—fortis
939 3183 997 3235 et
1027 3177 1283 3249 patiens,
1334 3175 1602 3248 nunquid
1635 3175 1920 3230 irascetur
1949 3189 2052 3246 per
2084 3234 2121 3252 η
2162 3176 2232 3252 Pe
2262 3177 2364 3252 Pef‘
2394 3160 2724 3252 SPPel‘biaU}
2760 3160 3011 3231 deﬁciat
3061 3163 3239 3252 Quod,
3264 3161 3467 3252 Vitium
3515 3163 3693 3218 etiam
3745 3162 3803 3218 in

409 3293 435 3320 ‹‹
458 3234 735 3342 singulos
773 3268 941 3325 dies?
988 3234 1110 3323 N‘isi
1162 3266 1421 3321 conversi
1477 3234 1733 3329 iueritis,
1787 3262 2049 3336 gladium
2081 3234 2122 3299 Ε
2161 3249 2478 3342 δῗηθῗαθίίεξ
2507 3250 2965 3342 οεινθηάΡω-θεῖ,
2986 3256 3056 3342 ﬁt
3085 3250 3339 3342 (193m?
3362 3250 3489 3342 imis
3519 3267 3580 3306 ⁸8
3605 3267 3805 3342 θὲθω·

409 3383 437 3410 ‹‹
470 3336 645 3415 suu-m
673 3357 925 3414 vibrabit
955 3375 967 3412 :
1003 3372 1204 3412 arcum
1239 3371 1411 3410 suum
1444 3354 1709 3420 tetendit,
1743 3358 1800 3408 et
1831 3351 2025 3424 paravi

2162 3336 2324 3407 plum
2345 3339 2594 3409 praebeat
2612 3338 2901 3409 patientiae
2916 3343 2971 3393 et
2986 3337 3359 3407 humilitatis,
3376 3339 3696 3396 invocando
3709 3357 3809 3397 au-

406 3473 434 3500 “
470 3448 657 3504 illum.
682 3446 753 3502 Et
777 3446 840 3501 in
868 3462 934 3501 eo
960 3446 1185 3518 paravit
1211 3461 1348 3500 vasa
1380 3442 1603 3509 mortis,
1639 3443 1882 3514 sagittas
1913 3458 2052 3497 snas
2158 3424 2364 3480 xilium
2379 3425 2983 3493 Dei,ethumi1itatem
2999 3427 3363 3497 etjustitiam
3382 3427 3475 3484 Dei
3494 3427 3799 3485 imitando.

407 3560 436 3589 ι(
467 3536 809 3593 ardentibus
834 3535 1041 3590 effecit.
1065 3534 1209 3589 Ecce
1230 3531 1480 3606 parturit
1508 3531 1880 3602 injustitiam,
1913 3547 2048 3586 con-

404 3651 430 3678 ‹‹
465 3627 618 3701 cepit
670 3624 961 3696 dolorem,
1013 3628 1070 3680 et
1117 3623 1341 3695 peperit
1390 3621 1783 3694 iniquitatem.
1837 3625 2047 3674 Lacum

400 3741 428 3768 ‹‹
463 3716 691 3790 aperuit
719 3719 777 3771 et
804 3715 1004 3771 eﬁ‘odit
1031 3729 1187 3780 eum,
1211 3716 1268 3768 et
1296 3711 1504 3766 incidit
1532 3711 1591 3765 in
1624 3710 1844 3765 foveam
1867 3725 2046 3780 quam

397 3830 425 3857 «
458 3807 610 3863 iecit.
643 3806 1019 3862 Convertetur
1047 3800 1212 3858 dolor
1240 3802 1369 3872 ejus
1399 3800 1457 3854 in
1487 3802 1662 3869 caput
1689 3799 1848 3870 ejus,
1898 3801 1955 3852 et
1984 3798 2043 3852 in

399 3918 427 3947 ‹‹
457 3894 728 3952 verticem
760 3893 949 3966 ipsius
978 3889 1258 3962 iniquitas
1301 3889 1429 3960 ejus
1469 3887 1799 3943 descendet.
1850 3886 2041 3942 Conﬁ-

396 4006 425 4034 π(
458 3984 624 4039 tebor
650 3982 897 4037 Domino
928 3980 1255 4036 secundum
1279 3976 1573 4049 justitiam
1614 3976 1763 4047 ejus,
1796 3981 1854 4031 et
1884 3974 2038 4048 psal-

396 4095 425 4122 «
458 4071 578 4127 lam
612 4069 836 4125 nomini
870 4068 1096 4124 Domini
1127 4065 1419 4124 altissimi.
1452 4089 1479 4115 »

1012 4173 1416 4231 ENARRATIO.

460 4269 525 4325 In
564 4267 731 4339 ﬁnem
771 4265 1018 4338 psalmus
1061 4262 1264 4331 David,
1316 4278 1475 4333 quem
1518 4263 1760 4317 cantavit
1804 4262 2035 4319 Domino

383 4374 485 4431 pro
509 4356 687 4413 verbis
707 4354 873 4411 Chusi
899 4353 1008 4425 ﬁlii
1033 4352 1239 4409 Jemini
1268 4352 1339 4423 (11
1359 4352 1485 4422 Reg.
1510 4368 1603 4405 xv1
1623 4360 1673 4406 et
1696 4352 1853 4423 xvu).
1888 4352 2031 4408 Cum

387 4445 639 4503 Absalon
672 4447 1122 4518 persequeretur
1144 4441 1339 4507 David,
1372 4445 1496 4496 erat
1525 4440 1763 4513 quidam
1794 4441 2030 4498 Achito-

387 4534 521 4607 phel
541 4536 712 4606 cujus
733 4532 882 4589 dolis
905 4530 1308 4588 instruebatur
1326 4529 1396 4583 ad
1423 4545 1593 4584 omne
1616 4528 1857 4585 malum.
1892 4531 2027 4596 Qui-

2440 3535 2546 3589 νοω
2570 3535 2804 3604 perfecti
2828 3542 2960 3589 ante
2987 3534 3275 3590 adventum
3305 3534 3525 3591 Christi.

2227 3638 2476 3704 Domine,
2508 3639 2679 3710 cujus
2712 3655 2945 3694 servum
2964 3656 3072 3696 me
3101 3640 3364 3705 exhibeo,
3396 3643 3459 3696 in
3489 3649 3539 3698 te
3566 3645 3801 3713 speravi,

2155 3742 2269 3782 non
2301 3726 2363 3782 in
2394 3743 2506 3796 me,
2541 3744 2657 3783 non
2689 3728 2748 3783 in
2798 3728 2915 3784 alia
2944 3744 3004 3784 re
3038 3746 3050 3784 :
3103 3729 3254 3798 ideo,
3306 3731 3447 3802 quia
3476 3734 3540 3786 tu
3574 3748 3637 3787 es
3667 3733 3802 3789 Deus

2151 3831 2325 3882 meus,
2350 3832 2465 3871 non
2489 3832 2616 3889 ego,
2644 3820 2711 3872 ut
2734 3816 2934 3873 infelix
2955 3816 3053 3873 ille
3076 3818 3304 3889 primus
3325 3835 3562 3890 parens,
3583 3824 3643 3876 et
3664 3820 3801 3892 quia

2151 3904 2211 3958 in
2229 3909 2284 3961 te
2301 3905 2548 3976 speravi,
2560 3906 2773 3961 salvum
2788 3922 2871 3962 me
2888 3908 2978 3977 [ac
2994 3923 3064 3963 ex
3080 3909 3336 3964 omnibus
3349 3910 3803 3981 persequentibus

2151 4010 2257 4048 me.
2282 3993 2583 4065 Superatis
2611 3995 2769 4051 vitiis
2802 3996 3099 4065 omnibus,
3117 3998 3333 4053 salvum
3360 4014 3447 4054 me
3473 3999 3658 4071 fac,id
3690 4004 3797 4067 est,

2148 4083 2375 4138 custodi
2395 4099 2487 4138 me
2511 4082 2571 4138 in
2593 4100 2724 4139 arce
2749 4083 3031 4141 virtutum
3051 4085 3178 4157 jam
3198 4085 3474 4143 locatum.
3496 4087 3799 4160 Superatis

2146 4171 2421 4228 omnibus
2468 4172 2622 4228 vitiis
2677 4172 3033 4242 carnalibus,
3082 4177 3263 4231 mente
3311 4177 3492 4232 servio
3534 4177 3652 4246 tegi
3680 4178 3799 4246 Dei,

2142 4278 2312 4317 carne
2355 4265 2540 4318 autem
2587 4262 2697 4330 legi
2739 4265 2950 4334 peccati
2996 4263 3177 4335 (Rom.
3228 4266 3361 4337 vn).
3414 4258 3639 4337 Semper
3665 4283 3798 4324 caro

2142 4353 2477 4422 concupiscit
2507 4352 2764 4407 adversus
2791 4354 3076 4425 spiritum,
3106 4356 3341 4425 spiritus
3383 4355 3644 4411 adversus
3673 4373 3797 4412 car-

2140 4456 2268 4495 nem
2315 4440 2455 4511 (Gal.
2507 4444 2583 4510 v).
2633 4440 2943 4513 Nunquam
2994 4441 3167 4498 bonis
3210 4442 3363 4500 bella
3391 4443 3624 4501 desunt.
3658 4445 3794 4503 Ideo

2141 4544 2174 4582 o
2208 4528 2467 4596 Domine,
2520 4547 2632 4585 non
2689 4547 2826 4603 rogo
2869 4534 2934 4585 ut
2974 4547 3089 4586 non
3137 4531 3215 4588 sit
3260 4531 3446 4588 fomes
3476 4533 3704 4604 peccati
3733 4533 3796 4591 in

385 4603 520 4680 dam
539 4603 736 4680 autem
758 4622 955 4692 Chusi,
971 4619 1196 4678 amicus
1211 4617 1673 4685 David,contulit
1693 4634 1754 4674 se
1776 4619 1847 4674 ad
1864 4619 2036 4675 Absa-
2066 4603 2111 4667 D
2142 4633 2379 4689 corpore
2410 4634 2558 4690 meo,
2605 4618 2705 4674 sed
2738 4635 2942 4691 precor
2970 4624 3035 4674 ut
3069 4636 3179 4675 non
3211 4625 3414 4694 regnet
3454 4603 3535 4675 ibi
3584 4638 3796 4695 pecca-

384 4711 528 4780 lom,
543 4716 610 4767 ut
630 4710 829 4766 omnia
848 4709 1092 4766 consilia
1112 4707 1456 4779 Achitophel
1480 4707 1873 4778 investigaret,
1888 4711 1946 4763 et
1965 4724 2032 4764 ea

381 4799 559 4857 David
585 4799 872 4872 proderet,
898 4802 962 4852 ut
981 4813 1116 4853 eum
1140 4801 1377 4852 cautum
1403 4796 1614 4850 faceret
1634 4795 1705 4849 de
1726 4793 1828 4849 illa
1845 4812 2032 4866 perse-

377 4888 630 4945 cutione.
675 4886 755 4942 De
785 4884 905 4940 illis
935 4883 1196 4940 consiliis
1230 4901 1343 4938 non
1375 4884 1607 4939 videtur
1637 4882 1731 4938 hic
1762 4882 2028 4954 psalmus

377 4993 578 5051 agere:
603 4981 660 5032 et
685 4975 811 5031 ideo
839 4974 910 5030 ab
933 4971 1177 5028 historia
1198 4972 1267 5027 ad
1297 4970 1641 5044 mysterium
1665 4976 2024 5027 revocantur.

374 5064 719 5138 Achitophel
767 5063 1185 5135 interpretatur
1229 5062 1423 5133 fratris
1463 5062 1684 5115 ruina:
1735 5060 2027 5132 signiﬁcat

375 5160 572 5214 autem
600 5154 837 5222 Judam,
871 5151 970 5224 qui
1001 5150 1214 5206 Christi
1247 5150 1499 5215 ruinam,
1544 5149 1600 5204 id
1634 5154 1723 5205 est
1751 5154 2021 5216 mortem,

374 5244 691 5301 meditatus
720 5247 826 5309 est,
842 5243 942 5315 qui
973 5240 1239 5297 omnium
1272 5237 1668 5311 apostolorum
1700 5239 1935 5294 fratrem
1962 5257 2023 5296 se

371 5332 737 5391 nominavit:
801 5331 956 5402 Vade,
1007 5331 1094 5386 dic
1142 5330 1420 5404 frairibus
1469 5330 1606 5384 meis
1655 5328 1846 5400 (Joan.
1893 5332 2017 5399 xx).

370 5423 546 5481 Chusi
575 5422 864 5478 silentium
893 5420 1328 5491 interpretatur,
1358 5416 1697 5489 signiﬁcans
1721 5417 2021 5490 dispensa-

372 5512 587 5569 tionem
617 5510 801 5579 illam,
847 5525 964 5582 qua
993 5524 1137 5563 usus
1167 5512 1256 5563 est
1286 5506 1442 5562 Deus
1471 5510 1644 5561 Pater
1672 5522 1774 5578 per
1805 5504 2016 5560 Filium

2141 4710 2287 4761 tum.
2318 4708 2549 4762 Salvum
2569 4723 2656 4763 me
2672 4710 2788 4779 fac,
2814 4714 2880 4764 ut
2905 4709 3141 4763 animus
3166 4725 3330 4765 meus
3361 4709 3628 4783 imperet,
3657 4727 3795 4769 caro

2137 4795 2381 4851 serviat:
2406 4795 2493 4851 vel
2518 4797 2733 4852 salvum
2759 4813 2847 4852 me
2864 4797 2958 4871 fac
2976 4815 3048 4852 ca:
3067 4799 3321 4853 omnibus
3341 4800 3798 4871 persequentibus

2135 4900 2241 4939 me.
2280 4885 2471 4940 Omnes
2500 4886 2595 4955 qui
2623 4884 2825 4941 volunt
2850 4888 2943 4958 pie
2972 4888 3151 4943 vivere
3180 4889 3245 4943 in
3278 4887 3490 4944 Christo
3518 4893 3655 4946 Jesu
3668 4905 3802 4961 per-

2133 4974 2467 5029 secutionem
2513 4977 2811 5046 patiuntur
2859 4976 2933 5047 (II
2969 4977 3100 5030 Tim.
3136 4979 3255 5045 Ill);
3299 4977 3430 5033 ideo
3457 4978 3678 5033 salvum
3706 4995 3800 5036 me

2131 5065 2239 5130 fac,
2271 5062 2331 5117 id
2362 5067 2473 5130 est,
2501 5062 2591 5116 fac
2620 5078 2711 5117 me
2739 5068 3107 5119 constantem
3138 5064 3199 5119 in
3229 5064 3573 5134 virtutibus,
3594 5070 3663 5122 ut
3690 5082 3796 5123 eo-

2134 5167 2263 5205 rum
2297 5155 2354 5206 et
2384 5151 2574 5205 minas
2606 5154 2662 5205 et
2689 5150 3008 5208 blanditias
3037 5158 3410 5210 contemnere
3436 5155 3684 5212 valeam.
3713 5157 3789 5213 Et

2132 5239 2305 5294 libera
2334 5255 2438 5305 me,
2472 5255 2587 5293 non
2619 5239 2689 5293 ab
2722 5238 2841 5295 illis
2872 5257 3020 5311 quos
3041 5242 3169 5313 jam
3203 5243 3520 5315 superavit,
3554 5244 3657 5299 sed
3685 5261 3797 5302 ne-

2129 5327 2345 5399 quando
2392 5329 2576 5399 rapiat
2617 5331 2679 5383 ut
2727 5328 2808 5384 leo
2858 5332 3106 5385 animam
3152 5347 3352 5387 meam.
3411 5331 3608 5388 Oratio
3661 5332 3795 5391 haec

2130 5416 2515 5488 perfectorum
2538 5423 2644 5487 est,
2662 5416 2760 5489 qui
2786 5417 2965 5474 solius
2988 5418 3203 5475 diaboli
3221 5419 3467 5476 insidias
3489 5424 3791 5494 metuunt,

2129 5507 2249 5578 qui,
2284 5506 2574 5578 superatis
2604 5506 2880 5562 omnibus
2911 5507 3087 5577 vitiis,
3130 5508 3308 5564 etiam
3342 5509 3401 5563 in
3433 5508 3581 5565 bene
3610 5509 3791 5571 factis

370 5617 544 5657 suum
567 5601 635 5657 ad
659 5597 1120 5672 redemptionem
1144 5596 1375 5669 generis
1396 5594 1661 5651 humani.
1696 5595 1857 5663 Quod
1881 5611 2014 5651 cum
2126 5596 2426 5652 timendus
2450 5599 2558 5664 est,
2584 5612 2655 5651 ne
2682 5612 2783 5669 per
2803 5595 3139 5670 superbiam
3161 5614 3195 5654 a
3215 5597 3472 5654 culmine
3490 5597 3788 5663 virtutum

368 5690 553 5761 ﬁeret,
582 5688 947 5763 incognitum
977 5689 1102 5746 erat
1137 5702 1150 5743 :
1200 5688 1257 5742 et
1285 5683 1477 5743 adhuc
1509 5687 1598 5741 est
1625 5683 2012 5758 incognitum,

2125 5684 2396 5760 dejiciat:
2428 5685 2716 5760 nequando
2736 5686 2919 5761 rapiat
2938 5686 3188 5744 animum
3205 5702 3405 5761 meam,
3438 5688 3609 5762 quasi
3637 5688 3787 5751 alie-
