4040 6208
295 322 407 393 177

1417 324 2027 396 ENARRATIONES
2071 327 2151 393 ΙΝ
2192 327 2576 400 PSALMOS.

3581 333 3698 406 I70

295 480 428 522 nam
458 468 517 520 et
546 479 662 525 non
694 481 885 524 suam.
914 467 1015 524 sed
1046 470 1214 524 tuam
1246 483 1433 536 ovem,
1482 467 1579 524 ille
1618 467 1718 541 pui
1758 472 1847 523 est
1875 470 1937 521 ut
1967 469 2021 534 Α
2053 467 2111 521 in
2140 468 2345 536 ﬁnibus
2377 471 2736 527 inimicorum
2762 485 3033 544 meorum,
3086 468 3147 527 id
3195 473 3305 540 est,
3355 467 3417 529 in
3446 470 3565 531 illis
3596 475 3697 548 qui

296 553 392 623 leo,
425 551 648 611 scilicet
671 554 839 612 fortis
869 558 927 611 et
970 555 1386 628 insuperabilis
1436 556 1549 613 nisi
1599 574 1633 612 a
1661 562 1738 612 te.
1773 555 1935 612 Unde

296 641 435 701 illud
460 659 473 697 :
508 645 775 699 Inimicus
805 653 978 700 vester
1006 645 1254 701 diabolus
1283 652 1551 718 tanquam
1581 647 1663 702 leo
1712 647 1938 715 rugiens

295 732 513 800 circuit,
545 747 798 803 quarens
829 750 988 805 quem
1034 734 1246 791 devoret
1278 736 1326 807 (I
1366 737 1511 790 Petr.
1545 736 1622 804 v).
1657 740 1801 791 Dum
1829 750 1939 790 non

295 824 369 877 est
390 823 487 893 qui
507 820 741 877 redimat
763 821 877 877 nisi
900 827 986 890 tu,
1013 824 1084 879 ad
1105 824 1214 879 hoc
1236 824 1391 896 quod
1415 825 1580 892 dixit,
1608 826 1799 880 Libera
1830 839 1936 877 me.

294 914 476 982 Neque
504 913 599 982 qui
626 911 842 966 salvum
867 914 1064 982 faciat,
1114 914 1186 968 ad
1246 913 1411 981 illud,
1464 915 1683 970 salvum
1712 930 1798 968 me
1824 913 1935 985 fac.

296 1009 518 1065 Domine
544 1010 683 1064 Deus
714 1026 886 1066 meus.
921 1010 1051 1066 Haec
1109 1012 1377 1083 repetitio
1434 1030 1503 1067 ex
1558 1028 1774 1085 magna
1806 1011 1940 1066 alie-

294 1098 482 1154 ctione
510 1103 619 1153 est.
651 1100 716 1154 Si
741 1099 851 1169 feci
881 1099 1047 1155 istud.
1090 1102 1169 1155 Ae
1200 1100 1249 1156 si
1280 1101 1472 1157 dicat:
1523 1103 1608 1157 Tu
1638 1102 1815 1157 debes
1846 1116 1939 1156 me

294 1185 596 1258 redimere,
631 1190 693 1243 tu
719 1188 897 1243 debes
920 1188 1148 1244 salvum
1182 1190 1388 1258 facere,
1432 1191 1573 1262 quia
1601 1191 1758 1246 sensi
1789 1189 1967 1261 illud

298 1276 453 1350 quod
486 1276 630 1331 mihi
662 1277 946 1344 revelasti,
986 1283 1044 1333 et
1095 1278 1447 1350 inquantum
1506 1279 1689 1347 valeo,
1720 1278 1939 1335 imitari

295 1366 520 1422 studeo.
552 1366 638 1421 'l‘u
671 1366 950 1422 obediens
982 1367 1134 1422 Patri
1160 1368 1341 1439 fuisti,
1375 1375 1776 1441 persecutores
1807 1375 1939 1423 tuos

293 1452 598 1510 humiliter
643 1453 922 1524 tolerasti,
980 1456 1135 1510 bona
1171 1473 1275 1527 pro
1306 1457 1474 1513 malis
1508 1457 1849 1513 reddidisti:
1884 1460 1941 1511 et

294 1558 397 1614 ego
430 1542 480 1597 si
513 1542 634 1598 haec
664 1543 862 1599 omnia
893 1561 1006 1600 non
1049 1544 1363 1615 observari,
1414 1564 1529 1603 non
1579 1548 1689 1602 sim
1725 1545 1940 1618 dignus

295 1647 468 1703 quem
501 1631 779 1688 redimas.
814 1634 1184 1689 DomineDeus
1224 1652 1402 1703 meus,
1448 1639 1500 1693 si
1528 1638 1640 1707 feci
1688 1635 1851 1706 istud,
1892 1636 1942 1690 si

290 1722 366 1775 est
393 1720 515 1775 ulla
538 1721 806 1792 iniquitas
828 1724 892 1778 in
912 1723 1171 1778 manibus
1191 1726 1347 1793 meis,
1372 1725 1429 1780 id
1452 1730 1539 1782 est
1559 1726 1616 1780 in
1641 1725 1937 1798 Operibus,

2050 556 2220 612 modo
2252 563 2391 613 sunt
2421 561 2715 631 possessio
2774 561 3129 630 diemonum,
3190 560 3281 619 vel
3333 562 3393 619 in
3452 562 3570 620 illis
3598 564 3699 637 qui

2049 649 2187 700 sunt
2214 646 2380 713 ﬁnes,
2413 647 2471 702 id
2503 653 2611 719 est,
2669 650 2728 706 in
2783 668 2912 707 arce
2972 651 3237 708 omnium
3297 652 3696 725 inimicorum,

2049 733 2270 791 scilicet
2295 736 2353 790 in
2386 737 2682 807 pessimis,
2735 741 3234 812 quemadmodum
3284 742 3344 797 in
3396 740 3597 798 Paulo.
3632 744 3699 799 Et

2050 826 2113 877 ut
2144 822 2415 880 exalteris
2459 824 2518 879 in
2578 826 2799 883 ﬁnibus
2856 829 3252 897 inimicorum,
3311 846 3561 903 exsurge,
3592 834 3697 888 Do-

2047 913 2197 967 mine
2229 914 2368 968 Deus
2396 932 2567 986 meus,
2602 918 2660 971 in
2687 928 2956 989 praecepto
2985 920 3126 990 quod
3154 920 3455 989 mandasti,
3488 919 3545 975 id
3578 926 3687 990 est,

2049 1017 2262 1072 appare
2293 1006 2348 1058 et
2378 1003 2752 1061 manifestare
2779 1008 2835 1060 in
2866 1012 3150 1081 praecepto
3183 1010 3337 1082 quod
3360 1009 3652 1066 mandasti
3680 1029 3693 1067 :

2050 1090 2273 1146 scilicet
2302 1092 2509 1163 primis
2536 1095 2901 1166 parentibus,
2936 1095 3157 1152 scilicet
3185 1098 3245 1153 in
3276 1098 3609 1157 obedientia
3636 1105 3697 1157 et

2048 1179 2403 1249 humilitate,
2437 1187 2501 1237 ut
2530 1199 2633 1255 per
2686 1182 2847 1240 illam
2907 1190 3208 1241 convertas
3262 1203 3362 1244 eos
3392 1189 3464 1244 ad
3494 1193 3593 1257 te;
3628 1193 3696 1244 ut

2049 1268 2280 1324 discant
2311 1287 2413 1341 per
2438 1270 2831 1328 humilitatem
2872 1290 3006 1329 eum
3050 1274 3280 1331 vincere
3326 1276 3427 1347 qui
3459 1293 3561 1348 per
3589 1294 3696 1332 su-

2050 1358 2313 1430 perbiam
2346 1360 2603 1431 primum
2638 1367 2939 1433 parentem
2972 1363 3286 1435 superavit.
3323 1366 3409 1430 Et,
3443 1383 3573 1421 cum
3610 1366 3694 1421 sic

2049 1447 2698 1520 apparueris,synagoga
2708 1451 3038 1523 populorum
3047 1452 3419 1509 circumdabit
3433 1454 3567 1524 te,id
3584 1458 3693 1525 est,

2049 1530 2419 1609 congregatio
2451 1538 2711 1594 ﬁdelium
2745 1544 2802 1595 et
2832 1540 3155 1597 inﬁdelium
3189 1542 3655 1598 circumdabitte
3681 1559 3693 1597 :

2048 1632 2131 1688 illi
2188 1634 2258 1689 ad
2292 1634 2666 1707 imitandum,
2702 1636 2796 1693 isti
2828 1639 2898 1693 ad
2932 1640 3316 1710 perdendum.
3351 1640 3415 1697 Et
3466 1647 3696 1713 propter

2050 1722 2210 1790 hanc,
2246 1722 2467 1779 scilicet
2497 1742 2852 1799 synagogam
2915 1727 3179 1784 ﬁdelium
3228 1732 3285 1785 et
3340 1729 3693 1797 inﬁdelium,

290 1816 349 1872 id
370 1821 480 1884 est,
504 1817 553 1873 si
578 1818 699 1907 ulla
723 1835 852 1907 mea
874 1819 1185 1891 iniquitate
1208 1820 1338 1878 illos
1361 1824 1430 1878 ad
1469 1823 1937 1897 persequendum
1968 1842 2016 1907 Β
2050 1812 2338 1883 regredere
2369 1813 2428 1868 ίη
2452 1814 2655 1907 flag".
2690 1815 2747 1870 id
2779 1815 3044 1907 e§tiredi
3072 1817 3147 1907 _in
3200 1816 3406 1873 αηυω-
3457 1822 3700 1892 Propter

289 1906 617 1979 provocavi,
640 1907 690 1962 si
712 1906 934 1963 scilicet
956 1908 1060 1963 feci
1087 1910 1244 1981 quod
1270 1928 1386 1967 non
1412 1913 1586 1968 debui
1612 1930 1625 1981 ;
1648 1915 1695 1969 si
1716 1912 1942 1968 reddidi
1968 1902 2010 1907 —
2049 1917 2409 1975 synagogam
2442 1902 2703 1959 ﬁdelium
2737 1905 2858 1960 redi
2891 1904 2947 1959 in
2982 1905 3216 1975 caelum,
3250 1911 3317 1962 ut
3347 1911 3403 1963 te
3424 1908 3552 1980 jam
3578 1925 3693 1963 non

290 1994 449 2050 mala
476 1996 908 2053 retribuentibus
938 1997 1085 2053 mihi
1115 2000 1265 2055 mala
1292 2017 1397 2073 pro
1425 2000 1597 2057 bonis
1624 2020 1637 2069 ;
1671 2002 1729 2056 id
1752 2005 1859 2066 est,
1889 1999 1937 2055 si

286 2084 399 2141 feci
434 2086 590 2158 quod
621 2086 796 2141 etiam
825 2087 1051 2159 justum
1081 2089 1315 2145 videtur
1345 2091 1500 2160 apud
1545 2090 1843 2160 mortales,
1876 2093 1941 2143 ut

286 2173 599 2229 redderem
632 2173 788 2229 mala
817 2192 920 2246 pro
954 2175 1148 2232 malis.
1181 2179 1260 2231 Ac
1292 2178 1341 2232 si
1373 2178 1565 2234 dicat:
1600 2178 1659 2233 Si
1689 2176 1808 2232 illis
1839 2176 1940 2248 qui

282 2261 422 2318 sine
447 2263 796 2334 praecedenti
821 2262 995 2335 culpa
1016 2281 1109 2320 me
1134 2266 1638 2336 persequebantur
1658 2283 1774 2321 non
1806 2265 1938 2320 red-

283 2349 421 2405 didi
457 2348 702 2420 malum,
736 2352 891 2422 quod
926 2368 1153 2425 magna:
1184 2354 1295 2408 fuit
1326 2354 1641 2425 patientiae,
1665 2354 1720 2408 id
1758 2358 1867 2422 est,
1891 2353 1940 2407 si

278 2456 408 2495 non
446 2438 555 2494 feci
587 2439 741 2510 quod
772 2440 968 2496 debui.
1003 2441 1063 2496 Si
1095 2457 1199 2514 ego
1230 2441 1406 2498 homo
1438 2442 1731 2498 hominem
1764 2443 1824 2497 in
1855 2442 1943 2497 ira

278 2527 586 2600 superavi,
614 2527 864 2583 decidam
893 2531 1100 2596 inanis,
1122 2530 1179 2585 id
1201 2535 1289 2585 est
1317 2548 1535 2587 vacuus
1556 2548 1591 2586 a
1616 2530 1801 2603 gloria
1820 2538 1875 2586 et
1906 2548 1940 2586 a

273 2616 552 2687 victoria,
575 2621 888 2688 superatus
919 2618 985 2672 ab
1016 2619 1260 2674 inimicis
1288 2622 1422 2675 meis
1444 2619 1841 2675 interioribus.
1865 2623 1939 2674 Ut

278 2705 445 2760 enim
478 2704 563 2759 ait
587 2704 793 2761 beatus
824 2706 1174 2778 Gregorius:
1209 2707 1360 2762 Dum
1392 2707 1533 2763 foris
1564 2707 1767 2764 ulcisci
1788 2725 1937 2780 qua:-

279 2794 503 2862 rimus,
530 2791 695 2850 intus
724 2793 977 2867 graviter
1006 2795 1267 2850 ferimur.
1326 2796 1531 2852 Omnis
1587 2796 1741 2852 enim
1773 2798 1935 2868 prius

276 2886 487 2955 peccat
516 2883 578 2938 in
607 2899 671 2939 se
703 2899 878 2955 quam
902 2883 961 2939 in
991 2882 1236 2940 alterum
1263 2903 1275 2940 :
1293 2886 1418 2957 jam
1442 2885 1597 2941 enim
1619 2891 1931 2958 antequam

277 2970 427 3028 foris
460 2970 564 3027 alii
595 2980 819 3041 noceat,
852 2972 1245 3028 innocentiam
1268 2973 1430 3030 intus
1458 2974 1733 3047 perdidit,
1765 2981 1821 3031 et
1851 2974 1936 3031 sic

273 3059 419 3116 dum
454 3059 762 3116 victoriam
796 3061 937 3116 foris
968 3062 1229 3118 obtinere
1278 3063 1481 3131 credit,
1514 3064 1669 3134 quod
1699 3064 1936 3136 gravius

273 3153 387 3221 est,
446 3148 619 3205 intus
649 3155 959 3221 superatus
989 3156 1097 3217 est,
1129 3155 1185 3206 et
1214 3151 1321 3206 hoc
1350 3154 1565 3208 merito.
1598 3152 1743 3219 Quid
1777 3152 1935 3207 enim

275 3237 389 3294 sibi
414 3243 661 3311 arrogat
678 3237 878 3305 homo,
901 3238 999 3310 qui
1019 3239 1158 3294 dum
1181 3239 1254 3294 ab
1274 3239 1513 3295 homine
1542 3242 1725 3295 sumit
1744 3239 1935 3296 vindi-

280 3330 436 3382 ctam
462 3326 602 3399 ipse
625 3344 660 3381 a
682 3325 912 3383 diabolo
933 3326 1186 3383 vincitur
1205 3327 1232 3382 ?
1255 3327 1342 3383 Ita
1376 3328 1571 3400 potius
1592 3328 1941 3384 vindicanda

275 3420 366 3471 est
408 3432 601 3488 quam
648 3415 843 3471 homo.
898 3415 1129 3472 Scilicet
1148 3421 1511 3487 persequatur
1535 3418 1796 3472 inimicus
1824 3418 1943 3472 ani-

274 3519 428 3559 mam
448 3520 660 3575 meam,
690 3504 1059 3577 suggerendo
1083 3504 1257 3572 mula,
1291 3513 1343 3560 et
1368 3506 1836 3577 comprehendat;
1864 3503 1942 3559 al-

272 3591 522 3666 ligando
544 3609 679 3649 eam
703 3609 806 3665 per
825 3608 1200 3661 consensum,
1224 3595 1275 3648 et
1296 3594 1378 3648 sic
1397 3594 1669 3650 conculcet
1698 3595 1757 3649 in
1788 3601 1943 3649 terra

272 3683 453 3738 vitam
484 3698 697 3747 meam,
727 3682 783 3736 id
815 3686 925 3752 est,
948 3680 1344 3756 conculcando
1365 3686 1420 3738 et
1440 3683 1549 3739 sibi
1575 3682 1942 3754 subjicienda

271 3769 453 3827 iaciat
484 3770 679 3826 vitam
712 3787 904 3827 meam
937 3775 1251 3840 terrenam,
1284 3775 1349 3826 ut
1377 3772 1596 3844 possim
1621 3788 1748 3828 esse
1773 3772 1942 3827 cibus

274 3875 444 3915 suus.
473 3860 722 3916 Dictum
745 3863 836 3916 est
858 3859 1014 3915 enim
1034 3860 1105 3915 ad
1125 3864 1487 3932 peccatorem
1512 3878 1523 3915 :
1546 3862 1707 3916 Terra
1736 3878 1792 3917 es
1815 3870 1865 3917 et
1884 3864 1943 3916 in

272 3949 508 4005 Terram
545 3948 660 4004 ibis
693 3949 858 4020 (Cen.
893 3948 1002 4019 ιιι),
1061 3953 1118 4003 et
1173 3948 1245 4004 ad
1303 3952 1671 4021 serpentem:
1726 3951 1944 4005 Terram

270 4038 654 4094 manducabis
684 4037 890 4110 (Ibid).
926 4068 994 4077 -—
1018 4038 1083 4093 Et
1111 4038 1348 4106 gloriam
1375 4054 1553 4093 meam
1584 4039 1643 4093 in
1657 4039 1943 4110 pulverem

264 4133 535 4204 deducat,
564 4133 631 4189 id
654 4138 765 4204 est,
788 4133 1196 4189 testimonium
1221 4133 1592 4190 conscientiae
1631 4152 1792 4190 mem.
1820 4136 1944 4191 Glo-

270 4224 356 4278 ria
387 4232 603 4280 nostra
633 4223 755 4280 haec
773 4226 871 4289 est,
925 4224 1307 4278 testimonium
1361 4224 1713 4280 conscientiae
1742 4234 1945 4279 nostra:

269 4312 319 4383 (Ι
345 4312 480 4368 Cor.
520 4318 593 4380 1).
645 4311 912 4379 Deducat,
944 4312 1002 4366 id
1036 4316 1143 4378 est,
1197 4312 1266 4367 de
1298 4311 1654 4367 conscientia
1683 4312 1856 4368 ducat
1888 4313 1944 4368 in

270 4400 596 4473 pulverem
620 4402 775 4473 apud
799 4418 900 4457 eos
924 4400 1023 4472 qui
1047 4404 1186 4456 sunt
1209 4400 1420 4472 pulvis,
1442 4404 1507 4455 ut
1524 4401 1663 4456 foris
1680 4402 1829 4472 apud
1852 4402 1949 4457 ho-

271 4490 473 4546 mines
505 4505 778 4563 quaaram
813 4488 1087 4561 gloriari:
1127 4487 1214 4544 vel
1255 4489 1315 4543 in
1340 4489 1645 4559 pulverem,
1682 4490 1736 4544 id
1769 4495 1856 4545 est
1887 4489 1945 4544 in

2047 1989 2345 2046 hominem
2372 1995 2603 2048 tantum
2626 1999 2958 2066 cognoscat,
2972 2000 3028 2051 et
3044 1999 3109 2051 ut
3121 1995 3404 2068 Spiritum
3423 1999 3694 2053 sanctum

2042 2079 2248 2139 mittas
2289 2079 2388 2152 qui
2410 2098 2537 2136 eam
2573 2083 2898 2153 conﬁrmet,
2933 2087 2997 2138 ut
3026 2084 3231 2140 Petrus
3260 2084 3362 2157 qui
3392 2090 3564 2142 antea
3592 2086 3697 2143 Do-

2050 2169 2274 2223 minum
2298 2185 2492 2225 coram
2521 2169 2735 2226 ancilla
2751 2172 3001 2243 negavit,
3020 2176 3153 2244 post
3172 2173 3490 2229 adventum
3508 2174 3694 2230 sancti

2050 2257 2304 2329 Spiritus
2335 2258 2738 2327 conﬁrmatus,
2762 2276 2958 2315 coram
2981 2277 3116 2335 rege
3137 2278 3271 2317 eum
3295 2262 3553 2318 conﬁteri
3580 2280 3696 2319 non

2050 2344 2266 2400 timuit.
2290 2346 2882 2417 Propterinﬁdelium
2909 2366 3266 2423 synagogam
3289 2350 3348 2405 in
3385 2348 3568 2408 altum
3602 2368 3697 2407 re-

2050 2434 2307 2505 gredere,
2341 2439 2407 2488 ut
2429 2439 2714 2506 augeatur
2733 2453 2935 2492 eorum
2957 2438 3179 2493 castitas
3205 2457 3217 2494 :
3252 2438 3512 2495 videntes
3537 2439 3695 2496 enim

2048 2537 2152 2592 per
2182 2521 2437 2593 plurima
2469 2523 2638 2595 signa
2665 2525 2820 2596 quod
2870 2524 3024 2581 Deus
3078 2531 3251 2597 esset,
3314 2544 3487 2599 quem
3520 2524 3694 2584 morti

2047 2610 2436 2680 tradiderunt,
2461 2630 2575 2667 non
2600 2613 2729 2668 ausi
2752 2617 2891 2669 sunt
2911 2615 3194 2684 confiteri,
3219 2633 3292 2671 ne
3330 2617 3572 2690 sanguis
3604 2616 3693 2673 in-

2046 2698 2255 2754 noxius
2276 2701 2684 2772 exquireretur
2731 2702 2802 2757 ab
2826 2702 2947 2759 eis:
2984 2702 3091 2760 hoc
3140 2705 3314 2761 modo
3342 2709 3531 2778 potest
3555 2705 3691 2780 legi,

2046 2786 2270 2843 scilicet
2299 2788 2357 2843 in
2386 2789 2600 2845 bonam
2634 2796 2881 2862 partem,
2924 2792 2996 2848 ab
3024 2794 3298 2863 Exsurge,
3356 2796 3605 2863 Domine,
3631 2795 3693 2851 in

2044 2875 2255 2932 virtute
2289 2882 2425 2932 tua:
2459 2895 2666 2950 usque,
2721 2881 2915 2936 Judica
2966 2898 3072 2948 me,
3116 2883 3363 2951 Domine,
3395 2883 3695 2939 secundum

2036 2966 2317 3037 justitiam
2345 2983 2542 3023 meam.
2579 2971 2772 3023 Potest
2801 2974 2857 3025 et
2887 2969 2944 3024 in
2980 2969 3193 3027 malam
3227 2975 3452 3043 partem
3483 2971 3690 3051 accipi,

2045 3053 2128 3110 ita
2151 3072 2163 3110 :
2188 3054 2546 3110 continuatio
2561 3056 2761 3112 eadem
2787 3074 3125 3131 qumsupra.
3140 3062 3419 3134 Exsurge,
3440 3063 3689 3128 Domine,

2045 3141 2103 3197 id
2136 3147 2242 3214 est,
2277 3160 2309 3197 ο
2341 3142 2588 3211 Christe,
2634 3144 2693 3198 in
2752 3145 2937 3202 altum
2996 3149 3265 3220 ascende,
3300 3166 3335 3205 a
3363 3149 3691 3223 cognitione

1967 3205 2010 3272 Ο
2047 3248 2246 3286 eorum
2278 3234 2334 3285 te
2362 3248 2609 3288 remove.
2643 3237 2799 3291 Pone
2829 3236 3101 3291 tenebras
3152 3236 3467 3293 latibulum
3498 3243 3688 3308 tuum,

2028 3323 2105 3391 .et
2126 3320 2233 3373 hoc
2254 3320 2310 3373 in
2335 3318 2421 3374 ira
2442 3321 2793 3388 tua,scilicet
2813 3340 3011 3379 eorum
3041 3325 3463 3381 incorrectione
3484 3326 3690 3382 iratus.

2050 3409 2114 3462 Et
2134 3409 2386 3462 exaltare
2408 3409 2471 3462 in
2495 3410 2698 3479 ﬁnibus
2722 3413 3075 3468 inimicorum
3097 3429 3360 3470 meorum.
3385 3413 3693 3487 Repetitio.

2049 3502 2153 3558 Vel
2167 3504 2432 3569 exaltare,
2447 3505 2503 3559 id
2518 3514 2627 3574 est,
2645 3508 3111 3579 magnitudinem
3126 3514 3183 3565 et
3192 3511 3515 3582 potentiam
3532 3514 3593 3567 tu
3603 3528 3696 3568 am

2052 3592 2227 3648 etiam
2250 3592 2309 3647 in
2334 3592 2448 3647 illis
2473 3610 2693 3659 exerce,
2719 3595 2807 3651 fac
2844 3613 2943 3653 eos
2993 3597 3290 3670 ﬂagellum
3314 3605 3505 3667 tuum,
3536 3605 3701 3658 utere

2052 3682 2136 3737 eis
2156 3682 2227 3737 ad
2252 3685 2489 3737 tuorum
2519 3681 2777 3738 ﬁdelium
2801 3685 3074 3752 salutem,
3099 3690 3157 3741 et
3182 3702 3349 3741 suam
3374 3687 3702 3743 damnatio-

2053 3788 2208 3826 nem.
2242 3770 2419 3843 Virga
2451 3771 2663 3827 furoris
2695 3773 2807 3828 mei
2841 3776 3041 3838 Assur,
3076 3774 3201 3845 ipse
3235 3777 3429 3830 autem
3462 3791 3578 3830 non
3609 3790 3703 3830 co-

2052 3860 2250 3933 gnovit
2281 3859 2408 3933 (Isa.
2441 3860 2518 3932 Χ).
2567 3863 2813 3933 Exurge,
2871 3864 3120 3935 Domine,
3180 3863 3238 3918 id
3291 3867 3402 3935 est,
3433 3862 3618 3919 altum
3648 3866 3708 3920 et

2054 3948 2498 4005 inscrutabilem
2521 3953 2577 4005 et
2599 3950 3117 4024 incognoseibilem
3141 3950 3258 4008 illis
3279 3955 3337 4008 te
3358 3952 3466 4009 fac.
3483 3953 3547 4008 In
3554 3967 3703 4026 pra-

2052 4046 2200 4109 cepto
2231 4038 2371 4109 quod
2401 4038 2709 4105 mandasti,
2742 4039 2797 4095 id
2833 4044 2941 4109 est,
2966 4040 3025 4096 in
3050 4039 3381 4097 humilitate
3396 4041 3631 4097 videant
3650 4044 3707 4097 te

2056 4126 2366 4190 humilem,
2399 4130 2455 4181 et
2480 4144 2596 4182 non
2628 4134 2986 4202 cognoscant
3016 4131 3223 4186 Deum.
3254 4131 3318 4186 Si
3345 4131 3491 4189 enim
3514 4146 3706 4201 cogno-

2054 4214 2275 4281 vissent,
2336 4231 2640 4285 numquam
2710 4219 3005 4275 Dominum
3060 4220 3256 4291 gloria”;
3308 4220 3709 4290 cruciﬁxissent

2057 4303 2102 4373 (ι
2134 4303 2253 4357 Cor.
2296 4303 2379 4374 ιι).
2440 4304 2503 4358 Et
2558 4322 2833 4378 synagoga
2860 4309 3187 4380 populorum
3215 4307 3578 4363 circumdabit
3632 4312 3701 4363 te.

2060 4392 2221 4447 Istud
2248 4392 2557 4463 exponitur
2590 4399 2653 4448 ut
2682 4412 2880 4468 supra.
2910 4398 3175 4451 Dominus
3195 4396 3425 4467 judieat
3455 4396 3702 4466 populos.

2059 4488 2177 4543 Hoc
2198 4488 2428 4543 duobus
2451 4489 2642 4545 modis
2664 4492 2847 4563 accipi
2877 4496 3085 4563 potest.
3111 4491 3236 4546 Uno
3272 4490 3353 4546 ita
3378 4509 3389 4546 :
3414 4490 3533 4563 Ego
3559 4490 3701 4556 dixi,

271 4580 538 4635 terraena
571 4596 706 4652 quae
737 4582 877 4634 sunt
906 4577 1116 4651 pulvis,
1149 4582 1204 4633 et
1252 4594 1365 4633 non
1415 4595 1671 4649 quaeram
1706 4578 1950 4651 gloriam
1982 4573 2029 4637 D
2061 4577 2360 4647 Regi-edere
2392 4579 2450 4632 in.
2476 4579 2675 4645 altum,
2698 4578 2753 4633 id
2778 4584 2885 4647 est,
2912 4579 3161 4635 ascende
3183 4580 3253 4635 ad
3302 4583 3530 4636 Patrem
3554 4579 3710 4637 unde

271 4667 389 4724 nisi
423 4669 488 4724 in
526 4667 692 4724 aliis.
728 4667 829 4722 Hic
884 4671 1004 4722 tota
1051 4667 1137 4722 vis
1195 4666 1492 4722 sententiae
1522 4672 1628 4723 est.
1662 4667 1823 4723 Istud
1862 4673 1952 4723 est

271 4758 647 4814 maximum.
683 4757 859 4822 Quasi
891 4756 1082 4811 dicat:
1117 4756 1227 4811 Sed
1288 4772 1405 4810 non
1460 4760 1549 4811 est
1578 4756 1857 4828 iniquitas
1892 4757 1948 4811 in

271 4846 572 4904 manibus
597 4845 766 4916 meis,
784 4862 889 4901 nec
906 4843 1131 4900 reddidi
1146 4843 1602 4901 retribuentibus
1618 4845 1759 4900 mihi
1775 4844 1949 4917 mala,

269 4938 327 4990 et
354 4936 500 4991 ideo
535 4950 862 5006 exsurgere,
897 4935 1146 5001 Domine,
1182 4934 1243 4988 in
1267 4933 1352 4988 ira
1373 4938 1480 4989 tua
1501 4934 1673 4996 bona,
1700 4933 1953 4989 vindicta

269 5021 462 5098 digna
494 5023 769 5097 perfecto
796 5023 939 5079 viro.
973 5021 1146 5089 Quasi
1189 5022 1381 5078 dicat:
1419 5022 1544 5077 Non
1577 5038 1681 5095 ego
1712 5038 1954 5095 superer

269 5113 342 5168 ab
376 5114 650 5169 inimico
682 5112 800 5169 imo
832 5110 1107 5167 inimicus
1154 5128 1186 5165 a
1234 5116 1291 5167 te
1321 5116 1651 5184 superetur,
1684 5118 1741 5167 et
1769 5111 1955 5184 spolia

270 5202 403 5274 ejus
467 5201 748 5260 auferas.
790 5204 1064 5272 Exsurge,
1116 5202 1365 5271 Domine,
1399 5218 1502 5273 per
1560 5201 1951 5274 cognitionem

270 5292 365 5363 qei
387 5292 588 5348 modo
614 5290 783 5363 quasi
798 5291 964 5362 jaces
1010 5289 1163 5360 apud
1211 5294 1613 5360 persecutores
1662 5306 1824 5349 meos
1854 5305 1957 5362 per

268 5379 699 5456 ignorantiam
725 5396 739 5434 :
766 5380 855 5435 fac
879 5384 944 5434 ut
967 5382 1023 5433 te
1044 5382 1417 5450 cognoscant,
1444 5383 1506 5432 ut
1527 5383 1580 5433 te
1605 5382 1951 5449 sequantur.

271 5479 342 5536 Et
369 5480 493 5536 hoc
528 5478 636 5533 fac
668 5479 727 5533 in
757 5478 844 5532 ira
878 5481 992 5545 tua,
1027 5474 1385 5531 ostendendo
1440 5474 1556 5530 illis
1585 5474 1734 5530 iram
1767 5481 1953 5541 tuam,

270 5565 328 5625 id
358 5573 463 5627 est
496 5566 951 5625 damnationem
983 5568 1041 5620 et
1083 5580 1315 5636 poenam
1371 5579 1490 5618 suae
1522 5563 1839 5635 impietatis
1872 5567 1957 5621 fu-

269 5662 504 5717 turam.
536 5659 617 5714 Et
652 5658 918 5724 exaltare,
951 5655 1008 5711 id
1041 5657 1130 5711 est
1175 5651 1502 5726 gloriﬁcare
1529 5671 1541 5721 ;
1603 5657 1667 5709 ut
1696 5653 1955 5711 lauderis

2060 4668 2268 4724 venisti
2295 4686 2307 4735 ;
2331 4669 2428 4723 sed
2455 4686 2580 4739 ego,
2611 4668 2701 4723 cui
2721 4669 2848 4738 jam
2876 4668 3141 4725 revelasti
3161 4674 3384 4725 secreta
3404 4670 3709 4741 tua,video

2061 4758 2217 4831 quod
2241 4757 2371 4813 aliis
2394 4758 2463 4812 ad
2490 4759 2739 4813 salutem
2757 4762 2845 4813 est
2861 4756 2992 4813 aliis
3008 4775 3136 4815 esse
3155 4759 3225 4813 ad
3245 4759 3706 4816 damnationem.

2062 4846 2193 4903 Ideo
2218 4846 2365 4901 dico.
2393 4848 2659 4902 Dominus
2681 4845 2898 4918 judicat
2928 4849 3155 4920 populos
3200 4847 3665 4919 occultojudicio
3692 4863 3703 4899 :

2062 4933 2190 4991 ideo
2222 4951 2359 5008 rogo
2394 4940 2450 4989 te
2481 4940 2543 4988 ut
2574 4952 2666 4990 me
2690 4934 2916 5005 judices
2947 4937 3019 4993 ad
3051 4937 3325 4993 salutem.
3382 4935 3507 4991 Alio
3538 4934 3711 4990 modo

2063 5022 2181 5078 ita:
2207 5028 2437 5094 Appare
2488 5022 2547 5076 in
2578 5021 2930 5091 humilitate,
2978 5030 3036 5081 et
3091 5028 3377 5080 revertere
3408 5022 3466 5077 in
3499 5021 3712 5078 coelum

2063 5116 2121 5167 et
2146 5116 2277 5183 post
2297 5127 2413 5165 non
2436 5112 2633 5168 venies
2655 5112 2767 5168 nisi
2790 5114 2860 5168 ad
2883 5113 3272 5184 judicandum
3296 5109 3602 5166 manifeste
3625 5113 3713 5167 :et

2065 5200 2175 5255 hoc
2203 5204 2313 5265 est,
2339 5201 2604 5256 Dominus
2623 5201 2843 5273 judicat
2867 5200 3127 5273 populos,
3161 5200 3219 5255 id
3265 5204 3374 5267 est,
3399 5198 3710 5270 judicahit.

2064 5298 2399 5353 Notandum
2422 5299 2578 5368 quod
2602 5298 2763 5364 dicit,
2787 5306 3078 5354 revertere.
3103 5298 3409 5368 Divinitas,
3433 5313 3561 5368 quae
3584 5297 3715 5353 ubi-

2065 5402 2178 5458 que
2209 5391 2317 5453 est,
2349 5403 2538 5458 neque
2568 5387 2886 5453 descendit,
2919 5402 3106 5459 neque
3127 5385 3409 5443 ascendit.
3437 5385 3716 5441 Humani-

2064 5480 2156 5531 tas
2189 5492 2304 5529 non
2338 5475 2660 5540 descendit,
2693 5475 2832 5547 quia
2860 5476 2932 5531 de
2979 5474 3217 5549 Virgine
3265 5477 3574 5545 assumpta
3604 5478 3713 5545 est,

2066 5581 2199 5620 cum
2234 5568 2431 5619 tamen
2460 5564 2729 5620 dicatur:
2774 5566 2941 5622 Nemo
2988 5563 3230 5622 ascendit
3268 5564 3330 5617 in
3357 5561 3574 5633 caelum,
3605 5563 3715 5619 nisi

2066 5655 2161 5725 qui
2192 5650 2465 5708 descendit
2498 5652 2563 5708 de
2591 5652 2721 5709 cwto
2751 5652 2932 5725 (toan.
2965 5654 3074 5726 ιιι).
3122 5651 3233 5708 Sed
3283 5654 3373 5708 est
3402 5649 3714 5709 dicendum
