4016 6192
330 394 446 456 {'79

903 400 1206 464 REMIGII
1250 398 2002 466 ANTISSIODORENSIS
2029 399 2218 466 .OPP.
2267 404 2469 468 PARS
2514 404 2560 466 l.
2594 439 2671 451 —
2701 402 3168 470 EXEGETIGA.

3613 398 3730 464 180

331 532 486 602 quod
513 532 791 590 divinitas
814 534 985 591 Verbi
1012 536 1121 592 hoc
1148 536 1320 593 modo
1341 536 1713 593 descendisse
1729 536 1972 604 visaest,
2005 538 2060 604 Α
2091 537 2236 601 Quia
2266 543 2356 594 est
2379 543 2613 612 patiens.
2647 541 2715 597 Et
2745 539 2855 596 hoc
2886 537 3180 596 ostendit:
3229 534 3508 607 Numquid
3535 533 3734 589 irasce-

333 623 474 680 dum
507 641 609 696 per
637 624 923 681 Dominici
953 625 1210 682 hominis
1240 644 1473 682 carnem
1503 643 1565 681 se
1597 625 1762 681 nobis
1796 625 1978 680 mani-

332 713 584 768 festavit.
620 713 830 780 Rediit,
865 731 997 770 cum
1029 715 1197 771 nobis
1245 732 1372 771 eam
1404 714 1711 770 subtraxit.
1741 715 1808 769 Et
1839 713 1979 784 quia

333 801 394 856 in
427 802 621 857 futuro
645 803 944 874 judicabis
995 805 1300 860 manifeste
1346 809 1663 876 antequam
1709 803 1850 858 illuc
1881 818 1975 856 ve-

335 890 516 957 niam,
539 892 734 962 judica
760 909 847 948 me
877 893 970 948 hic
1001 895 1184 965 prius.
1220 893 1490 966 Flagella,
1524 909 1646 959 ure,
1673 893 1853 964 proba
1873 908 1976 946 au-

339 996 469 1033 rum
501 986 688 1051 tuum,
719 981 820 1035 Vel
851 981 987 1053 quia
1008 982 1102 1037 hic
1126 982 1551 1052 etiamjudicas
1575 980 1977 1052 occultojudi-

337 1067 445 1132 cio,
470 1068 615 1142 alios
639 1071 853 1126 faciens
875 1071 1126 1142 ﬂagella,
1152 1072 1295 1127 alios
1317 1071 1617 1143 ﬂagellari,
1647 1071 1840 1143 judico
1867 1085 1974 1134 me,

337 1158 582 1225 Domine,
619 1159 781 1231 puni,
806 1159 1037 1232 ﬂagella
1071 1162 1367 1216 secundum
1395 1162 1675 1232 justitiam
1695 1175 1893 1225 meam,
1921 1157 1975 1211 id

333 1252 443 1316 est,
467 1250 538 1304 ad
563 1250 965 1322 probationem
991 1267 1004 1304 :
1030 1251 1110 1304 ita
1132 1250 1286 1305 enim
1304 1249 1796 1321 postulatjustitia
1808 1264 1936 1302 mea
1960 1266 1972 1313 ;

334 1339 434 1411 qui
459 1339 615 1393 enim
643 1340 836 1408 iustus
859 1344 968 1410 est,
993 1357 1106 1393 non
1131 1339 1308 1394 habet
1331 1340 1483 1410 quod
1503 1343 1802 1410 purgetur,
1823 1337 1978 1392 sicut

333 1444 550 1499 purum
575 1444 784 1482 aurum
813 1445 926 1482 non
951 1428 1125 1483 habet
1148 1428 1306 1499 quod
1347 1429 1598 1499 deponat
1639 1427 1694 1480 in
1720 1427 1872 1498 igne,
1899 1426 1977 1480 ita

333 1520 390 1572 et
406 1517 608 1587 justus
631 1517 700 1571 ad
721 1517 829 1572 hoc
854 1517 1196 1589 ﬂagellatur,
1223 1518 1293 1572 ad
1313 1517 1749 1588 hocjudicatur,
1775 1517 1977 1586 utejus

326 1604 564 1676 justitia
595 1609 898 1678 augeatur.
933 1608 1006 1660 Et
1032 1605 1330 1660 secundum
1377 1607 1749 1660 innocentiam
1777 1621 1975 1659 meam.

331 1693 573 1760 Justitia
592 1699 680 1749 est
701 1695 885 1750 facere
913 1693 1103 1762 bona;
1127 1695 1479 1766 innocentia,
1499 1695 1764 1750 deserere
1803 1692 1976 1747 mala.

333 1793 469 1857 Quae
503 1797 752 1862 utraque
783 1809 896 1847 non
947 1809 980 1846 a
1012 1809 1102 1848 me
1161 1797 1270 1857 est,
1304 1793 1404 1848 sed
1463 1809 1628 1863 super
1661 1809 1766 1860 me,
1804 1791 1860 1845 id
1892 1793 1982 1844 est

2087 630 2178 681 tur
2193 645 2298 699 per
2316 631 2558 701 singulos
2576 631 2691 686 dies
2714 630 2743 684 ?
2759 631 2825 686 Et
2845 631 2953 684 hoc
2978 628 3134 698 facit,
3163 630 3228 681 ut
3256 623 3678 682 convertamini
3711 639 3727 678 :

2084 717 2204 771 Non
2223 719 2369 772 enim
2389 721 2506 774 vult
2548 729 2775 774 mortem
2814 718 3140 790 peccatoris,
3189 715 3280 770 sed
3301 718 3361 769 ut
3383 717 3736 769 convertatur

2087 805 2300 875 (Ezech.
2335 813 2519 877 xvm).
2554 810 2621 863 Et
2649 807 2998 880 Apostolus:
3057 806 3238 861 Nescis
3284 805 3416 876 quia
3457 805 3736 875 patientia

2088 894 2184 950 Dei
2213 896 2282 950 ad
2303 900 2686 968 paenitentiam
2715 902 2766 952 te
2811 895 3035 952 adducit
3057 897 3082 948 .9
3139 895 3310 965 (Rom.
3368 894 3451 964 ιι).
3483 893 3648 956 Quod
3680 891 3731 947 si

2087 983 2216 1040 ideo
2231 986 2570 1057 quiadiﬂ’ert
2584 1003 2812 1057 poenam
2825 989 3015 1057 ,putas
3029 1000 3163 1039 eum
3179 981 3566 1053 nonjudicatu
3577 998 3734 1046 rum,

2085 1078 2142 1128 et
2165 1074 2293 1130 ideo
2319 1092 2520 1131 secure
2546 1092 2772 1146 peccas,
2821 1073 3184 1129 thezaurizas
3211 1071 3319 1126 tibi
3363 1071 3511 1125 iram
3557 1071 3618 1124 in
3641 1070 3738 1124 die

2085 1161 2182 1217 irce
2206 1170 2260 1218 et
2283 1164 2802 1234 revelationisjusti
2820 1162 3031 1236 judicii
3072 1161 3193 1216 Dei.
3241 1161 3308 1215 Et
3329 1160 3436 1214 hoc
3457 1163 3547 1214 est
3575 1159 3736 1230 quod

2086 1254 2387 1323 sequitur:
2453 1255 2572 1308 Nisi
2629 1253 2872 1308 conversi
2919 1251 3138 1322 fueritis
3167 1249 3417 1320 gladium
3459 1265 3619 1303 suum
3650 1249 3736 1304 vi-

2087 1339 2284 1397 brabit.
2319 1343 2534 1398 Revera
2563 1341 2620 1397 in
2655 1343 2850 1396 futuro
2887 1339 3180 1412 judicabit
3226 1337 3556 1403 manifeste,
3591 1337 3735 1409 quia

2088 1446 2242 1484 nunc
2264 1431 2495 1502 judicat
2532 1431 2590 1484 in
2624 1430 2868 1486 occulto.
2899 1431 3098 1485 Arcum
3139 1443 3302 1482 suum
3325 1427 3452 1498 jam
3486 1426 3733 1482 tetendit.

2086 1528 2305 1597 Arcum,
2340 1529 2396 1583 id
2430 1533 2520 1584 est
2573 1527 2830 1583 divinam
2887 1525 3273 1597 Scripturam,
3327 1524 3454 1594 jam
3486 1523 3735 1588 tetendit,

2089 1619 2229 1688 quia
2275 1617 2492 1672 duritia
2537 1617 2761 1672 Veteris
2822 1614 3180 1671 Testamenti
3242 1612 3392 1668 ﬂexa
3443 1617 3533 1667 est
3562 1628 3737 1667 nervo

2089 1706 2250 1761 Novi.
2301 1706 2384 1762 Ibi
2442 1705 2677 1762 oculum
2737 1690 2840 1778 pro
2899 1703 3087 1772 oculo,
3140 1702 3374 1757 dentem
3433 1718 3536 1772 pro
3564 1701 3739 1756 dente

2088 1795 2278 1866 (Exod.
2313 1807 2428 1866 xxx)
2456 1813 2468 1850 :
2497 1795 2591 1850 hic
2621 1799 2842 1850 autem.
2903 1792 3047 1850 Nolo
3079 1795 3324 1846 mortem
3385 1790 3734 1861 peccatoris,

332 1879 604 1951 desuper.
631 1881 697 1934 Et
717 1880 855 1951 quia
876 1880 984 1935 hoc
1001 1887 1088 1936 est
1109 1881 1372 1952 probatio
1421 1897 1573 1948 mea,
1599 1897 1712 1934 non
1733 1880 1974 1934 damna-
2007 1903 2056 1968 B
2085 1885 2186 1940 sed
2219 1889 2281 1938 ut
2302 1887 2671 1939 convertatur
2717 1887 2772 1937 et
2799 1882 2954 1936 vivat
3001 1878 3213 1950 (Bacch.
3246 1878 3410 1949 xvm)
3431 1896 3450 1932 :
3501 1877 3585 1933 vel
3619 1877 3732 1934 hoc

332 1968 434 2035 tio,
466 1974 836 2036 consumetur,
867 1969 923 2024 id
958 1975 1046 2024 est
1080 1970 1432 2040 perficiatur,
1482 1970 1540 2024 in
1601 1984 1694 2024 me
1721 1969 1976 2038 nequitia

329 2067 692 2131 peccatorum.
753 2060 1069 2114 Exerceant
1118 2059 1176 2113 in
1237 2075 1331 2113 me
1383 2058 1754 2129 iniquitatem
1809 2073 1976 2112 suam

333 2165 640 2221 quousqus
654 2147 1064 2222 possunt,quia
1077 2151 1293 2218 quanto
1309 2147 1392 2202 illi
1408 2147 1596 2219 magis
1610 2147 1978 2214 sordescunt,

331 2241 494 2294 tanto
520 2254 624 2310 ego
665 2237 865 2310 purior
899 2237 1009 2305 ﬂo;
1061 2237 1213 2292 sicut
1237 2237 1410 2309 ignis,
1440 2241 1657 2308 quanto
1691 2235 1820 2308 plus
1853 2251 1976 2290 sor-

335 2328 497 2384 dium
520 2327 814 2383 contrahit
837 2328 908 2382 ab
948 2345 1109 2394 auro,
1135 2331 1297 2382 tanto
1328 2326 1468 2381 illud
1510 2327 1573 2380 fit
1599 2325 1886 2398 puriusfet
1905 2325 1977 2378 de

333 2433 442 2473 sua
473 2421 682 2471 natura
714 2415 856 2470 nihil
889 2416 1122 2471 amittit.
1181 2415 1335 2470 Vivit
1389 2415 1608 2487 impius
1640 2415 1754 2486 pio,
1789 2418 1837 2469 et
1871 2413 1977 2468 hoc

335 2505 508 2560 modo
537 2505 745 2573 diriges
764 2506 995 2576 justum,
1031 2505 1089 2559 id
1148 2509 1236 2560 est
1282 2504 1513 2574 justitia
1552 2504 1701 2574 justi
1735 2508 1974 2558 crescet.

333 2599 498 2657 Sicut
527 2600 684 2655 enim
719 2617 973 2672 nequam
1005 2601 1325 2656 exercendo
1375 2601 1695 2672 nequitiam
1731 2601 1975 2669 injusto,

335 2690 400 2744 fit
423 2690 666 2761 nequior
691 2706 704 2744 :
728 2689 1024 2760 itajustus
1047 2705 1151 2760 per
1170 2689 1510 2760 patientiam
1535 2689 1600 2743 fit
1647 2688 1878 2758 iustior.
1911 2687 1981 2741 Et

334 2778 443 2835 hoc
460 2784 548 2835 est
569 2777 807 2834 directio
826 2778 995 2849 justi,
1022 2782 1086 2832 ut
1106 2777 1400 2849 pracedat,
1425 2777 1495 2832 de
1533 2777 1744 2831 virtute
1783 2775 1842 2830 in
1866 2775 1978 2830 vir-

335 2871 541 2924 tutem.
564 2871 670 2938 Tu,
695 2867 868 2932 Deus,
889 2865 996 2921 hoc
1021 2865 1218 2934 facies,
1246 2865 1345 2937 qui
1382 2865 1671 2936 perfectus
1698 2881 1760 2920 es
1796 2865 1977 2920 medi-

335 2974 462 3027 cus,
486 2957 722 3029 quiscis
751 2959 905 3028 quod
929 2955 988 3009 in
1013 2955 1182 3011 nobis
1209 2954 1417 3026 punias
1444 2973 1456 3022 ;
1502 2954 1639 3026 quia
1659 2959 1720 3009 tu
1751 2970 1813 3009 es
1842 2955 1980 3009 Deus

333 3055 586 3102 scrutaris
616 3045 798 3114 corda,
830 3045 886 3098 id
919 3048 1026 3111 est,
1073 3043 1318 3099 consilia
1369 3043 1632 3098 cordium
1667 3060 1792 3115 qua:
1826 3047 1980 3097 recta

337 3139 494 3200 sunt,
517 3147 571 3191 et
597 3150 772 3200 renes,
798 3134 856 3188 id
879 3137 986 3202 est,
1015 3132 1427 3187 delectationes
1449 3148 1575 3202 quas
1609 3149 1794 3202 pravas
1817 3134 1978 3197 sunt,

335 3223 475 3294 quia
503 3223 563 3278 in
596 3222 836 3278 renibus
864 3221 971 3276 viri
1023 3221 1265 3275 luxuriae
1313 3221 1480 3276 sedes
1529 3225 1638 3286 est,
1681 3221 1737 3275 id
1773 3224 1881 3285 est,
1911 3225 1975 3274 tu

336 3311 454 3369 scis
485 3311 718 3384 quando
748 3311 982 3367 animus
1013 3308 1299 3364 consentit
1353 3308 1717 3364 delectationi
1763 3308 1976 3374 carnis,

337 3402 422 3458 vel
455 3401 688 3473 quando
718 3416 865 3456 caro—
907 3398 1139 3472 spiritui
1198 3397 1412 3453 obedit.
1454 3397 1553 3454 Vel
1585 3398 1768 3464 corda,
1801 3397 1857 3453 id
1891 3401 1980 3452 est

336 3491 709 3553 intentiones,
741 3494 793 3544 et
824 3504 995 3554 renes,
1019 3487 1075 3542 id
1101 3492 1189 3542 est
1211 3489 1356 3542 ﬁnes
1382 3487 1771 3541 intentionum
1798 3509 1816 3555 ,-
1841 3488 1978 3560 quia

335 3579 527 3635 omnis
555 3577 798 3634 intentio
832 3582 934 3632 aut
964 3576 1152 3632 tendit
1180 3576 1249 3630 ad
1274 3576 1485 3630 bonam
1509 3576 1972 3647 delectationem,

332 3672 434 3724 aut
463 3669 535 3723 ad
569 3667 804 3722 malam.
839 3669 1051 3722 Iustum
1082 3665 1415 3738 adjutorium
1445 3681 1627 3720 meum
1653 3683 1693 3720 α
1726 3667 1970 3721 Domino.

329 3765 506 3832 Quasi
538 3765 694 3820 dicat
722 3783 736 3832 ;
767 3765 881 3834 Ego
928 3780 1043 3818 non
1104 3762 1279 3816 timeo
1336 3767 1626 3816 tormenta
1655 3761 1971 3834 impiorum

328 3871 462 3912 cum
485 3855 596 3909 sim
613 3853 990 3924 justus,quia
1012 3850 1366 3922 adjutorium
1388 3851 1973 3919 meumjustumesta

327 3943 615 4000 Domino:
648 3959 785 3997 nam
826 3941 1013 3997 salvat
1059 3955 1263 3994 omnes
1295 3946 1460 3994 rectos
1507 3941 1681 3993 corde.
1723 3939 1822 3993 Vel
1855 3957 1969 3995 non

324 4032 501 4088 timeo
529 4036 593 4086 ut
615 4030 900 4086 Dominus
927 4029 1263 4100 mejudicet
1284 4027 1342 4081 in
1395 4027 1589 4082 futuro
1631 4027 1879 4097 judicio,
1912 4029 1968 4084 id

325 4127 418 4178 est
439 4121 771 4184 manifesto,
800 4119 939 4190 quia
960 4119 1132 4173 modo
1169 4118 1228 4171 in
1254 4115 1717 4185 occultojudicio
1739 4117 1968 4187 adjuto-

325 4210 478 4265 rium
508 4225 704 4265 meum
737 4225 771 4262 a
812 4206 1060 4263 Domino
1098 4207 1352 4276 justum,
1402 4205 1544 4260 dum
1596 4222 1688 4261 me
1718 4207 1974 4278 ﬂagellat

325 4295 728 4369 temporaliter
748 4299 1084 4367 peccantem
1106 4292 1526 4364 temporaliter,
1551 4294 1606 4347 in
1633 4295 1966 4367 exemplum

317 4385 691 4458 justijudicii
717 4385 828 4454 sui,
855 4383 1079 4439 scilicet
1123 4387 1187 4436 ut
1207 4398 1309 4453 per
1333 4381 1442 4436 hoc
1489 4384 1759 4438 ostendat
1788 4401 1965 4455 quam

315 4475 478 4546 juste
509 4473 855 4530 zeternaliter
886 4477 1218 4542 peccantem
1253 4470 1603 4526 teternaliter
1627 4473 1851 4543 puniat,
1904 4479 1968 4528 ut

323 4564 422 4635 qui
449 4581 562 4618 non
589 4563 775 4634 parcit
801 4561 965 4627 Filio,
991 4578 1106 4615 non
1131 4565 1328 4631 parcat
1349 4565 1406 4614 et
1429 4577 1612 4615 servo.
1651 4563 1963 4632 Tempora-

2087 1973 2260 2028 modo
2282 1974 2447 2038 ﬂexa,
2472 1971 2611 2043 quia
2637 1971 2917 2026 inclinata
2960 1974 3050 2025 est
3073 1969 3144 2024 ad
3181 1967 3562 2040 capacitatem
3586 1967 3738 2022 tide-

2087 2061 2232 2116 lium
2266 2078 2368 2134 per
2410 2060 2769 2132 expositores
2827 2063 2884 2114 et
2937 2057 3340 2130 praedicatores
3396 2062 3652 2126 sanctos,
3683 2059 3743 2112 et

2085 2151 2372 2206 tendendo
2393 2152 2608 2222 paravit
2637 2151 2820 2218 illum,
2853 2153 2919 2203 ut
2947 2151 3101 2204 esset
3121 2151 3293 2219 aptus
3316 2145 3386 2200 ad
3409 2144 3738 2218 intelligen-

2087 2239 2250 2294 dum.
2283 2241 2345 2294 Et
2375 2241 2436 2294 in
2466 2255 2548 2306 eo,
2580 2237 2802 2294 scilicet
2834 2254 2994 2308 arcu,
3017 2235 3237 2308 paravit
3265 2251 3398 2291 vasa
3428 2237 3645 2300 mortis,
3676 2236 3738 2290 id

2087 2335 2196 2396 est,
2222 2329 2628 2401 praedicatores
2652 2331 2884 2384 sanctos
2914 2326 3013 2397 qui
3049 2324 3420 2381 salutiferum
3444 2323 3735 2396 liquorem

2089 2419 2224 2474 inde
2239 2414 3127 2490 accipientes,infunduntaegris
3139 2413 3425 2469 etsauciis
3440 2413 3738 2469 mentibus

2088 2507 2418 2575 hominum,
2453 2512 2516 2561 ut
2546 2505 2840 2578 expellant
2869 2504 2981 2559 diri
3026 2503 3316 2575 serpentis
3366 2502 3735 2558 mortiferum

2088 2611 2395 2650 venenum.
2418 2593 2521 2650 Vel
2537 2611 2676 2650 vasa
2698 2595 2903 2649 mortis
2927 2593 2982 2648 in
3008 2591 3229 2646 malum
3250 2592 3484 2648 eosdem
3507 2597 3739 2664 aposto-

2088 2684 2197 2750 los,
2214 2683 2312 2756 qui
2335 2683 2845 2738 contemnentibus
2860 2698 3058 2737 eorum
3083 2681 3407 2735 doctrinam
3421 2696 3562 2735 vasa
3580 2697 3738 2735 mor-

2087 2773 2164 2827 tis
2197 2774 2346 2826 ﬁunt
2375 2772 2815 2844 recipientibus,
2839 2787 2978 2826 vasa
3013 2771 3164 2824 vitaa.
3205 2769 3343 2824 Aliis
3371 2772 3522 2824 enim
3548 2785 3742 2826 sumus

2088 2861 2220 2916 odor
2245 2863 2438 2916 mortis
2491 2864 2552 2915 in
2605 2864 2867 2926 mortem,
2925 2860 3056 2914 aliis
3113 2857 3244 2914 odor
3297 2859 3430 2914 vitae
3483 2859 3541 2912 in
3569 2860 3740 2914 vitam

2087 2951 2163 3021 (ll
2193 2950 2312 3006 Cor.
2351 2954 2409 3016 ι).
2434 2951 2504 3004 Et
2534 2948 2642 3004 hoc
2672 2954 2761 3003 est
2790 2949 2942 3016 quod
2976 2948 3276 3018 sequitur:
3317 2949 3579 3019 Sagittas
3607 2963 3741 3003 suas

2087 3039 2409 3094 ardentibus
2431 3038 2625 3110 eﬂecit.
2672 3037 2919 3092 Eosdem
2974 3036 3385 3108 praedicatores
3426 3036 3615 3091 eﬂ‘ecit
3645 3053 3743 3092 sa-

2087 3129 2264 3200 gittas
2296 3144 2456 3194 suas,
2489 3144 2612 3198 quae
2645 3124 2954 3180 stimulant
2984 3125 3160 3180 corda
3191 3123 3451 3180 fidelium
3485 3125 3553 3179 ad
3582 3142 3742 3181 amo~

2090 3234 2211 3272 rem
2236 3217 2334 3272 Dei
2361 3233 2375 3271 :
2399 3220 2455 3270 et
2475 3215 2584 3270 hoc
2621 3213 2754 3270 fecit
2792 3214 3133 3269 ardentibus
3175 3211 3475 3268 charitate.
3509 3212 3736 3270 Aliter:

2087 3317 2150 3370 In
2179 3331 2238 3371 eo
2265 3315 2484 3386 paravit
2532 3329 2660 3367 vasa
2701 3313 2914 3382 mortis,
2959 3309 3259 3365 haereticos
3294 3310 3395 3381 qui
3444 3324 3734 3366 venenum

2089 3419 2273 3476 pravae
2296 3400 2687 3470 intelligentiae
2711 3399 2846 3454 inde
2867 3403 3188 3465 sumentes,
3215 3397 3568 3453 mortificant
3586 3403 3647 3453 et
3673 3416 3738 3455 se

2085 3491 2228 3547 alios
2250 3507 2422 3564 prave
2443 3490 2702 3544 docendo
2726 3504 2738 3543 :
2764 3487 3068 3542 eteosdem
3092 3486 3279 3542 eﬂ'ecit
3307 3486 3550 3557 sagittas
3568 3503 3731 3553 suas,

2083 3581 2142 3635 id
2200 3585 2308 3647 est,
2369 3577 2639 3634 stimulos
2697 3576 3037 3631 ardentibus
3095 3576 3152 3629 in
3203 3573 3513 3630 dilectione
3543 3575 3647 3630 Dei
3677 3581 3735 3632 et

2084 3668 2352 3740 proximi.
2371 3666 2779 3721 Excitaverunt
2807 3665 2962 3719 enim
2981 3663 3196 3720 multos
3217 3664 3286 3718 ad
3301 3664 3731 3720 discutiendam

2081 3763 2138 3812 et
2157 3756 2528 3828 aperiendam
2552 3753 2810 3808 divinam
2855 3753 3242 3825 Scripturam,
3292 3757 3358 3807 ut
3379 3751 3459 3807 ait
3484 3755 3734 3825 Aposto-

2078 3845 2171 3900 lus
2203 3861 2214 3900 :
2250 3845 2505 3916 Opportet
2535 3843 2768 3899 haereses
2796 3859 2932 3907 esse,
2967 3852 3025 3898 ut
3055 3843 3152 3914 qui
3165 3841 3386 3914 probati
3403 3846 3534 3896 sunt
3557 3845 3736 3898 mani-

2077 3935 2205 4005 festi
2232 3934 2370 4004 ﬁant
2400 3933 2445 4001 (ι
2477 3932 2598 3987 Cor.
2631 3931 2732 4003 χι).
2795 3931 2968 3998 Dixit,
3031 3936 3170 3987 Deus
3227 3930 3460 3986 vibrabit
3481 3930 3732 4002 gladium

2076 4039 2258 4089 suum,
2292 4022 2349 4077 id
2381 4027 2488 4088 est,
2523 4021 2832 4076 manifeste
2863 4020 3053 4075 mittet
3083 4019 3292 4074 Filium
3325 4035 3500 4074 suum
3536 4019 3606 4074 ad
3632 4020 3734 4090 ju-

2078 4112 2434 4167 dicandum:
2467 4115 2524 4165 et
2555 4109 2663 4164 hoc
2693 4108 2827 4164 inde
2856 4113 3047 4179 potest
3085 4109 3242 4178 sciri,
3293 4107 3433 4179 quia
3469 4108 3595 4178 jam
3631 4125 3734 4164 oc-

2079 4200 2231 4257 culte
2253 4200 2484 4272 judicat
2541 4199 2598 4253 in
2659 4214 2826 4253 sacra
2871 4197 3172 4268 Scriptura
3201 4195 3346 4252 alios
3386 4197 3443 4250 in
3478 4201 3732 4252 mortem

2077 4299 2436 4362 excaecando,
2469 4295 2616 4352 alios
2647 4297 2703 4350 in
2760 4295 2936 4349 vitam
2995 4293 3401 4350 illuminando.
3436 4294 3503 4348 Et
3532 4297 3598 4348 ut
3629 4311 3732 4350 os-

2075 4387 2276 4442 tendat
2308 4386 2465 4440 illam
2500 4384 2869 4439 manifestam
2894 4383 3331 4438 damnationem
3355 4399 3467 4438 non
3491 4383 3732 4453 exjudi-

2075 4477 2158 4531 cis
2191 4474 2532 4530 crudelitate
2563 4474 2843 4535 futuram,
2877 4473 2976 4527 sed
3009 4489 3076 4527 ex
3123 4472 3374 4544 propriis
3405 4471 3728 4543 impiorum

2079 4564 2322 4627 meritis,
2355 4561 2693 4633 subjungit:
2726 4563 2854 4616 Ecce
2879 4563 3126 4633 parturit
3159 4562 3488 4632 iniustitiam
3518 4565 3574 4615 et
3603 4576 3729 4616 con-

320 4633 456 4704 liter
479 4633 699 4722 peccat,
723 4649 819 4722 qui
843 4666 1080 4722 peccare
1106 4655 1311 4720 sponte
1333 4649 1582 4704 desinit:
1617 4651 1968 4706 aeternaliter
1997 4633 2042 4697 Ῑ)
2075 4653 2212 4724 cepit
2238 4651 2475 4707 dolorem
2507 4651 2681 4715 Quasi
2712 4651 2902 4705 dicat:
2963 4651 3166 4706 Nonne
3218 4650 3382 4706 vides
3431 4649 3726 4721 quomodo

319 4743 542 4808 peccat,
576 4739 676 4810 qui
708 4739 755 4794 si
789 4756 1020 4810 semper
1047 4739 1264 4792 viveret
1302 4753 1536 4804 semper
1584 4745 1865 4809 peccaret.
1899 4742 1967 4796 Et

316 4827 455 4900 quia
483 4828 664 4884 salvos
691 4829 831 4899 facit
859 4837 1032 4882 rectos
1061 4825 1238 4892 corde,
1286 4825 1462 4881 nolite
1502 4842 1658 4897 ergo,
1684 4827 1856 4896 justi,
1890 4831 1962 4884 ti-

315 4932 492 4972 mere.
529 4916 643 4972 Nos
672 4922 890 4979 autem,
924 4915 1110 4987 impii,
1143 4921 1335 4970 cavete
1381 4915 1566 4980 vobis,
1608 4916 1746 4987 quia
1777 4917 1952 4985 Deus,

313 5005 413 5077 qui
455 5005 626 5061 modo
677 5004 900 5061 occulte
929 5019 1030 5059 vos
1072 5002 1302 5074 judicat
1329 5003 1689 5070 excaecando,
1720 5007 1966 5064 vibrabit

311 5093 564 5164 gladium
594 5111 776 5161 suum,
808 5093 866 5148 id
897 5097 1004 5148 est.
1039 5091 1242 5146 Filium
1295 5107 1492 5157 suum,
1545 5109 1718 5164 quem
1754 5097 1964 5166 vagina

310 5183 506 5238 carnis
535 5187 754 5239 tectum
786 5181 1237 5238 misericorditer
1286 5180 1448 5235 vobis
1479 5181 1656 5237 misit.
1696 5183 1958 5254 Vibrabit,

312 5271 370 5326 id
397 5277 485 5327 est
514 5272 760 5343 detegat,
793 5288 926 5326 cum
965 5271 1272 5326 manifeste
1318 5285 1419 5340 per
1464 5286 1597 5324 eum
1624 5271 1953 5338 judicabit:

311 5373 478 5424 Pater
496 5370 648 5424 enim
669 5384 778 5423 non
795 5368 1010 5438 judicat
1030 5384 1378 5438 quemquam,
1395 5365 1485 5422 sed
1497 5367 1772 5438 judicium
1797 5388 1958 5428 omne

308 5456 454 5511 dedit
486 5457 627 5511 Filio
658 5457 837 5526 (Joan.
900 5457 975 5524 v),
1033 5460 1088 5509 et
1155 5455 1264 5510 hoc
1321 5454 1469 5516 ideo,
1529 5455 1667 5524 quia
1698 5456 1837 5512 Deus
1866 5456 1955 5514 est

299 5547 484 5616 justus
503 5545 699 5616 judex.
733 5545 848 5599 Nec
879 5543 998 5598 ulla
1023 5543 1363 5612 impotentia
1386 5543 1629 5613 impcdit
1649 5546 1948 5614 ejusjudi-

2077 4741 2432 4796 thesaurizat
2473 4738 2585 4794 sibi
2631 4739 2776 4793 iram
2804 4739 2861 4792 in
2885 4739 2978 4794 die
3001 4739 3094 4793 irae
3119 4742 3142 4794 Ρ
3173 4737 3276 4794 Vel
3301 4743 3489 4812 potest
3509 4737 3622 4793 dici
3654 4737 3727 4793 de

2076 4829 2380 4899 haereticis,
2415 4829 2524 4884 hoc
2558 4829 2766 4883 modo:
2806 4829 2950 4884 Vere
2981 4834 3120 4883 sunt
3155 4845 3293 4883 vasa
3323 4827 3530 4883 mortis
3555 4845 3567 4882 :
3592 4827 3727 4882 Ecce

2070 4922 2309 4990 parturit
2341 4919 2690 4989 injustitiam,
2725 4923 2781 4973 et
2808 4919 3052 4989 concepit
3093 4917 3356 4973 dolorem.
3407 4915 3465 4970 Si
3494 4916 3564 4971 de
3594 4933 3724 4971 om-

2075 5007 2250 5063 nibus
2309 5008 2504 5078 impiis
2558 5006 2832 5071 dicimus,
2903 5006 3026 5073 ita:
3085 5006 3215 5061 Ecce
3271 5005 3511 5074 concepit
3567 5003 3721 5060 dolo-

2071 5113 2207 5162 rem,
2267 5095 2418 5151 sicut
2494 5095 2706 5149 mulier
2780 5111 2911 5149 cum
2970 5093 3264 5166 voluptate
3320 5109 3521 5148 semen
3578 5107 3720 5147 con-

2071 5185 2232 5257 cipit,
2266 5185 2421 5239 unde
2484 5187 2681 5255 postea
2738 5183 2915 5238 habet
2965 5199 3247 5256 magnum
3303 5181 3603 5248 dolorem;
3636 5181 3722 5236 ita

2069 5273 2179 5327 iste
2209 5271 2460 5343 concipit
2489 5271 2546 5325 in
2581 5271 2752 5326 corde
2783 5271 3218 5328 delectationem
3261 5286 3462 5327 earum
3497 5285 3716 5338 rerum,

2069 5387 2193 5442 quae
2208 5384 2453 5441 magnos
2466 5367 2694 5424 dolores
2713 5369 2763 5424 ei
2798 5369 3029 5433 facient,
3053 5387 3184 5425 cum
3200 5385 3302 5425 nec
3319 5368 3444 5424 sine
3461 5366 3716 5422 maximo

2065 5458 2263 5514 dolore
2285 5456 2792 5528 derelinquuntur,
2819 5475 2921 5513 nec
2942 5458 3177 5514 retineri
3203 5461 3470 5526 possunt.
3501 5454 3717 5510 Etideo

2063 5548 2322 5618 parturit,
2343 5545 2399 5599 ih
2415 5551 2522 5611 est,
2542 5547 2859 5601 meditatur
2879 5563 3109 5618 parcere
3133 5563 3234 5617 per
3254 5559 3606 5601 consensum
3628 5544 3716 5598 in-

307 5635 486 5701 cium,
519 5635 656 5706 quia
678 5636 836 5705 [ortis
878 5637 988 5688 est.
1031 5631 1206 5693 Quasi
1241 5633 1432 5685 dicat:
1467 5632 1523 5686 Si
1550 5635 1749 5701 justus
1777 5643 1865 5689 est
1893 5642 1950 5691 et
2054 5635 2372 5708 justitiam,
2398 5635 2537 5689 dum
2562 5635 2772 5705 cogitat
2800 5636 3074 5706 perﬁcere
3097 5634 3339 5690 malum.
3362 5633 3445 5687 Ex
3467 5649 3532 5687 eo
3554 5631 3713 5686 enim

307 5720 493 5792 fortis,
522 5737 702 5793 quare
722 5738 858 5794 ergo
899 5724 1234 5793 peccantem
1261 5718 1495 5774 assidue
1518 5736 1632 5774 non
1676 5721 1902 5792 judicat
1920 5725 1948 5779 ?

2061 5723 2215 5796 quod
2235 5720 2390 5779 mala
2434 5722 2716 5794 concepit,
2767 5723 3087 5782 meditatur
3127 5723 3251 5780 fieri
3281 5721 3552 5791 mendax,
3584 5736 3718 5793 per-
