4016 6192
278 366 389 432 185

1401 366 2007 436 ENARRA'I‘IONES
2048 371 2129 435 IN
2172 370 2558 437 PSALMOS.

3560 374 3675 439 186

269 502 480 574 pientia
503 500 682 574 (ICor.
719 503 777 574 ι).
819 501 1032 559 Aliter:
1064 520 1135 560 ex
1191 521 1282 561 ore
1332 508 1633 577 infantium
1682 508 1913 562 illorum
1947 514 1997 574 Α
2030 507 2181 562 filius
2214 508 2493 579 Virginis.
2532 509 2597 563 Et
2627 506 2727 563 ille
2759 512 3045 581 quantum
3078 507 3147 563 ad
3164 507 3487 566 humanam
3511 520 3673 569 natu-

277 592 369 663 qui
403 592 737 647 clamabant
757 594 1015 648 hosanna
1036 594 1240 665 (Matth.
1264 598 1378 667 XXI)
1403 599 1681 667 per/'ecisti
1697 598 1915 652 laudem

277 686 452 741 tuam;
476 682 613 752 quia
632 681 709 735 ibi
726 682 995 753 apparuit
1015 690 1233 754 quanta
1256 685 1331 738 sit
1350 684 1479 739 laus
1504 690 1558 740 et
1579 686 1761 741 virtus
1793 693 1910 751 tua,

274 795 405 833 cum
436 783 491 832 et
520 778 605 833 illi
641 783 693 833 te
719 778 1137 835 laudaverunt:
1172 786 1228 835 et
1258 798 1389 835 cum
1434 783 1566 839 illos
1619 785 1800 839 fecisti
1858 789 1915 839 te

272 867 1705 938 pradicare,propterinimicum,iecistiJudaicum
1739 890 1916 944 popu-

274 954 391 1008 lum
426 955 524 1025 qui
556 959 610 1009 te
634 956 903 1025 negabat,
935 962 990 1010 et
1023 957 1267 1013 ultorem
1284 976 1400 1013 sua:
1421 960 1587 1030 legis,
1622 963 1763 1015 utin
1786 978 1918 1032 pue-

272 1059 467 1097 rorum
501 1042 787 1113 sapientia
808 1044 1119 1100 damnares
1144 1063 1350 1101 senum
1378 1050 1709 1103 stultitiam.
1770 1055 1913 1119 Quo-

272 1134 423 1187 niam
440 1132 623 1187 videbo
647 1133 802 1187 cazlos
835 1143 949 1188 tuos
975 1152 986 1188 :
1023 1135 1129 1189 hoc
1148 1135 1524 1191 continuatur
1549 1140 1820 1209 superius
1844 1140 1911 1193 ad

272 1219 416 1275 illud
448 1222 603 1291 quod
635 1221 891 1277 diximus
921 1223 1094 1278 caelos
1122 1225 1300 1295 accipi
1328 1225 1526 1280 fideles
1548 1232 1799 1292 sanctos,
1828 1229 1914 1282 vel

272 1314 535 1364 sanctam
556 1312 936 1381 Scripturam,
972 1312 1079 1366 hoc
1110 1314 1318 1367 modo:
1352 1313 1567 1369 Verum
1624 1323 1713 1370 est
1761 1318 1911 1388 quod

274 1398 411 1467 dixi,
442 1398 581 1468 quia
600 1398 1035 1468 magnificentia
1067 1406 1164 1454 tua
1194 1408 1431 1471 superat
1484 1404 1657 1459 caelos
1683 1424 1694 1471 ;
1759 1407 1912 1476 quod

273 1486 579 1541 manifeste
610 1487 1121 1559 probabitur,quia
1146 1505 1251 1560 ego
1284 1490 1340 1543 in
1374 1492 1623 1561 posteris
1656 1494 1799 1548 meis
1832 1496 1913 1547 vi-

271 1575 419 1630 debo
441 1575 612 1629 cmlos
630 1580 782 1639 tuos,
809 1576 1033 1631 scilicet
1048 1578 1245 1632 fideles
1268 1583 1520 1643 sanctos.
1547 1588 1919 1638 coruscantes

268 1663 587 1733 miraculis,
622 1664 1023 1735 compluentes
1045 1667 1254 1722 verbis.
1289 1669 1345 1721 Si
1404 1670 1471 1723 ad
1508 1686 1733 1725 sacram
1766 1672 1917 1726 Scri-

268 1756 523 1824 pturam,
566 1753 771 1808 videbo
803 1771 871 1809 ex
901 1752 1103 1810 caelata
1129 1756 1429 1827 Scriptura
1461 1763 1561 1813 tua
1593 1759 1722 1814 illos
1744 1761 1920 1816 caelos

2023 614 2146 652 ram
2180 597 2319 664 Quid
2347 598 2471 651 est?
2504 615 2615 652 non
2648 599 2775 653 dico
2808 599 2961 670 quod
2997 616 3219 654 memor
3248 617 3308 655 es
3342 602 3490 671 ejus,
3540 606 3679 675 quia

2023 703 2137 741 non
2174 687 2411 741 recessit
2442 703 2472 741 a
2504 692 2596 742 te:
2627 689 2726 742 sed
2772 691 3033 760 quoniam
3064 690 3251 744 visitas
3318 708 3461 748 eum.
3528 694 3678 750 Bene

2021 774 2244 839 visitas,
2280 775 2430 829 sicut
2462 776 2724 831 medicus
2742 778 2897 832 venit
2928 780 2996 832 ad
3021 778 3490 851 infirmum,quia
3514 783 3675 838 inﬁr-

2024 880 2157 919 mus
2189 881 2301 918 non
2337 868 2527 935 potest
2556 866 2627 918 ad
2662 882 2795 920 eum
2818 867 3033 922 venire.
3062 868 3142 923 Ita
3164 869 3437 927 divinitas
3462 871 3676 929 Christi

2024 953 2152 1022 ejus
2182 952 2633 1015 humanitatem,
2673 971 2798 1024 qua:
2832 971 2960 1009 sese
3017 957 3237 1030 erigere
3287 978 3401 1015 non
3462 967 3676 1033 potest,

2022 1048 2128 1103 visi
2141 1050 2351 1104 tavitet
2372 1051 2443 1103 ad
2467 1067 2719 1121 superna
2740 1051 3243 1125 levavit.Magnam
3269 1057 3513 1129 gloriam
3540 1077 3677 1116 con-

2022 1138 2211 1193 tulisti
2234 1139 2457 1193 homini
2491 1156 2591 1209 per
2612 1139 2819 1194 Filium
2851 1141 3123 1197 hominis.
3148 1145 3363 1201 Revera
3398 1167 3672 1222 magnum

2026 1233 2115 1282 est
2142 1230 2293 1299 apud
2320 1234 2374 1281 te
2399 1230 2551 1299 quod
2574 1228 2741 1283 illum
2767 1230 3570 1307 visitas.03tenditquomodo
3597 1244 3680 1296 vi-

2026 1315 2245 1370 sitavit.
2284 1318 2523 1373 Vinuisli
2551 1334 2673 1372 eum
2702 1320 2769 1372 ab
2799 1322 3337 1393 angelis,quantum
3380 1331 3450 1384 ad
3471 1331 3677 1387 huma-

2026 1421 2161 1459 nam
2192 1409 2484 1473 naturam,
2520 1406 2657 1477 quia
2690 1410 2997 1464 mortalem
3030 1412 3236 1479 fecisti,
3263 1417 3399 1486 quia
3436 1423 3679 1490 passibi-

2026 1492 2141 1547 lem
2167 1510 2179 1548 :
2207 1495 2303 1548 sed
2339 1500 2534 1549 tamen
2564 1498 2934 1566 paulominus.
2970 1501 3100 1555 Ideo
3123 1504 3519 1579 paulominus,
3545 1514 3682 1582 quia

2027 1599 2142 1636 non
2175 1582 2523 1637 necessitate
2547 1584 2809 1639 mortalis
2832 1586 2918 1641 vel
2946 1591 3243 1658 passibilis
3266 1593 3469 1661 fuit,ut
3489 1602 3678 1656 caeteri

2027 1669 2463 1742 hominum,qui
2490 1671 2658 1743 longe
2680 1674 2984 1731 inferiores
3011 1683 3149 1733 sunt
3169 1682 3411 1754 angelis,
3433 1688 3533 1741 sed
3558 1705 3684 1760 pro-

2030 1758 2155 1829 pria
2188 1758 2504 1815 voluntate.
2540 1762 2607 1815 Et
2632 1763 2769 1831 quia
2790 1764 3220 1833 infirmus,ideo
3242 1788 3376 1827 eum
3396 1758 3679 1835 visitasti:

270 1840 451 1895 factos
478 1857 489 1895 :
525 1857 690 1911 opera
720 1843 1029 1911 digitorum
1049 1852 1296 1911 tuorum,
1330 1847 1387 1899 id
1412 1852 1501 1901 est
1557 1865 1705 1919 quos
1752 1850 1918 1921 digiti
1949 1879 1996 1943 B
2029 1847 2181 1917 quod
2206 1847 2339 1902 inde
2372 1853 2549 1919 patet,
2584 1849 2722 1919 quia
2751 1852 2931 1921 gloria
2953 1858 3002 1908 et
3022 1856 3224 1913 honore
3244 1864 3512 1917 coronasti
3532 1881 3677 1920 eum.

268 1933 330 1983 tu
367 1930 558 1985 lCCElOS
585 1932 845 1985 fecerunt
876 1950 888 1986 :
923 1936 980 1986 et
1009 1932 1136 1987 ideo
1160 1935 1595 2006 magnificentia
1620 1942 1721 1992 tua
1744 1956 1915 2010 supe-

268 2022 358 2072 rat
388 2018 539 2073 illos.
570 2021 650 2073 Ex
679 2020 919 2075 diversis
944 2021 1114 2075 donis
1148 2023 1425 2093 Spiritus,
1460 2026 1592 2080 facti
1629 2033 1769 2082 sunt
1814 2028 1914 2082 viri

268 2108 453 2162 sancti
479 2108 627 2163 caeli.
658 2110 792 2172 Quae
844 2112 999 2165 dona
1023 2111 1079 2164 in
1112 2112 1312 2182 digitis
1343 2113 1470 2168 ideo
1531 2116 1918 2187 accipiuntur,

268 2196 413 2266 quia
444 2196 501 2250 in
536 2196 697 2251 nullo
728 2200 991 2253 membro
1023 2205 1184 2253 tanta
1212 2206 1301 2255 est
1332 2203 1564 2267 divisio,
1597 2211 1819 2274 quanta
1864 2208 1921 2260 in

265 2300 455 2338 manu
484 2301 587 2355 per
617 2286 852 2351 digitos.
889 2289 955 2341 Et
974 2288 1228 2357 Spiritus
1260 2307 1415 2343 unus
1446 2294 1660 2361 est,sed
1699 2294 1925 2350 diversa

267 2372 431 2426 dona
456 2390 467 2427 :
502 2374 693 2427 lunam
718 2382 769 2428 et
796 2376 985 2430 stellas
1006 2392 1026 2437 ;
1060 2375 1165 2431 hos
1195 2383 1360 2431 vocat
1389 2378 1562 2435 coelos
1584 2397 1596 2435 :
1622 2382 1831 2449 lunam,
1866 2384 1923 2438 id

263 2473 360 2523 est
393 2469 776 2525 universalem
811 2472 1152 2537 Ecclesiam,
1185 2491 1313 2545 quae
1344 2475 1494 2530 lunae
1554 2486 1927 2551 comparatur

264 2556 412 2628 quia
442 2557 677 2612 aliunde
708 2559 919 2631 accipit
950 2562 1319 2631 splendorem
1343 2564 1428 2618 vel
1462 2566 1598 2635 quia
1632 2570 1926 2637 perfectio-

261 2662 401 2702 nem
434 2646 611 2701 habet
642 2648 814 2702 modo
846 2648 904 2701 in
935 2648 1154 2714 anima,
1182 2650 1681 2720 imperi'ectionem
1716 2657 1771 2710 in
1806 2674 1923 2711 cor-

261 2752 403 2806 pore
427 2736 563 2801 ,,vel
597 2736 735 2806 quia
757 2736 1181 2807 plenitudinem
1224 2738 1397 2794 habet
1419 2741 1476 2794 in
1508 2744 1796 2812 perfectis,
1822 2747 1925 2801 mi-

261 2823 466 2878 nuitur
488 2824 546 2878 in
565 2823 1149 2895 imperfectis.Stellas
1173 2843 1186 2881 :
1209 2826 1297 2881 vel
1323 2828 1588 2899 singulas
1610 2832 1921 2904 Ecclesiae,

262 2911 348 2967 vel
383 2911 652 2984 singulos
682 2913 885 2968 fideles
914 2913 970 2967 in
1006 2913 1400 2980 Ecclesia.Qui
1427 2935 1459 2971 a
1480 2935 1540 2973 se
1563 2920 1839 2977 differunt
1862 2924 1920 2979 in

264 3001 479 3057 decore
504 3001 652 3067 vitae,
687 3006 754 3056 ut
810 3000 977 3056 stella
1006 3020 1039 3055 a
1074 3004 1229 3058 stella
1279 3006 1459 3076 diﬂert
1491 3025 1550 3062 ιη
1604 3010 1854 3067 claritate
1877 3014 1922 3084 (Ι

266 3090 386 3145 Cor.
414 3096 531 3158 xv).
559 3092 693 3159 Quae
709 3089 795 3144 vel
836 3107 982 3161 quas
1004 3096 1065 3146 tu
1081 3092 1329 3162 fundasti
1351 3096 1733 3154 fundamento
1766 3101 1921 3166 ﬁdei,

263 3183 327 3234 ut
341 3177 509 3233 nullo
524 3178 915 3233 tentationum
940 3181 1299 3248 vento,nulla
1316 3183 1760 3241 tribulationum
1775 3193 1922 3243 tem-

265 3272 498 3339 pestate
531 3271 767 3339 possent
800 3269 1015 3322 moveri
1043 3285 1054 3322 :
1091 3241 1343 3324 fundatae
1380 3273 1532 3327 enim
1566 3281 1707 3329 sunt
1747 3293 1925 3347 supra
1955 3241 1997 3306 Ο

269 3361 499 3428 petram
524 3357 726 3428 (Matth.
752 3360 876 3424 vn).
914 3357 1054 3425 Quid
1100 3360 1176 3412 est
1208 3359 1383 3429 homo,
1431 3361 1569 3430 quia
1616 3379 1826 3418 memor
1874 3382 1929 3421 es

268 3450 429 3516 ejus?
450 3462 589 3499 cum
625 3445 1010 3500 admiratione
1042 3451 1099 3501 et
1128 3448 1341 3517 gaudio
1370 3446 1702 3519 legendum.
1749 3452 1927 3509 Video

277 3535 429 3606 quod
470 3533 738 3589 homines
769 3552 872 3605 per
890 3534 1269 3605 magnificum
1328 3541 1493 3591 tuum
1529 3539 1672 3593 facis
1731 3541 1923 3607 cmlos,

274 3631 418 3686 iacis
457 3631 659 3685 lunam
687 3637 743 3686 et
760 3630 978 3687 stellas.
998 3632 1135 3699 Quid
1157 3634 1404 3689 est/ionio
1426 3635 1452 3687 ?
1476 3638 1627 3707 quod
1647 3654 1926 3710 magnum

272 3726 327 3774 et
351 3720 516 3791 quod
549 3720 792 3791 dignum
818 3720 973 3790 apud
998 3726 1051 3775 te
1075 3720 1100 3773 ?
1124 3722 1302 3776 Video
1320 3722 1475 3777 enim
1502 3724 1926 3796 fragilem,nul-

268 3806 383 3863 lius
416 3808 701 3881 pretii,et
730 3808 1038 3879 indignum
1105 3814 1206 3864 tua
1254 3811 1609 3883 dignatione,
1668 3816 1767 3870 sed
1821 3835 1928 3872 sua

271 3896 595 3969 culpa,non
620 3903 829 3952 natura
853 3898 1021 3968 :quia
1046 3902 1105 3951 tu
1131 3900 1339 3953 creasti
1362 3918 1493 3955 eum
1514 3904 1582 3956 ad
1610 3904 1925 3976 imaginem

268 3988 320 4039 et
348 3985 807 4041 similitudinem
836 3987 1167 4057 tuam(Gen.
1205 3992 1264 4055 Ι).
1300 3993 1376 4043 Ex
1408 3989 1517 4045 hoc
1548 3994 1923 4050 manifestum

265 4075 545 4146 est,quod
574 4090 853 4146 magnum
885 4074 1027 4145 quid
1050 4080 1138 4130 est
1168 4076 1341 4131 homo
1364 4080 1516 4149 apud
1539 4086 1614 4145 te,
1632 4084 1787 4151 quod
1809 4100 1925 4138 me-

264 4178 391 4218 mor
420 4179 494 4219 es
524 4165 671 4233 ejus.
706 4167 858 4218 Bene
886 4180 1131 4229 memor,
1176 4165 1313 4235 quia
1346 4183 1447 4237 per
1468 4166 1923 4227 inobedientiam

264 4256 593 4308 recesserat
624 4269 657 4305 a
688 4254 763 4319 te,
796 4258 852 4306 et
874 4256 1110 4307 venerat
1136 4253 1193 4307 in
1220 4253 1515 4324 regionem
1539 4256 1921 4330 longinquam

264 4338 416 4408 (Luc.
449 4341 588 4411 xv):
625 4340 724 4395 sed
768 4346 829 4395 tu
862 4357 966 4410 per
995 4340 1454 4397 misericordiam
1491 4349 1651 4400 tuam
1700 4364 1925 4404 memor

267 4430 421 4495 quod
457 4428 685 4484 ratione
702 4430 809 4484 tibi
835 4429 1049 4483 similis
1070 4436 1300 4485 creatus
1322 4436 1493 4502 esset,
1511 4450 1645 4489 eum
1670 4439 1921 4493 evocasti

264 4533 365 4588 per
396 4518 533 4573 Filii
574 4519 657 4573 tui
691 4518 1104 4573 obedientiam.
1155 4521 1258 4573 Aut
1302 4521 1452 4590 ﬁlius
1494 4521 1755 4593 hominis,
1785 4526 1923 4596 quia

2030 1944 2225 2000 Gloria
2263 1946 2726 2013 resurrectionis,
2762 1954 2817 2003 et
2848 1950 3067 2007 honore
3105 1957 3503 2027 ascensionis;
3546 1964 3680 2033 quia

2029 2033 2229 2087 sedere
2260 2034 2443 2088 fecisti
2480 2036 2549 2089 ad
2585 2037 2876 2093 dexteram
2926 2044 3111 2097 tuam.
3157 2044 3376 2102 Aliter:
3441 2050 3681 2108 Corona-

2028 2123 2101 2176 sti
2129 2139 2255 2177 eum
2285 2123 2499 2194 gloria,
2528 2126 2581 2178 id
2616 2130 2725 2195 est,
2762 2127 2817 2181 in
2841 2131 3098 2185 tenebris
3120 2132 3459 2200 iuferni,ubi
3484 2140 3681 2197 nullus

2031 2208 2212 2276 locus,
2249 2211 2411 2266 nulla
2439 2218 2527 2267 est
2559 2214 2878 2282 distinctio,
2913 2219 3367 2279 circumcinxisti
3398 2243 3532 2283 eum
3564 2246 3681 2285 ma-

2034 2314 2150 2369 gna
2178 2297 2325 2363 luce,
2361 2304 2417 2353 et
2450 2306 2685 2365 honore,
2722 2319 2855 2358 cum
2887 2304 3042 2360 idem
3075 2309 3246 2363 rediit
3283 2311 3686 2371 circumdatus

2035 2386 2413 2442 multitudine
2471 2390 2811 2461 angelorum
2836 2394 3277 2453 minstrantium
3304 2401 3374 2455 ei.
3410 2405 3485 2458 Et
3511 2408 3689 2461 multa

2035 2490 2259 2545 corpora
2280 2485 2591 2532 sanctorum
2620 2497 2746 2534 eum
2777 2498 2836 2536 eo
2860 2496 3223 2541 surrexerunt
3243 2489 3463 2557 (Matth.
3490 2496 3684 2567 xxvn).

2034 2594 2100 2603 —
2132 2562 2195 2617 Et.
2222 2569 2491 2621 constitui
2519 2584 2644 2622 eum
2671 2586 2834 2640 super
2870 2589 3037 2642 opera
3094 2592 3361 2632 manuum
3416 2588 3640 2639 tuarum
3668 2604 3685 2639 :

2032 2657 2165 2723 post
2195 2654 2619 2721 ascensionem,
2640 2658 2696 2712 id
2728 2663 2838 2725 est,
2858 2676 3035 2731 super
3063 2665 3295 2721 ordines
3318 2670 3683 2742 angelorum,

2033 2740 2133 2811 qui
2164 2740 2446 2812 dignitate
2477 2747 2732 2815 quadam
2767 2749 2975 2805 merito
3036 2757 3175 2807 sunt
3225 2756 3455 2812 dicendi
3510 2740 3685 2832 opera

2032 2846 2317 2885 manuum
2350 2833 2501 2901 ejus,
2534 2851 2665 2889 cum
2699 2843 2967 2909 respectu
3001 2840 3248 2898 aliarum
3281 2852 3683 2905 creaturarum

2032 2918 2201 2987 quasi
2224 2921 2526 2977 studiosus
2559 2926 2735 2979 creati
2766 2926 3096 2985 videantur.
3133 2931 3199 2985 Et
3258 2939 3346 2989 est
3399 2937 3620 2993 dictum
3653 2957 3685 2993 a

2031 3005 2232 3073 simili,
2268 3009 2543 3078 quiaillis
2575 3013 2851 3082 operibus
2883 3032 3009 3086 qua:
3036 3020 3350 3089 perfectius
3375 3024 3495 3079 fieri
3514 3026 3681 3081 volu-

2033 3112 2165 3150 mus
2189 3098 2451 3167 proprias
2472 3116 2678 3156 manus
2693 3102 2969 3159 adhibere
2986 3107 3338 3166 solemus.Et
3357 3130 3471 3169 non
3492 3115 3685 3171 solum

2035 3185 2389 3241 constituisti
2414 3204 2545 3242 eum
2571 3207 2748 3260 super
2776 3194 3107 3263 superiores
3138 3206 3454 3269 creaturas,
3489 3206 3589 3259 sed
3632 3210 3687 3261 et

2038 3270 2341 3328 inferiores
2371 3274 2454 3328 illi
2486 3278 2836 3349 subjugasti.
2873 3286 3081 3338 Omnia
3128 3288 3430 3358 subjeeisti,
3471 3293 3691 3350 scilicet

2038 3359 2087 3413 ei
2120 3359 2235 3413 alia
2259 3367 2466 3431 praeter
2495 3365 2755 3436 angelos,
2785 3370 2883 3423 sub
2910 3372 3158 3441 pedibus,
3190 3376 3246 3429 id
3280 3384 3389 3449 est,
3424 3382 3534 3436 sub
3587 3399 3686 3437 sa-

2039 3450 2356 3504 cramentis
2387 3451 2805 3511 incarnationis
2836 3459 2985 3527 ejus,
3022 3468 3086 3516 ut
3116 3480 3218 3534 per
3245 3481 3312 3520 ea
3331 3467 3417 3522 vel
3447 3470 3680 3526 salven-
3764 3474 3775 3487 ’

2038 3543 2135 3590 tur
2164 3539 2452 3591 credendo
2483 3545 2538 3593 et
2568 3549 2984 3617 conservando,
3019 3550 3102 3604 vel
3136 3560 3374 3622 pereant
3430 3564 3688 3615 contem-

2038 3626 2229 3680 nendo
2261 3644 2272 3691 ;
2300 3627 2517 3695 omnia,
2552 3635 2759 3699 praeter
2788 3650 2919 3689 eum
2955 3639 3053 3706 qui
3087 3642 3337 3710 subjecit
3365 3646 3415 3698 ei
3465 3652 3683 3713 omnia,

2036 3713 2258 3769 scilicet
2286 3732 2429 3782 oves,
2464 3716 2519 3771 id
2553 3723 2660 3787 est,
2695 3720 2995 3793 simplices
3026 3725 3083 3779 in
3108 3727 3383 3802 Ecclesia,
3415 3738 3465 3787 et
3507 3716 3683 3803 boves,

2038 3810 2094 3865 id
2126 3817 2219 3867 est
2240 3814 2668 3887 praedicatores,
2702 3820 2801 3890 qui
2829 3820 2886 3875 in
2918 3822 3175 3880 Ecclesia
3208 3828 3373 3897 quasi
3432 3830 3491 3885 in
3558 3850 3692 3889 area

2035 3901 2333 3967 triturant,
2362 3905 2501 3975 quia
2533 3907 2797 3978 pedibus,
2823 3910 2878 3965 id
2912 3919 3020 3978 est,
3067 3914 3330 3971 doctrina
3388 3921 3690 3977 excutiunt

2034 4005 2216 4060 grana
2248 4004 2279 4045 a
2303 3992 2506 4063 paleis,
2540 4012 2674 4050 cum
2702 3998 2772 4052 de
2800 4003 3208 4071 peccatoribus
3232 4006 3685 4082 faciuntjustos,

2034 4086 2313 4135 exuentes
2346 4098 2443 4135 eos
2470 4101 2500 4135 ει
2534 4084 2699 4155 palea
2731 4094 3225 4159 peccatorum,vel
3249 4105 3588 4168 separantes
3613 4103 3685 4157 ii-

2035 4165 2193 4221 deles
2227 4168 2299 4221 ab
2332 4169 2688 4228 inﬁdelibus.
2722 4176 2801 4231 De
2835 4177 3052 4249 quibus
3075 4182 3290 4239 dicitur
3314 4165 3448 4242 {Non
3480 4190 3679 4259 alliga-

2035 4254 2113 4308 bis
2143 4270 2200 4308 os
2232 4258 2352 4311 bovi
2393 4260 2683 4317 trituranti
2733 4268 2918 4333 (Deut.
2973 4286 3124 4336 XXIV,
3162 4274 3179 4326 Ι
3211 4273 3330 4328 Cor.
3389 4278 3484 4345 ιχ).
3537 4254 3685 4334 Nota

2024 4344 2183 4414 quod
2216 4344 2388 4401 boves
2419 4348 2668 4406 femineo
2692 4369 2899 4424 genere
2924 4359 3137 4427 posuit,
3171 4378 3296 4431 qua:
3338 4344 3485 4434 aptae
3545 4372 3683 4421 sunt

2031 4432 2102 4485 ad
2138 4432 2337 4487 {cntum
2368 4452 2378 4489 :
2414 4437 2494 4491 ita
2523 4444 2579 4493 et
2610 4444 2875 4511 apostoli,
2912 4462 3043 4499 cum
3079 4446 3197 4502 sint
3227 4432 3568 4508 triturantes
3621 4456 3678 4509 in

2033 4520 2381 4585 minoribus,
2424 4531 2561 4580 sunt
2590 4528 2763 4583 etiam
2791 4538 3163 4601 procreantes
3190 4536 3335 4592 alias
3365 4539 3561 4606 boves,
3614 4550 3680 4599 ut

264 4605 467 4662 visitas
486 4611 652 4662 eum?
673 4607 1006 4661 Notandum
1035 4607 1189 4677 quod
1213 4607 1370 4673 dicit,
1394 4610 1550 4665 homo
1572 4615 1623 4666 ct
1642 4614 1792 4681 ﬁlius
1821 4616 1914 4670 1ιο-
1948 4604 1993 4667 D
2026 4627 2328 4681 nunquam
2360 4613 2631 4673 deficiant
2656 4617 2878 4686 praelati
2911 4621 3323 4680 Ecclesiarum.
3373 4626 3445 4683 Ut
3491 4604 3635 4686 illud
3663 4650 3674 4687 :

260 4699 452 4751 minis.
482 4700 550 4750 In
572 4695 808 4751 homine
838 4695 962 4750 vult
993 4694 1237 4767 intelligi
1268 4713 1499 4753 omnem
1534 4706 1916 4770 peccatorem,

259 4793 447 4849 Adam
486 4792 711 4849 scilicet
736 4793 835 4864 qui
869 4792 939 4847 de
970 4791 1149 4846 humo
1172 4793 1359 4849 factus
1382 4795 1451 4849 ad
1474 4795 1722 4854 humum
1747 4816 1807 4856 se
1830 4806 1915 4857 to-

260 4884 386 4937 tum
416 4881 807 4948 inclinavit,et
828 4897 1061 4936 omnem
1084 4881 1183 4952 qui
1201 4886 1487 4939 vetustate
1508 4885 1635 4955 ejus
1657 4892 1917 4944 nascitur

258 4975 312 5023 et
343 4975 572 5026 manet.
605 4970 783 5026 Filius
816 4969 1097 5033 hominis,
1128 4969 1417 5041 Christus,
1441 4978 1499 5027 et
1555 4976 1747 5031 omnis
1814 4979 1912 5049 qui

258 5058 386 5129 ejus
419 5060 745 5130 imaginem
777 5064 985 5130 gestat,
1021 5059 1490 5129 recteaccipitur.
1526 5064 1915 5127 QuiChristus

256 5146 417 5203 ﬁlius
452 5148 714 5203 hominis
744 5153 853 5216 est,
887 5164 1002 5201 non
1026 5146 1330 5202 hominum
1358 5167 1369 5203 :
1395 5151 1536 5220 quia
1556 5152 1625 5206 de
1647 5153 1772 5209 sola
1788 5155 1911 5210 Vir-

256 5235 389 5306 gine
422 5242 603 5293 natus
644 5242 731 5293 est
761 5238 887 5293 sine
916 5235 1267 5291 admistione
1296 5238 1469 5301 virili,
1495 5240 1909 5316 sineconcupi-

256 5328 489 5381 scentia
517 5326 756 5382 carnali.
790 5327 979 5395 Hujus
1009 5324 1325 5396 imaginem
1354 5332 1542 5398 gestat
1581 5332 1772 5387 omnis
1808 5334 1907 5404 qui

254 5418 513 5470 veterem
540 5415 834 5470 hominem
859 5414 1015 5469 exuit
1036 5430 1169 5467 cum
1212 5414 1437 5470 actibus
1459 5418 1908 5490 suis,deponens

255 5508 536 5558 naturam
569 5504 731 5559 illam
764 5521 941 5575 quam
974 5503 1044 5557 ab
1075 5517 1141 5556 eo
1172 5500 1269 5557 ille
1290 5505 1597 5573 contraxit,
1632 5512 1688 5562 et
1718 5510 1909 5566 induit

254 5607 477 5649 novum
513 5592 831 5661 hominem,
867 5593 967 5665 qui
998 5591 1321 5647 secundum
1354 5592 1539 5648 Deum
1571 5601 1799 5654 creatus
1820 5604 1909 5655 est

253 5680 308 5735 in
341 5682 660 5742 sanctitate
691 5684 825 5754 (Col.
854 5686 939 5751 III)
965 5700 975 5738 :
1011 5684 1110 5739 aut
1134 5678 1313 5737 Filius
1336 5680 1611 5755 hominis,
1638 5686 1904 5744 Christus

2028 4710 2134 4763 Pro
2163 4710 2424 4779 patribus
2453 4714 2563 4767 tuis
2593 4716 2718 4767 nati
2744 4726 2873 4771 sunt
2895 4718 2996 4773 tibi
3023 4720 3133 4789 ﬁlii
3161 4721 3269 4792 (Ps.
3318 4727 3493 4799 XLIV).
3546 4729 3679 4785 Ideo

2026 4802 2083 4853 et
2110 4801 2396 4854 universas
2416 4801 2658 4855 addidit.
2695 4805 2922 4876 Insuper
2964 4810 3013 4862 et
3059 4826 3253 4879 pecora
3281 4818 3482 4885 campi.
3544 4818 3678 4873 Ideo

2026 4886 2287 4959 insuper,
2319 4887 2457 4959 quia
2486 4889 2544 4943 hi
2576 4892 2675 4961 qui
2717 4904 3151 4967 persequuntur
3204 4901 3414 4957 diversi
3470 4913 3609 4958 sunt
3640 4923 3674 4960 a

2025 4976 2430 5045 superioribus
2462 4979 2665 5035 ordine
2694 4983 2843 5039 vitae.
2861 4985 2925 5038 Et
2966 5004 3157 5056 pecora
3212 4993 3411 5060 campi,
3476 4992 3530 5045 id
3562 4998 3671 5060 est,

2022 5062 2420 5133 voluptuosos,
2458 5067 2659 5135 ardua,
2683 5071 2741 5126 id
2770 5079 2876 5141 est,
2903 5074 3159 5130 laborem
3186 5077 3495 5148 fugientes,
3520 5080 3677 5135 dedi-

2020 5156 2111 5206 tos
2142 5150 2289 5223 gula:
2323 5156 2379 5207 et
2406 5153 2668 5213 luxuriae.
2708 5161 2957 5215 Volucrcs
3014 5165 3156 5229 caeli,
3216 5164 3273 5219 id
3323 5172 3411 5221 est
3469 5167 3671 5236 elatos,

2020 5237 2278 5295 cmlestia
2308 5241 2608 5312 rimantes,
2643 5252 2697 5301 et
2727 5248 2838 5302 sibi
2871 5267 2971 5319 per
3002 5252 3336 5321 superbiam
3360 5254 3468 5310 hoc
3502 5257 3667 5311 attri-

2019 5330 2286 5394 buentes,
2321 5334 2385 5384 ut
2413 5332 2708 5405 astrologi.
2741 5335 2842 5389 Vel
2902 5339 3144 5393 volucres
3198 5344 3343 5412 caeli,
3407 5348 3671 5414 potentes

2017 5418 2195 5489 hujus
2227 5418 2441 5486 sznculi,
2466 5424 2648 5475 Deum
2684 5440 2786 5496 per
2813 5428 3144 5496 superbiam
3168 5430 3664 5502 blasphemantes.

2015 5510 2078 5562 Et
2104 5509 2279 5578 pisces
2307 5510 2499 5577 maris,
2534 5510 2590 5563 id
2622 5517 2730 5578 est,
2775 5512 2951 5583 hujus
2987 5518 3181 5571 szcculi
3215 5519 3513 5576 curiosos:
3571 5527 3672 5594 qui

2011 5596 2403 5669 perambulant
2424 5601 2643 5653 semitas
2672 5605 2867 5671 maris,
2895 5604 2951 5658 id
3003 5612 3112 5671 est,
3175 5608 3272 5678 qui
3306 5610 3669 5682 cogitationi-

2017 5688 2126 5743 bus
2158 5685 2282 5741 suis
2314 5701 2381 5741 ea
2402 5688 2751 5760 perquirunt
2775 5709 2902 5763 quae
2919 5695 3256 5755 transitoria
3284 5703 3341 5756 et
3362 5699 3475 5758 cito
3494 5719 3666 5762 vane-
