4016 6192
369 361 485 426 187

938 359 1244 426 REMIGII
1286 356 2040 425 ANTISSIODORENSIS
2086 357 2260 426 OPP.
2309 361 2502 426 PARS
2548 360 2596 422 Ῑ.
2631 393 2709 408 -
2738 356 3197 424 EXEGETICA.

3655 357 3782 423 188

363 497 588 555 scentis
612 500 759 567 sent,
780 500 844 551 ut
864 495 1084 553 semitae
1107 496 1625 568 maris.Votaquod
1649 494 1790 550 dicit
1817 497 2013 564 maris,
2043 496 2099 562 Α
2132 519 2160 546 ‹‹
2193 499 2357 552 estet
2377 495 2836 551 amaritudineet
2857 494 3016 550 dolo:
3040 494 3150 549 sub
3171 493 3515 566 linguaejus
3534 491 3704 548 labor
3721 494 3779 548 et

362 603 482 644 non
515 585 776 641 ﬂuminis
794 585 883 641 vel
915 585 1018 640 rivi
1043 603 1056 640 :
1083 602 1185 657 per
1201 585 1310 640 hoc
1341 587 1497 641 enim
1512 584 1785 652 ostendit,
1808 600 2011 639 eorum

361 675 808 747 inquisitionem
842 674 1020 730 nimis
1051 674 1330 746 amplam,
1354 690 1467 728 non
1491 674 1790 729 astrictam
1814 673 2013 743 aliqua

364 781 662 820 mensura.
689 765 747 818 In
771 763 864 818 his
889 764 1076 818 tribus
1099 763 1644 835 generibus,bestiis
1667 761 2012 828 terraa,vo|u-

363 850 561 909 oribus
582 851 706 907 coeli
727 857 784 907 et
804 852 1061 923 piscibus
1084 851 1263 907 maris
1285 849 1738 922 possuntnotari
1760 849 1870 904 illa}
1893 854 2009 904 tres

361 940 713 1010 tentationes
734 939 973 1008 diaboli,
1007 940 1222 1010 quibus
1254 940 1538 995 Dominus
1570 944 1829 993 tentatus
1863 938 2004 993 fuit:

361 1028 520 1102 gula,
552 1029 846 1101 superbia,
875 1046 1022 1083 vana
1053 1028 1270 1100 gloria:
1306 1028 1445 1102 gula
1474 1028 1533 1082 in
1566 1027 1770 1082 bestiis
1818 1033 2004 1090 terras,

361 1118 636 1189 superbia
667 1118 723 1172 in
755 1117 1088 1172 volucribus
1113 1117 1264 1180 cceli,
1285 1133 1433 1171 vana
1453 1116 1636 1188 gloria
1657 1116 1716 1169 in
1749 1113 2007 1186 piscibus

357 1206 637 1262 maris.Et
655 1210 890 1278 propter
908 1206 1026 1262 haac
1046 1206 1498 1271 omnia,Domine
1519 1207 1778 1260 Dominus
1807 1213 2003 1272 noster,

357 1311 524 1368 quam
535 1295 872 1350 admirabile
887 1299 965 1350 est
986 1311 1184 1350 nomen
1201 1305 1356 1350 tuum
1386 1296 1447 1349 in
1468 1297 1726 1349 universa
1743 1310 1894 1348 terra
1919 1293 1931 1346 l

960 1419 1280 1474 PSALMUS
1320 1419 1410 1472 IX.

467 1524 526 1563 ΙΝ
564 1525 740 1564 FINEM
780 1525 885 1563 PRO
924 1524 1193 1563 OCCUL’I‘IS
1232 1525 1364 1562 FlLlI
1408 1524 1666 1562 PSALMUS
1708 1519 1896 1561 DAVlD.

432 1619 462 1646 «
493 1597 822 1652 Conlitebor
851 1597 976 1661 tibi,
1005 1596 1469 1662 Domine,intoto
1489 1597 1659 1651 corde
1675 1611 1832 1661 meo;
1868 1611 2003 1648 nar-

362 1707 391 1735 «
425 1685 564 1741 rabo
594 1686 791 1740 omnia
822 1685 1114 1741 mirabilia
1144 1688 1264 1740 tua.
1302 1685 1560 1740 Lzetabor
1589 1689 1645 1739 et
1703 1683 2006 1738 exsultabo

363 1795 394 1824 «
423 1774 483 1829 in
513 1779 589 1840 te,
623 1774 867 1846 psallam
897 1773 1120 1829 nomini
1144 1778 1264 1837 tuo,
1294 1773 1612 1828 Altissime.
1641 1773 1703 1827 In
1763 1789 2003 1826 conver-

361 1885 391 1914 «
423 1865 600 1919 tendo
630 1863 935 1918 inimicum
960 1879 1155 1917 meum
1182 1867 1526 1927 retrorsum,
1552 1861 2010 1915 inﬁrmabuntur
2041 1867 2084 1930 Β

360 1973 391 2002 κ
421 1956 478 2008 et
507 1953 783 2023 peribunt
804 1969 837 2006 a
867 1952 1011 2006 facie
1040 1957 1160 2006 tua.
1195 1950 1480 2014 Quonlam
1511 1949 2003 2020 fecistijudicium

360 2062 390 2092 (ι
423 2057 620 2097 meum
651 2046 708 2096 et
737 2057 973 2096 causam
1017 2056 1247 2106 meam;
1281 2039 1482 2094 sedisti
1516 2054 1693 2111 super
1727 2038 2002 2092 thronum

363 2151 387 2180 ι
431 2131 532 2201 qui
555 2130 789 2199 judicas
813 2128 1130 2200 justitiam.
1167 2127 1480 2198 Increpasti
1502 2131 1723 2199 gentes,
1757 2132 1814 2181 et
1836 2125 2007 2197 periit

358 2239 389 2272 «
421 2218 676 2290 implus;
709 2234 920 2273 nomen
955 2234 1159 2273 eorum
1191 2216 1396 2272 delesti
1428 2217 1486 2271 in
1518 2221 1824 2282 aeternum,
1858 2220 1914 2270 et
1947 2216 2001 2268 in

357 2329 386 2357 «
417 2307 694 2364 saeculum
723 2307 942 2363 saeculi.
979 2306 1206 2362 Inimici
1238 2305 1573 2362 defecerunt
1603 2305 1904 2360 frameiein
1938 2305 2004 2358 ﬁ-

356 2419 386 2448 ‹‹
418 2413 573 2464 nem;
621 2401 678 2452 et
704 2397 966 2452 civitates
1000 2413 1204 2451 eorum
1239 2395 1602 2450 destruxisti.
1645 2394 1821 2450 Periit
1879 2409 2002 2448 me-

361 2506 390 2536 a
420 2484 603 2539 moria
633 2501 832 2539 eorum
857 2501 991 2539 cum
1021 2485 1238 2547 sonitu,
1263 2487 1320 2538 et
1346 2484 1627 2539 Dominus
1644 2483 1702 2537 in
1720 2487 2004 2537 aeternum

358 2594 388 2622 ‹‹
422 2576 744 2642 permanet.
769 2571 999 2627 Paravit
1028 2572 1085 2625 in
1114 2570 1335 2641 judicio
1375 2571 1654 2626 thronum
1714 2586 1909 2638 suum,
1950 2573 2006 2623 et

359 2681 388 2710 «
418 2659 544 2732 ipse
566 2659 862 2730 judicabit
882 2660 1082 2714 orbem
1114 2665 1278 2714 terra:
1311 2659 1369 2712 in
1395 2659 1687 2730 aequitate,
1713 2656 2006 2728 judicabit

359 2770 388 2799 «
422 2748 671 2821 populos
701 2748 761 2802 in
785 2747 1038 2818 justitia.
1073 2748 1143 2802 Et
1169 2747 1357 2801 factus
1387 2752 1477 2802 est
1509 2747 1788 2803 Dominus
1847 2745 2003 2801 refu-

365 2859 394 2889 «
423 2837 588 2910 gium
618 2837 878 2909 pauperi,
903 2837 1134 2905 adjutor
1167 2834 1224 2888 in
1244 2836 1800 2907 opportunitatibus,
1826 2835 1884 2888 in
1908 2835 2005 2889 tri-

371 2946 394 2976 ι
424 2925 740 2983 bulatione.
772 2927 841 2980 Et
873 2929 1110 2997 sperent
1139 2924 1198 2979 in
1231 2929 1288 2978 te
1318 2923 1415 2994 qui
1459 2929 1745 2980 noverunt
1791 2939 2003 2978 nomen

366 3039 388 3066 ι
421 3015 899 3088 tuum,quoniam
916 3031 1030 3069 non
1052 3011 1459 3084 derelinquisit
1481 3020 1808 3085 quaerentes
1821 3012 2007 3078 te,Do-

363 3126 392 3155 «ι
426 3104 600 3160 mine.
640 3103 872 3160 Psallite
903 3103 1150 3158 Domino
1190 3102 1291 3173 qui
1324 3101 1549 3157 habitat
1577 3101 1635 3156 in
1678 3103 1814 3157 Sion
1847 3119 1859 3167 ;
1901 3117 2002 3155 an-

2123 607 2152 635 «
2185 584 2366 640 dolor.
2399 586 2510 640 Sed
2543 586 2601 639 in
2631 583 2862 639 insidiis
2894 601 3028 638 cum
3059 583 3337 638 divitibus
3380 583 3440 638 in
3501 581 3773 651 occultis,

2121 696 2148 723 ‹‹
2185 679 2247 729 ut
2278 673 2587 729 interﬁciat
2616 673 3004 728 innocentem.
3026 671 3188 727 Oculi
3211 673 3340 742 ejus
3371 672 3430 726 in
3453 687 3776 743 pauperem

2120 787 2148 812 «
2182 763 2539 833 respiciunt;
2573 762 2885 817 insidiatur
2913 762 2972 815 in
2995 761 3336 817 abscondito
3368 762 3539 833 quasi
3569 761 3660 816 leo
3714 760 3775 815 in

2120 876 2148 901 ‹‹
2182 851 2922 923 speluncasua.lnsidiatur
2939 851 3201 921 utrapiat
3222 865 3775 921 pauperemzrapere

2121 963 2149 990 ‹‹
2181 957 2493 1012 pauperem
2525 940 2666 994 dum
2689 939 2930 994 attrahit
2946 955 3101 996 eum.
3138 941 3199 993 In
3221 939 3430 1010 laqueo
3452 955 3559 993 suo
3583 937 3778 992 humi-

2118 1053 2146 1079 «
2180 1029 2346 1084 liabit
2375 1046 2509 1083 eum
2535 1046 2547 1083 :
2575 1027 2879 1082 inclinabit
2907 1045 2968 1082 se
2985 1032 3042 1082 et
3073 1027 3413 1094 cadet,eum
3431 1027 3774 1081 dominatus

2117 1140 2146 1169 «
2180 1119 2354 1173 fuerit
2384 1132 2727 1188 pauperum.
2752 1115 3070 1170 Dixitenim
3091 1115 3149 1168 in
3173 1115 3346 1168 corde
3375 1131 3503 1169 suo:
3534 1114 3773 1169 Oblitus

2117 1227 2146 1254 «
2181 1210 2265 1262 est
2295 1207 2689 1268 Deus,avertet
2715 1205 2919 1259 faciem
2944 1221 3136 1272 suam,
3161 1221 3232 1258 ne
3246 1204 3441 1259 videat
3468 1203 3528 1258 in
3561 1205 3768 1259 ﬁnem.

2116 1318 2144 1344 ‹‹
2178 1295 2454 1366 Exsurge,
2487 1294 2728 1349 Domine
2761 1295 2994 1359 Deus,et
3021 1291 3308 1347 exaltetur
3329 1309 3544 1347 manus
3572 1297 3675 1346 tua
3697 1307 3773 1347 ne

2116 1406 2144 1433 ‹‹
2178 1383 2538 1438 obliviscaris
2571 1398 2913 1453 pauperum.
2946 1381 3185 1451 Propter
3215 1380 3352 1450 quid
3386 1379 3636 1434 irritavit
3666 1381 3771 1435 im-

2117 1496 2143 1522 ‹‹
2181 1472 2310 1544 pius
2344 1474 2524 1527 Deum
2545 1474 2570 1526 ’ἶ
2617 1470 2763 1526 Dixit
2793 1470 2950 1525 enim
2982 1469 3040 1524 in
3064 1470 3237 1524 corde
3267 1484 3394 1525 suo:
3420 1469 3547 1527 Non
3575 1469 3768 1540 requi-

2117 1585 2144 1608 ‹‹
2178 1567 2281 1616 ret.
2321 1561 2492 1616 Vides
2523 1560 2802 1632 quoniam
2833 1565 2892 1613 tu
2925 1557 3182 1613 laborem
3205 1562 3264 1613 et
3288 1557 3551 1613 dolorem
3573 1556 3765 1613 consi-

2118 1672 2147 1700 α
2177 1652 2368 1716 deras,
2388 1655 2452 1704 ut
2473 1650 2669 1704 tradas
2691 1665 2788 1704 eos
2812 1648 2871 1702 in
2899 1664 3110 1702 manus
3133 1651 3285 1702 tuas.
3309 1646 3438 1701 Tibi
3455 1646 3771 1702 derelictus

2115 1762 2142 1789 ‹‹
2175 1743 2263 1795 est
2293 1755 2541 1810 pauper:
2576 1737 2835 1808 orphano
2857 1740 2917 1791 tu
2949 1736 3065 1791 eris
3088 1737 3339 1805 adjutor.
3364 1736 3606 1792 Contere
3630 1737 3768 1791 bra-

2116 1849 2144 1877 «
2179 1827 2377 1880 obium
2410 1825 2728 1897 peccatoris
2759 1830 2815 1879 et
2849 1822 3119 1894 maligni:
3149 1826 3440 1894 quaeretur
3461 1829 3769 1893 peccatum

2119 1938 2149 1966 ι(
2178 1915 2419 1981 illius,et
2439 1930 2554 1969 non
2576 1912 3212 1968 invenietur.Dominus
3229 1911 3497 1983 regnabit
3513 1911 3572 1965 in
3597 1918 3770 1966 aeter-

2115 2026 2144 2053 «
2177 2021 2318 2058 num
2359 2008 2414 2058 et
2444 2003 2504 2056 in
2536 2002 2816 2057 saeculum
2850 2001 3087 2056 saeculi:
3124 2000 3411 2072 peribitis,
3445 2005 3670 2071 gentes,
3694 2000 3770 2055 de

2115 2115 2142 2143 ‹‹
2175 2097 2330 2148 terra
2354 2091 2532 2146 illius.
2567 2091 2940 2146 Desiderium
2969 2106 3294 2162 pauperum
3326 2090 3620 2144 exaudivit
3660 2095 3769 2144 Uo-

2114 2203 2142 2233 «
2175 2181 2875 2252 minus,prseparationem
2897 2179 3303 2235 cordiseorum
3333 2178 3555 2233 audivit
3597 2178 3760 2233 auris

2115 2294 2143 2322 «
2177 2274 2295 2326 tua.
2326 2271 2596 2326 Judicare
2625 2269 2848 2341 pupillo
2880 2272 2938 2323 et
2967 2267 3201 2333 humili,
3235 2271 3301 2322 ut
3349 2283 3464 2322 non
3511 2271 3769 2339 apponat

2114 2381 2143 2410 «
2173 2359 2325 2415 ultra
2349 2358 2727 2432 magniﬁcare
2759 2374 2820 2412 se
2853 2357 3028 2412 homo
3063 2374 3239 2428 super
3269 2361 3506 2412 terram.
3543 2379 3570 2406 υ

2757 2482 3126 2538 ENARRATIO

2186 2574 2438 2627 Psalmus
2468 2573 2640 2627 David
2670 2574 2728 2626 in
2759 2571 2931 2643 ﬁnem
2962 2571 3021 2625 id
3051 2574 3160 2635 est,
3191 2571 3314 2626 haec
3359 2575 3617 2642 operatio
3679 2576 3769 2626 est

2111 2661 2325 2717 Christi
2355 2660 2662 2731 dirigentis
2690 2661 2749 2715 in
2785 2662 2985 2726 ﬁnem,
3007 2659 3064 2714 id
3089 2665 3196 2725 est,
3220 2660 3280 2714 in
3308 2659 3767 2716 consummatio-

2114 2765 2249 2803 nem
2273 2766 2376 2820 pro
2397 2750 2619 2804 occultis
2634 2749 2761 2818 ﬁlii.
2786 2749 2932 2814 Quia
2947 2748 3210 2803 absolute
3231 2747 3572 2819 posuitﬁlii,
3588 2761 3766 2819 quam

2111 2836 2816 2894 locutionemexcellentia
2829 2837 3334 2908 petitChristi,acci
3347 2838 3505 2909 pitur
3518 2843 3581 2892 ut
3595 2838 3763 2894 illud:

2114 2927 2175 2981 Si
2204 2943 2292 2981 vos
2323 2927 2471 2996 ﬁlius
2501 2927 2819 2982 liberaverit
2849 2927 3012 2982 liberi
3038 2929 3200 2982 eritis
3231 2926 3407 2998 (Joan.
3441 2928 3586 2996 vni).
3628 2929 3765 2998 Ejus

2114 3017 2342 3071 occulta
2373 3015 2556 3071 multa
2587 3021 2746 3080 sunt,
2777 3015 3062 3087 praecipue
3091 3021 3287 3071 tamen
3313 3016 3622 3088 haec.prior
3638 3017 3766 3088 ejus

2112 3103 2173 3159 in
2197 3103 2524 3159 humilitate
2556 3105 2856 3172 adventus,
2891 3120 3066 3176 quem
3099 3104 3368 3176 sequitur
3390 3105 3761 3161 manifestus.

363 3215 394 3246 »
427 3194 695 3249 nuntiate
723 3194 875 3289 inter
904 3197 1109 3265 gentes
1139 3191 1796 3289 studia_ejus.Quoniam
2038 3223 2080 3289 Ο
2119 3192 2423 3289 occultum
2455 3193 2627 3289 etiam
2646 3193 2760 3289 fuit
2777 3192 3203 3266 quodinsertus
3221 3193 3766 3264 estoleaster(Rom.

365 3305 395 3334 «
419 3299 552 3340 rens
563 3282 912 3354 sanguinem
928 3297 1130 3336 eorum
1149 3281 1346 3336 record
1357 3286 1487 3336 atus
1505 3285 1614 3348 est,
1628 3297 1743 3335 non
1758 3285 1847 3336 est
1865 3279 2006 3335 obli-

362 3393 392 3422 κ
424 3376 523 3427 tus
543 3370 858 3426 clamorem
889 3385 1240 3442 pauperum.
1283 3369 1549 3424 Miserere
1566 3368 1701 3435 mei,
1733 3369 2002 3434 Domine;

360 3482 390 3512 α
413 3460 547 3516 vide
562 3457 954 3515 humilitatem
974 3475 1163 3514 meam
1187 3459 1258 3513 de
1280 3457 1534 3512 inimicis
1550 3456 1828 3522 meis.Qui
1852 3454 2004 3511 exal-

367 3567 392 3598 ι
424 3553 512 3604 tas
531 3565 624 3604 me
636 3549 706 3604 de
720 3548 901 3620 portis
915 3548 1211 3616 mortis,ut
1223 3563 1377 3604 annu
1388 3547 1564 3602 ntiem
1581 3562 1785 3602 omnes
1802 3545 2006 3600 lauda-

361 3659 392 3690 ι(
420 3638 754 3693 tioneetuas
772 3638 831 3692 in
849 3637 1032 3709 portis
1049 3635 1178 3691 ﬁliae
1199 3637 1357 3692 Sion.
1382 3635 1664 3691 Exultabo
1691 3634 1749 3689 in
1764 3633 2007 3690 salutari

360 3732 516 3783 «tuo
543 3743 558 3794 ;
591 3726 778 3782 infixas
810 3731 950 3782 sunt
972 3731 1174 3798 gentes
1197 3725 1508 3781 ininteritu
1531 3740 1704 3796 quem
1731 3724 2006 3779 fecerunt.

364 3837 395 3867 «
429 3816 707 3888 lnlaqueo
725 3817 859 3882 isto,
884 3832 1058 3888 quem
1080 3814 1530 3877 absconderant,
1553 3811 2010 3882 comprehensus

361 3927 393 3958 α
414 3910 504 3962 est
541 3921 642 3976 pes
691 3921 915 3961 eorum.
949 3906 1344 3976 Cognoscetur
1371 3901 1654 3956 Dominus
1671 3900 1898 3970 judicia
1929 3900 2010 3955 fa-

365 4016 396 4045 α
428 3993 590 4049 ciens
606 3994 683 4061 ;in
700 3993 976 4064 operibus
990 4009 1274 4048 manuum
1296 4007 1538 4045 suarum
1552 3989 2012 4061 comprehensus

367 4104 396 4131 α
429 4084 518 4136 est
531 4085 1232 4152 peccator,convertantur
1262 4083 1592 4152 peccatores
1617 4079 1673 4132 in
1693 4078 2010 4145 infernum,

369 4191 399 4220 «
431 4184 637 4225 omnes
668 4173 872 4240 gentes
903 4186 1028 4240 quae
1058 4169 1485 4224 obliviscuntur
1505 4173 1703 4223 Deum.
1728 4167 2015 4232 Quoniam

376 4278 406 4309 ‹‹
435 4275 550 4314 non
579 4257 640 4314 in
672 4258 850 4314 finem
881 4257 1090 4314 oblivio
1119 4259 1230 4314 erit
1253 4258 1543 4330 pauperis,
1576 4256 1853 4330 patientia
1874 4273 2017 4328 pau-

377 4369 406 4397 »
436 4363 642 4420 perum
674 4364 788 4402 non
813 4346 1024 4420 peribit
1051 4347 1111 4402 in
1172 4348 1369 4402 ﬁnem.
1422 4347 1700 4419 Exsurge,
1753 4346 2016 4415 Domine,

372 4461 400 4489 ‹‹
435 4454 549 4494 non
571 4437 930 4493 confortetur
966 4437 1142 4492 homo
1163 4454 1183 4491 :
1218 4435 1560 4506 judicentur
1579 4441 1780 4508 gentes
1801 4436 1858 4490 in
1882 4452 2021 4490 con-

373 4548 402 4578 σι
435 4532 633 4599 spectu
660 4531 779 4582 tuo.
799 4526 1120 4593 Constitue,
1152 4524 1413 4594 Domine,
1429 4523 1822 4596 legislatorem
1847 4540 2023 4595 super

2118 3282 2217 3352 x1).
2253 3283 2338 3336 Ad
2371 3283 2526 3354 quod
2559 3287 2622 3337 ut
2644 3283 3032 3338 instrumento
3056 3299 3200 3338 usus
3221 3282 3768 3338 esthristuscaaci-

2119 3377 2230 3427 tate
2269 3371 2464 3427 Israel.
2494 3371 2802 3427 Occultum
2833 3377 2924 3427 est
2953 3376 3011 3426 et
3047 3371 3177 3440 hoc,
3212 3372 3368 3442 quod
3390 3372 3541 3426 Deus
3575 3371 3636 3426 in
3662 3371 3767 3427 hac

2059 3521 2066 3526 ,
2115 3463 2233 3517 vita
2261 3462 2449 3517 tribus
2481 3461 2670 3516 modis
2695 3460 3089 3532 judicat,dum
3119 3460 3370 3532 quisque
3400 3466 3503 3515 aut
3523 3460 3764 3533 ﬂagellis

2115 3555 2432 3616 exercetur,
2463 3555 2529 3605 ut
2555 3549 2662 3605 viri
2693 3550 2951 3621 perfecti,
2975 3550 3195 3626 quibus
3225 3567 3336 3605 non
3368 3554 3458 3606 est
3481 3566 3630 3622 opus
3651 3566 3768 3605 cor-

2118 3642 2392 3696 rectione:
2426 3643 2528 3695 aut
2549 3643 2822 3694 monetur
2844 3656 3013 3710 paena
3024 3640 3094 3694 ad
3111 3640 3693 3704 conversionem:aut,
3719 3639 3766 3694 si

2120 3727 2579 3786 admonitionem
2595 3728 3304 3799 contemnit,pra3paratur
3319 3729 3390 3784 ad
3407 3730 3768 3800 pmnam.Pro

2119 3819 2344 3876 occultis
2373 3833 2511 3889 ergo
2527 3817 2730 3887 filii,id
2752 3820 2860 3872 est.
2878 3833 2980 3888 pro
2993 3817 3237 3872 occultis
3250 3817 3393 3872 suis.
3424 3817 3770 3873 VoxChristi

2122 3906 2347 3979 capitis,
2378 3906 2598 3978 gratias
2626 3904 2873 3977 agentis,
2890 3910 2945 3960 et
2967 3905 3256 3960 hortantis
3277 3905 3544 3960 membra
3569 3922 3679 3960 sua
3701 3906 3770 3961 ad

2123 3997 2355 4053 laudem
2369 3996 2460 4050 Dei
2484 4012 2586 4066 pro
2600 3993 2874 4049 omnibus
2889 3995 3018 4064 ejus
3032 3994 3272 4049 beneﬁci
3281 3994 3331 4048 is
3353 4010 3458 4048 suo
3481 3994 3766 4067 exemplo.

2195 4085 2499 4154 Conﬁtebor
2527 4085 2650 4150 tibi,
2683 4084 2936 4148 Domine,
2970 4083 3028 4138 id
3061 4086 3169 4146 est,
3194 4083 3432 4139 laudem
3452 4083 3645 4139 dicam
3676 4100 3780 4140 no-

2125 4175 2270 4230 mini
2303 4179 2422 4229 tuo.
2460 4177 2558 4228 Est
2578 4171 2868 4227 confessio
2886 4171 3097 4240 laudis,
3121 4176 3212 4227 est
3235 4175 3293 4226 et
3313 4171 3552 4243 peccati.
3586 4174 3646 4227 In
3671 4176 3780 4228 toto

2124 4263 2282 4320 corde
2310 4279 2449 4332 meo,
2474 4262 2528 4315 id
2565 4265 2654 4316 est
2681 4259 2876 4331 plene,
2905 4264 3020 4315 tute
3064 4259 3435 4330 dispositioni
3493 4261 3551 4315 in
3613 4259 3779 4316 nullo

2127 4351 2551 4409 contradicens.
2585 4348 2685 4404 Vel
2718 4350 2774 4403 in
2806 4356 2911 4404 toto
2931 4349 3108 4414 corde,
3132 4349 3188 4403 id
3225 4353 3334 4418 est,
3397 4348 3560 4404 nulla
3621 4353 3786 4422 parte

2129 4442 2323 4498 cordis
2352 4439 2510 4495 aliud
2547 4437 2908 4505 habens,nisi
2931 4439 3086 4509 quod
3109 4438 3179 4493 ad
3212 4437 3447 4494 laudem
3469 4444 3635 4493 tuam
3663 4454 3793 4510 per-

2133 4532 2334 4594 tineat,
2368 4533 2425 4585 et
2454 4527 2556 4581 tibi
2590 4531 2778 4582 totum
2807 4531 2992 4582 vacet.
3030 4527 3096 4582 Et
3125 4543 3260 4583 cum
3292 4526 3392 4582 alii
3424 4530 3481 4582 te
3528 4525 3794 4593 laudent,

380 4639 401 4666 ι
436 4633 555 4680 eos,
590 4619 656 4670 ut
685 4616 873 4671 sciant
893 4620 1095 4688 gentes
1126 4615 1406 4686 quoniam
1429 4613 1698 4669 homines
1729 4618 1887 4668 sunt.
1918 4613 2019 4668 Ut-
2057 4593 2099 4657 D
2130 4619 2370 4675 narrabo
2391 4619 2579 4674 omnia
2610 4616 2897 4671 mirabilia
2929 4620 3042 4683 tua,
3071 4617 3128 4671 id
3163 4621 3271 4683 est,
3304 4615 3366 4671 in
3399 4633 3526 4686 qua
3573 4620 3638 4670 tu
3695 4631 3796 4671 νο-

377 4724 407 4753 ‹‹
439 4703 582 4774 quid
608 4703 1656 4775 Domine,recessistislonge,despicis
1673 4702 1731 4756 in
1750 4707 2025 4773 opportu-

377 4814 407 4844 ‹‹
433 4791 734 4861 nitatibus,
768 4791 828 4846 in
860 4792 1236 4848 tribulatione
1257 4793 1284 4847 ‘l
1315 4797 1463 4846 Dum
1491 4790 1756 4861 superbit
1785 4791 2022 4861 impius,

376 4904 406 4934 «
437 4880 775 4936 incenditur
804 4897 1059 4952 pauper:
1088 4879 1661 4952 comprehendantur
1681 4895 1739 4933 In
1763 4878 2026 4935 consiliis

375 4992 405 5020 κ
447 4969 664 5041 quibus
683 4968 1257 5041 cogitant.Quoniam
1281 4967 1557 5023 laudatur
1575 4970 1841 5039 peccator
1862 4967 1918 5021 in
1934 4967 2028 5022 de-

375 5081 405 5110 «
438 5059 670 5130 sideriis
696 5057 906 5113 animae
926 5075 1066 5124 suis,
1099 5062 1156 5112 et
1184 5057 1425 5128 iniquus
1471 5056 1856 5112 benedicitur.
1882 5057 2026 5112 Exa-

378 5171 406 5200 κ
441 5148 695 5204 cerbavit
716 5147 1030 5204 Dominum
1051 5151 1338 5219 peccator,
1353 5146 1674 5202 secundum
1696 5144 2024 5201 multitudi-

382 5261 404 5288 α
441 5253 574 5293 nem
603 5237 700 5292 irae
731 5254 850 5292 suae
883 5253 998 5292 non
1031 5241 1268 5308 quaeret.
1311 5235 1434 5292 Non
1465 5238 1555 5291 est
1584 5236 1738 5290 Deus
1769 5234 1828 5289 in
1885 5251 2028 5290 con-

378 5347 406 5377 ι‹
427 5331 628 5398 specta
645 5325 1122 5397 ejus;inquinatze
1146 5329 1288 5380 sunt
1309 5324 1410 5378 vis:
1437 5322 1597 5378 illius
1622 5323 1679 5378 in
1699 5322 1858 5379 omni
1879 5327 2027 5378 tem-

379 5435 408 5464 «
443 5430 598 5486 pore.
622 5413 1227 5484 Auferunturjudicia
1257 5412 1565 5469 tuaafacie
1587 5414 1737 5483 ejus,
1761 5412 2027 5467 omnium

384 5523 411 5552 «
452 5501 825 5557 inimicorum
859 5517 1101 5555 suorum
1133 5501 1551 5557 dominabitur.
1586 5500 1740 5555 Dixit
1770 5501 1926 5556 enim
1968 5501 2028 5555 in

384 5613 410 5640 ‹‹
429 5591 599 5646 corde
632 5607 740 5646 suo
763 5605 777 5646 :
809 5589 934 5644 Non
951 5590 1226 5645 movebor
1255 5608 1289 5645 a
1315 5589 1686 5662 generatione
1706 5589 1768 5646 in
1787 5606 2029 5662 genera-

2132 4707 2294 4763 luisti
2327 4709 2384 4760 et
2411 4703 2754 4776 disposuisti
2785 4720 2888 4775 per
2919 4720 3013 4759 me
3031 4719 3291 4760 narrare.
3323 4703 3428 4760 Vel
3449 4705 3712 4770 narrabo,
3735 4703 3798 4758 id

2135 4801 2222 4852 est
2252 4794 2663 4863 manifestabo,
2697 4792 2837 4863 quia
2863 4793 3063 4848 omnia
3091 4809 3196 4865 per
3225 4809 3362 4849 eum
3420 4793 3574 4848 Deus
3631 4793 3798 4863 fecit,

2136 4883 2335 4940 omnia
2361 4881 2671 4947 mirabilia,
2708 4879 2942 4936 visibila
2999 4885 3057 4936 et
3110 4881 3430 4938 invisibilia
3487 4882 3669 4952 (Joan.
3709 4882 3800 4952 1):

2135 4973 2322 5029 multa
2352 4969 2638 5026 miracula
2663 4969 2845 5024 Filius
2875 4968 2977 5024 Dei
3001 4974 3279 5043 operatus
3302 4975 3411 5041 est,
3427 4974 3484 5026 et
3510 4986 3615 5042 per
3643 4987 3708 5026 se
3734 4975 3798 5028 et

2126 5078 2241 5133 per
2271 5077 2435 5125 suos,
2466 5057 2694 5115 occulte
2725 5062 2783 5113 et
2802 5057 3132 5116 manifeste.
3152 5059 3409 5128 Oceulte,
3436 5057 3700 5115 faciendo
3720 5059 3802 5116 de

2139 5150 2320 5223 impio
2352 5149 2537 5219 pium,
2571 5147 2643 5202 de
2676 5152 3047 5219 persecutore
3079 5148 3457 5221 discipulum.
3491 5148 3806 5207 Manifesta

2138 5255 2296 5304 vero,
2328 5237 2595 5292 inﬁrmos
2623 5237 3180 5305 sanando,mortuos
3201 5238 3801 5310 resuscitando,quod

2141 5328 2338 5384 minus
2369 5329 2458 5381 est
2487 5341 2666 5396 quam
2689 5325 2844 5396 quod
2867 5326 3116 5397 occulto,
3149 5329 3343 5397 maius
3365 5331 3457 5383 est
3477 5327 3635 5383 enim
3662 5327 3798 5383 ani-

2142 5433 2300 5473 mam
2332 5413 2680 5470 resuscitare
2709 5430 2884 5486 quam
2925 5431 3158 5487 corpus.
3220 5416 3408 5487 Majus
3464 5415 3624 5472 enim
3685 5415 3806 5472 fuit

2140 5503 2386 5561 Paulum
2420 5508 2845 5575 persecutorem
2877 5509 3206 5560 convertere
3257 5505 3390 5575 (Act.
3454 5504 3554 5575 Ix),
3612 5521 3803 5577 quam

2103 5593 2426 5648 -Lazarum
2456 5592 2527 5648 de
2577 5597 2956 5647 monumento
3015 5594 3367 5650 resuscitare
3425 5595 3610 5665 (Ιοαη.
3669 5595 3804 5668 x1.).

387 5700 416 5732 α
446 5680 665 5737 tionem
699 5677 824 5736 sine
854 5678 1030 5736 malo.
1060 5677 1238 5750 cuius
1264 5678 1670 5736 maledictione
1695 5695 1760 5736 os
1793 5679 2031 5752 plenum
2143 5681 2306 5738 Unde
2342 5679 2627 5738 Dominus
2652 5696 2664 5736 :
2701 5680 2809 5748 Qui
2833 5680 3006 5739 credit
3026 5683 3087 5738 in
3107 5698 3214 5756 me,
3241 5697 3410 5756 opera
3439 5697 3567 5756 quae
3586 5697 3684 5754 ego
3711 5685 3808 5755 fa-
