4016 6192
230 401 339 465 189

1329 392 1937 461 ENARRATIUNES
1982 391 2060 455 1N
2106 389 2496 454 PSALMOS.

3510 391 3628 455 190

228 537 322 605 cio,
353 545 404 592 et
434 537 547 609 ipse
574 538 757 607 faciet,
790 540 841 592 et
868 537 1089 608 majora
1112 535 1308 590 horum
1336 534 1497 604 faciet
1528 534 1706 600 (Joan.
1738 528 1860 600 xu).
1898 533 1946 597 Α
1970 527 2198 598 judicat
2213 526 2444 582 Pateret
2464 524 2841 598 Spiritus,sed
2858 522 3195 580 attribuitur
3209 523 3631 595 judiciumDo-

232 626 433 683 Omnia
464 644 590 698 quae
620 626 775 681 Deus
808 626 970 681 Pater
992 623 1284 696 disposuit
1313 624 1434 677 ﬁeri
1458 623 1529 677 ad
1554 619 1871 693 reparatio-

233 732 354 771 nem
370 716 601 787 generis
622 715 885 779 humani,
905 731 1007 786 per
1026 713 1231 769 Filium
1253 730 1425 787 suum
1441 710 1723 766 ostendit:
1745 709 1874 763 ideo

233 806 368 860 bene
420 803 598 858 Filius
636 804 795 869 dicit,
846 805 1092 879 Narrabo
1125 804 1313 857 omnia
1344 801 1629 855 mirabilia
1662 803 1774 853 tua.
1807 798 1875 851 Et

233 900 282 950 te
308 892 620 957 laudando,
657 893 905 964 perfecte
936 892 1199 963 gaudebo
1226 907 1237 943 :
1265 890 1397 961 quia
1420 894 1474 943 et
1500 888 1557 942 in
1584 888 1797 957 anima,
1821 892 1877 940 et

234 983 287 1038 in
308 999 567 1054 corpore,
590 983 821 1038 laetabor
842 981 897 1035 in
919 982 1138 1046 anima,
1164 979 1513 1035 etexsultabo
1536 978 1590 1030 in
1616 992 1873 1047 corpore,

234 1074 287 1127 in
315 1075 388 1135 te,
422 1088 537 1125 non
568 1070 625 1123 in
662 1086 773 1137 me,
810 1086 922 1124 non
957 1070 1015 1122 in
1048 1068 1160 1122 alia
1192 1085 1270 1123 re.
1307 1068 1373 1121 Et
1407 1066 1597 1120 uthoc
1631 1065 1874 1137 possim,

229 1168 501 1241 psallam:
536 1166 746 1221 faciam
782 1182 872 1221 me
896 1164 1263 1237 psalterium,
1298 1168 1350 1218 et
1382 1163 1672 1217 inferioris
1700 1160 1879 1232 partis

236 1255 663 1328 percussionem
689 1259 983 1327 gratanter
1000 1253 1393 1323 suscipiendo,
1410 1252 1661 1322 desuper
1683 1251 1738 1304 in
1760 1249 1877 1321 spi-

234 1344 340 1399 ritu
372 1343 719 1399 humilitatis
742 1342 904 1397 dulce
922 1340 1103 1396 melos
1118 1342 1402 1395 resonabo
1428 1359 1439 1395 :
1466 1346 1521 1395 et
1544 1340 1650 1394 hoc
1672 1340 1880 1393 faciam

233 1435 317 1486 tuo
348 1430 648 1497 nomini,id
672 1434 760 1486 est
789 1430 858 1484 ad
893 1429 1123 1485 laudem
1150 1434 1403 1495 tuam,ut
1426 1445 1528 1499 per
1546 1446 1638 1483 me
1660 1433 1883 1482 crescat

234 1519 361 1574 laus
412 1524 531 1585 tua,
580 1520 876 1573 Attissime.
916 1520 1045 1585 Quis
1075 1520 1223 1572 enim
1252 1520 1501 1587 cognovit
1530 1534 1749 1571 sensum
1778 1518 1881 1570 Do-

236 1609 375 1662 mini
393 1611 567 1675 (Rom.
595 1608 723 1678 x1)?
748 1607 848 1661 Vel
875 1608 933 1661 in
958 1607 1085 1670 hoc,
1109 1605 1429 1675 Altissime,
1453 1609 1511 1660 in
1533 1605 1885 1661 convertendo

235 1696 524 1751 inimicum
540 1712 719 1751 meum
735 1694 1308 1763 retrorsum,laudabo
1322 1699 1378 1749 te
1392 1704 1447 1748 et
1459 1694 1677 1765 gratias
1693 1710 1859 1766 agam
1870 1738 1884 1763 ,

238 1801 346 1839 non
369 1784 428 1838 in
447 1785 738 1856 praeterita
759 1783 846 1838 vel
870 1784 928 1837 in
955 1783 1221 1855 praisenti
1246 1787 1499 1849 tantum,
1532 1784 1632 1838 sed
1659 1799 1890 1854 semper

1981 616 2195 671 minico
2221 615 2467 679 homini,
2502 615 2639 686 quia
2669 616 2716 669 si
2740 632 2805 670 ex
2838 614 2960 669 sola
3015 614 3271 685 potentia
3312 614 3633 671 divinitatis

1982 705 2252 760 homines
2277 704 2587 774 judicaret,
2634 704 3068 775 quodammodo
3102 719 3169 757 ex
3208 702 3546 759 infirmitate
3578 710 3633 759 et

1986 794 2329 865 impotentia
2350 810 2412 848 se
2434 799 2671 863 possent
2696 811 2990 849 excusare.
3024 794 3177 848 Nunc
3209 798 3402 847 autem
3427 792 3640 847 buma-

1987 882 2167 937 nitate
2208 882 2333 938 Filii
2367 883 2534 937 nohis
2568 882 2887 954 proposita,
2916 884 3015 955 qui
3044 885 3199 939 bona
3229 883 3322 937 ille
3345 883 3480 937 fecit
3510 899 3638 953 quas

1987 989 2020 1025 a
2051 973 2219 1027 nobis
2242 972 2647 1043 exquiruntur,
2681 976 2737 1026 et
2769 973 2923 1026 mala
2954 974 3175 1043 vitavit,
3213 974 3282 1027 ad
3308 972 3641 1044 exemplum

1990 1060 2149 1115 illius
2181 1078 2383 1115 omnes
2407 1060 2851 1131 juclicabuntur.
2886 1061 3155 1115 Ostendit
3189 1062 3482 1133 quomodo
3516 1077 3643 1132 per-

1987 1136 2453 1205 ibunt.Sedendo
2465 1166 2628 1220 super
2646 1152 2901 1204 thronum
2916 1156 2975 1204 tu
2987 1167 3109 1213 um,
3132 1152 3433 1222 increpasti
3444 1154 3646 1220 gentes,

1991 1250 2235 1321 arguisti
2270 1266 2367 1303 eas
2398 1250 2467 1303 de
2490 1248 2899 1303 incredulitate
2930 1254 2984 1304 et
3018 1249 3317 1320 impietate
3350 1267 3452 1320 per
3483 1268 3573 1307 me
3597 1256 3654 1307 et

1994 1356 2153 1394 meos
2186 1338 2499 1409 apostolos.
2536 1340 2607 1392 Et
2640 1340 2808 1409 periit
2840 1340 3065 1408 impius,
3100 1339 3291 1393 factus
3341 1339 3550 1395 ﬁdelis.
3584 1343 3656 1396 Et

1991 1429 2097 1483 hoc
2132 1445 2245 1482 non
2277 1428 2348 1481 ad
2382 1432 2636 1498 tempus,
2683 1427 2782 1482 sed
2818 1427 3009 1481 delesti
3038 1444 3236 1482 nomen
3266 1444 3471 1493 eorum.
3508 1429 3652 1485 illud

1994 1534 2205 1572 nomen
2240 1518 2395 1587 quod
2432 1517 2539 1587 ipsi
2565 1516 2677 1571 sibi
2710 1516 3167 1588 acquisiverunt,
3194 1519 3253 1571 in
3278 1526 3571 1583 aeternum,
3598 1520 3655 1573 id

1996 1612 2103 1672 est,
2138 1608 2197 1660 in
2225 1607 2515 1669 saeculum,
2552 1606 2606 1659 id
2641 1610 2749 1669 est,
2775 1606 3162 1660 aeternitatem
3187 1611 3244 1660 et
3277 1606 3449 1661 linem
3479 1606 3658 1677 hujus

1994 1696 2189 1752 saeculi
2215 1695 2368 1766 quod
2404 1700 2641 1749 vocatur
2672 1699 2927 1765 tempus,
2973 1695 3026 1749 id
3063 1698 3170 1755 est.
3204 1694 3382 1766 hujus
3428 1695 3659 1751 volubi-

1999 1784 2199 1848 litatis.
2234 1785 2302 1837 Et
2326 1801 2440 1838 non
2464 1784 2680 1838 mirum
2716 1784 2762 1839 si
2799 1783 2969 1855 periit
3012 1783 3251 1854 impius,
3277 1784 3415 1855 quia
3444 1786 3664 1841 inimici

236 1874 292 1927 in
324 1889 417 1927 me
447 1879 503 1928 et
532 1891 588 1927 ιιι
623 1874 791 1941 meis,
836 1873 894 1927 in
928 1873 1315 1927 convertendo
1348 1872 1656 1927 inimicum
1691 1888 1885 1927 meum
1922 1906 1970 1968 Β
1996 1874 2249 1943 framem,
2285 1873 2341 1927 id
2375 1878 2465 1927 est
2513 1873 2823 1942 opiniones
2855 1872 3068 1927 erroris
3112 1872 3199 1926 vel
3251 1880 3663 1945 persequentes

238 1966 576 2017 retrorsum.
603 1962 737 2017 Inde
761 1960 863 2016 tibi
886 1961 1104 2034 gratias
1129 1978 1235 2031 ago
1268 1977 1519 2032 semper,
1546 1960 1894 2033 quiainimi-

237 2066 339 2105 cus
362 2052 591 2123 generis
610 2051 850 2105 humani
872 2050 971 2122 qui
987 2050 1245 2122 primum
1262 2051 1557 2105 hominem
1578 2050 1893 2122 superavit,

236 2144 292 2195 et
320 2145 456 2211 post
486 2155 547 2193 se
578 2139 739 2194 abire
772 2138 923 2205 fecit,
958 2138 1229 2210 princeps
1257 2139 1434 2208 hujus
1459 2140 1647 2193 factus
1670 2138 1897 2203 mundi,

234 2253 332 2292 me
364 2238 541 2293 etiam
572 2236 849 2291 tentando
882 2237 1052 2306 (venit
1081 2239 1230 2290 enim
1251 2239 1504 2307 princeps
1519 2237 1714 2290 mundi
1740 2238 1900 2303 huius

232 2335 286 2381 et
310 2328 375 2380 in
406 2341 490 2379 me
520 2341 627 2379 non
661 2325 820 2379 habet
851 2324 1151 2395 quidquam
1176 2325 1362 2391 [Joan.
1391 2325 1557 2394 Xivj),
1581 2329 1904 2378 retrorsum

233 2414 421 2468 datus
440 2416 549 2477 est,
585 2416 646 2466 ut
663 2411 721 2465 in
742 2410 857 2467 illis
881 2410 1249 2466 solummodo
1272 2412 1607 2466 dominetur
1629 2412 1726 2482 qui
1752 2417 1903 2467 retro

232 2506 383 2557 sunt
407 2502 463 2554 in
492 2500 762 2565 terrenis,
798 2500 1065 2554 nolentes
1091 2517 1151 2554 se
1182 2499 1242 2553 in
1277 2501 1570 2556 anteriora
1599 2501 1906 2555 extendere

236 2589 411 2660 (Phil.
447 2589 551 2658 ιιι).
588 2587 733 2653 Quia
764 2588 858 2642 ille
881 2589 982 2658 qui
1018 2588 1276 2642 humano
1308 2588 1505 2659 generi
1554 2590 1670 2642 dux
1700 2589 1904 2642 mortis

237 2678 565 2745 erat,modo
600 2682 921 2731 retrorsum
950 2677 1092 2732 abiit
1110 2678 1818 2747 tentando,persequendo
1842 2681 1906 2731 ut

242 2768 430 2823 canis.
464 2765 681 2820 Aliter:
707 2764 852 2828 Quia
870 2766 1159 2819 inimicum
1186 2780 1367 2819 meum
1389 2780 1682 2835 quemque
1705 2766 1906 2819 infide-

241 2856 380 2927 lem,
402 2855 506 2927 qui
529 2852 755 2926 primus
773 2871 887 2908 non
910 2870 1267 2925 cognoscens
1292 2853 1689 2907 infirmitatem
1711 2870 1901 2923 suam,

243 2945 493 3017 putabat
513 2960 575 2999 se
611 2959 725 2997 non
759 2958 926 3014 egere
951 2942 1193 3010 medico,
1227 2948 1529 2996 convertes
1579 2952 1901 3009 retrorsum,

243 3039 306 3090 ut
330 3039 470 3106 post
492 3049 583 3087 me
608 3033 901 3094 abeat,me
921 3031 1214 3085 medicum
1238 3032 1557 3101 quaeratEt
1579 3033 1903 3086 secundum

242 3123 393 3179 hanc
426 3122 782 3178 sententiam
811 3124 961 3175 recte
993 3120 1274 3191 sequitur,
1301 3120 1747 3189 inﬁrmabuntur.
1774 3120 1906 3175 Ideo

242 3218 573 3268 retrorsum
605 3214 1014 3265 convertentur
1046 3209 1183 3280 quia
1211 3209 1665 3278 inﬁrmabuntur,
1707 3208 1763 3263 id
1797 3213 1904 3275 est,

244 3301 342 3373 qui
366 3301 483 3357 sibi
520 3299 685 3372 prius
716 3300 891 3353 fortes
921 3298 1270 3352 videbantur
1308 3298 1575 3351 infirmos
1607 3314 1668 3351 se
1696 3313 1907 3367 cogno-

244 3396 410 3447 scent
463 3395 523 3445 et
558 3388 640 3443 sic
668 3389 929 3460 peribunt
980 3388 1136 3457 quod
1172 3388 1430 3440 fuerunt.
1467 3386 1537 3441 Ut
1566 3384 1745 3439 illud:
1787 3387 1912 3439 Vivo

229 3482 359 3551 jam
404 3495 524 3534 non
574 3492 691 3548 ego,
724 3478 857 3531 vivit
890 3491 1010 3529 vero
1054 3476 1109 3527 in
1145 3491 1228 3528 me
1270 3476 1521 3530 Christus
1579 3472 1719 3542 (Gut.
1756 3473 1837 3540 ιι).
1872 3474 1908 3525 Α

242 3570 384 3639 facie
412 3577 534 3637 tua,
560 3566 617 3620 id
646 3571 733 3621 est
755 3582 788 3620 a
809 3563 1145 3636 cognitione
1168 3568 1291 3629 tua,
1320 3568 1629 3634 postquam
1654 3566 1708 3616 te
1729 3562 1912 3616 Deum

244 3662 572 3712 creatorem
596 3671 768 3709 suum
788 3644 1161 3724 cognosCent.
1184 3650 1329 3717 Quia
1346 3650 1623 3705 inimicus
1644 3649 1739 3705 ille
1761 3666 1913 3705 unus

244 3752 329 3802 est
360 3746 417 3800 in
443 3764 533 3811 se,
566 3748 621 3799 et
643 3741 811 3798 multi
839 3743 895 3796 in
931 3741 1212 3796 membris
1238 3740 1383 3806 suis,
1411 3740 1538 3794 ideo
1561 3744 1691 3812 post
1712 3740 1912 3811 singu-

247 3833 361 3891 lare
394 3831 620 3907 plurali
652 3832 855 3886 utitur.
888 3830 1216 3886 Secundum
1250 3829 1470 3901 priores
1488 3829 1806 3884 sententias
1830 3828 1911 3883 sic

248 3921 401 3979 istud
435 3925 684 3995 aptatur
712 3938 725 3975 :
759 3922 1199 3991 lnﬁrmabuntur
1231 3918 1333 3972 hoc
1358 3918 1527 3971 modo
1556 3934 1568 3972 :
1605 3917 1910 3972 inimicum

248 4018 419 4084 caput
440 4018 504 4068 et
523 4010 795 4066 membra
814 4014 1113 4064 convertes
1135 4012 1474 4073 retrorsum,
1501 4006 1638 4077 quia
1660 4007 1916 4061 inﬁrma-

249 4100 493 4167 buntur,
532 4100 869 4155 inefficaces
900 4098 1042 4152 fient
1071 4096 1184 4163 hic,
1220 4102 1276 4150 et
1310 4100 1511 4166 postea
1532 4096 1819 4167 peribunt,
1855 4096 1909 4149 id

246 4196 331 4246 est
353 4191 603 4263 penitus
636 4187 923 4255 recedent,
957 4204 990 4239 a
1034 4186 1176 4255 facie
1198 4194 1316 4251 tua,
1343 4185 1400 4239 id
1433 4189 1522 4239 est
1544 4201 1574 4239 a
1607 4184 1916 4256 praesentia

246 4282 359 4335 tua.
387 4280 669 4335 Tollatur
689 4275 907 4348 impius
935 4291 1006 4330 ne
1023 4274 1217 4329 videat
1238 4272 1447 4328 faciem
1471 4272 1567 4327 Dei
1590 4274 1911 4342 (lsa.xxv1).

245 4376 374 4431 Ideo
392 4376 691 4448 peribunt,
719 4389 976 4444 quoniam
990 4372 1191 4442 fecisti,
1225 4370 1279 4424 id
1305 4375 1414 4438 est,
1443 4368 1635 4434 facies,
1662 4386 1693 4423 ο
1725 4373 1912 4435 Pater,

236 4464 546 4535 judicium,
608 4462 761 4533 quod
797 4461 909 4533 ipsi
959 4460 1245 4532 putabant
1304 4475 1500 4521 suum,
1550 4456 1695 4511 illud
1740 4457 1917 4513 facies

242 4569 442 4609 meum.
479 4553 565 4609 Ut
594 4551 739 4605 illud
766 4567 778 4604 :
832 4550 1071 4621 Expedit
1101 4554 1160 4603 ut
1190 4564 1333 4603 unus
1364 4550 1642 4603 moriatur
1672 4562 1772 4616 pro
1817 4562 1911 4618 po-

2005 1962 2084 2017 Ch
2096 1963 2326 2027 ristum,
2346 1962 2662 2033 defecerunt
2680 1966 2881 2016 contra
2895 1960 3155 2034 gladium
3184 1962 3275 2015 Dei
3300 1963 3387 2017 bis
3400 1968 3636 2018 acutum
3648 2006 3662 2031 ,

2008 2050 2229 2105 scilicet
2258 2056 2460 2105 contra
2488 2051 2772 2105 veridicas
2805 2051 3125 2105 sententias
3154 2052 3293 2104 Novi
3335 2057 3393 2105 et
3442 2053 3665 2108 Veteris

2008 2140 2393 2195 Testamenti.
2426 2142 2486 2194 In
2521 2142 2707 2210 ﬁnem,
2760 2138 2812 2192 id
2848 2144 2936 2194 est
2984 2140 3041 2193 in
3076 2139 3395 2205 Christum,
3448 2142 3548 2211 qui
3581 2146 3669 2197 est

2011 2228 2241 2299 gladius
2271 2228 2394 2297 Dei,
2430 2228 2649 2283 scilicet
2682 2233 2884 2283 contra
2927 2228 3399 2299 praedicationem
3434 2229 3666 2285 Christi.

2012 2324 2112 2379 Vel
2147 2328 2205 2379 in
2228 2327 2414 2395 ﬁnem,
2440 2326 2493 2378 id
2530 2330 2620 2380 est
2650 2324 2902 2396 penitus.
2930 2326 2997 2378 Et
3028 2329 3337 2395 postquam
3364 2326 3667 2397 opiniones

2014 2414 2229 2469 erroris
2260 2414 2570 2469 destructa:
2601 2418 2759 2478 sunt,
2814 2415 3060 2468 civitates
3090 2412 3436 2482 destruxisti,
3470 2415 3526 2468 id
3559 2419 3667 2482 est,

2014 2503 2318 2558 societates
2342 2507 2397 2557 et
2427 2501 2828 2557 conventicula
2862 2500 3175 2568 malorum,
3211 2506 3276 2557 ut
3308 2504 3511 2557 ﬁerent
3530 2502 3673 2557 civi-

2013 2595 2163 2645 tates
2212 2595 2343 2645 tuae.
2386 2590 2480 2644 Vel
2533 2590 2796 2645 civitates
2847 2590 3207 2660 accipiemus
3241 2595 3473 2661 pectora
3504 2590 3671 2646 mali-

2013 2679 2342 2752 gnantium,
2378 2680 2635 2734 ubisunt
2652 2685 2707 2734 et
2730 2679 2891 2733 curia
2915 2678 3186 2734 dolosaet
3220 2679 3482 2735 consilia.
3508 2679 3672 2737 Illius

2014 2769 2189 2823 curiae
2212 2770 2481 2840 princeps
2504 2774 2592 2823 est
2610 2767 2873 2823 veritatis
2898 2768 3173 2824 inimicus
3201 2784 3213 2824 :
3237 2770 3364 2839 ejus
3385 2769 3672 2841 pernicio-

2014 2858 2233 2913 sissimi
2255 2857 2556 2923 satellites,
2579 2858 2839 2929 corporis
2862 2874 3071 2913 sensus
3097 2862 3153 2912 et
3175 2858 3473 2913 membra:
3510 2860 3675 2930 plebs

2013 2962 2167 3009 vero,
2202 2944 2465 2999 carnales
2514 2945 2998 3016 concupiscentiae
3029 2946 3185 3000 varie
3216 2947 3667 3002 tumultuantes.

2018 3033 2777 3097 Hascivitatesdestruxisti,
2802 3050 2934 3087 cum
2968 3032 3164 3089 omnia
3196 3050 3395 3089 eorum
3431 3035 3678 3090 consilia

2018 3124 2086 3177 ad
2108 3123 2325 3177 bonum
2342 3122 2615 3177 direxisti.
2630 3124 2692 3176 Et
2706 3123 2811 3177 boc
2832 3123 3179 3190 modoperiit
3192 3125 3455 3179 memoria
3467 3141 3675 3191 eorum,

2019 3211 2077 3266 id
2108 3216 2216 3277 est,
2255 3212 2408 3266 fama
2450 3210 2569 3274 illa,
2596 3228 2771 3282 quam
2793 3211 2904 3266 sibi
2930 3212 2987 3265 in
3011 3212 3257 3266 terrenis
3281 3212 3678 3283 acquisierant

2021 3299 2094 3353 ad
2119 3299 2461 3353 memoriam
2495 3298 2584 3352 sui
2601 3304 2730 3369 post
2752 3299 2899 3353 hanc
2914 3299 3089 3353 vitam
3112 3316 3235 3353 cum
3260 3316 3469 3371 magno
3490 3304 3675 3356 sonitu

2020 3395 2076 3440 et
2099 3403 2309 3455 magno
2331 3385 2609 3451 tumultu,
2636 3391 2944 3458 postquam
2960 3387 3426 3458 cognoveruntin
3443 3387 3534 3442 his
3558 3405 3673 3443 non

2022 3491 2149 3529 esse
2200 3474 2589 3544 gloriandum.
2626 3475 2723 3527 Vel
2762 3475 3041 3529 memoria
3074 3476 3413 3547 impiorum,
3448 3482 3513 3531 ut
3547 3478 3673 3547 jam

2025 3580 2139 3618 non
2172 3568 2371 3632 regnet
2402 3567 2704 3632 peccatum
2740 3563 2796 3616 in
2849 3581 3089 3634 corpore
3116 3581 3316 3619 eorum
3352 3565 3526 3634 (Rom.
3560 3570 3673 3637 v1):

2024 3666 2080 3716 et
2112 3661 2219 3715 hoc
2240 3662 2585 3727 cumsonitu,
2620 3659 2677 3713 id
2694 3664 2801 3723 est,
2828 3677 3042 3731 magna
3064 3660 3475 3717 reclamatione
3500 3663 3677 3718 totius

2025 3750 2205 3805 orbis.
2242 3749 2345 3803 Vel
2380 3750 2487 3803 hoc
2517 3749 2727 3803 modo:
2760 3765 2885 3803 cum
2912 3750 3116 3814 sonitu,
3152 3749 3291 3819 quia
3322 3765 3435 3803 non
3468 3756 3675 3820 potue-

2023 3846 2161 3895 runt
2191 3855 2399 3894 exuere
2422 3844 2670 3893 veterem
2704 3838 3001 3892 hominem
3034 3853 3167 3892 cum
3190 3836 3418 3892 actibus
3450 3836 3594 3902 suis,
3622 3841 3679 3893 et

2020 3930 2263 3984 induere
2293 3946 2503 3983 novum
2538 3929 2675 3999 (Col.
2702 3928 2783 3994 ιιι)
2805 3927 2932 3982 sine
2950 3943 3162 3998 magno
3186 3925 3445 3981 tumultu
3476 3932 3533 3981 et
3555 3944 3678 3983 ma-

2022 4035 2135 4090 gno
2166 4018 2461 4072 conflictu.
2500 4016 2713 4072 Aliter:
2743 4016 3681 4073 lnconvertendoinimicummeum

2023 4112 2344 4174 retrorsum,
2368 4106 2669 4161 diabolum
2686 4107 2927 4173 scilicet,
2962 4106 3055 4160 cui
3080 4105 3326 4161 tentanti
3354 4106 3679 4172 Christum,

2026 4201 2089 4249 ut
2108 4212 2244 4249 eum
2269 4195 2593 4261 seduceret,
2610 4196 3108 4266 quemadmodum
3131 4198 3189 4249 in
3215 4195 3471 4266 primum
3490 4195 3678 4250 homi-

2026 4300 2159 4338 nem
2195 4283 2331 4337 l‘ecit
2382 4282 2535 4353 (Gen.
2578 4286 2689 4353 ιιι),
2738 4284 2960 4339 dictum
2992 4289 3081 4339 est
3128 4300 3161 4337 a
3194 4284 3474 4338 Domino:
3515 4284 3710 4349 Vade,.

2022 4375 2399 4438 Satanas,non
2428 4374 2667 4426 tentabis
2707 4373 3001 4427 Dominum
3024 4377 3201 4426 Deum
3225 4380 3383 4425 tuum
3406 4371 3581 4439 (Joan.
3604 4371 3683 4439 x).

2025 4461 2094 4514 Et
2120 4476 2231 4513 non
2266 4457 2480 4523 solum,
2516 4460 2615 4513 sed
2658 4462 2833 4514 etiam
2868 4460 3121 4513 ministri
3145 4458 3235 4512 sui
3268 4458 3454 4512 Judaei
3488 4473 3683 4527 perse-

2027 4553 2272 4619 quentes
2304 4547 2757 4616 inﬁrmabuntur,
2784 4565 2898 4601 non
2927 4547 3187 4601 valentes
3213 4547 3269 4600 in
3295 4562 3387 4599 me
3411 4546 3685 4616 perficere

240 4643 389 4713 pulo,
417 4647 474 4699 et
496 4656 619 4696 non
651 4644 761 4695 tota
793 4656 923 4707 gens
957 4642 1143 4709 pereat
1169 4638 1350 4708 (Joan.
1386 4639 1485 4708 χι).
1541 4637 1704 4691 Sicut
1736 4641 1917 4691 nauta
1945 4630 1992 4692 B
2024 4635 2178 4707 quod
2238 4634 2549 4689 voluerunt
2586 4651 2598 4688 :
2650 4635 2789 4706 quia
2820 4650 2979 4690 nemo
3039 4632 3195 4689 tollet
3231 4652 3263 4688 a
3292 4648 3379 4689 me
3433 4636 3687 4689 animam

244 4737 492 4787 ventum
527 4728 677 4785 dicit
710 4745 884 4783 suum
931 4744 1047 4798 quo
1078 4727 1283 4792 utitur,
1332 4736 1383 4781 et
1411 4743 1653 4794 causam,
1702 4725 1923 4781 scilicet

244 4819 674 4893 judicii,quam
698 4835 866 4874 suam
891 4814 1388 4888 putabant,fecisti
1410 4832 1605 4869 meam.
1631 4818 1763 4881 Quae
1786 4814 1923 4870 fuit?

250 4926 318 4965 ne
340 4910 495 4966 forte
514 4908 783 4964 mundus
806 4911 937 4978 post
959 4922 1091 4961 eum
1115 4904 1379 4961 abeat.Et
1400 4902 1648 4974 utilludj
1663 4903 1920 4959 udicium

251 5015 449 5068 meum
485 5000 678 5065 fieret,
739 4996 931 5051 sedisti
958 5011 1123 5066 super
1170 4995 1455 5061 thronum,
1514 4992 1571 5047 id
1608 4997 1713 5059 est,
1770 4996 1921 5047 recte

244 5087 559 5157 judicasti.
595 5085 871 5141 Thronus
898 5088 987 5139 est
1007 5082 1328 5153 judiciaria
1351 5081 1543 5137 sedes.
1568 5080 1922 5151 Tuncjudex

254 5175 473 5231 dicitur
494 5175 705 5232 sedere
727 5174 786 5228 in
809 5172 1181 5241 throno,cum
1202 5169 1301 5225 illa
1322 5169 1459 5224 sede
1477 5186 1589 5224 non
1632 5168 1913 5224 abutitur.

258 5273 436 5331 Aliter
466 5292 480 5330 :
522 5272 731 5327 Sedisti
775 5287 939 5342 super
969 5270 1225 5325 thronum
1254 5269 1349 5337 qui
1377 5266 1595 5338 judicas
1616 5269 1919 5339 justitiam,

257 5360 311 5416 id
344 5367 458 5425 est,
486 5360 924 5417 humanitatem
950 5373 1162 5426 meam,
1188 5356 1403 5427 parasti
1430 5355 1534 5410 tibi
1558 5356 1923 5426 sedemjudi-

260 5451 536 5515 ciariam,
572 5454 642 5503 ut
673 5466 742 5504 ex
772 5448 875 5504 illa
931 5446 1221 5502 mundum
1258 5444 1578 5515 judicares.
1616 5443 1686 5497 Ut
1733 5443 1917 5498 illud:

260 5540 399 5594 Deus
429 5544 559 5595 erat
595 5538 809 5594 Christo
839 5536 1111 5592 mundum
1158 5534 1515 5588 reconcilians
1562 5532 1671 5585 sibi
1700 5532 1771 5601 (II
1798 5533 1919 5587 Cor.

257 5630 326 5698 ν).
355 5634 427 5685 Et
453 5628 614 5683 illud
647 5645 659 5681 :
696 5632 859 5684 Pater
890 5644 999 5681 non
1018 5624 1235 5697 judicat
1265 5637 1607 5692 quemquam,
1638 5621 1729 5675 sed
1766 5637 1925 5677 omne

260 5719 535 5780 iudicium
589 5715 741 5775 dedit
767 5718 912 5775 Filio
943 5716 1118 5788 (Joan.
1147 5715 1221 5782 v).
1256 5709 1415 5777 Quod
1461 5709 1691 5781 judicat
1720 5710 1921 5777 Filius,

2029 4741 2228 4794 meam,
2279 4724 2374 4778 sed
2397 4739 2491 4791 ego
2518 4739 2659 4794 pono
2706 4740 2827 4779 eam
2853 4741 2887 4778 a
2917 4725 3119 4794 meipso
3151 4722 3360 4795 (Ibid).
3393 4723 3495 4779 Hic
3526 4724 3685 4794 inﬁr-

2029 4816 2349 4878 mabuntur,
2378 4818 2434 4867 et
2465 4811 2740 4884 posteain
2767 4815 2960 4866 futuro
2981 4810 3203 4883 judicio
3229 4814 3486 4881 peribunt
3501 4814 3687 4882 aflcie

2029 4908 2129 4959 tua
2159 4920 2291 4957 cum
2314 4902 2594 4955 videbunt
2624 4900 2681 4955 in
2713 4918 2883 4972 quem
2918 4903 3353 4967 transﬁxerunt,
3388 4900 3526 4972 quia
3546 4905 3686 4954 tunc

2031 4991 2202 5064 plane
2233 4994 2586 5061 cognoscent
2634 5006 2726 5044 me
2762 5007 2873 5044 non
2908 4991 3089 5045 fuisse
3138 4990 3328 5045 solum
3361 4987 3681 5042 hominem.

2031 5090 2163 5144 Ideo
2185 5087 2643 5156 inﬁrmabuntur,
2668 5089 2797 5157 quia
2820 5088 3095 5155 judicium
3116 5084 3258 5138 illud
3287 5100 3403 5155 quo
3423 5084 3685 5155 mejudi-

2033 5180 2328 5241 caverunt,
2360 5190 2544 5227 meum
2562 5177 2766 5245 fecisti,
2802 5181 2864 5229 ut
2906 5174 3128 5228 occulte
3165 5172 3306 5226 mihi
3342 5171 3681 5241 militarent,

2032 5267 2179 5321 dans
2201 5262 2318 5335 pati
2336 5263 2597 5332 judicem
2622 5264 2950 5319 hominum.
2967 5262 3110 5326 Quia
3129 5260 3245 5316 etsi
3270 5260 3353 5315 illi
3377 5260 3684 5331 forisjudi-

2033 5359 2232 5410 carent
2263 5353 2319 5405 in
2353 5369 2613 5422 corpore,
2646 5358 2706 5405 tu
2743 5359 2944 5406 tamen
2977 5350 3503 5421 sedistijudiciaria
3526 5352 3681 5420 pote-

2034 5448 2183 5498 state
2203 5458 2369 5512 super
2388 5441 2666 5505 thronum,
2684 5440 2740 5493 id
2760 5444 2867 5507 est,
2893 5442 3149 5494 animam
3169 5456 3356 5495 meam
3374 5454 3552 5509 quam
3574 5437 3681 5494 tibi

2034 5530 2217 5586 fecisti
2251 5530 2469 5594 sedem,
2495 5545 2727 5583 carnem
2760 5546 2947 5583 meam
2972 5529 3288 5583 scabellum
3317 5528 3528 5599 pedum
3552 5531 3681 5582 tuo-

2035 5638 2185 5676 rum.
2224 5619 2354 5673 Ideo
2386 5619 2582 5672 anima
2612 5617 2826 5673 Christi
2876 5619 3089 5672 dicitur
3118 5618 3287 5673 sedes
3336 5616 3679 5676 divinitatis.

2034 5708 2174 5783 quia
2202 5708 2317 5764 etsi
2351 5706 2481 5764 aliis
2502 5706 2812 5764 animabus
2825 5712 2914 5764 est
2930 5706 3324 5777 excellentior,
3347 5711 3542 5765 tamen
3564 5706 3683 5766 dei-
