4016 6192
374 287 486 346 195

929 283 1232 348 REMIGII
1277 286 2029 350 ANTISSIODORENSIS
2072 289 2242 350 OPP.
2292 292 2489 353 PARS
2535 293 2583 352 l.
2620 325 2695 338 —-
2726 293 3194 357 EXEGETICA.

3652 293 3788 356 196

371 417 564 473 Graece
595 411 698 488 ὅτι,
734 433 835 489 pro
865 417 1023 490 quod.
1051 420 1257 488 Sciant,
1292 438 1394 492 pro
1451 426 1642 486 scient,
1702 423 1760 475 in
1816 421 2011 476 futura
2038 425 2093 488 Α
2122 439 2220 478 eos
2239 425 2456 493 szevirc,
2474 427 2544 480 ad
2562 444 2763 482 eorum
2786 425 3783 499 salvationemetsuuminteritum6

371 508 744 563 damnatione
773 525 786 563 :
821 507 958 579 quia
989 510 1143 580 quod
1176 511 1348 565 modo
1380 511 1594 566 dantur
1618 511 1701 565 sic
1733 511 1790 565 in
1823 527 2014 582 repro-

367 598 506 652 bum
530 614 792 665 sensum,
816 597 984 669 quasi
1015 600 1280 669 quaedam
1313 601 1656 671 prmparatio
1686 604 1774 655 est
1806 600 2011 654 futurae

365 704 565 759 pmnae.
601 687 762 752 Quod
795 686 956 755 dicit,
991 689 1282 752 constitue,
1344 688 1548 743 ordine
1607 704 1800 743 rerum
1848 687 2009 754 dicit,

364 802 480 840 non
511 784 799 840 creatione
833 802 847 851 ;
881 788 946 838 ut
977 783 1121 838 illud
1158 801 1170 838 :
1205 784 1444 840 Faciens
1468 785 1686 840 bonum
1719 791 1776 839 et
1805 801 2012 841 creans

365 873 958 946 malum(lsa.x1.v).Et
989 873 1128 943 quia
1147 873 1302 927 videt
1325 875 1580 951 futuram
1615 874 1858 929 nimiam
1886 891 2010 945 per-

362 963 721 1019 secutionem
753 963 860 1017 sub
891 966 1154 1033 tempore
1186 961 1359 1016 illius
1389 961 1918 1032 1egislatoris,adeo
1945 968 2010 1017 ut

361 1069 644 1124 pauperes
676 1051 1032 1122 illi,quorum
1051 1055 1137 1104 est
1159 1066 1404 1122 regnum
1427 1051 1726 1116 ccslorum,
1749 1050 2009 1106 derelicti

358 1141 761 1207 videantur,ad
781 1138 1240 1194 consolationem
1256 1155 1458 1195 eorum
1473 1157 1605 1194 cum
1621 1140 2008 1195 admiratione

359 1230 611 1302 quadam
643 1228 783 1282 dicit
815 1245 829 1283 :
867 1229 932 1284 Ut
959 1227 1110 1298 quid,
1159 1229 1403 1295 Domine,
1466 1231 1732 1284 recessisti
1753 1231 1878 1284 lone
1903 1229 1929 1283 ?
1960 1229 2004 1283 Ο

360 1321 604 1384 Domine,
636 1325 715 1383 ut,
748 1316 806 1372 id
840 1322 930 1370 est
957 1315 1332 1387 inquantum,
1398 1317 1604 1372 videris
1663 1336 1696 1373 a
1718 1318 1885 1373 nobis
1916 1335 2002 1372 re-

360 1408 630 1474 cessisse,
690 1405 831 1459 dum
892 1404 1124 1458 ninium
1169 1404 1528 1460 tribulamur
1587 1406 1745 1470 foris,
1800 1411 1856 1461 et
1887 1423 2001 1460 non

361 1501 557 1567 aperte
586 1493 849 1548 vindicas
878 1492 906 1546 ‘l
935 1493 1160 1563 Quid,id
1195 1499 1284 1549 est
1315 1510 1437 1557 cur,
1454 1496 1723 1549 recessisti
1747 1495 1774 1549 ‘?
1795 1494 2003 1550 Subdit

361 1601 599 1639 causam
628 1583 698 1637 ad
732 1581 1322 1637 consolationem.Hic
1353 1582 1510 1637 color
1536 1589 1774 1637 vocatur
1799 1585 1998 1652 subje-

359 1673 491 1726 ctio.
528 1673 766 1742 Despicis
799 1673 858 1726 in
889 1671 1267 1736 tribulatione,
1302 1671 1358 1726 id
1425 1676 1532 1735 est,
1563 1672 1778 1727 videris
1808 1673 1998 1743 despi-

2122 513 2306 569 Aliter
2334 532 2346 570 :
2380 516 2778 570 dominabitur
2808 534 2920 571 non
2945 517 3004 571 in
3027 533 3107 588 re,
3132 517 3232 572 sed
3260 517 3319 570 in
3343 515 3618 587 opinione
3639 531 3778 586 sua,

2123 605 2411 674 superbus
2444 621 2510 658 ex
2563 605 2927 675 impunitate.
2966 606 3128 662 Unde
3158 611 3214 661 et
3245 605 3511 678 sequitur
3545 620 3558 658 :
3612 607 3783 660 Dixit

2121 693 2271 746 enim
2295 694 2351 746 in
2383 693 2541 748 corde
2559 710 2692 748 suo:
2721 695 2837 749 Non
2866 695 3119 750 movebar
3144 696 3215 750 ab
3244 695 3353 749 hac
3381 693 3784 766 prosperitate

2122 796 2253 835 mea
2285 797 2296 834 :
2348 782 2486 852 quia
2517 798 2613 836 ero
2654 785 2774 837 sine
2801 784 2971 848 malo,
3006 784 3060 837 id
3095 789 3202 852 est,
3235 784 3364 839 sine
3393 783 3511 838 ullo
3546 783 3779 838 incom-

2121 870 2321 936 modo,
2368 887 2402 925 a
2431 874 2775 940 generatione
2806 871 2915 927 hac
2947 874 3006 927 in
3040 872 3296 927 futuram
3327 873 3777 943 generationem.

2119 957 2239 1012 Nisi
2266 964 2373 1013 Deo
2401 958 2711 1030 placerem,
2736 977 2849 1014 non
2879 961 2961 1015 sic
2988 961 3049 1015 in
3072 961 3347 1016 omnibus
3371 978 3778 1033 prosperarer.

2115 1056 2323 1112 Aliter:
2349 1058 2464 1113 Non
2487 1059 2759 1122 movebar,
2787 1057 2844 1112 id
2867 1065 2972 1124 est,
2999 1075 3113 1114 non
3143 1061 3524 1131 promovebor
3544 1061 3617 1114 ad
3650 1064 3778 1116 Do-

2117 1145 2346 1200 minum
2359 1148 2429 1201 ab
2447 1163 2564 1201 una
2575 1147 2945 1217 generatione
2963 1148 3022 1201 in
3036 1147 3208 1203 aliam
3225 1149 3349 1204 sine
3363 1165 3564 1204 eorum
3585 1149 3771 1206 malo.

2113 1236 2311 1302 Aliter,
2336 1234 2392 1288 in
2418 1236 2656 1303 bonum,
2691 1240 2756 1290 ut
2777 1253 2844 1290 ex
2866 1238 3120 1308 quadam
3142 1238 3652 1294 commiseratione
3674 1239 3776 1293 di-

2114 1330 2205 1379 cat
2231 1323 2534 1380 Christus:
2559 1326 2604 1379 Ο
2627 1330 2814 1391 Pater,
2847 1325 2986 1396 quia
3016 1332 3286 1397 peccator
3305 1343 3440 1382 cum
3472 1327 3772 1398 permitti-

2111 1419 2207 1468 tur
2237 1429 2471 1483 peccare
2502 1430 2614 1467 non
2647 1417 2735 1468 est
2762 1413 3110 1485 impunitus,
3163 1415 3263 1470 sed
3297 1415 3489 1486 potius
3520 1415 3770 1487 punitur

2111 1501 2335 1557 occulto
2360 1502 2602 1571 judicio,
2636 1503 2788 1573 quod
2824 1502 2947 1574 ipse
2973 1503 3240 1574 ignorat:
3275 1505 3403 1560 ideo
3436 1520 3596 1576 rogo,
3629 1521 3766 1560 con-

2107 1595 2396 1647 vertantur
2443 1595 2744 1662 peccatores
2792 1594 2847 1646 in
2894 1594 3202 1663 infernum,
3254 1593 3312 1648 id
3344 1597 3460 1660 est,
3503 1595 3764 1665 quadam

2110 1681 2323 1736 mentis
2341 1680 2598 1750 agilitate
2614 1680 2968 1748 attendatur,
2988 1697 3114 1752 quae
3133 1697 3309 1753 pinnae
3329 1688 3655 1754 sequantur
3669 1699 3768 1738 eo-

357 1777 485 1816 cere
517 1766 671 1826 tuos,
703 1763 842 1815 dum
874 1776 989 1815 non
1021 1759 1222 1814 statim
1253 1759 1451 1831 eripis:
1485 1761 1585 1815 sed
1637 1761 1742 1816 hoc
1774 1761 1917 1816 facis
1939 1763 1999 1815 in

2112 1795 2238 1832 rum
2259 1777 2690 1850 impunitatem,
2707 1783 2762 1832 et
2783 1779 2866 1833 sic
2889 1782 3299 1834 convertantur
3317 1796 3349 1832 a
3364 1779 3456 1834 via
3477 1796 3585 1834 sua
3603 1781 3768 1836 mala

356 1847 873 1920 opportunitatibus,
938 1847 995 1901 id
1028 1852 1135 1902 est.
1171 1847 1228 1902 in
1259 1848 1488 1919 magnis
1520 1848 2002 1913 commodis,istis

359 1936 624 1992 scilicet:
656 1936 787 1991 dum
841 1938 1085 2007 superbit
1141 1937 1364 2007 impius,
1428 1936 1744 1991 incenditur
1768 1953 1997 2008 pauper.

357 2027 598 2081 Gustata
626 2025 1035 2094 amaritudine,
1070 2025 1258 2096 magis
1309 2025 1673 2079 desideratur
1731 2023 1998 2080 dulcedo.

355 2124 579 2188 Quanto
606 2123 793 2194 magis
821 2121 1118 2176 tribulatio
1150 2122 1329 2192 hujus
1353 2121 1478 2176 vitae
1508 2123 1813 2176 exacerbat
1851 2122 1998 2193 pios,

353 2218 515 2267 tanto
546 2211 734 2283 magis
767 2211 1102 2266 desiderant
1131 2211 1307 2265 vitam
1330 2209 1490 2264 illam
1522 2211 1620 2264 ubi
1651 2210 1813 2266 nulla
1836 2227 2002 2282 perse

355 2300 510 2356 cutio
541 2300 730 2356 erit.Si
753 2300 910 2355 enim
946 2299 1043 2355 hic
1073 2303 1271 2355 essent
1297 2299 1358 2354 in
1390 2299 1590 2354 laetitia
1623 2315 1998 2371 semper,non

352 2395 515 2447 tanto
548 2407 718 2461 opere
749 2389 1171 2454 desiderarent.
1209 2389 1276 2443 Et
1307 2388 1425 2442 haec
1449 2393 1538 2444 est
1570 2389 1791 2444 utilitas
1824 2406 1998 2460 quam

353 2496 632 2551 pressura
678 2479 737 2532 in
771 2477 1040 2532 ﬁdelibus
1073 2483 1368 2549 operatur.
1415 2477 1582 2548 [mpii
1613 2484 1803 2533 autem
1838 2478 2001 2533 nulla

353 2567 755 2638 persecutione
785 2566 1039 2620 occculte
1069 2566 1463 2620 damnantur:
1499 2566 1635 2636 quia
1657 2567 2001 2636 comprehen-

350 2655 557 2710 duntur
605 2654 664 2707 in
708 2655 953 2707 consiliis
1002 2653 1199 2723 quibus
1237 2655 1496 2724 cogitant,
1537 2655 1594 2707 id
1627 2661 1735 2722 est,
1765 2653 2002 2709 vincula

354 2743 472 2799 illis
495 2743 644 2797 ﬁunt
668 2758 844 2813 prava
867 2741 1112 2796 consilia
1132 2758 1259 2805 sua,
1284 2758 1409 2813 quae
1433 2758 1532 2796 eos
1553 2742 1793 2797 trahunt
1822 2743 1881 2796 in
1909 2743 1997 2797 in-

355 2833 614 2888 teritum.
638 2832 709 2886 Et
728 2847 844 2885 non
873 2829 1109 2894 mirum,
1137 2829 1274 2900 quia
1294 2847 1361 2885 ex
1398 2829 1494 2884 Dei
1527 2830 1614 2884 ira
1646 2847 1760 2884 non
1790 2835 1878 2885 est
1899 2831 1999 2901 qui

358 2938 457 2977 eos
507 2920 801 2992 corripiat.
859 2919 980 2974 lmo
1031 2920 1300 2974 laudatur
1343 2927 1586 2990 peccator
1629 2921 1688 2973 in
1717 2919 2000 2975 desideriis

354 3013 562 3067 animae
589 3025 727 3077 suae,
759 3008 817 3062 id
849 3013 958 3075 est,
986 3009 1044 3062 in
1076 3007 1328 3079 peccatis
1361 3025 1373 3062 :
1405 3011 1457 3061 et
1482 3009 1705 3078 iniquus
1730 3008 1996 3063 benedici-

355 3109 446 3155 tur
465 3116 485 3152 :
514 3104 570 3154 et
600 3099 729 3154 ideo
759 3113 930 3152 nemo
954 3101 1120 3179 putat
1145 3100 1502 3168 peccantem,
1538 3096 1586 3151 si
1618 3113 1732 3150 non
1754 3096 1996 3168 corripi-

2111 1884 2313 1922 omnes
2330 1885 2348 1922 :
2369 1872 2424 1922 et
2444 1871 2797 1938 peccatores,
2814 1866 2872 1920 id
2893 1872 3000 1931 est,
3018 1867 3162 1938 legis
3180 1867 3409 1939 scriptae
3430 1872 3765 1941 transgres-

2111 1973 2290 2023 sores,
2324 1961 2380 2010 et
2407 1960 2607 2027 gentes
2644 1955 2949 2010 attendant
2981 1955 3106 2011 hoc.
3143 1956 3430 2020 Quo‘niam
3459 1973 3564 2012 non
3598 1961 3656 2012 in
3687 1958 3764 2028 ﬁ-

2107 2061 2257 2113 nem,
2283 2045 2336 2098 id
2364 2050 2451 2100 est
2473 2061 2724 2115 semper,
2746 2045 2946 2100 oblivio
2967 2048 3079 2100 erit
3104 2047 3382 2117 pauperis,
3406 2047 3543 2117 quia
3562 2047 3762 2102 Domi-

2112 2152 2220 2190 nus
2245 2132 2562 2188 vindicabit
2584 2149 2739 2202 eum,
2764 2138 2820 2188 et
2843 2133 2973 2188 ideo
2995 2138 3410 2190 convertantur
3430 2151 3462 2190 a
3485 2151 3758 2206 perseeu-

2109 2224 2267 2278 tione
2285 2223 2435 2292 ejus,
2454 2221 2670 2277 Christi
2693 2221 2935 2288 scilicet,
2955 2222 3055 2293 qui
3078 2221 3137 2277 in
3162 2223 3445 2278 membris
3468 2223 3592 2278 suis
3616 2225 3764 2296 pati-

2109 2317 2168 2368 tu
2182 2332 2222 2367 r.
2245 2313 2370 2367 Hazc
2386 2313 2654 2382 patientia
2671 2326 2999 2382 pauperum,
3025 2311 3125 2381 qui
3148 2317 3287 2366 sunt
3305 2312 3572 2367 membra
3594 2312 3758 2368 illius

2111 2401 2412 2475 pauperis,
2460 2417 2569 2455 non
2596 2401 2795 2470 peribit
2828 2402 2886 2454 in
2912 2401 3105 2470 ﬁnem,
3140 2401 3199 2455 id
3229 2406 3348 2468 est,
3385 2418 3571 2472 usque
3616 2403 3756 2457 dum

2112 2490 2408 2554 liniantur,
2443 2489 2499 2543 id
2531 2493 2640 2553 est,
2677 2488 3100 2544 annihilentur.
3134 2489 3199 2544 Et
3229 2493 3293 2543 ut
3323 2495 3756 2558 convertantur,

2107 2595 2359 2650 exsurge,
2387 2578 2640 2632 Domine:
2667 2578 2765 2648 qui
2790 2579 2962 2633 modo
2980 2577 3037 2631 in
3061 2578 3336 2633 cordibus
3356 2595 3558 2634 eorum
3582 2580 3754 2652 quasi

2109 2671 2375 2722 mortuus
2417 2669 2607 2736 jaces,
2642 2683 2878 2738 resurge
2908 2666 3024 2722 illis
3054 2684 3155 2738 per
3183 2667 3603 2738 cognitionem.
3635 2671 3752 2724 Non

2107 2751 2445 2828 con/citetur
2475 2755 2652 2818 homo,
2686 2759 2851 2810 vetus
2873 2754 3111 2824 scilicet,
3137 2755 3192 2809 id
3217 2760 3306 2810 est
3328 2772 3500 2812 caro:
3535 2756 3624 2812 fac
3655 2773 3755 2813 eos

2109 2859 2456 2916 cognoscere
2471 2842 2870 2898 infirmitatem
2889 2860 3057 2898 suam
3077 2849 3132 2899 et
3149 2844 3233 2898 sic
3246 2844 3539 2916 deponant
3555 2862 3757 2918 super-

2108 2935 2286 3000 biam,
2317 2938 2372 2987 et
2401 2940 2657 3002 quierant
2681 2936 2736 2986 te
2758 2932 3071 2986 medicum.
3098 2933 3168 2988 Et
3195 2937 3257 2988 ut
3279 2933 3455 2988 homo
3477 2951 3592 2990 non
3615 2951 3757 2990 con-

2108 3023 2318 3077 fortetu
2330 3019 2706 3091 r,judicentur
2725 3030 2903 3090 gentes
2923 3020 3018 3076 hic
3040 3025 3174 3076 ante
3198 3021 3341 3076 illud
3370 3023 3752 3078 manifestum

2100 3110 2412 3183 judicium.
2441 3114 2503 3163 In
2522 3119 2810 3180 conspectu
2829 3114 2946 3178 tuo,
2966 3110 3022 3164 id
3045 3114 3152 3181 est,
3178 3111 3336 3167 intus
3357 3112 3417 3166 in
3440 3113 3633 3180 corde,
3651 3112 3751 3168 ubi

356 3194 470 3255 tur,
491 3188 590 3244 sed
609 3187 803 3258 potius
822 3161 1096 3241 laud'atur
1118 3161 1466 3256 impunitus,
1486 3184 1840 3257 quialingua
1861 3161 1997 3240 adu-

2109 3161 2410 3183 ,παπ-μ
2441 3161 2456 3163 _
2487 3161 2497 3163 -
2934 3161 2946 3178 ,
2970 3161 3022 3164 κ-
3051 3161 3152 3181 η-,
3179 3161 3334 3167 __-__
3444 3161 3633 3180 ---_-,
3657 3161 3751 3168 __-

2109 3205 2169 3255 tu
2201 3199 2361 3254 solus
2389 3198 2578 3261 vides,
2624 3197 2702 3252 ibi
2733 3198 3087 3253 damnentur
3117 3199 3257 3254 vitia
3286 3204 3343 3256 et
3373 3206 3757 3256 assumantur

352 3276 604 3334 lantium
626 3275 826 3348 alligat
853 3275 1084 3330 animas
1113 3274 1173 3329 in
1205 3275 1474 3345 peccatis.
1511 3275 1868 3329 Exacerbavit
1900 3276 2001 3330 Do-

350 3368 568 3422 minum
579 3370 847 3438 peccator.
883 3364 1058 3429 Quasi
1089 3365 1280 3418 dicat:
1318 3364 1379 3418 In
1413 3363 1520 3419 hoc
1550 3367 1710 3435 patet
1729 3364 1883 3434 quod
1907 3380 1995 3418 se-

352 3456 612 3512 cundum
634 3454 1005 3525 impcenitens
1027 3470 1125 3508 cor
1147 3452 1535 3508 accumulavit
1559 3452 1668 3508 sibi
1703 3453 1850 3507 iram
1877 3453 1993 3523 Dei,

353 3554 493 3625 quia
521 3569 636 3608 non
668 3552 907 3623 corripit
949 3568 1082 3606 eum
1116 3557 1180 3606 ut
1216 3556 1397 3623 pater.
1450 3552 1517 3607 Et
1546 3551 1701 3622 quod
1731 3567 1865 3605 eum
1899 3567 1993 3605 ex-

352 3643 664 3708 acerbavit,
679 3642 737 3696 in
761 3640 868 3695 hoc
885 3641 1235 3696 ostenditur:
1259 3641 1563 3697 Secundum
1584 3641 1996 3695 multitudinem

351 3734 458 3790 ira:
475 3747 591 3789 suae
609 3747 720 3787 non
740 3738 965 3802 quaeret,
986 3731 1042 3785 id
1064 3733 1171 3795 est,
1192 3747 1306 3785 non
1325 3730 1585 3785 visitabit
1601 3745 1734 3784 eum
1753 3735 1996 3805 paterna

351 3822 726 3892 correctione,
761 3821 861 3875 sed
893 3821 1056 3874 dabit
1085 3836 1219 3874 eum
1250 3819 1310 3872 in
1343 3835 1554 3872 manus
1585 3834 1743 3872 suas.
1799 3817 1857 3872 Si
1888 3815 1994 3871 tibi

352 3913 579 3968 auferat
613 3912 762 3966 Deus
793 3908 1028 3964 oculum
1050 3908 1330 3979 corporis,
1354 3907 1568 3961 iratum
1596 3905 1819 3960 credas.
1848 3907 1992 3960 Cum

351 4000 456 4054 tibi
486 3997 720 4054 oculum
753 3996 974 4052 claudit
1003 3996 1208 4050 anima:
1231 4000 1295 4049 ut
1316 3994 1483 4049 illum
1507 4010 1622 4048 non
1643 3993 1992 4064 conspicias,

353 4103 486 4142 cum
511 4087 620 4141 fert
646 4086 704 4140 in
730 4085 1022 4156 peccando
1043 4083 1398 4156 prosperitas
1417 4083 1754 4154 inquinatas
1778 4082 1993 4154 cogita-

352 4174 542 4230 tiones
572 4178 631 4229 et
659 4172 923 4238 consilia,
971 4188 1087 4226 non
1119 4171 1332 4226 iratum
1364 4171 1582 4242 putas?
1611 4170 1788 4226 Nemo
1820 4171 1995 4244 igitur

353 4262 706 4334 impunitate
735 4261 954 4334 peccati
979 4260 1251 4332 gaudeat.
1284 4260 1439 4315 Deus
1461 4277 1572 4316 non
1599 4266 1817 4332 quaeret
1837 4279 1991 4332 eum,

350 4359 438 4416 vel
460 4359 585 4432 ipse
609 4375 723 4414 non
745 4363 964 4430 quaeret
987 4365 1184 4412 Deum.
1221 4362 1388 4428 Bene,
1419 4363 1636 4430 quaeret
1664 4360 1832 4430 quasi
1868 4376 1994 4430 per-

352 4448 832 4505 ditum.Ostendit
848 4447 1141 4519 quomodo
1164 4446 1470 4502 Dominum
1488 4449 1995 4506 exacerbavit.Non

2104 3288 2367 3343 virtutes.
2397 3288 2509 3341 Hoc
2531 3287 2702 3341 modo
2728 3303 2993 3359 exsurge.
3028 3288 3348 3355 Constitue,
3373 3288 3632 3353 Domine,
3662 3289 3748 3344 le-

2105 3377 2461 3449 gislatorem,
2485 3379 2600 3430 tuae
2617 3375 2857 3446 scilicet,
2873 3393 3048 3447 super
3068 3393 3187 3440 eos,
3207 3376 3264 3431 id
3292 3382 3401 3447 est,
3420 3376 3651 3432 Christu
3663 3379 3750 3447 m3:

2107 3467 2194 3519 fac
2220 3472 2284 3518 ut
2305 3465 2362 3518 in
2386 3479 2518 3518 eum
2537 3463 2796 3532 credant,
2816 3479 2949 3517 eum
2973 3464 3294 3536 principem
3319 3464 3532 3520 habere
3550 3464 3745 3521 velint.

2106 3555 2221 3608 Hoc
2252 3553 2424 3607 modo
2447 3552 2774 3606 constitue:
2808 3551 3008 3606 Sciant
3028 3558 3231 3624 gentes
3251 3552 3420 3609 illum
3451 3553 3750 3626 legislato-

2104 3660 2226 3698 rem
2257 3640 2468 3697 solum.
2502 3641 2570 3694 Et
2595 3641 2839 3709 dignum
2861 3645 2970 3707 est,
2994 3641 3272 3712 quoniam
3300 3642 3569 3699 homines
3589 3648 3745 3714 sunt,

2101 3731 2160 3786 id
2191 3736 2277 3786 est
2309 3728 2700 3784 rationabiles.
2741 3728 2808 3782 Et
2837 3728 2977 3800 quia
3007 3734 3207 3801 gentes
3238 3736 3358 3785 tam
3388 3731 3490 3786 diu
3523 3731 3752 3787 distulit

2103 3835 2396 3887 revocare,
2427 3816 2556 3872 ideo
2595 3816 2941 3872 admirando
2988 3819 3163 3874 dicit:
3200 3821 3264 3876 Ut
3295 3821 3455 3891 quid,
3490 3821 3746 3888 Domine,

2102 3909 2373 3966 recessisti
2399 3906 2470 3961 ab
2501 3906 2586 3961 eis
2619 3907 2800 3976 longe,
2832 3906 2890 3961 id
2922 3913 3035 3977 est,
3070 3913 3187 3963 tam
3221 3908 3394 3982 longo
3442 3909 3749 3982 tempore?

2101 4006 2282 4060 Video
2313 4020 2514 4076 quare.
2546 4004 2790 4075 Despicis
2819 4020 2939 4070 eas,
2973 4021 3086 4059 non
3118 4007 3448 4077 adjuvando
3479 4008 3539 4062 in
3563 4007 3753 4062 tribu-

2102 4093 2715 4165 latione,'permittens
2744 4091 2876 4147 illas
2905 4093 3116 4148 tentari
3144 4095 3217 4148 ab
3239 4095 3480 4151 inimico
3501 4101 3556 4152 et
3577 4111 3751 4168 supe-

2103 4183 2220 4239 rari
2253 4201 2265 4238 :
2315 4186 2372 4237 et
2408 4181 2516 4236 hoc
2550 4180 2690 4236 facis
2721 4182 2782 4235 in
2810 4184 3339 4252 Opportunitatibus,
3373 4183 3501 4238 istis
3532 4184 3758 4239 scilicet

2103 4274 2244 4328 dum
2278 4269 2541 4343 superbit
2571 4269 2810 4340 impius,
2843 4271 2977 4326 dum
2999 4276 3264 4342 peccator
3295 4273 3392 4344 qui
3416 4274 3620 4344 impius
3641 4277 3752 4337 est,

2105 4362 2246 4434 quia
2268 4364 2325 4415 te
2354 4363 2671 4414 creatorem
2703 4375 2878 4413 suum
2911 4375 3024 4414 non
3047 4366 3376 4432 veneratur,
3399 4362 3670 4434 superbit,
3694 4361 3754 4418 id

2105 4455 2220 4516 est,
2272 4448 2552 4521 gloriatur
2581 4448 2652 4503 de
2682 4446 2980 4518 impietate
3010 4465 3148 4516 sua,
3193 4467 3309 4520 qua
3354 4450 3500 4506 iram
3552 4451 3651 4506 Dei
3701 4455 3760 4506 et

351 4546 430 4594 est
459 4538 598 4592 Deus
627 4538 688 4591 in
714 4539 996 4606 conspectu
1033 4536 1170 4607 ejus.
1227 4537 1385 4590 Adeo
1433 4552 1634 4592 secure
1687 4542 1886 4609 peccat
1931 4543 1995 4594 ut
2024 4527 2070 4591 Ι)
2108 4536 2546 4594 damnationem
2578 4537 2901 4608 promeruit
2927 4554 2939 4591 :
2975 4539 3161 4592 tactus
3183 4555 3422 4610 pauper,
3449 4540 3504 4594 id
3529 4543 3638 4606 est,
3663 4555 3759 4595 co-

353 4624 585 4680 nullum
601 4629 929 4696 respectum
944 4623 1347 4695 divinijudicii
1361 4624 1661 4680 habeat.Et
1679 4626 1803 4681 ideo
1818 4628 2000 4698 inqui-

352 4717 498 4768 natas
516 4721 646 4768 sunt
662 4715 772 4770 via:
791 4715 964 4776 illius.
999 4714 1056 4768 id
1080 4720 1188 4782 est,
1219 4713 1598 4786 cogitationes
1621 4715 1893 4771 sordibus
1924 4717 2000 4770 vi-

352 4802 590 4867 tiorum,
615 4804 1042 4874 omnitempore.
1066 4803 1416 4877 Auferuntur
1426 4802 1656 4874 judicia
1681 4808 1778 4859 tua
1801 4822 1834 4858 a
1856 4807 2002 4874 facie

355 4893 495 4964 ejus.
527 4891 816 4958 Ostensio,
851 4893 1142 4962 quomodo
1165 4909 1280 4947 non
1311 4892 1388 4947 sit
1412 4897 1563 4946 Deus
1595 4892 1650 4946 in
1684 4899 1997 4965 conspectu

352 4982 501 5051 ejus.
533 4979 782 5035 Animus
814 4981 970 5034 enim
1002 4979 1153 5035 male
1181 4979 1293 5036 sibi
1325 4980 1596 5036 conscius
1627 4982 1766 5036 dum
1801 4989 2000 5054 peccat

355 5069 706 5140 impunitate
735 5069 1049 5136 extollitur,
1082 5069 1249 5139 quasi
1274 5069 1674 5137 judicaturum
1698 5087 1825 5126 esse
1848 5071 2001 5127 obli-

352 5157 596 5213 viscitur
615 5163 817 5215 Deum.
835 5159 904 5214 Et
925 5159 1031 5214 hoc
1055 5158 1205 5223 ideo,
1219 5158 1358 5228 quia
1379 5163 1626 5214 omnium
1647 5162 2000 5218 inimicorum

353 5263 578 5303 suorum
596 5247 984 5303 dominabitur.
1012 5249 1358 5317 l’rosperitas
1386 5249 1533 5302 enim
1553 5250 1848 5304 stultorum
1873 5267 1996 5322 per-

353 5336 441 5392 det
463 5352 552 5392 eos
572 5337 754 5408 (Prov.
781 5339 842 5408 1).
867 5341 985 5392 Hoc
1007 5334 1393 5408 spiritualiter
1412 5336 1482 5390 de
1504 5336 1631 5407 ipso
1655 5338 1998 5396 antichristo

355 5424 543 5497 capite
555 5424 820 5480 omnium
834 5424 1148 5497 impiorum
1163 5425 1398 5480 dicitur:
1412 5424 1582 5495 cujus
1595 5425 1816 5480 inimici
1830 5433 2001 5485 erunt

355 5529 559 5570 omnes
579 5513 751 5569 amici
765 5513 1001 5582 Christi,
1019 5530 1269 5584 quorum
1293 5513 1692 5569 dominabitur
1711 5522 1997 5588 quantum

359 5602 430 5666 ad
458 5618 694 5685 corpus,
725 5602 864 5678 quia
893 5601 1020 5660 ine
1049 5603 1502 5664 contradictione
1541 5605 1912 5683 permittatur
1938 5608 1998 5667 in

2109 4640 2395 4697 gnoscens
2418 4628 2818 4696 paupertatem
2843 4633 2898 4680 et
2922 4626 3220 4683 miseriam
3244 4645 3434 4693 suam,
3453 4644 3559 4683 nec
3588 4642 3761 4699 posse

2111 4730 2413 4786 resurgere
2443 4712 2557 4767 nisi
2590 4729 2689 4784 per
2719 4713 3180 4771 misericordiam
3212 4717 3371 4772 illius
3398 4733 3572 4788 quem
3596 4716 3762 4788 prius

2109 4792 2585 4867 contemnebant,
2603 4801 2937 4857 incenditur
2957 4802 3152 4860 dolore
3177 4805 3367 4861 cordis
3385 4806 3456 4860 ad
3479 4820 3762 4875 compun-

2109 4893 2383 4958 ctionem,
2417 4889 2504 4945 vel
2535 4889 2869 4945 incenditur
2897 4892 2969 4947 ad
3001 4909 3260 4964 amorem
3293 4894 3415 4950 Dei.
3463 4894 3568 4949 Cui
3598 4891 3758 4949 enim

2109 4980 2244 5053 plus
2276 4978 2533 5044 donavit,
2566 4977 2701 5050 plus
2727 4979 2917 5050 diligit
2941 4981 3092 5050 (Luc.
3116 4985 3240 5055 vn).
3264 4983 3372 5046 Qui
3395 4987 3588 5038 autem
3611 4996 3760 5053 pau-

2111 5086 2275 5141 peres
2289 5085 2403 5123 non
2430 5066 2580 5121 efﬁci
2603 5065 2806 5122 volunt
2820 5070 3398 5141 comprehenduntur
3414 5071 3471 5125 in
3495 5066 3760 5125 consiliis

2109 5157 2323 5230 quibus
2345 5153 2620 5224 cogitant.
2643 5154 2803 5209 Istud
2827 5172 2940 5210 non
2966 5162 3246 5228 mutatur,
3270 5162 3326 5212 et
3342 5162 3548 5212 caetera
3570 5169 3759 5226 usque

2109 5247 2168 5301 in
2201 5246 2397 5300 tinem.
2421 5241 2587 5297 Nunc
2615 5248 2975 5300 revertamur
2995 5245 3152 5301 illuc.
3178 5245 3368 5316 Cujus,
3399 5241 3755 5310 antichristi,

2108 5360 2168 5399 os
2205 5344 2432 5414 plenum
2479 5344 2560 5394 est
2605 5340 3004 5408 maledictione,
3059 5343 3116 5398 id
3165 5348 3254 5400 est
3292 5341 3672 5410 detractione,
3703 5345 3759 5396 et

2109 5429 2489 5488 amaritudine
2517 5429 2575 5483 in
2609 5433 2811 5496 Deum,
2842 5439 2894 5486 et
2928 5433 3052 5488 dolo
3081 5432 3139 5487 in
3173 5434 3488 5505 proximos.
3515 5431 3624 5487 Sub
3647 5431 3762 5485 lin-

2109 5538 2216 5594 gua
2244 5524 2386 5590 ejus,
2418 5518 2478 5573 id
2511 5521 2600 5574 est
2631 5517 2690 5573 in
2721 5519 2915 5586 corde,
2948 5521 3104 5576 labor
3131 5530 3182 5577 et
3209 5519 3363 5576 dolor
3383 5540 3402 5577 :
3433 5535 3636 5577 earum
3668 5534 3760 5575 re-

2111 5626 2242 5669 rum
2273 5624 2437 5669 amor
2467 5623 2594 5684 qua
2625 5605 2710 5667 illi
2743 5612 2914 5666 erunt
2942 5607 3148 5684 labori,
3172 5614 3229 5669 et
3257 5610 3388 5670 aliis
3411 5609 3626 5671 dolori.
3650 5606 3758 5668 Os-
