4016 6192
398 289 513 351 199

963 293 1266 356 REMIGII
1309 291 2068 388 ANTIS|SIODOI1ENSIS
2116 297 2285 358 OPP.
2334 297 2534 362 PARS
2581 303 2627 361 Ι.
2663 335 2738 344 —
2771 247 3232 365 EXEGETlCA.

3688 306 3816 365 200

393 446 420 471 «
454 426 828 478 struxerunt:
856 425 1058 494 justus
1076 431 1270 481 autem
1296 428 1434 498 quid
1471 426 1650 481 fecit?
1677 427 2038 483 Domiuusin
2070 431 2123 495 Α
2155 430 2576 487 hcereticorum.
2615 436 2669 488 ln
2697 451 2944 504 persona
2973 434 3402 507 prophet&,hoc
3425 436 3634 492 modo:
3668 437 3813 508 quia

395 535 422 562 «
455 512 674 584 templo
705 518 905 568 sancto
931 531 1036 569 suo
1073 533 1083 568 :
1123 515 1401 570 Dominus
1427 517 1484 571 in
1510 516 1652 570 coelo
1688 517 1857 570 sedes
1889 518 2036 585 ejus.

399 624 420 649 ι
457 600 620 656 Oculi
647 603 776 672 ejus
803 602 861 655 in
893 619 1209 675 pauperem
1234 605 1573 676 respiciunt,
1604 604 1890 676 palpebrae
1913 607 2040 676 ejus

394 711 423 738 «
458 689 818 760 interrogant
851 691 1002 746 ﬁlios
1033 691 1361 748 hominum.
1397 693 1682 747 Dominus
1722 693 2041 764 interrogat

390 778 675 848 «justum
709 779 1184 852 etimpiumzqui
1217 785 1410 836 autem
1432 781 1618 851 diligit
1641 781 2034 853 iniquitatem,

389 887 416 914 «
451 865 575 920 odit
591 867 848 922 animam
871 869 1224 923 suam.Pluit
1238 886 1414 940 super
1429 874 1758 940 peccatores
1775 868 2032 940 laqueos:

389 977 417 1005 «
450 953 602 1027 ignis
632 961 689 1010 et
719 956 967 1028 sulphur
996 965 1052 1012 et
1082 958 1328 1029 spiritus
1358 957 1916 1030 proccllarum,pars
1941 976 2032 1014 ca-

387 1065 413 1090 υ
449 1042 576 1098 licis
603 1046 1128 1110 eorum.Quoniam
1157 1048 1357 1115 justus
1386 1047 1669 1102 Dominus
1690 1052 1745 1102 et
1769 1048 2034 1118 justitias

383 1155 409 1179 «
444 1131 645 1187 dilexit
677 1153 695 1189 :
725 1136 1058 1206 aequitatem
1088 1136 1237 1191 vidit
1267 1135 1465 1191 vultus
1496 1139 1643 1207 ejus.
1685 1159 1710 1184 ››

998 1260 1398 1316 ENARRATIO.

451 1354 705 1408 Psalmus
753 1349 925 1406 David
973 1351 1032 1403 in
1087 1351 1270 1420 ﬁnem.
1306 1348 1594 1417 Psalmus,
1632 1348 1687 1402 id
1739 1359 1846 1415 est,
1893 1350 2029 1404 bona

375 1442 708 1506 exhortatio,
741 1439 1021 1508 accipitur
1050 1437 1108 1491 in
1133 1437 1239 1492 hoc
1262 1438 1488 1509 psalmo
1525 1437 1722 1502 David,
1741 1438 2028 1509 prophetae

377 1530 600 1585 scilicet
629 1528 934 1600 dirigentis
986 1530 1046 1580 in
1076 1527 1261 1594 ﬁnem,
1297 1527 1351 1580 id
1405 1532 1492 1580 est
1522 1525 1580 1579 in
1613 1526 1934 1592 Christum,
1969 1527 2026 1582 in

375 1636 491 1690 quo
522 1625 610 1676 est
634 1618 899 1675 omnium
922 1617 1214 1671 bonorum
1239 1614 1544 1687 perfectio;
1580 1619 1668 1669 est
1695 1619 1888 1669 autem
1909 1615 2028 1669 haec

377 1709 556 1778 hujus
607 1707 817 1779 psalmi
848 1704 1116 1760 intentio.
1153 1704 1334 1758 David
1386 1704 1673 1775 propheta
1702 1703 2026 1775 praevidens

2154 520 2224 573 ad
2257 519 2697 577 instructionem
2734 524 3107 594 parvulorum
3131 523 3546 595 loquitur,ideo
3569 542 3809 580 conver-

2152 607 2222 662 tit
2245 626 2305 663 se
2331 610 2398 663 ad
2424 627 2521 665 eos
2547 616 2601 665 et
2623 611 2764 666 dicit
2793 629 2803 664 :
2830 611 2915 666 Illi
2935 613 3155 681 dicunt,
3174 614 3524 685 Transmigra
3578 615 3651 668 ad
3679 631 3807 670 nos:

2150 697 2250 750 sed
2282 714 2393 752 non
2428 702 2515 752 est
2564 699 2701 753 illuc
2753 700 3313 771 transmigrandum.
3377 701 3566 756 Causa
3599 719 3803 773 quare.

2148 797 2425 865 Quoniam
2459 812 2594 864 ecce,
2649 797 2705 851 id
2737 802 2825 851 est
2853 797 2981 851 vide
3041 799 3192 868 quod
3229 815 3344 853 non
3377 803 3466 854 est
3497 799 3655 853 aliud
3694 800 3806 856 nisi

2147 884 2407 955 deceptio
2431 903 2451 945 ,°
2478 895 2780 956 peccatores
2812 887 2910 956 qui
2945 903 3006 940 se
3027 887 3218 958 justos
3249 887 3555 955 faciunt,et
3579 895 3808 946 montes

2155 974 2480 1038 nominant,
2516 974 2875 1029 intenderunt
2904 992 3099 1030 arcum
3133 993 3146 1030 :
3179 976 3489 1048 Scripturae
3514 995 3696 1032 sacrae
3729 979 3806 1033 ri-

2143 1075 2363 1131 gorem,
2399 1062 2646 1118 sinistras
2705 1063 3200 1134 interpretationis
3265 1082 3434 1120 nervo
3459 1065 3804 1123 incurvave-

2143 1150 2551 1221 runt.SagiItas
2581 1169 2726 1216 suos,
2759 1153 2816 1206 id
2850 1158 2956 1222 est,
2991 1155 3273 1210 toxicatas
3324 1157 3671 1221 sententias,
3704 1175 3802 1228 pa-

2140 1243 2402 1292 raverunt
2435 1256 2699 1310 perverso
2731 1240 3026 1296 intellectu
3082 1244 3143 1296 in
3193 1244 3479 1314 pharetra,
3513 1244 3571 1297 id
3606 1249 3699 1299 est
3741 1246 3797 1300 in

2142 1326 2409 1392 corde,ad
2447 1328 2551 1382 hoc
2584 1332 2642 1382 ut
2673 1331 2938 1400 sagittent
2963 1334 3133 1386 rectos
3167 1332 3342 1397 corde,
3402 1331 3458 1386 id
3511 1336 3622 1398 est,
3656 1333 3797 1387 sim-

2141 1414 2319 1484 plices
2351 1420 2408 1469 et
2437 1417 2506 1470 ad
2543 1417 2803 1488 regulam
2839 1418 2968 1472 ﬁdei
3002 1421 3271 1489 directos,
3299 1423 3353 1474 in
3391 1421 3617 1476 obscuro
3648 1422 3800 1492 posi-

2140 1507 2248 1573 tos,
2284 1504 2338 1556 id
2374 1510 2460 1558 est
2492 1506 2547 1558 in
2581 1505 2931 1578 ignorantia,
2993 1525 3106 1562 non
3169 1509 3422 1564 valentes
3475 1510 3669 1564 adhuc
3706 1511 3796 1566 illa

2142 1590 2345 1646 altiora
2378 1592 2684 1649 discutere.
2727 1595 2940 1650 Revera
2971 1597 3087 1651 scio
3121 1599 3275 1668 quod
3311 1598 3380 1652 ad
3414 1598 3522 1652 hoc
3565 1616 3796 1670 parave-

2140 1685 2278 1734 runt
2307 1682 2573 1752 sagittas,
2608 1683 2665 1737 id
2697 1687 3130 1751 est,sententias
3161 1703 3392 1757 pravas,
3424 1691 3489 1740 ut
3515 1688 3797 1759 sagittent

375 1772 478 1868 per
507 1772 782 1868 spiritum
833 1794 1123 1866 quosdam
1174 1772 1404 1847 futuros
1439 1772 1513 1846 ini
1546 1772 1820 1858 Ecclesia,
1857 1792 2025 1863 quasi
2057 1799 2102 1862 Β
2138 1774 2323 1824 remos
2353 1772 2544 1868 00"de
2581 1774 2857 1868 fooniam
3036 1776 3326 1868 per/e’j'i'S‘ia
3367 1776 3792 1868 destruxe’fwftg

373 1891 569 1940 tauros
593 1885 914 1939 cervicosos
940 1899 1042 1954 per
1064 1881 1421 1952 superbiam,
1439 1879 1703 1935 nolentes
1726 1879 2020 1935 catholicae

377 1975 506 2029 ﬁdei
541 1974 822 2028 unitatem
854 1987 987 2026 cum
1021 1971 1246 2024 caeteris
1280 1970 1553 2024 ﬁdelibus
1586 1986 1831 2036 servare,
1854 1987 1956 2024 nec
1990 1987 2022 2024 a

373 2063 487 2118 Deo
522 2062 815 2134 postulare
837 2059 1282 2130 intelligentiam
1306 2058 1882 2129 Scripim‘arum,sed
1909 2059 2019 2112 sibi

371 2153 565 2208 omnia
595 2151 968 2206 attribuenda
1021 2148 1263 2204 sinistra
1307 2147 1785 2218 interpretatione
1817 2163 2018 2201 carum

371 2241 440 2295 ad
481 2241 589 2296 hoc
625 2241 753 2307 niti,
781 2245 844 2294 ut
875 2238 979 2294 soli
1012 2237 1178 2302 scire,
1208 2236 1315 2292 soli
1341 2236 1485 2308 justi
1531 2253 1658 2291 esse
1693 2236 2017 2302 videantur,

368 2335 425 2384 et
448 2330 589 2384 dum
613 2347 780 2384 suam
803 2329 1048 2400 gloriam
1070 2329 1351 2399 quaerant,
1379 2342 1494 2380 non
1521 2325 1636 2393 Dei,
1663 2324 1934 2396 parvulos
1957 2325 2015 2378 in

368 2418 481 2471 ﬁde
509 2417 582 2472 ab
617 2418 893 2471 uberibus
928 2416 1132 2471 matris
1164 2413 1430 2470 Ecclesiae
1477 2430 1803 2485 segregare,
1838 2417 1895 2468 et
1925 2412 2016 2467 sui

370 2505 583 2558 erroris
606 2504 849 2574 vestigia
870 2504 1033 2574 sequi
1059 2509 1510 2574 satagere,spem
1536 2502 1772 2572 quidem
1798 2501 2018 2570 religio-

370 2590 547 2646 nisin
598 2591 792 2646 verbis
839 2592 1279 2661 praetendentes,
1316 2590 1482 2645 factis
1531 2592 1729 2643 autem
1785 2589 2014 2658 penitus

368 2680 726 2750 abnegantes
750 2697 761 2734 :
783 2678 1129 2734 existimans
1154 2677 1408 2748 parvulis
1430 2676 1641 2731 Christi
1667 2675 2013 2731 subvenien-

367 2768 531 2835 dum,
563 2767 813 2839 qualiter
845 2783 1022 2822 sacraa
1056 2767 1186 2820 ﬁdei
1222 2763 1734 2836 impugnatoribus
1767 2765 1843 2818 sit
1873 2764 2015 2820 resi-

367 2857 662 2927 stendum,
699 2874 805 2912 suo
838 2854 1101 2926 exemplo
1133 2853 1411 2918 ostendit,
1445 2854 1643 2907 dicens
1681 2871 1692 2908 :

436 2949 497 3002 In
527 2947 755 3002 Domino
782 2945 1010 3014 conﬁdo.
1043 2948 1185 3000 Tota
1214 2944 1358 2998 ﬁdes
1391 2959 1520 2998 mea
1553 2942 1610 2997 in
1635 2941 1862 2997 Christo
1885 2946 1973 2996 est
1998 2961 2010 3010 ;

368 3053 470 3107 per
499 3035 668 3090 illum
701 3035 889 3090 solum
923 3034 1093 3089 credo
1124 3049 1217 3088 me
1241 3033 1554 3103 justiﬁcari
1578 3038 1633 3086 et
1655 3031 1894 3098 salvari;
1919 3030 2015 3086 ille

2135 1874 2260 1928 quae
2296 1866 2582 1931 praecepta
2611 1861 2712 1915 illa
2740 1879 2860 1931 quae
2888 1867 2949 1918 tu
2984 1879 3016 1915 ο
3050 1863 3308 1930 Domine,
3373 1866 3670 1935 perfecisti,
3737 1865 3792 1919 id

2131 1951 2237 2012 est,
2271 1947 2453 2018 digito
2484 1952 2583 2002 tuo
2617 1949 2904 2021 scripsisti
2934 1950 3329 2007 immutabiiia
3384 1956 3441 2008 et
3469 1953 3788 2009 indissolu-

2132 2034 2436 2106 bilia,quia
2466 2038 2617 2107 quod
2645 2038 3070 2108 semeljustum
3094 2045 3181 2095 est
3212 2041 3367 2111 apud
3391 2045 3447 2096 te
3480 2059 3787 2114 nunquam

2130 2124 2240 2178 erit
2265 2124 2577 2195 injustum,
2611 2133 2667 2181 et
2697 2145 2726 2182 e
2758 2145 3034 2184 converso
3069 2147 3080 2184 :
3115 2129 3215 2184 illa
3244 2130 3640 2187 (tesrruxerunt
3672 2149 3786 2188 non

2130 2217 2416 2283 quantum
2447 2215 2515 2269 ad
2548 2232 2634 2279 ea,
2677 2217 2815 2288 quia
2860 2218 3082 2280 dixisti,
3123 2219 3288 2274 Verba
3311 2229 3498 2274 autem
3528 2238 3653 2276 mea
3681 2239 3788 2277 non

2125 2307 2497 2374 praeteribunt
2520 2307 2670 2375 (Luc.
2703 2307 2841 2375 xxi),
2875 2307 2973 2361 sed
3007 2312 3291 2377 quantum
3344 2311 3416 2363 ad
3478 2326 3658 2365 suum
3691 2328 3783 2366 er-

2128 2409 2314 2448 rorem
2349 2397 2406 2447 et
2438 2411 2681 2464 pravum
2713 2394 3094 2450 intellectum.
3130 2398 3190 2451 In
3218 2413 3466 2468 persona
3490 2399 3786 2456 haeretico-

2128 2480 2367 2549 rum,ita
2392 2499 2402 2535 :
2431 2485 2788 2553 'I‘ransmigm
2817 2485 2888 2538 ad
2922 2502 3049 2550 nos,
3076 2487 3259 2540 transi
3284 2487 3396 2541 huc
3418 2487 3520 2542 ubi
3543 2484 3793 2545 altitudd

2127 2574 2236 2632 est,
2271 2571 2369 2624 ubi
2403 2571 2510 2625 soli
2560 2574 2796 2643 perfecti
2830 2574 3102 2643 sunt,soli
3125 2575 3296 2645 justi.
3353 2576 3503 2631 Sicut
3545 2594 3743 2648 passer
3771 2597 3789 2633 :

2125 2663 2276 2732 ideo,
2311 2667 2448 2737 quia
2479 2669 2797 2738 periculose
2825 2671 3070 2726 moraris
3093 2671 3615 2742 inferius,vivendo
3640 2675 3794 2731 inter

2128 2757 2580 2828 peccatores,qui
2614 2758 2973 2832 Scripturam
3025 2777 3250 2816 sacram
3284 2761 3390 2817 tibi
3425 2762 3578 2819 male
3609 2763 3789 2820 inter-

2128 2847 2515 2912 pretantur,et
2536 2846 2644 2901 hoc
2668 2848 2837 2902 modo
2862 2847 3299 2920 simplicitatem
3322 2855 3485 2905 tuam
3519 2852 3789 2923 decipere

2125 2931 2346 2986 volunt.
2382 2932 2594 2988 lterum
2628 2935 2910 3007 propheta
2968 2955 2987 2990 :
3039 2937 3149 3008 ipsi
3184 2939 3293 2992 sub
3325 2940 3515 3010 specie
3547 2939 3788 3011 pietatis

2124 3016 2244 3073 hate
2278 3021 2466 3076 dicere
2498 3023 2789 3092 videntur,
2823 3026 2925 3080 sed
2985 3043 3098 3081 non
3130 3032 3218 3082 est
3248 3025 3365 3082 illis
3398 3029 3783 3084 credendum.

2131 3110 2283 3174 Ideo,
2322 3112 2598 3181 quoniam
2633 3130 2748 3182 quae
2791 3117 3090 3186 perfecisti,
3124 3133 3155 3169 o
3203 3115 3458 3182 Domine,
3489 3117 3783 3172 destruxe-

364 3129 454 3179 est
486 3123 629 3178 mihi
667 3141 859 3184 mons.
896 3122 993 3178 ille
1025 3122 1339 3194 refugium.
1365 3121 1510 3186 Quia
1541 3120 1822 3175 Dominus
1849 3136 2014 3174 meus
2044 3167 2088 3228 Ο

369 3219 478 3278 est,
510 3213 610 3284 qui
641 3217 730 3268 est
760 3213 913 3267 Deus
945 3228 1047 3283 per
1076 3217 1369 3265 naturam.
1405 3209 1520 3264 Vos
1550 3215 1746 3264 autem
1777 3209 1875 3280 qui
1910 3209 2010 3264 ho-

369 3302 553 3356 mines
591 3302 735 3356 estis
781 3299 998 3355 inﬁrmi
1032 3303 1094 3353 ut
1123 3315 1248 3371 ego,
1284 3298 1542 3369 quomodo
1589 3297 1778 3353 dicitis
1809 3301 2014 3354 anima:

361 3407 493 3446 mea:
524 3409 542 3444 :
577 3391 930 3458 Transmigra
949 3390 1006 3443 in
1036 3392 1309 3444 montem?
1339 3405 1402 3442 ac
1424 3387 1470 3441 si
1505 3387 1689 3442 dicat:
1711 3387 2010 3452 Quomodo

363 3478 590 3534 audetis
623 3479 970 3550 persuadere
1002 3477 1209 3532 animae
1253 3493 1412 3540 meas,
1447 3492 1572 3546 qua:
1605 3481 1718 3531 tam
1750 3476 1894 3531 bene
1927 3475 2008 3531 lo-

364 3571 494 3622 cata
514 3571 622 3632 est,
637 3574 692 3622 et
714 3583 838 3638 quae
861 3567 918 3620 in
944 3566 1102 3621 nullo
1125 3564 1237 3621 alio
1261 3565 1497 3620 conﬁdit
1519 3565 1632 3620 nisi
1656 3565 1714 3618 in
1738 3565 2005 3620 Domino:

362 3657 691 3727 transmigra
721 3659 777 3711 in
809 3660 1066 3723 montem,
1092 3655 1149 3709 id
1181 3658 1289 3720 est,
1318 3653 1497 3708 transi
1527 3654 1596 3708 ad
1630 3670 1756 3718 nos,
1787 3653 1886 3707 ubi
1921 3657 2011 3708 est

363 3763 552 3813 mons,
588 3745 688 3800 ubi
719 3750 807 3801 est
828 3744 1114 3810 Christus,
1140 3742 1311 3814 quasi
1340 3743 1411 3796 de
1435 3740 1579 3796 valle
1611 3746 1665 3795 et
1695 3742 1765 3795 de
1796 3741 2006 3796 humili

360 3834 505 3905 loco,
540 3834 610 3888 de
640 3833 1018 3905 simplicitate
1045 3832 1178 3886 ﬁdei
1211 3831 1370 3885 illius
1398 3846 1572 3899 quam
1607 3833 1770 3883 tenes
1803 3829 1859 3883 in
1895 3847 2009 3901 qua

358 3921 527 3977 facile
557 3927 719 3992 potes
751 3921 940 3992 decipi
967 3922 995 3976 ‘I
1025 3920 1194 3992 Apud
1229 3935 1334 3973 nos
1366 3919 1510 3972 bene
1545 3917 1874 3983 instrueris,
1908 3917 2007 3972 ubi

363 4013 450 4064 est
473 4025 663 4076 mons,
687 4008 745 4062 id
768 4012 874 4077 est,
904 4007 1188 4062 celsitudo
1214 4006 1493 4061 virtutum
1520 4010 1576 4060 et
1594 4005 1844 4076 perfecta
1869 4005 2002 4076 vita,

362 4096 464 4151 ubi
497 4111 668 4151 nemo
698 4094 849 4150 valet
875 4101 930 4150 te
960 4096 1252 4150 seducere.
1280 4095 1406 4149 Non
1429 4095 1691 4149 omnium
1723 4099 1810 4150 est
1839 4095 2002 4166 ﬁdes,

363 4201 470 4240 nos
501 4183 610 4240 soli
644 4184 930 4240 habemus
970 4199 1096 4239 eam
1130 4208 1143 4249 ;
1176 4183 1282 4237 soli
1309 4183 1634 4254 justiﬁcare
1667 4200 2002 4255 possumus,

361 4274 498 4345 quia
526 4273 669 4346 justi
700 4290 926 4328 sumus.
963 4273 1313 4342 Transmigm
1343 4271 1491 4341 dico,
1523 4273 1666 4326 sicut
1707 4289 1915 4343 passer,
1945 4273 2001 4328 id

2126 3207 2278 3254 runt.
2310 3200 2394 3254 Tu
2427 3201 2721 3271 perfecisti
2753 3202 2987 3258 laudem
3049 3212 3204 3259 tuam
3245 3205 3304 3259 in
3336 3202 3582 3276 parvulis
3617 3223 3631 3259 :
3669 3206 3777 3261 sed

2124 3287 2233 3358 ipsi
2269 3289 2681 3344 destruxerunt
2712 3293 3149 3356 eos,avertendo
3173 3311 3204 3346 a
3237 3298 3314 3358 te,
3348 3292 3582 3348 dicendo
3614 3292 3780 3350 solos

2112 3377 2306 3445 justos
2337 3395 2464 3433 esse
2521 3365 2582 3433 in
2616 3379 2889 3435 Ecclesia.
2943 3383 3130 3436 Justus
3187 3387 3370 3437 autem
3424 3383 3559 3453 quid
3585 3384 3724 3453 fecit
3757 3387 3783 3436 .9

2120 3475 2162 3529 Ο
2195 3475 2483 3543 haeretica,
2516 3476 2615 3547 qui
2649 3477 2795 3532 dicis
2853 3495 2958 3532 nos
3016 3495 3143 3534 esse
3176 3484 3529 3551 peccatores,
3561 3486 3619 3535 et
3647 3480 3771 3536 ideo

2121 3582 2232 3619 non
2266 3582 2392 3620 esse
2424 3566 2494 3620 de
2525 3583 2762 3635 corpore
2791 3566 3027 3632 Christi,
3061 3585 3164 3622 nec
3213 3585 3383 3639 posse
3414 3585 3772 3641 quemquam

2119 3669 2220 3722 per
2250 3657 2516 3708 nostrum
2575 3654 2972 3709 ministerium
3002 3655 3361 3728 incorporari
3399 3657 3650 3725 Christo,
3683 3657 3774 3712 dic

2119 3741 2260 3795 mihi
2294 3757 2306 3795 :
2338 3741 2542 3796 Justus
2576 3747 2793 3809 autem,
2855 3744 3074 3799 scilicet
3129 3745 3417 3812 Christus,
3464 3745 3567 3817 qui
3616 3745 3777 3802 solus

2108 3830 2309 3899 justus
2339 3835 2444 3900 est,
2496 3830 2830 3900 justiﬁcans
2889 3850 3113 3903 omnes,
3147 3834 3284 3906 quid
3321 3835 3475 3889 fecit.
3510 3834 3660 3899 Quid
3695 3834 3776 3890 illi

2118 3918 2605 3992 imputatis,quod
2634 3937 2843 3993 corpus
2861 3923 2988 3992 ejus
3021 3923 3289 3978 scinditis
3321 3928 3375 3978 et
3407 3925 3480 3979 ab
3511 3941 3577 3979 eo
3605 3941 3769 3996 sepa-

2117 4007 2283 4077 ratis,
2316 4025 2451 4063 cum
2483 4009 2681 4065 nullus
2703 4011 3067 4081 justiﬁcetur
3121 4012 3229 4067 nisi
3263 4029 3366 4083 per
3393 4012 3618 4084 ipsum,
3653 4013 3774 4068 sive

2119 4104 2220 4158 per
2251 4087 2638 4143 ministerium
2673 4091 2992 4162 peccatoris
3024 4097 3395 4148 sacramenta
3450 4092 3584 4147 ﬁdei
3621 4092 3772 4148 acci-

2118 4176 2383 4247 piat,sive
2405 4194 2507 4249 per
2528 4179 3082 4251 ministeriumjusti
3109 4181 3364 4236 hominis
3383 4181 3411 4234 ‘?
3442 4181 3556 4236 Vos
3577 4186 3775 4237 autem

2115 4265 2572 4332 dicitis,nullum
2597 4284 2764 4338 posse
2781 4269 3090 4337 justiﬁcari
3115 4269 3227 4325 nisi
3251 4288 3352 4342 per
3375 4269 3780 4326 ministerium

360 4367 466 4428 est,
495 4362 647 4418 sicut
670 4379 848 4434 parva
867 4361 1008 4431 avis,
1028 4378 1155 4432 quae
1188 4378 1302 4416 non
1335 4359 1532 4416 valens
1559 4362 1892 4432 raptoribus
1915 4379 2004 4418 re-
2108 4353 2256 4422 justi
2287 4353 2556 4425 alicujus.
2576 4355 2778 4408 Nonne
2796 4371 3008 4427 corpus
3028 4355 3241 4411 Christi
3273 4356 3559 4428 separatis
3585 4357 3658 4410 ab
3692 4374 3760 4412 eo

358 4452 586 4519 sistere,
620 4452 804 4507 ardua
823 4451 1162 4507 conscendit
1183 4454 1240 4506 et
1270 4450 1348 4505 ibi
1383 4449 1679 4506 nidiﬁcat:
1708 4450 1792 4505 vel
1825 4451 2002 4506 etiam
2050 4523 2057 4524 ί
2117 4454 2174 4504 et
2205 4451 2518 4520 potentiam
2550 4452 2677 4522 ejus
2709 4451 2872 4507 vobis
2933 4453 3240 4524 usurpatis
3265 4453 3292 4506 ?
3325 4453 3508 4508 Aliter
3553 4471 3565 4509 :
3601 4455 3789 4510 Justus

357 4557 566 4595 cavens
600 4540 712 4595 sibi
747 4541 802 4594 in
839 4540 1013 4611 plano
1059 4557 1094 4594 a
1126 4539 1352 4610 laqueis
1382 4543 1438 4593 et
1467 4555 1501 4593 a
1549 4539 1877 4610 frequentia
1910 4539 2009 4594 ho-
2043 4523 2085 4586 D
2122 4546 2301 4592 autem
2332 4539 2462 4610 quid
2490 4539 2620 4611 fecit
2648 4539 2675 4591 ?
2707 4540 2882 4603 Quasi
2915 4540 3069 4594 dicat
3098 4523 3116 4594 ξ
3148 4541 3263 4597 Vos
3295 4546 3629 4613 peccatores
3655 4559 3789 4598 con-

360 4626 610 4682 minum.
662 4630 732 4683 Et
778 4629 858 4684 ita
903 4634 964 4684 tu
1020 4633 1187 4683 caute
1239 4627 1423 4683 transi
1481 4628 1549 4681 ad
1593 4644 1718 4696 nos,
1753 4628 1853 4698 qui
1902 4629 2010 4683 eri-
2121 4627 2403 4698 temnitis,
2439 4633 2493 4682 et
2527 4646 2559 4683 a
2590 4645 2826 4700 corpore
2856 4629 3069 4684 Christi
3101 4631 3441 4703 segregatis.
3502 4631 3788 4702 Nunquid

363 4731 497 4770 mus
529 4715 633 4770 tibi
682 4717 884 4772 tutela.
920 4718 1308 4789 Hieronymus
1357 4732 1560 4771 omnes
1594 4733 1800 4787 parvas
1853 4734 2007 4784 aves,
2121 4715 2418 4772 Christum
2441 4716 2499 4770 in
2519 4717 2628 4771 hoc
2662 4717 3237 4773 imitamini?Nonne
3263 4718 3391 4790 ipse
3413 4736 3550 4774 cum
3578 4736 3790 4791 pecca-

364 4820 631 4875 passeres
680 4804 822 4859 dicit
874 4806 1186 4860 nominari.
1219 4805 1402 4860 Aliter
1436 4821 1447 4859 :
1481 4804 1780 4866 Quomodo
1813 4805 2006 4862 dicitis
2121 4805 2348 4860 toribus
2380 4811 2756 4860 conversatus
2789 4810 2877 4860 est
2897 4807 2922 4860 ‘3
2959 4806 3160 4861 Nonne
3191 4807 3412 4863 sciebat
3438 4807 3657 4863 Judam
3689 4807 3787 4863 fu-

362 4889 569 4945 anima
627 4907 765 4946 mem
821 4896 884 4946 ut
914 4892 1293 4963 transmigret
1333 4892 1402 4946 ad
1460 4908 1584 4957 vos,
1619 4892 1786 4963 quasi
1835 4897 1898 4946 ut
1929 4893 2005 4948 ibi
2125 4910 2244 4947 rem
2278 4909 2406 4948 esse
2435 4898 2492 4948 et
2519 4893 2740 4949 loculos
2773 4893 3027 4948 habere?
3050 4900 3106 4948 et
3127 4900 3320 4950 tamen
3353 4896 3424 4951 ad
3459 4896 3792 4968 praedican-

365 4984 630 5035 assumat
663 4997 883 5050 pennas
925 4996 1058 5033 cum
1091 4980 1167 5034 sit
1196 4982 1339 5034 sicut
1382 4997 1588 5051 passer,
1625 4980 1850 5035 scilicet
1879 4981 2007 5053 plu-
2121 4983 2261 5036 dum
2296 4998 2429 5037 eum
2465 4982 2626 5036 misit
2656 4998 2790 5037 cum
2823 4983 3044 5038 czsteris
3075 4983 3392 5055 apostolis;
3429 4989 3486 5039 et
3516 4985 3574 5038 in
3619 5001 3794 5041 ccena

368 5073 526 5123 mata
577 5069 786 5140 pennis
834 5068 1136 5133 virtutum,
1171 5072 1231 5122 ut
1276 5072 1410 5139 apta
1441 5068 1517 5123 sit
1564 5067 1752 5124 volare
1810 5070 1880 5124 ad
1926 5087 2008 5126 re-
2121 5071 2221 5125 illa
2251 5088 2367 5141 qua
2398 5087 2532 5124 eum
2564 5070 3239 5140 tradidit,eucharistiam
3272 5073 3530 5145 corporis
3565 5078 3623 5127 et
3647 5090 3790 5128 san—

366 5173 546 5229 gnum
598 5157 927 5212 oculorum?
973 5156 1154 5211 Aliter
1196 5173 1208 5211 :
1254 5155 1522 5224 Quomodo
1567 5157 1752 5211 dicitis
1800 5160 2009 5213 animm
2123 5159 2320 5231 guinis
2352 5159 2464 5226 sui,
2497 5159 2769 5213 manibus
2802 5159 2925 5215 suis
2956 5161 3298 5226 confectam,
3333 5178 3432 5217 ore
3479 5178 3584 5217 suo
3618 5178 3794 5218 com-

362 5247 876 5316 mewﬂransmigra
896 5247 967 5301 ad
992 5263 1099 5301 nos
1125 5264 1136 5301 :
1162 5250 1217 5301 et
1239 5245 1357 5300 huic
1383 5243 1526 5298 mihi
1553 5245 1752 5300 nonad
1768 5247 2006 5315 bonum,
2128 5247 2540 5314 mendatam,ei
2574 5265 2706 5302 cum
2741 5249 2961 5304 caeteris
2994 5249 3257 5305 tradidit.
3295 5251 3413 5306 Hoc
3438 5255 3633 5306 autem
3654 5251 3794 5307 ideo

364 5336 464 5391 sed
498 5338 562 5390 ut
591 5335 702 5390 sim
734 5337 874 5390 sicut
920 5353 1130 5406 passer,
1162 5335 1221 5389 id
1254 5339 1361 5398 est,
1397 5349 1578 5404 vagus
1629 5337 1685 5388 et
1717 5334 2009 5392 instabilis
2127 5337 2353 5404 fecit,ut
2379 5336 2709 5391 ostenderet
2738 5337 2977 5392 domum
3012 5337 3111 5393 Dei
3144 5355 3257 5393 non
3307 5356 3436 5395 esse
3475 5356 3543 5394 ex
3577 5341 3795 5396 merito

363 5407 423 5478 in
456 5423 568 5480 ﬁde
597 5424 668 5478 ad
701 5440 890 5479 meam
917 5423 1301 5495 perditionem
1323 5422 1350 5476 ‘?
1383 5421 1651 5489 Quoniam
1677 5439 1796 5478 ecce
1820 5439 2010 5494 pecca‘
2128 5424 2344 5491 dantis,
2379 5425 2477 5480 sed
2512 5440 2578 5479 ex
2637 5425 2747 5479 ﬁde
2799 5425 3141 5497 accipientis
3177 5444 3331 5482 :-nec
3367 5427 3598 5482 irritum
3631 5427 3794 5497 ﬁeri,

363 5519 505 5567 tores
555 5513 908 5568 intenderunt
953 5527 1165 5567 arcum.
1199 5515 1316 5566 Hoc
1367 5515 1558 5583 potest
1603 5511 1834 5567 duobus
1869 5507 2007 5569 'mo-
2128 5515 2359 5570 etiamsi
2391 5530 2568 5588 super
2599 5512 2774 5570 talem
2817 5514 3262 5570 administretur
3311 5515 3507 5588 qualis
3538 5519 3662 5570 erat
3687 5515 3805 5572 Ju-

365 5600 454 5664 dis
484 5601 597 5676 legi
633 5619 646 5662 :
676 5601 760 5663 vel
791 5602 849 5660 in
904 5617 1154 5678 persona
1183 5601 1496 5677 prophetas,
1525 5601 1615 5658 vel
1669 5601 1729 5659 in
1761 5618 2011 5676 persona
2124 5605 2248 5661 das.
2287 5605 2503 5662 Revera
2534 5604 2883 5673 mentimini,
2917 5604 3056 5678 quia
3084 5604 3277 5664 dicitis
3300 5607 3458 5681 apud
3491 5622 3594 5662 vos
3625 5604 3801 5668 solos
