4016 6192
344 349 462 411 203

577 592 634 630 ΙΝ
674 594 843 635 FINEM
883 596 1147 640 PSALMUS
1186 604 1352 643 DAVID
1393 606 1502 644 PRO
1542 607 1763 647 OCTAVA-

413 700 442 729 ‹‹
475 680 712 740 Salvum
745 702 836 742 me
867 688 973 760 fac,
1012 692 1276 753 Domine.
1310 697 1585 765 quoniam
1617 699 1828 756 defecit
1857 717 1992 756 san-

341 788 371 817 «
401 772 836 843 ctus,quoniam
869 778 1171 836 diminutas
1202 789 1342 840 sunt
1368 785 1640 843 veritates
1670 806 1704 844 a
1738 787 1870 843 ﬁliis
1888 788 1992 844 ho-

337 877 368 906 «
401 857 648 916 minum.
681 862 843 920 Vana
871 866 1045 923 locuti
1074 876 1213 926 sunt
1240 875 1647 948 unusquisque
1697 877 1768 931 ad
1801 879 1990 949 proxi-

336 968 365 996 «
392 963 556 1003 mum
589 967 762 1008 suum
788 972 801 1021 ;
835 954 992 1012 labia
1021 958 1309 1029 dolosa,in
1342 965 1513 1020 corde
1537 970 1592 1020 et
1617 967 1787 1022 corde
1814 966 1992 1034 loculi

337 1057 366 1084 ‹‹
401 1039 878 1112 sunt.Disperdat
909 1048 1190 1106 Dominus
1221 1051 1492 1108 universa
1523 1053 1677 1109 labia
1706 1055 1991 1120 dolosa,et

337 1123 666 1199 «linguam
718 1134 1137 1207 magiloquam.
1189 1139 1294 1203 Qui
1346 1141 1665 1199 dixerunt:
1705 1143 1987 1217 Linguam

340 1234 369 1262 «
401 1221 662 1273 nostram
697 1223 1230 1295 magniﬁcabimus,
1267 1229 1422 1286 labia
1467 1237 1666 1288 nostra
1731 1250 1764 1288 a
1817 1234 1987 1289 nobis

330 1323 358 1351 «
392 1309 561 1360 sunt:
581 1307 716 1378 quis
746 1320 943 1367 noster
965 1314 1250 1372 Dominus
1283 1318 1410 1374 est?
1427 1320 1667 1392 Propter
1686 1323 1984 1379 miseriam

330 1411 358 1438 ιι
391 1389 642 1464 inopum
669 1401 725 1451 et
751 1400 1038 1470 gemitum
1079 1421 1402 1478 pauperum
1435 1426 1592 1465 nunc
1649 1427 1980 1483 exsurgam,

331 1500 361 1529 «
393 1479 538 1537 dicit
566 1481 870 1543 Dominus.
925 1494 1144 1548 Ponam
1203 1494 1262 1550 in
1324 1496 1586 1568 salutari,
1634 1499 1982 1556 fiducialiter

331 1591 358 1617 ‹‹
393 1585 562 1642 agam
599 1573 658 1628 in
691 1577 1030 1650 eo.Eloquia
1059 1583 1285 1640 Domini
1303 1585 1533 1658 eloquia
1561 1595 1744 1656 casta,
1779 1606 1981 1662 argen-

331 1679 351 1705 α
387 1661 513 1714 tum
549 1663 680 1752 igne
702 1667 1440 1744 examinatum,probatum
1473 1679 1976 1752 terrae,purgatum

325 1767 354 1794 «
382 1751 741 1822 septuplum.
771 1755 878 1826 Tu,
892 1759 1148 1829 Domine,
1176 1764 1437 1820 servabis
1467 1772 1656 1832 nos,et
1683 1751 1976 1824 custodias

913 358 1215 424 REMIGII
1261 365 2010 431 ANTISSIODORENSIS
2056 371 2226 431 OPP.
2275 375 2474 437 PARS
2520 374 2566 436 Ι.
2603 409 2680 423 -
2709 379 3174 445 EXEGETICA.

3562 365 3746 447 sol

2018 504 2074 569 Α
2103 506 2339 577 speculo
2394 507 2680 582 imagines
2738 514 2958 581 multae,
2998 515 3082 571 sic
3141 515 3352 572 veritas
3410 515 3471 572 in
3513 532 3574 573 se
3605 533 3746 585 una,

2104 595 2162 649 in
2197 596 2414 652 sanctis
2471 599 2690 657 multae.
2742 602 2858 658 Hoc
2907 605 3077 660 modo
3135 605 3460 662 imminuta;
3521 623 3535 662 :
3604 609 3752 663 Vana

2103 685 2271 740 locuti
2289 691 2436 756 sunt,
2469 691 2746 746 mandata
2768 693 2864 748 Dei
2896 693 3202 766 loquentes
3238 695 3532 764 ore,factis
3552 700 3752 752 autem

2102 773 2478 846 abnegantes.
2513 777 2629 834 Hoc
2659 780 2729 835 de
2757 781 2996 838 Judaeis.
3029 782 3088 838 Si
3119 788 3314 839 autem
3348 785 3419 840 de
3450 784 3751 854 omnibus,

2100 865 2328 918 terrena
2361 873 2781 936 persuaserunt
2809 887 2946 926 voce
2970 875 3026 926 et
3056 872 3172 927 vita
3201 875 3595 946 unusquisque,
3633 891 3752 930 non

2101 951 2290 1022 pauci,
2323 955 2422 1008 sed
2455 971 2679 1026 omnes,
2714 958 2790 1012 ad
2815 962 3135 1029 proximum
3172 978 3355 1029 suum,
3388 979 3564 1034 quem
3596 964 3756 1019 sicut

2100 1040 2360 1110 seipsum
2411 1042 2649 1116 diligere
2679 1046 2974 1113 deberent,
3007 1049 3289 1106 habentes
3346 1051 3568 1109 scilicet
3598 1054 3753 1110 labia

2096 1127 2299 1196 dolosa,
2333 1131 2517 1201 parati
2550 1134 2620 1186 ad
2655 1134 3085 1207 decipiendum.
3143 1140 3429 1211 Disperdat
3482 1143 3750 1200 Dominus

2093 1219 2354 1273 universa
2385 1220 2537 1275 labia
2565 1221 2766 1302 dolosa.
2821 1224 2939 1280 Hoc
2998 1227 3231 1283 duobus
3288 1229 3471 1302 accipi
3504 1236 3698 1304 potest
3728 1249 3746 1288 :

2095 1315 2151 1368 in
2180 1316 2423 1379 bonum.
2458 1321 2739 1376 mutando
2789 1322 2847 1376 in
2906 1325 3154 1392 melius;
3187 1325 3246 1381 in
3279 1327 3503 1383 malum
3531 1327 3746 1401 disper-

2091 1404 2206 1472 dat,
2250 1404 2306 1459 id
2365 1411 2475 1474 est,
2534 1408 2831 1480 disperdet
2879 1417 2936 1467 et
2993 1415 3256 1471 destruet
3305 1417 3569 1473 Dominus
3619 1417 3740 1489 ille,

2091 1494 2260 1564 cujus
2285 1511 2482 1550 servos
2512 1496 2676 1568 prius
2729 1504 3230 1573 contempserunt,
3282 1507 3541 1562 universa
3590 1506 3744 1564 labia

2089 1581 2287 1638 dolosa
2311 1584 2576 1640 omnium
2600 1587 2709 1642 sibi
2742 1590 3264 1661 aggratulantium,
3316 1598 3374 1650 et
3403 1595 3475 1650 de
3501 1613 3563 1652 se
3594 1613 3744 1669 pra)-

2089 1669 2469 1742 sumentium,
2502 1673 2749 1742 linguam
2807 1679 3234 1749 magniloquam,
3266 1687 3738 1752 pressumentem,

2087 1764 2144 1813 et
2184 1765 2418 1830 peccata
2465 1769 2860 1820 excusantem.
2915 1765 3015 1822 Vel
3067 1768 3175 1824 hoc
3230 1771 3402 1826 modo
3451 1772 3739 1845 magnilo-

329 1858 348 1882 «
386 1853 492 1892 nos
520 1856 552 1894 a
582 1844 956 1912 generatione
1022 1848 1129 1904 hac
1187 1850 1244 1905 in
1280 1857 1582 1912 aeternum.
1631 1857 1693 1909 In
1727 1858 1960 1914 circuitu

2088 1863 2284 1918 quam.
2321 1849 2427 1916 Qui
2453 1851 2733 1919 dixerunt,
2765 1856 3036 1924 Linguam
3072 1867 3313 1914 nostram
3341 1844 3739 1933 magniﬁcabi-

325 1945 352 1973 «
382 1924 548 1998 impii
571 1931 1228 1998 ambulant.secundum
1253 1940 1618 1999 altitudinem
1642 1950 1802 2002 tuam
1828 1947 1974 2002 mul-

323 2036 350 2062 ‹‹
382 2013 658 2086 tiplicasti
691 2020 843 2079 ﬁlios
875 2024 1204 2082 hominum.
1241 2052 1266 2079 »

879 2133 1418 2195 ENARRATIO

389 2214 453 2268 In
480 2215 645 2285 ﬁnem
669 2234 770 2289 pro
808 2224 994 2277 octava
1047 2225 1290 2295 psalmus
1348 2231 1530 2286 David
1557 2248 1576 2286 :
1604 2232 1662 2286 id
1693 2238 1782 2288 est
1821 2233 1972 2290 bona

320 2305 598 2374 operatio,
631 2324 758 2379 quae
790 2310 1139 2386 intelligitur
1167 2317 1226 2371 in
1259 2317 1366 2372 hoc
1398 2319 1743 2390 psalmo,est
1769 2323 1967 2390 David,

319 2391 544 2450 scilicet
574 2397 887 2469 prophetae,
921 2407 978 2457 et
1031 2405 1322 2477 cujusque
1379 2409 1620 2480 perfecti
1681 2411 1870 2466 fidelis
1898 2412 1968 2468 de

319 2480 497 2572 priori
530 2484 743 2554 populo
768 2489 827 2542 in
855 2490 1041 2559 ﬁnem,
1076 2493 1132 2546 id
1165 2499 1274 2562 est,
1308 2495 1832 2570 in;Cl-.ristum,per
1847 2501 1967 2572 spi-

318 2567 496 2624 ritum
521 2573 832 2642 tendentis,
861 2581 918 2631 et
947 2582 1065 2633 toto
1095 2581 1383 2638 desiderio
1409 2584 1467 2638 in
1499 2603 1633 2640 eum
1666 2567 1968 2659 suspiran-

317 2662 413 2719 tis.
472 2664 579 2718 Pro
609 2665 878 2733 octava,id
909 2669 1803 2745 est,perfecta,{salvatione,qua:
1865 2693 1964 2732 ne-

317 2755 573 2810 cessaria
591 2759 680 2811 est
700 2756 852 2812 natis
873 2755 932 2811 in
958 2755 1065 2813 hoc
1096 2757 1346 2814 decursu
1370 2759 1548 2831 hujus
1569 2764 1968 2835 corruptibilis

315 2844 468 2910 vitai,
518 2862 645 2917 quae
703 2847 1032 2917 septenario
1087 2846 1355 2904 volvitur.
1391 2850 1648 2923 Quisque
1678 2852 1866 2910 fidelis
1895 2855 1967 2910 de

315 2935 493 3007 priori
525 2934 762 3007 populo,
797 2936 889 2990 cui
920 2937 1206 2992 adventus
1237 2937 1515 2995 salutaris
1572 2941 1828 2998 innotuit
1865 2961 1967 3015 per

314 3024 864 3096 spiritum,cernens
883 3041 983 3096 per
1000 3024 1158 3097 leges
1180 3031 1238 3081 et
1251 3026 1515 3083 carnales
1533 3029 1964 3087 observationes

313 3113 627 3186 perfectam
658 3113 1038 3169 salvationem
1072 3112 1314 3168 minime
1345 3115 1469 3170 dari
1500 3117 1846 3188 posse,quia
1875 3119 1966 3174 lea:

2085 1952 2224 2005 mus,
2254 1935 2310 1990 id
2341 1943 2431 1993 est
2461 1939 2849 2018 eloquentiam
2885 1961 3160 2024 magnam
3212 1948 3379 2004 nobis
3428 1966 3739 2022 compara-

2083 2023 2278 2079 bimus
2313 2041 2326 2078 :
2361 2026 2509 2082 labia
2539 2032 2809 2098 nostra,id
2841 2023 2948 2100 est,
2972 2034 3205 2107 eloquia
3233 2053 3360 2107 quae
3392 2038 3562 2094 nobis
3583 2055 3738 2096 com-

2083 2114 2438 2186 paravimus,
2473 2133 2510 2171 α
2554 2118 2711 2174 nobis
2759 2129 2909 2186 sunt,
2943 2121 2999 2176 id
3031 2129 3140 2194 est,
3197 2130 3458 2182 nostram
3509 2133 3734 2201 partem

2081 2202 2422 2272 defendunt,
2455 2206 2925 2265 adversariorum
2974 2211 3360 2285 impugnant:
3395 2215 3484 2272 vel
3512 2233 3546 2271 a
3577 2218 3736 2275 nobis

2079 2296 2228 2360 sunt,
2262 2293 2316 2347 id
2362 2299 2471 2365 est,
2505 2313 2609 2352 nos
2667 2296 2779 2368 ipsi
2812 2304 3014 2355 nostra
3068 2301 3370 2375 diligentia
3431 2306 3733 2363 adinveni-

2081 2396 2213 2436 mus
2239 2398 2251 2436 :
2277 2398 2387 2438 non
2423 2384 2755 2456 indigemus
2787 2387 2917 2442 aliis
2949 2391 3252 2462 prieceptis
3271 2393 3359 2448 vel
3379 2392 3510 2450 aliis
3539 2395 3737 2453 defen-

2080 2470 2313 2526 soribus
2340 2498 2353 2538 ;
2381 2477 2438 2528 et
2469 2473 2596 2528 ideo
2628 2477 2750 2544 quis
2776 2481 2956 2532 noster
3006 2480 3266 2536 Dominus
3294 2490 3373 2538 est
3397 2485 3419 2538 Ρ
3446 2482 3625 2555 Cujus
3656 2485 3736 2541 al-

2079 2557 2262 2613 terius
2292 2567 2579 2632 praacepta
2609 2563 2958 2636 recipiemus
3013 2568 3114 2638 qui
3155 2569 3324 2626 nobis
3379 2572 3729 2645 dominetur,

2075 2647 2163 2701 vel
2198 2648 2333 2718 quis
2363 2648 2424 2702 in
2477 2649 2675 2722 aliqua
2723 2669 2902 2709 causa
2943 2656 3112 2711 nobis
3143 2658 3414 2729 praevalet
3441 2659 3470 2715 ?
3498 2661 3729 2718 Nullus.

2077 2744 2252 2810 Quasi
2283 2746 2439 2802 dicat
2467 2764 2478 2802 :
2513 2748 2644 2805 Haec
2669 2757 3137 2824 praisuniptuosa
3165 2756 3342 2812 verba
3363 2757 3735 2832 philosopho-

2077 2850 2231 2903 rum,
2275 2835 2610 2892 Scribarum
2667 2843 2723 2895 et
2774 2839 3195 2898 Pharisaeorum
3246 2845 3346 2916 qui
3397 2846 3721 2904 dicebant:

2075 2922 2274 2994 Moyses
2302 2925 2449 2982 dedit
2479 2929 2634 2982 nobis
2665 2928 2860 2998 legem,
2892 2935 2950 2986 et
2979 2931 3164 2988 multa
3193 2932 3554 3007 hujusmodi,
3599 2954 3731 3010 qua

2075 3011 2221 3066 servi
2255 3012 2466 3068 Christi
2513 3015 2612 3085 qui
2645 3016 2932 3086 praemissi
2981 3019 3217 3075 fuerunt
3257 3021 3556 3078 destruere
3607 3041 3725 3081 non

2073 3098 2400 3155 valuerunt.
2461 3103 2726 3159 Dominus
2785 3121 3010 3177 eorum,
3063 3107 3119 3162 id
3175 3113 3264 3164 est
3305 3109 3596 3179 Christus,
3630 3130 3724 3170 ve-

308 3220 410 3276 per
437 3205 649 3275 Moysen
706 3203 839 3258 data
875 3211 972 3270 est,
1031 3204 1328 3276 gratiafet
1374 3207 1574 3260 veritas
1627 3223 1726 3278 per
1779 3208 1962 3263 Iesum
1993 3242 2036 3306 Ο
2076 3191 2242 3306 malls
2275 3195 2331 3306 in
2364 3193 3200 3306 carncvnldi?PB_I:‘-i-‘3.t,1‘34???
3215 3199 3394 3306 ﬁeri?
3415 3200 3726 3306 ,ξίᾲθεξτιξθξν

320 3293 602 3350 Christum
655 3296 805 3364 facta
859 3297 935 3349 est
995 3295 1176 3366 (Joan.
1214 3296 1296 3364 1):
1328 3299 1387 3349 et
1417 3299 1611 3349 tamen
1665 3295 1761 3351 ille
1805 3298 1962 3368 prior

316 3386 571 3458 populus
597 3385 791 3441 adhuc
821 3382 1344 3452 rudis,carnalibus
1366 3383 1652 3439 institutis
1671 3385 1962 3442 deducen-

315 3477 429 3530 dus
458 3481 635 3530 erata
657 3473 988 3530 visibilibus
1011 3474 1080 3528 ad
1115 3472 1687 3529 invisibilia.lnvocat
1706 3473 1959 3542 illum,in

314 3581 431 3636 quo
463 3581 564 3636 per
594 3562 864 3634 spiritum
899 3561 1172 3634 praevidet
1191 3563 1507 3634 perfectam
1539 3562 1790 3618 salutem
1813 3565 1959 3620 atl‘u-

311 3659 536 3719 turum,
570 3653 653 3710 sic
683 3653 882 3709 dicens
912 3670 932 3707 :

381 3743 608 3800 Salvum
631 3758 716 3798 me
744 3742 1104 3813 fac,Domine.
1136 3742 1222 3796 Tu
1269 3741 1369 3813 qui
1401 3758 1462 3797 es
1491 3741 1796 3809 Domlnus,
1826 3732 1956 3798 veni

310 3837 374 3889 ut
404 3833 634 3890 salvum
661 3849 754 3888 me
775 3831 955 3887 facias
995 3830 1250 3902 perfecta
1270 3829 1718 3893 salvatione,illa
1737 3830 1960 3887 scilicet

305 3939 434 3993 qua:
466 3938 582 3978 non
613 3925 874 3976 mutetur
896 3937 908 3974 :
929 3921 1068 3990 quia
1097 3918 1246 3974 servi
1272 3918 1356 3973 tui
1385 3918 1674 3990 propheta:
1702 3918 1810 3974 hoc
1839 3937 1955 3976 non

305 4015 758 4082 potuerunt,nec
779 4009 1042 4064 carnales
1072 4006 1502 4062 observationes
1531 4007 1818 4079 impositae
1840 4014 1956 4064 tan-

304 4103 432 4154 tum
466 4113 653 4168 usque
683 4098 754 4151 ad
785 4102 1020 4168 tempus
1050 4095 1441 4152 correctionis.
1475 4098 1696 4152 Salvum
1730 4114 1816 4154 me
1842 4102 1952 4168 fac,

302 4186 411 4242 tibi
441 4186 858 4242 conformanda
890 4185 948 4240 in
983 4186 1234 4240 novitate
1259 4186 1522 4256 spiritus,
1553 4192 1610 4241 et
1639 4204 1787 4259 opus
1842 4198 1950 4257 est,

302 4276 561 4346 quoniam
590 4273 792 4346 defecit
817 4279 1039 4328 sanctus
1070 4271 1142 4326 ab
1172 4270 1273 4326 illa
1319 4273 1627 4328 sanctitate
1674 4279 1732 4329 et
1761 4276 1952 4346 perfe-

299 4365 489 4420 ctione
516 4364 823 4430 virtutnm,
855 4361 915 4416 in
946 4377 1063 4433 qua
1093 4365 1323 4416 creatus
1354 4360 1527 4416 homo
1563 4362 1789 4418 cecidit.
1848 4363 1948 4420 Vel

298 4471 453 4510 nunc
481 4453 807 4526 venitquia
835 4457 1068 4523 tempus
1098 4455 1186 4506 est
1212 4451 1548 4518 miserandi,
1583 4453 1722 4522 quia
1751 4452 1950 4508 nullus

295 4544 588 4600 invenitur
615 4518 878 4599 sanctus.
914 4541 1106 4596 Omnes
1146 4542 1293 4595 enim
1316 4551 1676 4610 peccaverunt
1705 4547 1762 4595 et
1791 4546 1948 4610 egent

2075 3281 2296 3338 scilicet
2327 3299 2427 3354 per
2459 3299 2520 3336 se
2551 3287 2606 3337 et
2638 3299 2739 3354 per
2769 3299 2907 3338 suos
2944 3285 3258 3357 apostolos,
3292 3287 3376 3343 vel
3406 3287 3722 3362 disperdet,

2073 3371 2130 3426 id
2161 3377 2251 3427 est
2280 3371 2454 3426 variis
2484 3372 2904 3428 assertionibus
2935 3373 3215 3440 destruet,
3238 3375 3383 3431 dum
3413 3377 3482 3432 ad
3515 3379 3726 3450 praedi-

2071 3461 2322 3515 candum
2371 3460 2548 3531 eliget
2594 3460 2776 3516 stulta
2827 3467 2885 3516 et
2913 3464 3398 3535 contemptibilis.
3436 3470 3552 3538 Ego
3581 3467 3720 3535 dixi,
3756 3461 3766 3473 ³

2069 3550 2343 3620 disperdat
2377 3567 2388 3605 :
2427 3554 2483 3604 et
2515 3565 2709 3604 revera
2756 3549 2838 3605 sic
2871 3551 3041 3606 faciet
3079 3570 3092 3620 ;
3154 3570 3265 3608 non
3325 3555 3594 3612 Dominus
3627 3556 3723 3614 ille

2069 3639 2169 3708 qui
2200 3655 2394 3694 servos
2425 3639 2588 3710 prius
2639 3637 2817 3708 misit,
2849 3639 2981 3695 dicit
3013 3640 3233 3697 scilicet
3263 3659 3366 3715 per
3395 3644 3668 3717 spiritum
3706 3663 3721 3702 :

2067 3737 2222 3790 Nunc
2250 3751 2567 3805 exsurgam.
2629 3737 2801 3801 Quasi
2863 3738 3020 3793 dicat
3052 3755 3064 3793 :
3099 3739 3207 3804 Qui
3265 3740 3324 3795 in
3358 3742 3540 3798 servis
3573 3744 3720 3800 meis

2067 3840 2215 3894 quos
2244 3829 2722 3897 contempserunt
2751 3827 2910 3882 visus
2942 3843 3074 3882 sum
3099 3829 3312 3899 jacere,
3339 3847 3496 3886 nunc
3530 3848 3726 3888 exsur-

2065 3927 2199 3984 gam
2232 3912 2518 3969 mittendo
2569 3913 2803 3984 Filium,
2838 3915 3046 3971 faciam
3107 3922 3173 3972 ut
3205 3935 3307 3989 per
3334 3935 3472 3974 eum
3531 3937 3720 3978 meam

2063 4000 2384 4071 potentiam
2415 4007 2789 4074 cognoscant.
2822 4003 2890 4058 Et
2919 4003 3027 4059 hoc
3056 4003 3266 4061 faciam
3293 4012 3523 4079 propter
3562 4011 3723 4066 mise-

2063 4091 2208 4144 riam
2241 4091 2485 4160 inopum,
2518 4090 2576 4146 id
2635 4095 2724 4147 est
2768 4091 3098 4164 gentilium,
3157 4094 3258 4166 qui
3291 4095 3514 4152 nullam
3547 4114 3720 4169 opem

2063 4177 2284 4234 habent
2310 4180 2606 4251 propriam
2654 4179 2742 4236 vel
2790 4180 3060 4238 alienam.
3094 4187 3161 4238 Et
3189 4190 3424 4256 propter
3453 4189 3720 4257 gemitum

2060 4283 2393 4338 pauperum,
2427 4267 2485 4322 id
2517 4273 2606 4324 est
2653 4269 3012 4340 Judaeorum,
3072 4273 3172 4343 qui
3204 4289 3319 4329 non
3354 4273 3579 4346 inopes,
3612 4275 3715 4332 sed

2061 4357 2515 4429 pauperes,quia
2544 4357 2653 4414 etsi
2683 4357 2744 4413 in
2772 4375 2834 4414 se
2867 4377 3152 4433 pauperes
3178 4361 3494 4435 sint,opeln
3515 4368 3712 4420 tamen

2061 4443 2276 4500 habent
2308 4447 2716 4503 mandatorum
2746 4447 2865 4504 Dei.
2891 4450 3095 4506 Ponam
3149 4451 3211 4505 in
3239 4451 3499 4520 salutari,
3532 4453 3589 4508 id
3622 4457 3714 4509 est

2059 4533 2117 4587 in
2152 4534 2400 4602 Christo,
2432 4536 2586 4606 quod
2620 4553 2733 4592 non
2788 4537 2955 4608 posui
2987 4537 3046 4593 in
3078 4539 3279 4606 servis,
3311 4539 3534 4596 scilicet
3577 4557 3709 4614 per-

291 4633 470 4702 gloria
503 4633 788 4702 Dei(Rom.
824 4631 910 4701 Ill)
937 4647 948 4684 :
972 4630 1060 4684 vel
1092 4645 1206 4684 non
1231 4629 1524 4684 invenitur
1550 4628 1702 4684 alius
1731 4631 1804 4685 ad
1837 4631 1946 4686 hoc

2071 4622 2263 4678 .‘ectam
2292 4628 2349 4678 et
2379 4629 2712 4680 manentem
2745 4625 3124 4682 salvationem
3161 4644 3173 4683 :
3208 4634 3265 4684 et
3297 4645 3413 4684 non
3444 4629 3614 4700 posui
3644 4631 3707 4686 in

298 4722 566 4777 idoneus.
599 4721 802 4791 Defecit
829 4723 1070 4785 sanctus,
1102 4724 1159 4774 et
1190 4718 1397 4774 merito
1431 4735 1440 4772 :
1477 4720 1745 4789 quoniam
1773 4721 1944 4776 dimi-

289 4819 438 4867 nuta
466 4818 596 4866 sunt
649 4811 900 4864 veritates
943 4825 977 4862 a
1033 4808 1167 4878 ﬁliis
1198 4807 1502 4873 hominum,
1537 4809 1593 4862 id
1633 4813 1742 4876 est,
1803 4809 1942 4880 quia

289 4901 564 4958 mandata
580 4903 682 4954 tua
701 4895 835 4952 vera
864 4896 924 4950 in
949 4893 1010 4951 se
1039 4901 1096 4953 et
1123 4901 1328 4952 sancta
1354 4913 1454 4968 per
1483 4897 1938 4954 inobedientiam

287 5007 403 5046 non
437 4993 578 5045 sunt
607 4986 866 5059 impleta,
901 5002 1014 5041 non
1047 4985 1237 5041 solum
1264 4986 1337 5040 ab
1369 4985 1726 5055 hominibus,
1761 4987 1818 5042 id
1849 4993 1940 5044 est

285 5079 470 5136 Adam
499 5083 558 5135 et
587 5078 720 5141 Eva,
756 5077 857 5132 sed
917 5076 1093 5132 etiam
1151 5093 1185 5130 a
1237 5075 1369 5144 ﬁliis
1418 5076 1720 5144 hominum,
1757 5077 1813 5132 id
1847 5083 1937 5134 est

286 5185 487 5225 eorum
520 5165 1008 5240 posteris.Aliter:
1035 5166 1158 5220 Non
1183 5163 1374 5221 solum
1394 5165 1465 5220 ab
1489 5165 1580 5222 his
1612 5166 1710 5239 qui
1743 5185 1804 5224 se
1835 5169 1932 5223 de-

284 5256 1058 5325 hominaverunt,adorando
1075 5272 1252 5327 opera
1282 5271 1501 5310 anuum
1530 5273 1795 5328 suarum,
1828 5259 1931 5314 sed

282 5348 354 5404 ab
386 5347 478 5402 his
510 5346 611 5418 qui
643 5351 783 5402 sunt
813 5344 918 5399 ﬁlii
949 5344 1278 5414 hominum,
1312 5345 1533 5400 scilicet
1563 5345 1930 5418 patriarcha-

281 5453 436 5502 rum,
469 5440 526 5491 et
545 5433 1172 5508 prophetarum.Erant
1201 5439 1334 5489 ante
1367 5435 1680 5490 adventum
1713 5435 1928 5491 Christi

279 5524 448 5581 multi
471 5524 708 5596 justiet
741 5522 940 5578 multae
969 5523 1242 5578 veritates
1277 5540 1289 5578 :
1323 5525 1422 5579 sed
1457 5523 1928 5596 diminutaa,quia

277 5618 471 5686 caput,
530 5613 591 5668 id
634 5617 725 5668 est
776 5611 1010 5676 veritas,
1067 5611 1327 5666 nondum
1379 5619 1659 5681 venerat;
1721 5629 1925 5670 omnes

275 5698 433 5760 enim
467 5698 536 5756 ad
567 5697 787 5754 inferos
845 5697 1296 5758 descendebant.
1358 5700 1656 5769 Quomodo
1696 5700 1769 5760 ab
1801 5716 1917 5762 uno

2052 4710 2388 4768 carnalibus
2419 4713 2726 4768 institutis.
2754 4714 2820 4768 Et
2849 4714 2949 4786 qui
2981 4717 3146 4787 prius
3176 4733 3279 4788 per
3309 4734 3504 4774 servos
3535 4719 3706 4791 quasi

2052 4802 2294 4858 remisse
2324 4800 2434 4876 egi,
2468 4805 2528 4856 in
2559 4819 2618 4858 eo
2662 4819 2826 4873 agam
2849 4803 3206 4874 ﬁduciuli/cr,
3241 4806 3298 4860 id
3331 4812 3439 4876 est,
3472 4808 3598 4864 sine
3629 4807 3703 4863 ti-

2050 4914 2209 4954 more
2234 4915 2438 4955 omnes
2469 4915 2742 4972 arguens,
2767 4899 2910 4954 nulli
2945 4917 3208 4971 parcens.
3244 4903 3405 4960 Unde
3435 4903 3579 4961 illud
3606 4905 3706 4961 :Et

2047 4995 2164 5042 erat
2212 4987 2404 5044 docens
2459 4994 2730 5059 tanquam
2774 4993 3072 5060 potesatem
3115 4991 3338 5061 habens,
3394 5010 3506 5049 non
3560 4996 3706 5051 sicut

2043 5077 2234 5132 scriba:
2262 5078 2469 5148 (Matth.
2499 5078 2636 5147 vn);
2669 5082 2727 5132 et
2759 5094 2772 5132 :
2814 5079 2965 5133 Venit
3019 5081 3170 5135 enim
3218 5083 3471 5154 princeps
3501 5083 3704 5139 mundi

2043 5164 2227 5234 huius,
2260 5169 2312 5219 et
2361 5167 2422 5220 in
2469 5181 2558 5221 me
2585 5181 2695 5220 non
2725 5166 2886 5222 habet
2917 5168 3216 5241 quidquam
3244 5170 3430 5241 (Joan.
3462 5174 3599 5241 xw).
3633 5171 3702 5228 Et

2042 5253 2247 5309 merito
2278 5253 2660 5322 fiducialiter;
2693 5255 2832 5310 dicit
2859 5256 3014 5312 enim
3049 5258 3341 5330 perfectus
3371 5259 3470 5316 ille
3502 5277 3515 5316 :
3549 5261 3700 5326 Quia

2039 5343 2257 5412 eloquia
2286 5342 2507 5398 Domini
2532 5344 2747 5414 eloquia
2773 5354 2941 5401 casta.
2979 5347 3137 5402 Casta
3196 5347 3255 5403 in
3287 5365 3350 5406 se
3381 5349 3454 5405 ad
3484 5348 3696 5405 simili-

2037 5431 2302 5486 tudinem
2329 5449 2342 5486 :
2377 5432 2516 5503 quia
2533 5437 2597 5487 ut
2624 5437 2786 5489 casta
2808 5434 3020 5490 mulier
3041 5453 3272 5510 semper
3294 5439 3497 5494 eodem
3516 5438 3692 5494 modo

2037 5520 2213 5576 habet
2241 5537 2303 5576 se
2332 5536 2469 5594 erga
2496 5522 2794 5596 virum,ita
2824 5529 2882 5578 et
2902 5523 3134 5595 eloquia
3163 5525 3378 5582 Christi
3413 5527 3690 5583 immuta-

2034 5607 2176 5664 bilia
2205 5615 2345 5666 sunt
2368 5628 2380 5666 :
2407 5612 2561 5684 quod
2594 5611 2772 5668 semel
2799 5612 2858 5667 in
2881 5611 2964 5668 eis
2996 5618 3086 5670 est
3107 5615 3342 5686 justum
3379 5631 3688 5688 nunquam

2032 5697 2142 5761 erit
2171 5699 2482 5778 injustam,
2511 5706 2568 5764 et
2623 5717 2654 5761 θ
2703 5717 3001 5766 converso.
3058 5703 3240 5767 Aliter
3271 5706 3550 5783 :Etoquia
3577 5705 3687 5768 Do-
