4016 6192
317 365 433 427 207

897 367 1197 428 REMIGII
1240 356 2011 429 ANTISSIODORENSIS‘
2044 364 2216 427 OPP.
2266 364 2465 426 PARS
2508 365 2555 425 Ι.
2588 398 2665 409 -
2692 363 3153 426 EXEGETICA.

320 512 502 553 meum
524 498 586 551 in
612 498 854 553 salutari
884 499 1057 565 tuo,id
1082 499 1255 568 cst,in
1289 499 1607 555 salvatione
1636 498 1852 554 Christi
1876 496 1962 553 tui
1991 497 2047 564 Α
2078 520 2104 547 ‹‹
2139 497 2559 553 effundendum
2591 496 2960 570 sanguinem.
3010 495 3290 552 Contritio
3318 500 3377 551 et
3404 495 3723 556 infelicitas

322 586 423 657 qui
456 602 655 642 revera
682 586 892 642 veniet.
913 588 1020 643 Cor
1051 605 1246 643 meum
1270 605 1386 643 non
1405 588 1595 644 solum
1626 587 1686 643 in
1721 605 1828 643 sua
1848 586 1961 643 sal-

319 676 552 732 vatiOne
581 676 913 742 exsultabit,
947 678 1047 733 sed
1081 683 1137 732 et
1171 678 1226 732 in
1258 676 1656 749 redemptione
1703 676 1964 747 corporis

321 764 788 821 mei.Exsultatio
812 765 967 820 enim
989 767 1251 838 corporis
1272 770 1454 833 est,ut
1474 766 1543 820 ad
1577 764 1738 819 illam
1766 762 1963 819 exsul—

319 854 601 909 tationem
627 870 852 909 merear
872 854 1437 926 pervenire.Interim
1459 870 1574 909 non
1598 854 1821 909 otiosus
1843 869 1959 908 ero.

322 942 560 999 Cantabo
588 943 766 1010 enim,
800 944 858 998 id
892 948 999 1012 est,
1037 945 1372 1016 frequenter
1399 947 1455 998 et
1507 944 1635 998 sine
1664 942 1961 997 intermis-

319 1031 483 1088 sione
512 1032 703 1088 cordis
733 1048 867 1112 eum
900 1032 1172 1099 laudabo,
1206 1032 1288 1087 illi
1325 1034 1556 1088 Domino
1590 1034 1690 1103 qui
1714 1030 1962 1087 creando

319 1122 541 1177 bonum
570 1123 711 1178 bona
739 1122 936 1177 tribuit
964 1123 1125 1186 mihi,
1157 1122 1212 1176 id
1247 1126 1336 1177 est
1391 1120 1876 1189 misericordiam,
1909 1124 1965 1175 et

319 1226 435 1267 non
466 1209 552 1266 illi
584 1210 684 1282 qui
710 1210 867 1266 mala
896 1211 1119 1281 tribuit,
1156 1210 1372 1266 scilicet
1391 1228 1492 1283 per
1512 1209 1845 1282 superbiam
1870 1226 1963 1265 me

318 1299 626 1370 dejecit.Et
647 1304 712 1355 ut
738 1300 992 1372 perfecta
1023 1300 1097 1355 sit
1126 1299 1256 1356 laus
1290 1316 1439 1366 mea,
1469 1300 1733 1371 psallam,
1767 1299 1825 1353 id
1852 1303 1961 1364 est,

317 1387 618 1461 castigabo
640 1404 853 1459 corpus
876 1405 1071 1443 meum
1094 1393 1149 1443 et
1172 1389 1231 1443 in
1253 1391 1592 1444 servitutem
1610 1386 1966 1460 redigam.Et

318 1477 428 1532 hoc
449 1476 658 1532 faciam
683 1492 799 1531 non
823 1476 894 1531 ad
920 1492 1111 1532 meam
1133 1476 1498 1544 1audem,sed
1511 1477 1733 1532 nomini
1744 1477 1968 1531 Domini

320 1565 673 1634 altissimi,ut
700 1564 962 1621 videntes
979 1564 1077 1620 alii
1108 1565 1457 1636 probitatem
1488 1569 1545 1620 ct
1574 1565 1961 1621 constantiam

321 1652 870 1725 meam,gloriﬁcent
888 1654 1071 1709 Deum
1089 1654 1187 1725 qui
1208 1653 1352 1708 tales
1365 1669 1560 1708 servos
1576 1653 1768 1709 habet.
1788 1653 1967 1709 Aliter

320 1744 377 1798 in
409 1758 660 1815 persona
690 1743 974 1814 cujusque
1008 1742 1267 1814 perfecti,
1300 1747 1431 1814 post
1459 1743 1712 1814 primum
1748 1745 1965 1799 adven-

322 1837 447 1889 tum
478 1831 866 1935 desiderantis
898 1831 1218 1935 secun‘dum
1242 1835 1588 1935 “adventum
1631 1831 1870 1933 Christi,
1905 1833 1963 1935 in
1995 1868 2043 1932 Β
2074 1831 2444 1921 ᾀίξῐξὼὺθηάο
2479 1831 2677 1935 Davi'd,

319 1938 434 1995 quo
470 1921 707 1977 dabitur
729 1937 864 1976 vera
894 1938 1005 1993 pax
1034 1925 1090 1976 et
1133 1921 1387 1991 perfecta
1440 1920 1704 1985 salvatio,
1731 1923 1964 1992 quando

319 2011 643 2067 novissima
674 2010 1009 2066 destruetur
1038 2026 1217 2065 mors.
1244 2012 1501 2075 Quorum
1535 2027 1690 2066 unus
1724 2011 1833 2066 fuit
1864 2012 1963 2083 qui

320 2100 497 2156 dixit:
534 2102 711 2171 Cupio
765 2098 988 2154 dissolvi
1044 2102 1094 2152 et
1149 2114 1260 2154 esse
1288 2115 1412 2153 cum
1444 2099 1660 2155 Christo
1695 2100 1865 2171 (Phil.
1900 2102 1963 2171 ι).

324 2191 623 2262 Usquequo,
654 2189 901 2256 Domine,
958 2185 1309 2243 Oblivisceris
1338 2204 1423 2242 me
1451 2189 1510 2241 in
1549 2188 1715 2258 ﬁnem
1735 2184 1845 2243 ?id
1878 2192 1967 2243 est

321 2277 604 2351 quamdiu
635 2277 833 2334 differs
863 2277 1183 2350 producere
1206 2293 1299 2332 me
1319 2276 1379 2331 in
1397 2277 1573 2332 ﬁnem
1588 2276 1765 2347 hujus
1798 2278 1967 2333 mise-

319 2369 417 2425 rias
447 2375 505 2425 et
534 2368 715 2439 hujus
745 2368 1104 2431 certaminis,
1132 2367 1294 2438 quod
1329 2371 1418 2422 est
1447 2366 1597 2421 inter
1630 2366 1965 2423 interiorem

319 2458 619 2514 hominem
642 2460 695 2512 et
713 2456 1056 2511 exteriorem
1077 2456 1105 2509 ?
1135 2455 1449 2526 Usquequo
1502 2456 1714 2511 avertis
1758 2455 1965 2511 faciem

320 2545 573 2613 tuam,id
604 2549 714 2613 est,
744 2544 1110 2615 praesentiam
1134 2547 1292 2597 tuam
1327 2547 1385 2597 et
1413 2543 1713 2597 veritatem
1745 2547 1908 2598 tuam
1935 2561 1969 2599 a

324 2650 454 2690 me:
487 2633 671 2689 Video
700 2631 858 2688 enim
888 2635 944 2687 te
970 2647 1136 2697 nunc,
1159 2631 1256 2684 sed
1280 2646 1382 2701 per
1410 2631 1709 2702 speculum,
1727 2637 1854 2685 tunc
1873 2647 1970 2686 au-

327 2731 439 2779 tem
466 2723 611 2795 facie
637 2721 708 2776 ad
736 2723 953 2791 famem.
987 2720 1141 2774 Nunc
1168 2735 1240 2773 ex
1265 2727 1444 2790 parte,
1505 2728 1639 2774 tunc
1696 2719 1966 2791 perfecte,

325 2813 474 2885 sicut
514 2814 633 2867 ate
688 2809 939 2883 perfecte
995 2809 1242 2879 cognitus
1297 2822 1421 2861 sum
1477 2807 1526 2877 (Ι
1569 2809 1693 2865 Cor.
1723 2810 1869 2876 xm).
1904 2809 1971 2864 Et

328 2903 470 2958 dum
502 2900 701 2957 differs
732 2899 803 2955 ad
827 2897 1221 2969 judicandum
1244 2897 1465 2962 venire,
1496 2897 1741 2969 quandiu
1764 2913 1969 2969 ponam

320 2992 560 3048 consilia
592 2990 651 3044 in
676 2987 875 3045 anima
895 2986 1109 3054 mea,id
1133 2985 1511 3058 est,quandiu
1536 3002 1633 3041 ero
1654 2987 1711 3040 in
1763 2986 1969 3043 adver-

322 3081 596 3137 sitatibus
627 3083 683 3134 et
711 3093 929 3150 pugna,
962 3075 1061 3130 ubi
1118 3091 1265 3147 opus
1296 3079 1386 3130 est
1414 3075 1657 3130 consilio
1683 3094 1695 3131 :
1750 3074 1973 3131 scilicet

322 3168 585 3242 quandiu
618 3168 677 3221 in
710 3181 804 3221 me
836 3164 1185 3237 repugnabit
1214 3162 1304 3219 lex
1334 3164 1527 3219 carnis
1558 3164 1671 3236 legi
1714 3164 1974 3221 mentis?

330 3259 564 3332 quando
596 3256 760 3312 labor
787 3252 1023 3309 tolletur
1060 3253 1130 3308 de
1187 3267 1421 3324 corpore
1480 3251 1686 3308 mortis
1744 3253 1971 3325 hujus?

331 3347 588 3418 Quandiu
614 3360 815 3417 ponam
845 3342 1084 3397 dolorem
1113 3343 1174 3395 in
1203 3341 1362 3396 corde
1392 3357 1527 3410 meo,
1561 3357 1735 3412 quem
1786 3341 1971 3399 habeo

329 3439 402 3493 de
435 3442 539 3492 tua
568 3433 835 3491 absentia
862 3448 959 3502 per
987 3431 1157 3500 diem,
1184 3434 1248 3484 ut
1286 3429 1710 3501 supra.Aliter:
1743 3431 1968 3487 Tandiu

327 3526 450 3581 haec
481 3523 671 3596 patiar
697 3522 949 3594 quandiu
974 3535 1177 3591 ponam
1205 3519 1437 3574 consilia
1454 3520 1515 3574 in
1543 3522 1734 3575 animo
1762 3521 1967 3591 mea,id

326 3619 417 3671 est
444 3610 704 3686 quandiu
737 3626 934 3683 pugna
987 3611 1097 3665 erit
1152 3608 1302 3664 inter
1339 3625 1549 3680 corpus
1590 3613 1647 3663 et
1686 3610 1967 3676 animam,

324 3703 548 3762 scilicet
578 3700 841 3773 quandiu
874 3697 1138 3754 mortalis
1168 3714 1303 3754 ero:
1366 3698 1495 3753 ideo
1553 3698 1623 3752 ad
1655 3702 1709 3752 te
1739 3697 1965 3755 clamo:

324 3793 528 3867 Infelix
555 3806 657 3865 ego
688 3791 865 3861 homo,
896 3789 1018 3859 quis
1047 3803 1136 3842 me
1166 3788 1422 3841 liberabit
1451 3786 1516 3841 de
1560 3803 1782 3858 corpore
1818 3804 1967 3843 mor-

325 3886 397 3940 tis
426 3883 589 3955 hujus
609 3884 634 3933 .9
672 3880 865 3935 Gratia
890 3879 990 3933 Dei
1038 3893 1135 3948 per
1189 3876 1483 3931 Dominum
1510 3884 1758 3930 nostrum
1783 3878 1968 3932 Iesum

320 3972 603 4031 Christum
634 3969 807 4040 (Rom.
838 3966 1038 4037 vn).—-—
1057 3967 1124 4019 Et
1153 3964 1397 4036 quandiu
1418 3979 1615 4035 ponam
1638 3965 1881 4021 dolorem
1905 3966 1966 4021 in

318 4058 478 4116 corde
503 4072 622 4112 meo
650 4071 748 4127 per
775 4055 943 4121 diem,
977 4057 1042 4108 ut
1073 4069 1270 4123 supra.
1308 4054 1584 4124 Usquequo
1629 4055 1967 4110 exaltabitur

317 4148 579 4205 inimicus
607 4159 760 4199 meus
787 4158 951 4213 super
973 4158 1059 4196 me
1079 4146 1104 4195 .9
1132 4142 1413 4211 Inimicus,
1450 4142 1508 4197 id
1569 4144 1657 4197 est
1696 4141 1963 4200 diabolus

318 4236 419 4309 qui
451 4234 677 4290 laborat
705 4236 770 4287 ut
798 4247 891 4287 me
918 4230 1436 4301 devoret,quandiu
1470 4222 1736 4303 regnabit
1774 4232 1831 4286 in
1854 4231 1962 4289 hoc

318 4323 552 4383 mortali
581 4337 844 4395 corpore,
867 4319 1141 4392 erigenda
1191 4335 1423 4375 carnem
1465 4320 1743 4377 adversus
1788 4321 1958 4394 spiri-

313 4421 463 4485 tum,
480 4429 712 4471 servum
735 4412 1012 4466 adversus
1036 4408 1351 4463 Dominum
1368 4407 1396 4463 ‘l
1419 4408 1636 4465 Caetera
1662 4413 1726 4465 ut
1755 4426 1954 4482 supra.

876 4568 1198 4626 PSALMUS
1239 4569 1391 4624 XIII.

740 4679 799 4717 IN
832 4676 1010 4717 FINEM
1050 4674 1310 4714 PSALMUS
1343 4675 1526 4714 οΑνιι).

390 4830 410 4856 ι
446 4804 600 4862 Dixit
632 4801 916 4875 insipiens
948 4802 1007 4857 in
1048 4801 1221 4857 corde
1273 4818 1417 4856 suo:
1472 4800 1598 4856 Non
1655 4805 1745 4856 est
1783 4807 1956 4859 Deus.

312 4922 341 4950 «
372 4893 639 4968 Corrupti
659 4894 799 4949 sunt
816 4894 872 4946 et
901 4889 1327 4945 abominabiles
1347 4888 1480 4943 facti
1504 4894 1645 4945 sunt
1663 4890 1721 4944 in
1744 4890 1959 4946 studiis

315 5011 343 5040 ‹‹
370 4986 533 5053 suis;
569 5000 683 5040 non
717 4986 808 5037 est
837 4979 936 5052 qui
969 4978 1144 5034 iaciat
1174 4979 1538 5045 bonum,non
1570 4981 1659 5034 est
1675 4995 1864 5051 usque
1885 4980 1957 5034 ad

309 5100 338 5128 «
371 5091 579 5132 unum.
613 5071 899 5130 Dominus
929 5068 1000 5123 de
1030 5065 1171 5123 cmlo
1224 5067 1521 5139 prospexit
1571 5083 1750 5139 super
1806 5067 1958 5124 filios

313 5189 334 5216 ι
370 5164 700 5229 hominum,
734 5163 799 5215 ut
828 5159 1022 5214 videat
1051 5156 1100 5212 si
1132 5160 1220 5212 est
1250 5156 1584 5229 intelligens
1613 5161 1716 5212 aut
1763 5156 1958 5228 requi-

313 5275 341 5303 ‹‹
366 5269 503 5309 rens
532 5250 739 5307 Deum.
772 5251 987 5304 Omnes
1014 5244 1475 5311 declinaverunt,
1508 5244 1687 5301 simul
1717 5243 1958 5301 inutiles

311 5364 339 5394 ‹‹
373 5340 509 5397 facti
540 5342 716 5407 sunt;
750 5353 865 5393 non
891 5340 980 5393 est
1023 5335 1122 5408 qui
1183 5333 1357 5390 faciat
1400 5334 1641 5403 bonum,
1698 5350 1813 5389 non
1871 5337 1960 5390 est

310 5454 338 5482 ‹‹
374 5446 562 5503 usque
593 5427 662 5484 ad
698 5442 906 5481 unum.
968 5424 1311 5495 Sepulcrum
1366 5427 1572 5497 patens
1628 5428 1717 5479 est
1755 5427 1959 5495 guttur

310 5543 339 5571 ‹‹
370 5515 822 5589 eorum,lingnis
852 5512 978 5569 suis
1004 5512 1200 5569 dolose
1222 5513 1786 5585 agebant,venenum
1810 5511 1959 5584 aspi-

310 5632 339 5659 ‹‹
373 5610 512 5663 dum
538 5608 647 5662 sub
672 5604 846 5659 labiis
868 5603 1358 5668 eorum.Quorum
1381 5619 1446 5659 os
1470 5600 1878 5658 maledictione
1899 5604 1957 5659 et

312 5720 341 5754 (ς
376 5696 768 5756 amaritudine
799 5692 1033 5769 plenum
1068 5689 1406 5761 est,velooes
1438 5692 1616 5767 pedes
1646 5707 1849 5749 eorum
1881 5691 1952 5749 ad

2076 610 2103 637 ‹‹
2138 587 2196 643 in
2229 588 2336 643 viis
2366 604 2590 654 eorum,
2634 593 2691 642 et
2720 587 2873 642 viam
2905 585 3065 658 pacis
3107 603 3222 642 non
3277 591 3721 660 cognoverunt;

2074 700 2099 725 ‹‹
2138 693 2251 731 non
2280 681 2371 732 est
2397 676 2574 732 timor
2622 675 2724 731 Dei
2782 680 2917 731 ante
2973 674 3173 731 oculos
3228 691 3451 731 eorum.
3516 675 3725 734 Nonne

2074 789 2101 815 «
2136 769 2487 837 cognoscent
2516 782 2720 820 omnes
2746 764 2846 837 qui
2876 768 3191 836 operantur
3217 762 3722 838 iniquitatem,qui

2077 876 2104 903 ‹‹
2135 855 2411 910 devorant
2442 853 2668 925 plebem
2702 870 2890 910 meam
2917 853 3070 909 sicut
3088 870 3282 910 escam
3306 852 3512 926 panis?
3529 853 3727 911 Domi.

2076 966 2101 993 ‹‹
2135 960 2277 998 num
2300 959 2415 998 non
2437 942 2865 998 invocaverunt:
2892 942 3010 998 illic
3032 942 3466 1013 trepidaverunt
3486 943 3725 1013 timore,

2074 1056 2100 1082 ‹‹
2137 1031 2235 1087 ubi
2269 1048 2383 1087 non
2409 1037 2532 1086 erat
2563 1031 3047 1094 timor.Quoniam
3080 1030 3365 1088 Dominus
3394 1031 3454 1087 in
3476 1047 3719 1106 genera-

2074 1144 2100 1170 ‹‹
2139 1120 2295 1176 tione
2316 1121 2481 1191 justa
2503 1119 2931 1187 est,consilium
2955 1118 3144 1191 inopis
3167 1119 3546 1187 confudistis;
3571 1138 3721 1193 quo-

2074 1234 2097 1256 u
2137 1210 2295 1263 niam
2329 1208 2613 1271 Dominus
2643 1225 2778 1281 spes
2807 1209 2937 1278 ejus
2965 1211 3072 1264 est.
3125 1208 3232 1273 Qui
3272 1208 3434 1264 dabit
3479 1225 3550 1265 ex
3577 1210 3719 1266 Sion

2074 1319 2100 1346 ‹‹
2135 1296 2390 1354 salutare
2414 1295 2782 1353 lsrael‘lcum
2816 1296 3087 1352 averterit
3114 1296 3401 1354 Dominus
3424 1297 3723 1369 captivita-

2078 1405 2100 1434 ι
2135 1389 2251 1441 tem
2266 1385 2452 1457 plebis
2469 1402 2590 1441 suae
2602 1384 3101 1442 exsultabitJacob
3115 1383 3723 1443 etlaetabiturlsrael.»

2688 1511 2824 1565 ENA
2838 1510 3095 1565 RRATIO.

2147 1601 2204 1654 In
2236 1600 2403 1669 ﬁnem
2431 1599 2677 1668 psalmus
2705 1597 2819 1670 ipsi
2849 1598 3040 1666 David,
3075 1598 3133 1653 id
3191 1602 3300 1666 est,
3352 1598 3475 1655 haec
3512 1617 3718 1673 expro-

2074 1690 2260 1744 bratio
2295 1705 2421 1761 qua:
2453 1687 2645 1761 agitur
2674 1687 2733 1741 in
2764 1687 2873 1742 hoc
2899 1689 3126 1759 psalmo
3158 1687 3228 1742 ad
3259 1687 3382 1743 hac
3412 1689 3497 1757 ﬁt,
3530 1695 3595 1744 ut
3622 1691 3717 1746 di-

2075 1778 2299 1849 rigatur
2328 1778 2387 1831 in
2422 1778 2619 1844 finem,
2666 1776 2724 1831 id
2757 1780 2845 1832 est
2904 1775 3217 1848 perfectam
3269 1777 3718 1851 beatitudinem,

2710 1864 2766 1919 id
2801 1869 2908 1932 est,
2929 1865 3181 1931 Christo,
3213 1882 3328 1921 non
3358 1867 3718 1940 corpori,sed

2074 1955 2247 2027 capiti
2277 1955 2411 2026 ipsi.
2445 1956 2546 2009 Est
2576 1970 2712 2026 ergo
2744 1954 2804 2008 in
2835 1954 2943 2010 hoc
2972 1954 3199 2026 psalmo
3229 1971 3337 2010 vox
3375 1954 3589 2012 Christi
3618 1973 3718 2013 ex-

2075 2043 2379 2116 probantis
2411 2042 2687 2098 duritiam
2718 2043 2911 2097 cordis
2937 2042 3293 2112 Judaeorum,
3318 2059 3386 2100 eo
3416 2044 3575 2116 quod
3595 2061 3716 2102 non

2075 2136 2467 2204 cognoverunt
2523 2136 2756 2204 tempus
2813 2130 3167 2187 visitationis
3215 2149 3333 2187 sum
3366 2126 3519 2204 (Luc.
3548 2134 3667 2206 xxx)
3699 2151 3715 2203 ;

2074 2226 2131 2277 et
2162 2220 2525 2276 ostendentis
2556 2238 2684 2292 quae
2716 2237 2885 2291 poma
2915 2219 3249 2277 incredulos
3278 2226 3718 2295 sequatur,qua3

2075 2314 2271 2365 autem
2302 2309 2487 2382 gloria
2521 2308 2720 2364 ﬁdeles
2746 2325 2758 2364 :
2794 2313 2851 2364 et
2879 2309 3202 2365 secundum
3226 2309 3377 2366 hanc
3407 2309 3718 2368 lectionem

2077 2400 2141 2453 tit
2171 2399 2437 2471 quaedam
2471 2399 2825 2470 transjectio,
2895 2402 2960 2453 ut
3014 2400 3248 2471 gravius
3301 2398 3567 2457 videatur
3595 2401 3720 2458 dic-

2077 2492 2226 2553 tum,
2259 2487 2368 2543 hoc
2402 2488 2595 2542 modo.

2146 2577 2301 2631 Dixit
2332 2578 2616 2647 insipiens.
2651 2576 2801 2631 Ordo
2858 2579 3054 2631 autem
3112 2577 3464 2634 narrationis
3514 2579 3716 2636 abillo

2076 2681 2245 2720 versu
2279 2664 2501 2735 incipit.
2528 2666 2792 2719 Dominus
2820 2664 2886 2719 de
2914 2665 3044 2721 ccelo
3062 2666 3347 2737 prospexit
3371 2682 3540 2739 super
3565 2666 3719 2739 ﬁlios

2077 2755 2385 2809 hominum.
2419 2755 2701 2824 Dominus,
2733 2753 2791 2807 id
2821 2756 2930 2822 est,
2965 2758 3115 2810 Deus
3155 2754 3256 2827 qui
3312 2755 3590 2812 omnibus
3619 2757 3721 2813 do-

2079 2842 2341 2898 minatur
2370 2858 2467 2914 per
2495 2845 2763 2898 naturam
2790 2858 2804 2898 :
2835 2841 2899 2897 de
2925 2842 3082 2909 caelo,
3114 2842 3172 2897 id
3201 2847 3308 2915 est,
3343 2843 3416 2899 de
3445 2860 3539 2901 me
3559 2843 3725 2900 Chri-

2079 2936 2168 2987 sto
2197 2930 2473 2987 homine:
2504 2933 2813 3004 prospexit,
2852 2930 2909 2986 id
2940 2936 3049 2999 est,
3080 2930 3252 3004 longe
3288 2932 3491 2990 oculos
3541 2933 3724 2991 mise-

2079 3020 2339 3076 ricordiae
2372 3037 2489 3075 sua:
2545 3018 2868 3085 inclinavit,
2931 3036 3047 3074 non
3104 3019 3260 3075 enim
3311 3021 3481 3077 aliter
3508 3022 3723 3080 melius

2080 3109 2422 3165 hominibus
2453 3125 2623 3165 suam
2657 3108 3052 3181 cognitionem
3106 3108 3476 3167 manifestare
3507 3113 3721 3184 potuit,

2001 3233 2043 3299 ρ
2083 3215 2258 3270 quam
2283 3214 2385 3269 per
2405 3197 2725 3253 humanam
2746 3201 3051 3252 naturam:
3075 3214 3240 3269 super
3254 3198 3396 3269 ﬁlios
3408 3198 3718 3267 hominum,

2082 3288 2139 3343 id
2161 3287 2507 3357 est,Judaeos
2524 3286 2675 3342 ﬁlios
2698 3285 3164 3358 patriarcharum
3189 3292 3248 3342 et
3266 3286 3712 3360 prophetarum:

2081 3377 2179 3449 qui
2210 3381 2446 3449 propter
2476 3375 2877 3432 excellentiam
2898 3375 3166 3432 homines
3188 3376 3303 3432 dici
3345 3382 3611 3449 possunt,
3645 3378 3720 3435 ad

2080 3465 2327 3522 aliorum
2360 3465 2877 3537 comparationem.
2896 3465 2999 3521 Est
3028 3471 3223 3521 autem
3257 3482 3359 3538 per
3388 3466 3722 3524 similitudi-

2080 3572 2211 3611 nem
2244 3556 2486 3611 dictum.
2546 3552 2746 3609 Solent
2801 3557 3064 3626 potentes
3120 3559 3177 3610 et
3224 3555 3405 3612 duces
3434 3557 3723 3615 exercitus

2077 3644 2203 3700 loca
2232 3643 2617 3699 eminentiora
2669 3643 3002 3711 ascendere,
3060 3646 3117 3699 et
3146 3644 3421 3701 deorsum
3463 3646 3722 3719 aspicere

2078 3733 2179 3806 qui
2209 3734 2330 3788 sint
2357 3729 2609 3803 prompti
2640 3731 2710 3786 ad
2744 3747 3025 3803 pugnam,
3046 3732 3145 3803 qui
3179 3748 3327 3788 non:
3353 3735 3456 3807 qui
3485 3741 3722 3793 strenue

2078 3839 2139 3879 se
2164 3820 2547 3893 habeant,qui
2568 3837 2682 3893 pra:
2696 3819 2792 3892 ign
2802 3820 2928 3877 avia
2940 3820 3199 3878 sonitum
3214 3822 3366 3878 tubas
3381 3823 3584 3881 audire
3606 3840 3721 3881 non

2075 3912 2323 3968 valeant.
2347 3912 2417 3965 Et
2445 3909 2529 3964 illi
2553 3910 2752 3980 duces,
2776 3908 2837 3964 in
2866 3908 2982 3965 alto
3033 3910 3229 3983 positi,
3262 3927 3332 3967 ex
3353 3917 3517 3985 parte
3536 3912 3720 3971 videri

2075 4001 2263 4057 solent
2290 4002 2347 4055 et
2374 4015 2443 4055 ex
2473 4002 2635 4071 parte
2667 4014 2782 4054 non
2814 3997 2994 4054 videri
3018 4015 3030 4054 :
3061 3999 3141 4054 ita
3161 4004 3219 4054 et
3248 4000 3527 4057 divinitas
3546 4001 3719 4058 Verbi

2072 4090 2242 4146 latuit
2273 4089 2330 4143 in
2366 4087 2591 4143 Christo
2623 4103 2723 4159 per
2751 4086 3490 4161 humanitatem,apparuit
3519 4095 3718 4147 autem

2073 4195 2175 4252 per
2203 4177 2596 4241 Divinitatem,
2629 4174 2848 4230 faciens
2878 4191 3055 4247 opera
3085 4192 3212 4248 qua:
3249 4193 3420 4233 nemo
3452 4176 3604 4234 alius
3635 4180 3716 4236 fe-

2072 4268 2167 4323 cit.
2201 4267 2283 4322 Ad
2317 4265 2425 4321 hoc
2456 4264 2982 4335 Divinitatem,qua3
3012 4280 3115 4335 per
3136 4281 3199 4320 se
3252 4264 3565 4323 invisibilis
3593 4272 3721 4324 erat

2069 4361 2125 4411 et
2154 4352 2784 4427 incomprehensibilis,
2818 4352 3382 4425 per'humanitatem
3415 4371 3608 4412 meam
3641 4370 3725 4412 v1-

2067 4443 2223 4499 deris
2253 4443 2594 4498 ostendere:
2645 4449 2708 4496 ut
2750 4440 2954 4507 videat,
2985 4441 3044 4496 id
3074 4446 3183 4509 est,
3206 4441 3403 4499 videre
3452 4443 3631 4500 faciat
3657 4448 3719 4501 et

2073 4532 2295 4604 probet,
2328 4533 2376 4587 si
2403 4535 2481 4586 est
2509 4531 2579 4586 de
2610 4529 2709 4585 illo
2741 4528 2955 4602 populo
3013 4531 3335 4600 intelligens
3376 4537 3571 4605 Deum,
3605 4532 3719 4589 sci-

1986 4602 2034 4666 D
2064 4602 2199 4677 licet
2234 4619 2651 4677 conformando
2682 4635 2745 4674 se
2810 4617 2955 4673 mihi
3006 4617 3308 4675 Dominico
3357 4602 3581 4678 homini
3616 4636 3723 4694 per

2068 4711 2263 4766 ﬁdem.
2284 4709 2388 4764 Aut
2420 4724 2532 4763 non
2564 4711 2798 4763 tantum
2830 4707 3185 4780 intelligens,
3205 4708 3307 4764 sed
3337 4709 3513 4765 etiam
3537 4713 3724 4783 requi-

2068 4815 2212 4865 rens,
2246 4796 2471 4854 scllicet
2510 4812 2703 4868 opere.
2736 4797 2824 4852 Ad
2890 4798 2998 4853 hoc
3030 4798 3187 4853 enim
3232 4814 3403 4855 suam
3436 4798 3718 4856 humani-

2068 4870 2246 4943 tatem
2281 4886 2620 4942 hominibus
2671 4885 2938 4959 exemplo
2968 4886 3293 4959 proposuit,
3326 4892 3393 4943 ut
3420 4904 3525 4960 per
3578 4905 3718 4946 eum

2068 4980 2484 5050 cognoscerent
2513 4976 2561 5030 si
2596 4974 2968 5031 Divinitatem
2998 4975 3322 5048 intelligere
3353 4982 3412 5034 et
3439 4978 3719 5049 operibus

2069 5082 2325 5140 quaerere
2355 5064 2626 5121 homines
2658 5068 2916 5135 possent.
2950 5064 3109 5129 Quod
3142 5065 3299 5122 enim
3330 5066 3507 5123 homo
3543 5066 3718 5124 Chri-

2068 5161 2196 5211 stus
2226 5154 2382 5221 fecit,
2414 5152 2637 5208 homini
2668 5152 2949 5223 possibile
2987 5170 3115 5210 esse
3144 5155 3417 5210 ostendit.
3453 5154 3564 5211 Sed
3595 5172 3717 5212 non

2067 5243 2305 5310 invenit,
2339 5242 2477 5313 quia
2506 5242 2781 5313 insipiens
2814 5241 2907 5298 ille
2933 5242 3189 5314 populus
3244 5243 3391 5299 dixit
3442 5246 3505 5301 in
3554 5244 3722 5302 corda

2066 5350 2183 5402 suo,
2213 5332 2271 5387 id
2304 5337 2393 5387 est
2421 5331 2713 5405 cogitavit,
2748 5332 2901 5403 quod
2952 5331 3191 5403 gravius
3247 5332 3361 5389 fuit
3404 5350 3586 5406 quam
3615 5350 3719 5390 ora

2067 5423 2276 5492 dicere,
2310 5425 2433 5477 Non
2464 5424 2543 5477 est
2572 5421 2732 5484 Deus,
2764 5420 3014 5486 Quidam
3053 5420 3289 5478 illorum
3323 5436 3430 5478 nec
3462 5422 3718 5495 prophe-

2067 5517 2187 5568 tam
2218 5528 2352 5566 eum
2384 5508 2651 5566 credidit.
2685 5508 2839 5564 Dixit
2863 5526 2996 5565 eum
3025 5527 3038 5565 :
3064 5510 3123 5566 Si
3140 5511 3233 5567 hic
3261 5515 3400 5567 esset
3420 5510 3714 5584 propheta,

2063 5601 2226 5658 sciret
2280 5602 2467 5673 utique
2519 5612 2645 5672 qum
2697 5606 2775 5656 est
2804 5598 3006 5655 mulier
3041 5614 3167 5675 quae
3194 5601 3372 5673 tangit
3400 5616 3531 5658 eum
3558 5601 3714 5674 (Lac.

2063 5691 2184 5766 vn).
2215 5689 2392 5757 Quasi
2421 5689 2614 5747 dicat:
2650 5687 2722 5746 Et
2774 5686 2835 5746 in
2890 5686 3001 5748 hoe
3032 5705 3148 5749 non
3190 5694 3281 5749 est
3309 5693 3516 5750 auctor
3541 5706 3719 5750 aecu-
