4016 6192
318 340 446 411 309

1445 340 2059 411 ENARRATIONES
2101 343 2182 408 ΙΝ
2227 345 2613 412 PSALMOS.

3616 350 3735 414 2m

323 478 575 548 candus,
607 477 746 554 quia
771 483 1020 556 corrupti
1044 490 1201 551 sunt,
1252 480 1475 539 scilicet
1524 483 1596 538 ab
1636 481 1969 553 integritate
1999 478 2052 545 Α
2081 478 2495 552 interrogando
2546 479 2898 555 subjungit:
2950 480 3137 538 Nonne
3182 485 3498 553 cognoscent
3552 498 3736 540 omnes

324 570 493 628 bona
521 574 742 627 natura;
764 589 871 629 suo
895 571 1054 629 vitio.
1080 574 1146 629 Et
1166 573 1483 641 intentum,
1512 572 1664 643 quod
1687 572 1974 628 abomina-

324 659 479 729 biles,
528 660 587 715 id
636 666 745 733 est,
794 661 1040 718 odibiles
1090 666 1147 718 et
1199 661 1545 719 exhaaredati
1591 663 1725 732 facti
1761 670 1889 716 sunt
1916 662 1974 715 in

329 749 526 805 studiis
554 751 699 818 suis,
749 749 807 804 id
840 755 955 822 est,
999 750 1513 817 adiuventionibus
1545 750 1826 824 propriis,
1861 767 1975 805 non

322 839 444 896 Dei.
497 839 661 903 Quod
691 839 826 895 inde
855 844 1041 911 patet,
1074 841 1213 913 quia
1242 858 1354 897 non
1382 844 1488 907 est,
1522 839 1745 895 scilicet
1770 840 1827 893 in
1859 838 1972 910 eis,

325 930 424 1001 qui
449 929 620 1000 faciat
652 929 868 993 bonum,
902 928 959 983 id
991 933 1099 999 est,
1148 929 1244 984 Dei
1275 928 1658 998 voluntatem,
1692 930 1762 985 ad
1797 944 1975 1000 quam

328 1017 657 1073 faciendam
681 1017 860 1074 creati
887 1022 1045 1074 sunt.
1073 1020 1371 1074 Intantum
1395 1018 1548 1091 quod
1575 1035 1685 1075 non
1706 1022 1783 1074 est
1807 1035 1977 1089 usque

324 1105 401 1162 ad
451 1122 646 1162 unum.
701 1108 892 1179 Usque,
948 1112 1037 1163 est
1083 1107 1439 1163 inclusivum
1489 1111 1546 1163 et
1588 1106 1970 1163 exclusivum.

331 1196 508 1267 Usque
524 1194 595 1250 ad
613 1211 809 1264 unum,
829 1195 886 1250 id
910 1199 1019 1263 est,
1045 1212 1148 1251 nec
1170 1195 1462 1251 unus.Hic
1489 1200 1577 1251 est
1596 1195 1970 1251 inclusivum.

317 1292 446 1359 Vel,
479 1310 648 1367 usque
676 1294 746 1348 ad
774 1310 970 1363 unum,
1017 1293 1075 1348 id
1106 1298 1213 1363 est,
1247 1311 1433 1366 usque
1465 1295 1606 1349 dum
1640 1292 1976 1366 perveniant

321 1382 390 1437 ad
427 1381 713 1437 unitatem
745 1381 1003 1454 corporis
1035 1381 1173 1447 mei,
1198 1382 1297 1438 ubi
1328 1400 1445 1438 una
1467 1383 1633 1450 ﬁdes,
1663 1400 1847 1438 unum
1870 1384 1972 1439 ba-

315 1470 558 1542 ptisma.
591 1469 749 1525 Nulli
780 1471 937 1525 enim
971 1471 1189 1525 bonum
1213 1471 1439 1544 operari
1460 1476 1731 1545 possunt,
1755 1473 1853 1543 qui
1876 1490 1971 1527 ex-

319 1561 413 1614 tra
433 1556 598 1614 illam
622 1559 908 1614 unitatem
930 1563 1090 1615 sunt.
1111 1559 1275 1615 Unde
1296 1559 1443 1616 illud
1466 1579 1479 1616 :
1503 1562 1813 1617 Movebatur
1832 1578 1975 1633 aqua

319 1646 605 1720 (Joan.v),
624 1651 680 1702 et
698 1647 1022 1703 sanabatur
1042 1665 1216 1703 unus.
1235 1648 1336 1704 Vel
1358 1650 1430 1705 ad
1453 1650 1969 1722 comparationem,

320 1734 381 1791 id
410 1738 521 1804 est,
538 1738 623 1791 tot
645 1741 783 1792 sunt
803 1735 959 1792 mala
985 1743 1292 1809 operantes
1314 1742 1378 1793 ut
1401 1739 1547 1794 bene
1566 1739 1843 1795 facientes
1868 1755 1973 1795 nec

314 1823 504 1881 unius
535 1823 648 1880 dici
676 1826 907 1897 possint
935 1825 1006 1881 ad
1046 1824 1284 1882 illorum
1327 1828 1855 1900 comparationem,
1909 1831 1974 1884 ut
2004 1851 2051 1916 Β

306 1910 510 1969 illud:
566 1913 772 1985 Ooliba,
812 1915 1135 1986 justi/icain
1180 1931 1424 1972 sororem
1476 1921 1632 1972 tuam
1684 1917 1974 1974 Sodomam

305 1999 531 2073 (Ezech.
557 2002 695 2074 xvx),
729 2002 871 2075 quia
899 2007 985 2058 tot
1006 2009 1063 2058 et
1090 2008 1262 2059 tanta:
1295 2010 1434 2060 sunt
1461 2005 1803 2079 iniquitates
1834 2011 1969 2074 tuae,

306 2093 381 2145 ut
410 2090 669 2147 Sodoma
698 2092 863 2164 prius
892 2092 1096 2165 impia,
1119 2097 1223 2148 tua
1243 2095 1677 2164 comparatione
1699 2097 1866 2167 justa
1886 2097 1973 2152 vi-

301 2178 442 2235 deri
474 2178 699 2251 possit;
744 2184 808 2235 ut
836 2179 1030 2236 illud:
1072 2182 1362 2238 Descendit
1408 2184 1497 2237 hic
1534 2184 1868 2255 justiﬁcatus
1914 2188 1975 2240 in

300 2267 547 2322 domum
575 2284 731 2322 suam
761 2268 828 2322 ab
858 2269 957 2323 illo
987 2270 1133 2334 (Luc.
1166 2271 1351 2340 xvxu).
1401 2271 1521 2325 Non
1560 2276 1637 2326 est
1680 2274 1777 2343 qui
1802 2273 1977 2344 faciat

309 2354 550 2411 bonum.
610 2354 758 2410 Nam
817 2355 1041 2411 faciunt
1096 2355 1318 2412 malum
1374 2376 1385 2413 :
1448 2360 1604 2431 quod
1664 2364 1723 2415 et
1776 2360 1975 2431 sequi-

301 2445 419 2498 tur
448 2460 465 2497 :
501 2443 698 2499 Omnes
727 2443 1141 2500 declinaverunt
1170 2463 1204 2500 a
1235 2444 1537 2503 voluntate
1567 2447 1828 2519 Domini,
1860 2465 1973 2503 non

303 2529 517 2587 solum
546 2535 750 2603 gentes
771 2547 898 2602 quas
925 2531 1114 2603 legem
1139 2551 1253 2589 non
1280 2540 1647 2606 acceperunt,
1673 2537 1771 2592 sed
1798 2536 1973 2591 etiam

300 2619 541 2688 Judaai;
569 2617 1001 2688 simul,scilicet
1021 2636 1153 2675 cum
1177 2622 1471 2693 gentibus,
1488 2624 1545 2679 id
1569 2628 1656 2679 est
1680 2624 1815 2680 facti
1837 2629 1977 2681 sunt

301 2708 511 2765 Judmi
531 2707 756 2765 similes
781 2709 1077 2780 gentibus.
1093 2708 1209 2765 Hoc
1232 2709 1453 2766 dictum
1475 2716 1564 2768 est
1576 2712 1648 2767 ad
1670 2729 1976 2786 exaggera-

296 2796 540 2852 tionem
559 2796 852 2852 criminis:
879 2798 1104 2853 inutiles
1117 2800 1260 2869 facti
1271 2805 1400 2855 sunt
1420 2799 1571 2871 aliis,
1587 2804 1652 2856 ut
1670 2801 1720 2856 is
1744 2801 1842 2874 qui
1862 2802 1974 2857 sibi

296 2884 551 2942 inutilis
572 2887 629 2940 et
649 2884 1015 2958 perniciosus
1037 2885 1181 2942 civis
1201 2888 1401 2959 patriae
1424 2888 1611 2945 aliter.
1635 2893 1759 2946 Non
1780 2894 1857 2945 est
1879 2892 1977 2962 qui

174 3044 179 3051 .
289 2976 487 3047 faciat
506 2974 733 3046 bonum,
750 2980 817 3030 ut
838 2991 1036 3047 supra.
1053 2976 1171 3031 Hoc
1192 2977 1363 3033 modo
1381 2978 1637 3034 inutiles.
1652 2979 1975 3052 Sepulcrum

289 3068 508 3134 patens
552 3072 651 3131 est,
666 3071 857 3134 guttur
868 3080 1076 3122 eorum.
1092 3066 1179 3119 Ad
1197 3065 1307 3120 hoc
1325 3071 1591 3139 apertum
1614 3072 1703 3123 est
1720 3086 1971 3140 semper,

291 3157 363 3211 ut
384 3154 673 3209 [αξιοι-θη]
701 3152 969 3208 nocivum
994 3152 1157 3209 malae
1184 3156 1583 3226 persuasionis
1604 3157 1852 3225 emittat,
1886 3156 1970 3212 vel

2087 570 2184 640 qui
2212 578 2542 642 operantur,
2596 588 2712 626 non
2757 570 2857 644 qui
2896 572 3116 644 operati
3150 575 3309 640 sunt,
3341 573 3739 643 iniquitatem?

2083 657 2237 713 hanc
2267 657 2489 714 scilicet
2518 662 2620 731 qui
2648 660 2914 718 devorant
2937 660 3151 734 plebem
3178 677 3358 717 meam
3385 664 3531 719 sicut
3556 679 3738 719 escam

2084 749 2271 820 panis,
2299 748 2354 802 id
2377 752 2487 815 est,
2508 748 2778 805 assidue:
2805 750 2943 821 quia
2962 751 3131 822 panis
3154 751 3528 824 quotidianus
3547 752 3737 809 victus

2084 841 2193 892 est.
2220 836 2283 891 In
2304 835 2414 892 hoc
2438 838 2593 908 quod
2616 837 2757 893 dicit
2779 836 3030 909 plebem,
3065 841 3321 896 ostendit
3341 841 3399 897 in
3424 858 3560 898 voce
3585 844 3739 915 capi-

2085 926 2162 981 tis
2194 942 2322 981 esse
2351 925 2665 997 legendum
2696 926 2853 982 hunc
2886 928 3207 1000 psalmum.
3258 931 3391 987 Ideo
3422 932 3732 1001 devorant,

2085 1014 2225 1087 quia
2249 1015 2431 1070 Deum
2454 1031 2563 1070 non
2594 1016 2983 1072 invocaverunt
3002 1018 3228 1075 scilicet
3257 1021 3452 1093 ipsum
3483 1023 3555 1078 de
3583 1023 3731 1095 ipso,

2084 1104 2184 1158 sed
2234 1102 2389 1158 aliud
2409 1147 2422 1171 ,
2473 1104 2695 1160 scilicet
2722 1110 2969 1161 terrena.
3025 1109 3353 1167 Dilexerunt
3381 1114 3531 1168 enim
3559 1116 3735 1185 magis

2081 1194 2324 1248 tenebras
2349 1209 2519 1264 quam
2548 1195 2720 1250 lucem
2748 1196 2933 1266 (Joan.
2980 1198 3076 1267 ιιι)
3107 1213 3119 1251 :
3173 1203 3231 1253 et
3262 1199 3391 1256 ideo
3423 1203 3731 1274 trepidave-

2081 1287 2215 1337 runt
2241 1284 2442 1337 timore
2461 1283 2555 1338 ubi
2574 1300 2683 1339 non
2707 1288 2825 1340 erat
2850 1287 3032 1341 timor.
3066 1286 3411 1344 Timuerunt
3429 1292 3582 1347 enim
3609 1309 3739 1363 per-

2082 1371 2219 1426 dere
2241 1372 2614 1440 mundum,et
2629 1389 2746 1428 non
2763 1373 3089 1431 timuerunt
3102 1378 3343 1448 perdere
3355 1383 3536 1435 Deum
3551 1382 3730 1452 (Joan.

2080 1461 2189 1531 χι).
2242 1460 2342 1527 Ut,
2403 1461 2463 1516 Si
2500 1461 2830 1518 dimittimus
2857 1479 2983 1518 eum
3011 1466 3120 1530 sic,
3170 1481 3353 1522 omnes
3402 1468 3623 1524 credent
3675 1472 3736 1524 in

2081 1565 2227 1605 eum.
2253 1549 2470 1605 Revera
2486 1552 2848 1623 cognoscetis
2871 1569 2988 1621 me,
3008 1554 3161 1608 viam
3184 1555 3365 1627 pacis,
3386 1573 3489 1628 per
3508 1574 3731 1629 poenas.

2083 1638 2361 1705 Quoniam
2394 1639 2675 1706 Dominus,
2708 1639 2928 1696 scilicet
2957 1657 3065 1714 ego
3093 1642 3381 1715 Christus,
3416 1648 3476 1700 in
3505 1663 3734 1717 genera-

2081 1729 2226 1783 tione
2249 1727 2395 1796 iusta
2416 1733 2515 1794 est,
2539 1729 2597 1784 id
2620 1734 2727 1797 est,
2753 1729 2810 1784 in
2837 1729 3003 1802 plebe
3033 1748 3141 1787 sua
3160 1750 3338 1804 quam
3365 1752 3469 1791 vos
3494 1737 3732 1794 devora-

2082 1816 2178 1885 tis,
2211 1833 2339 1889 qua:
2354 1818 2519 1888 justa
2537 1822 2649 1887 est,
2673 1818 2810 1890 quia
2839 1820 3093 1877 Creatori
3127 1839 3230 1878 suo
3252 1824 3429 1880 servit
3458 1830 3515 1881 et
3544 1827 3734 1900 magis

2081 1906 2273 1978 diligit
2303 1906 2495 1962 lucem
2528 1924 2703 1979 quam
2735 1909 3027 1965 tenebras.
3068 1910 3185 1967 Vos
3216 1915 3411 1968 autem
3443 1917 3735 1971 consilium

2079 1996 2261 2067 inOpis
2288 1997 2632 2067 con/adistis,
2685 1997 2743 2051 id
2774 2001 2881 2063 est,
2923 2000 3235 2056 confusum
3265 2006 3322 2057 et
3350 2003 3733 2062 indiscretum

2080 2085 2333 2154 putastis
2361 2084 2676 2140 consilium
2708 2086 2921 2158 inopis,
2955 2086 3010 2142 id
3035 2093 3124 2144 est
3143 2088 3389 2146 humilis
3412 2092 3481 2147 de
3502 2110 3564 2149 se
3586 2094 3734 2149 nihil

2083 2175 2489 2243 praesumentis
2522 2192 2534 2228 :
2588 2174 2719 2229 ideo
2751 2176 2890 2245 quia
2920 2177 3186 2233 Dominus
3213 2196 3334 2249 spes
3362 2183 3479 2251 ejus
3509 2187 3620 2249 est,
3675 2184 3731 2239 id

2084 2265 2191 2327 est,
2226 2261 2366 2332 quia
2395 2278 2511 2316 non
2550 2262 2780 2319 vidistis
2810 2263 2868 2318 in
2900 2281 2966 2319 eo
2996 2282 3272 2339 pompam
3302 2268 3480 2340 hujus
3513 2272 3731 2328 saeculi.

2084 2349 2150 2403 Et
2182 2366 2297 2405 non
2319 2350 2538 2405 frustra
2560 2350 2619 2405 in
2652 2368 2786 2407 eum
2815 2354 3089 2424 speravit,
3122 2357 3260 2427 quia
3291 2358 3415 2429 ipse
3447 2359 3609 2416 dabit
3638 2362 3738 2418 Sa-

2082 2436 2273 2493 lutare
2322 2438 2517 2494 Israel.
2563 2441 2634 2495 Et
2663 2440 2772 2496 hoc
2804 2442 3040 2513 probat,
3071 2445 3239 2516 quasi
3272 2447 3464 2504 dicat:
3497 2448 3737 2507 Constat

2082 2526 2274 2594 vobis,
2307 2544 2340 2582 ο
2367 2528 2585 2599 Judaei,
2622 2530 2777 2600 quod
2806 2531 2962 2601 quis,
2995 2532 3052 2586 id
3086 2537 3175 2588 est
3204 2533 3446 2607 aliquis,
3482 2553 3552 2593 ea:
3577 2538 3733 2610 Sion,

2086 2614 2309 2669 scilicet
2336 2616 2599 2677 veniens.
2632 2617 2688 2671 id
2721 2622 2829 2684 est,
2863 2635 2932 2673 ex
2961 2619 3206 2677 Judaica
3234 2623 3413 2693 tribu,
3445 2627 3601 2683 dabit
3629 2634 3735 2686 Sa-

2082 2701 2263 2758 lutare
2284 2704 2474 2769 Israel,
2508 2705 2563 2759 id
2596 2710 2683 2760 est
2708 2706 2861 2761 ﬁdeli
2883 2709 3097 2779 populo
3119 2722 3254 2768 eum
3285 2712 3504 2770 videnti
3533 2733 3637 2789 per
3667 2718 3735 2773 fi-

2084 2790 2240 2845 dem.
2266 2791 2408 2856 Quis
2429 2792 2582 2848 alius
2608 2794 2919 2864 dabit,nisi
2941 2796 3228 2857 Dominus
3247 2802 3419 2873 cujus
3441 2803 3736 2862 humilita-

2083 2881 2199 2935 tem
2230 2881 2708 2953 contempsistis?
2739 2885 2852 2939 Aut
2881 2884 2975 2940 hic
3007 2891 3109 2942 aut
3138 2888 3308 2945 alius.
3354 2890 3572 2948 Revera
3601 2893 3731 2951 iste.

2082 2967 2152 3022 Et
2183 2967 2291 3023 hoc
2324 2969 2597 3040 quando?
2630 2971 2765 3026 Cum
2795 2977 3057 3030 averterit
3091 2977 3375 3045 Dominus,
3406 2979 3465 3035 id
3496 2986 3605 3053 est,
3635 2999 3729 3038 re-

2083 3057 2364 3113 movebit:
2386 3061 2784 3130 captivitatem,
2808 3061 2866 3116 id
2888 3067 2977 3119 est
3007 3066 3455 3135 passibilitatem
3486 3074 3544 3126 et
3572 3088 3726 3128 mor-

2082 3144 2366 3201 talitatem
2391 3164 2509 3218 qua
2527 3149 2754 3219 captiva
2775 3154 3032 3207 tenetur:
3054 3154 3226 3223 plebis
3247 3171 3385 3212 suae.
3410 3160 3545 3222 Quae
3567 3176 3730 3216 aver-

2002 3215 2045 3280 C
2094 3233 2181 3288 sio
2229 3215 2741 3305 captivitatis—hoc
2791 3241 2964 3294 modo
2994 3215 3095 3296 ﬁet
3126 3258 3138 3296 :
3182 3215 3513 3314 Emsultabit,
3545 3248 3604 3301 id
3634 3255 3744 3316 est,

2098 3322 2401 3391 gaudebit,
2454 3324 2674 3379 scilicet
2716 3328 2773 3379 in
2809 3344 2912 3398 spe
2940 3329 3141 3383 eadem
3174 3330 3339 3402 plebs
3370 3333 3522 3389 facta
3548 3337 3743 3405 Iacob,

2099 3408 2156 3461 id
2189 3413 2309 3473 est,
2359 3413 2739 3482 progrediens
2787 3415 2858 3470 de
2895 3417 3108 3473 virtute
3137 3418 3196 3473 in
3228 3419 3522 3479 virtutem.
3567 3425 3747 3483 Jacob

2100 3495 2256 3550 enim
2278 3496 2388 3552 hoc
2410 3515 2620 3579 nomen
2642 3500 2867 3571 habuit,
2882 3520 3015 3559 cum
3036 3508 3506 3578 peregrinaretur
3520 3518 3577 3568 et
3593 3519 3751 3571 esset

2101 3584 2162 3639 in
2194 3601 2528 3658 progressu.
2564 3588 2625 3642 In
2659 3589 2847 3643 reditu
2872 3593 2941 3646 ad
2968 3594 3217 3663 patriam
3240 3594 3470 3654 luctans
3491 3616 3625 3657 cum
3648 3620 3749 3657 an-

2099 3672 2250 3746 gelo,
2278 3674 2455 3730 Israel
2482 3677 2821 3733 nominatus
2846 3684 2934 3734 est
2955 3681 3108 3751 (Gen.
3133 3683 3322 3754 xxxv).
3349 3685 3416 3739 Et
3437 3693 3569 3757 post
3600 3689 3752 3745 facta

2099 3764 2286 3831 Israel,
2321 3763 2377 3819 id
2411 3768 2502 3820 est
2532 3766 2733 3822 videns
2763 3767 2969 3837 Deum,
3004 3771 3279 3827 laetabitur
3298 3774 3577 3846 plenarie,
3604 3776 3751 3833 facie

2100 3853 2172 3907 ad
2197 3853 2402 3909 faciem
2422 3854 2627 3911 videns
2659 3873 2831 3929 quem
2858 3858 3023 3929 prius
3053 3875 3155 3932 per
3184 3861 3489 3934 speculum
3518 3863 3754 3923 videbat

2100 3942 2146 4012 (I
2180 3942 2302 3999 Cor.
2332 3944 2456 4015 xm)
2490 3960 2502 3998 :
2556 3945 2645 4000 vel
2688 3945 2867 4001 Jacob
2908 3947 3091 4015 facta,
3126 3950 3184 4005 id
3217 3955 3307 4007 est
3336 3954 3751 4026 supplantatrix

2100 4030 2393 4102 accipiens
2424 4032 2815 4106 primogenita
2843 4036 3073 4093 Judaici
3106 4040 3329 4112 populi,
3361 4040 3419 4098 id
3451 4046 3540 4099 est
3569 4043 3747 4100 haere-

2100 4119 2343 4176 ditatem
2376 4138 2504 4193 quae
2537 4121 2621 4176 illi
2652 4124 2945 4194 promissa
2977 4127 3105 4183 fuit.

2624 4247 3009 4306 PSALMUS
3050 4250 3220 4306 XIV.

2681 4352 2943 4393 PSALMUS
2974 4355 3165 4394 DAVID.

290 3246 362 3298 ut
404 3240 716 3314 deglutiat
746 3247 1031 3309 mortuos,
1065 3242 1123 3297 id
1157 3247 1246 3297 est
1276 3248 1576 3315 separatos
1607 3262 1641 3299 a
1670 3245 1786 3300 Deo
1813 3264 1825 3300 :
1864 3244 1973 3300 lin-

284 3333 423 3402 guis
453 3330 592 3386 suis
614 3330 797 3386 dolose
824 3331 1076 3402 agebant.
1110 3331 1384 3402 Magister,
1415 3334 1621 3387 scimus
1658 3336 1792 3404 quia
1822 3351 1992 3389 verax

286 3434 348 3475 es
380 3417 625 3490 (Matth.
657 3418 819 3490 xm).
861 3417 966 3474 Vel
1006 3420 1077 3473 de
1110 3418 1388 3474 omnibus
1419 3419 1649 3476 dictum
1677 3437 1690 3474 :
1723 3438 1991 3476 venenum

280 3508 582 3581 aspidum
626 3507 727 3562 sub
782 3505 949 3562 labiis
1000 3523 1210 3573 eorum,
1252 3506 1310 3562 id
1341 3511 1452 3570 est,
1487 3508 1547 3562 in
1583 3509 1757 3563 corde
1788 3525 1990 3565 eorum

286 3596 550 3653 malitia
611 3594 718 3651 illa
754 3612 884 3668 qua
915 3600 1003 3651 est
1036 3595 1383 3651 insanabilis
1409 3600 1474 3652 ut
1505 3596 1648 3652 illud
1678 3614 1988 3654 venenum.

273 3693 518 3751 Aliter:
557 3691 745 3765 Aspis
774 3691 992 3749 timens
1023 3693 1483 3749 incantationem
1514 3694 1817 3765 Marsi,qui
1850 3697 1987 3767 ejus

273 3798 610 3840 venenum
644 3780 769 3836 vult
796 3781 1011 3837 habere
1059 3785 1262 3837 contra
1306 3781 1421 3837 alia
1450 3798 1672 3838 venena
1708 3800 1720 3838 ε
1763 3784 1873 3840 hoc
1902 3801 1992 3875 est

279 3872 454 3928 enim
492 3871 642 3943 ejus
670 3873 880 3926 natura
909 3874 974 3925 ut
994 3868 1110 3926 alia
1130 3886 1354 3926 venena
1383 3870 1659 3943 expellat,
1690 3872 1739 3928 si
1766 3868 1996 3947 invenii

276 3960 343 4016 in
398 3957 725 4017 animali:
780 3958 828 4014 si
885 3975 1031 4028 non,
1088 3959 1282 4015 subito
1314 3959 1609 4015 interﬁcit.
1652 3960 1733 4017 Ne
1764 3962 1989 4028 audiat,

279 4066 478 4106 unam
505 4063 733 4105 aurem
764 4051 933 4103 terrae
964 4047 1224 4114 adhibet,
1256 4047 1498 4105 alteram
1533 4050 1721 4105 cauda
1749 4053 1985 4122 premit.

277 4139 408 4196 Ista
442 4137 565 4194 isti
604 4139 676 4192 ut
703 4152 819 4192 non
851 4135 1096 4191 audiant
1126 4137 1405 4193 mandata
1440 4137 1536 4192 Dei
1572 4155 1775 4193 aurem
1799 4140 1990 4197 cordis

272 4225 718 4301 praesentibus
738 4225 911 4280 bonis
935 4223 1094 4281 velut
1113 4228 1278 4280 terra:
1299 4226 1569 4299 afﬁgunt,
1590 4229 1896 4300 praeteritae
1914 4228 1993 4285 vi-

272 4320 351 4373 ta:
384 4313 848 4373 delectationes
879 4313 976 4369 alii
1008 4313 1313 4386 replicant.
1357 4314 1428 4369 Et
1456 4315 1609 4381 ideo,
1637 4318 1908 4375 Contritio
1937 4324 1988 4375 et

273 4406 673 4478 infelicitas:
694 4402 966 4459 contritio
988 4402 1046 4457 in
1066 4419 1327 4475 corpore,
1349 4402 1662 4460 infelicitas
1687 4405 1745 4461 in
1771 4408 1988 4463 anima.
2173 4443 2201 4471 α
2239 4420 2497 4488 nomine,
2531 4422 2663 4492 quis
2684 4423 2975 4479 habitabit
2995 4425 3052 4479 in
3075 4408 3451 4483 tabernacula
3482 4404 3621 4485 tuo?
3651 4435 3754 4486 aut

266 4503 381 4561 Vel
416 4501 661 4559 infelix
690 4498 995 4566 contritio,
1050 4499 1275 4556 scilicet
1312 4517 1548 4557 summa
1577 4503 1874 4559 damnatio
1923 4506 1985 4559 in
2017 4580 2053 4591 ﬁ
2101 4533 2128 4559 ‹‹
2163 4510 2297 4583 quis
2320 4510 2642 4582 requiescet
2665 4513 2719 4564 in
2745 4517 2943 4567 monte
2965 4520 3167 4569 sancto
3187 4516 3326 4571 tuo?
3354 4517 3463 4581 Qui
3493 4517 3749 4591 ingredi-

266 4595 382 4649 υἱέε
402 4608 662 4655 eorum,
686 4588 744 4643 id
766 4592 875 4655 est,
904 4588 963 4643 in
987 4588 1282 4661 operibus.
1308 4589 1469 4645 Unde
1494 4589 1662 4660 illud,
1689 4591 1793 4659 Qui
1813 4594 1981 4664 oﬂisn-
2014 4580 2060 4645 D
2093 4621 2121 4649 ‹‹
2156 4580 2254 4654 tur
2283 4580 2416 4655 sine
2442 4598 2672 4653 macula
2701 4603 2759 4654 et
2780 4609 3051 4671 operatur
3072 4603 3395 4672 justitiam.
3419 4606 3526 4670 Ουί
3556 4580 3747 4681 loqui-

262 4684 424 4741 derit
453 4684 529 4738 in
567 4677 829 4751 lapidem
856 4679 999 4733 hunc
1027 4680 1405 4750 confringetur
1425 4698 1442 4733 :
1473 4696 1638 4751 super
1665 4696 1825 4751 quem
1861 4699 1972 4738 verc

2096 4712 2121 4737 ‹‹
2157 4692 2256 4743 tur
2285 4687 2585 4744 veritatem
2617 4688 2678 4742 in
2708 4688 2879 4744 corde
2909 4707 3037 4761 suo,
3061 4690 3158 4762 qui
3184 4708 3298 4749 non
3321 4695 3442 4767 egit
3463 4677 3664 4754 dolum
3688 4698 3747 4753 in

262 4771 590 4835 ceciderit,
627 4770 877 4823 conteret
908 4781 1031 4821 eum
1063 4766 1266 4838 (Matth.
1300 4767 1437 4838 χιιι).
1471 4767 1578 4831 Qui
1611 4768 1767 4825 enim
1799 4771 1972 4826 ofl‘en-

2096 4800 2124 4827 ‹‹
2158 4776 2359 4849 lingua
2390 4794 2516 4832 sua.
2536 4777 2652 4831 Nec
2684 4776 2819 4831 fecit
2847 4777 3109 4850 proximo
3139 4797 3246 4837 suo
3276 4766 3522 4854 malum,
3554 4789 3612 4840 et
3640 4801 3748 4857 op-

263 4862 360 4918 dit
383 4859 648 4917 Filium
666 4855 771 4911 Dei
796 4872 912 4912 non
937 4854 1224 4911 credendo
1245 4855 1635 4928 confringitur
1653 4856 1989 4930 intus,quia
2098 4889 2125 4917 «
2163 4867 2465 4937 probrium
2492 4882 2605 4921 non
2629 4865 2852 4937 accepit
2872 4867 3152 4924 adversus
3173 4872 3473 4942 proximos
3496 4854 3751 4929 suos.Ad

262 4964 462 5005 omne
499 4946 716 5003 robur
744 4943 928 5041 animi
956 4942 1191 5041 amittit.
1226 4943 1416 5015 Super
1443 4942 1612 5041 illum
1636 4945 1792 5041 cadit
1821 4945 1987 5041 Chri-
2099 4977 2126 5004 «
2161 4952 2413 5009 nihilum
2437 4954 2724 5008 deductus
2746 4958 2833 5010 est
2855 4954 2915 5010 in
2938 4962 3253 5028 conspectu
3280 4960 3409 5030 ejus
3430 4959 3729 5033 malignus
3772 5029 3788 5041 _

260 5042 432 5109 stus,
472 5048 691 5110 quem
731 5031 940 5088 ultimo
987 5031 1210 5103 judicio
1242 5030 1487 5088 conterit
1516 5030 1735 5104 duplici
1766 5033 1987 5089 contri-
2099 5065 2125 5092 α
2160 5042 2437 5097 timentes
2466 5045 2663 5097 autem
2707 5043 3020 5100 Dominum
3075 5044 3383 5118 gloriﬁcat.
3438 5047 3546 5111 Qui
3581 5030 3729 5120 δαΐα

260 5128 464 5185 tione.
492 5126 582 5182 Et
606 5121 734 5178 hoc
754 5120 906 5188 ideo,
937 5120 1078 5193 quia
1102 5122 1251 5176 viam
1270 5121 1441 5192 pacis,
1469 5119 1529 5176 id
1551 5124 1659 5188 est,
1693 5119 1986 5177 Christum
2103 5153 2131 5182 ‹‹
2162 5129 2424 5202 proximo
2456 5147 2562 5185 suo
2592 5134 2650 5186 et
2680 5149 2796 5187 non
2827 5133 3043 5203 decipit
3068 5149 3080 5186 :
3117 5133 3220 5205 qui
3245 5135 3558 5205 pecuniam
3583 5119 3757 5194 suam

264 5219 377 5292 qui
404 5215 604 5281 dicit,
645 5209 1051 5279 Veniteadme,
1082 5210 1179 5281 qui
1207 5209 1470 5265 laboratis
1498 5208 1709 5280 (Matth.
1743 5212 1846 5282 XI),
1880 5227 1989 5265 non
2104 5240 2131 5269 «
2164 5236 2278 5274 non
2310 5218 2470 5275 dedit
2499 5219 2569 5273 ad
2604 5237 2865 5285 usuram,
2902 5226 2959 5275 et
2989 5222 3443 5295 munera'supep
3478 5224 3756 5282 innocen.

257 5304 718 5380 cognoverunt.
750 5298 898 5353 Nam
930 5296 978 5354 si
1012 5301 1427 5370 cognoscerent
1456 5296 1666 5365 Deum,
1688 5297 1986 5353 timerent.
2103 5330 2131 5357 ››
2162 5311 2279 5363 tem
2314 5324 2426 5363 non
2462 5308 2705 5379 accepit.
2730 5308 2836 5372 Qui
2872 5307 3009 5362 facit
3038 5308 3160 5365 haec
3182 5328 3303 5379 (non
3337 5313 3667 5370 movebitur
3695 5315 3755 5373 in

258 5405 337 5462 Et
397 5404 531 5460 hoc
599 5398 731 5466 est,
790 5396 909 5452 Non
955 5399 1034 5451 est
1073 5396 1237 5450 timor
1276 5394 1372 5448 Dei
1409 5403 1535 5450 ante
1562 5395 1747 5451 oculos
1779 5411 1990 5463 eorum,
2030 5388 2035 5393 ’
2103 5418 2132 5446 ‹‹
2164 5400 2472 5452 aeternum.
2501 5418 2529 5445 »

260 5494 325 5550 id
358 5497 489 5560 est,
528 5490 607 5544 in
648 5489 857 5541 mente
886 5500 1112 5540 eorum.
1147 5482 1322 5548 Quasi
1352 5481 1543 5537 dicat:
1578 5483 1750 5537 Modo
1782 5484 1994 5540 nolunt

256 5583 433 5642 viam
490 5575 722 5654 pacis,
780 5573 837 5628 id
870 5577 961 5630 est
998 5588 1092 5628 me
1140 5587 1245 5643 per
1282 5570 1746 5628 misericordiam
1777 5589 1991 5647 cogno-

259 5688 474 5741 scere,
514 5665 643 5725 sed
683 5660 1010 5735 aliquando
1039 5661 1391 5734 cognoscent
1420 5674 1523 5732 per
1547 5675 1800 5733 poenam.
1828 5661 1992 5726 Quod

2735 5486 3134 5543 ENARRATIO.

2172 5572 2444 5630 Psalmus
2477 5573 2608 5646 iste,
2645 5575 2868 5631 Domine
2896 5579 3016 5648 quis
3040 5577 3333 5649 habitabit,
3366 5579 3452 5636 sic
3483 5596 3619 5637 cum
3653 5599 3754 5639 su-

2104 5661 2315 5734 periori
2346 5663 2753 5735 continuatur,
2799 5665 2969 5737 quasi
3013 5665 3214 5722 dicat:
3267 5668 3383 5741 Ego
3432 5669 3551 5727 dixi
3599 5674 3755 5744 quod
