4016 6192
274 364 386 428 2H
834 361 1143 427 REMIGII
1186 356 1942 425 ANTISSIODORENSIS
1987 356 2161 420 OPP.
2209 354 2412 416 PARS
2457 352 2506 413 Ι.
2538 380 2617 398 -
2644 342 3109 411 EXEGETIGA.
3560 328 3683 399 ΞΒ

273 504 415 556 tunc
443 496 609 554 dabit
636 497 903 555 Salutare
931 497 1140 566 Israel,
1174 513 1308 553 cum
1339 495 1612 552 averterit
1638 493 1922 549 Dominus
1952 492 2006 558 Α
2037 492 2373 561 conspectu,
2398 487 2457 543 id
2479 490 2568 543 est
2589 482 2949 558 providentia
2976 476 3160 566 animi
3180 475 3337 566 ejus.
3371 471 3592 566 Aliter:
3626 471 3691 526 in

277 587 668 662 captivitatem
698 586 885 659 plebis
915 604 1033 642 suae
1060 605 1072 642 :
1107 560 1207 642 sed
1241 584 1440 641 nullus
1470 583 1583 639 sibi
1605 583 1663 638 in
1690 583 1800 638 hoc
1822 598 1922 653 ap-
2036 560 2319 649 conspectu
2348 576 2486 647 ejus,
2519 574 2575 628 id
2609 576 2696 629 est
2726 571 2784 625 in
2814 570 2942 641 ejus
2975 564 3307 662 cognitione
3335 579 3353 614 :
3387 560 3688 662 malignus,

280 649 553 752 plaudat,
603 649 741 748 quia
770 693 886 732 non
918 692 1124 732 omnes
1156 674 1533 748 computandi
1565 676 1705 728 sunt
1735 672 1794 726 in
1825 649 1928 726 illa
2035 667 2093 723 id
2125 671 2215 722 est
2242 663 2512 722 diabolus
2541 661 2642 735 qui
2673 678 2775 733 per
2804 676 2867 715 se
2896 673 3068 730 posse
3085 651 3406 752 prmvalere
3428 649 3682 752 videtur,

281 735 468 840 plebe.
502 735 844 838 duicunque
874 768 1066 821 autem
1090 735 1441 820 voluntesse
1463 763 1591 834 ejus
1613 761 1801 833 plebis
1825 778 1925 816 au-
2036 754 2300 811 deductus
2329 761 2407 809 est
2432 752 2501 807 ad
2526 750 2787 819 nihilum,
2820 747 2879 802 id
2913 750 3002 801 est
3033 743 3105 800 ad
3137 745 3438 840 creaturas
3463 735 3697 840 quaeide

284 823 451 913 diant
469 823 919 927 descriptionem
949 853 1205 909 militum
1229 851 1462 908 Christi.
1486 823 1630 915 Duae.
1642 850 1931 905 sententia
2039 843 2222 900 nihilo
2249 846 2453 897 creata:
2477 843 2644 894 sunt:
2674 836 2898 893 scilicet
2920 830 3219 905 cognoscit
3240 826 3538 884 diabolum
3561 823 3697 923 illos

283 950 351 1001 ut
379 943 792 1001 auctorabilior
821 944 926 1012 sit,
972 943 1180 1015 quaerit
1227 941 1408 997 Filius
1447 958 1481 997 a
1509 941 1676 995 Patre
1707 938 1808 1011 qui
1846 936 1930 992 illi
2042 931 2413 990 solummodo
2437 945 2610 1002 posse
2628 927 2857 982 vincere
2883 939 3029 995 quos
3058 938 3091 977 a
3119 935 3255 975 vera
3275 921 3334 972 et
3352 931 3588 986 semper
3608 912 3700 1015 in-

282 999 407 1090 sint
432 999 536 1105 qui
690 999 927 1088 strenue
957 999 1020 1088 se
1049 1031 1304 1087 habeant
1330 1030 1390 1086 in
1421 999 1796 1085 tabernaculo
1815 1071 1828 1096 ,
1872 1026 1930 1082 id
2041 999 2454 1078 commutabili
2492 1017 2683 1089 specie
2730 1015 2802 1070 ad
2832 1015 3162 1069 creaturam
3194 1011 3251 1105 et
3279 999 3702 1105 commutabile

281 1089 372 1181 est
392 1089 468 1179 iri
493 1122 724 1189 castris,
756 1122 858 1177 ubi
890 1121 1165 1177 donativa
1194 1119 1512 1175 dabuntur.
1640 1182 1641 1189 γ
1816 1089 1826 1096 ’
2043 1110 2398 1166 desiderium
2418 1106 2690 1173 vertit,ut
2710 1105 2781 1159 ad
2805 1098 3109 1174 pecuniam
3134 1091 3465 1189 vel‘aliquid
3486 1089 3701 1146 horum

2045 1215 2172 1271 quas
2190 1197 2371 1268 hujus
2393 1195 2601 1251 mundi
2625 1197 2787 1260 sunt,
2802 1191 3004 1260 eisque
3025 1203 3087 1243 se
3103 1182 3374 1255 subjicit:
3399 1184 3541 1235 tunc
3560 1192 3700 1234 eum

2045 1268 2215 1357 quasi
2250 1300 2427 1357 super
2456 1299 2519 1338 se
2550 1281 2805 1338 deducit.
2859 1278 3134 1333 Timentes
3180 1275 3366 1328 antem
3410 1268 3705 1324 Dominum

2045 1355 2341 1448 qloriﬁcat:
2388 1373 2602 1428 Contra
2632 1369 2777 1425 illud
2811 1368 2884 1423 ad
2916 1363 3174 1420 nihilum
3206 1360 3497 1448 deductus
3527 1359 3617 1411 est
3646 1355 3703 1409 in

2048 1445 2362 1537 conspectu
2384 1462 2533 1533 ejus,
2561 1460 2616 1515 id
2638 1463 2746 1528 est,
2772 1455 2906 1512 illos
2928 1452 3218 1527 gloriﬁcat
3240 1445 3557 1537 quipotius
3582 1461 3702 1537 ser-

290 1536 411 1588 vm)
437 1536 450 1571 :
484 1536 607 1586 quis
634 1536 924 1614 habitavit,
945 1536 1002 1568 iu
1027 1536 1115 1568 est
1140 1536 1378 1568 assiuue
1404 1536 1664 1565 iuaueuu
1683 1536 1739 1563 m
1762 1536 1939 1608 tuaeq-
2051 1553 2218 1609 viunt
2246 1549 2501 1607 Creatori
2580 1563 2716 1603 nam
2748 1547 3045 1600 creaturae.
3094 1539 3241 1595 Hinc
3288 1536 3361 1591 ad
3409 1536 3708 1607 gregarios

290 1605 635 1660 naculotuo’
663 1604 720 1658 id
746 1608 854 1675 est,
889 1620 946 1657 in
978 1601 1089 1657 hac
1109 1598 1417 1672 temporali
1450 1596 1714 1655 ecclesia.
1745 1598 1941 1652 Militia
2055 1641 2268 1675 mm,”
2299 1638 2509 1675 hanc”
2538 1566 2646 1675 qm
2679 1635 2775 1675 mn
2806 1628 3102 1675 hnhimhit
3129 1626 3187 1675 ίη
3221 1621 3600 1675 tabernacmo
3652 1624 3708 1675 et

2055 1641 2269 1698 milites
2299 1638 2530 1696 transit.
2577 1637 2649 1691 Et
2679 1635 2776 1690 ille
2806 1628 3102 1688 habitabit
3129 1626 3189 1682 in
3221 1621 3621 1692 tabernaculo,
3652 1624 3713 1675 et

292 1699 370 1751 est
382 1694 500 1784 13"“
521 1695 761 1784 νιοτηίηίς
781 1709 946 1784 {iper
960 1688 1837 1784 "‘"i‘i’f’b'Y‘il‘.q“i‘f_d9fn“f’
1853 1689 1944 1784 8.31:
2053 1688 2939 1784 nb-st:vreo.iii-escetﬂinpalatio,
2973 1720 3073 1784 qui
3108 1718 3270 1784 jurat
3296 1713 3553 1783 proximo
3596 1688 3694 1764 «tuo

292 1730 370 1751 ων
392 1730 500 1750 um.
781 1730 930 1764 οημυ,
963 1730 1027 1748 ιν,
1044 1730 1059 1745 ,
1076 1730 1317 1761 ...ημυω
1341 1730 1432 1762 ,
1448 1732 1461 1744 .
1484 1730 1608 1760 ,ιι-υ,
1629 1730 1837 1743 μνη...-
1855 1730 1944 1741 ν--

292 1783 697 1849 militantium,
713 1780 933 1838 scilicet
957 1781 1017 1836 in
1037 1778 1449 1836 ecclesiasticis
1468 1776 1785 1833 institutis:
1806 1774 1942 1830 inde

2082 1734 2203 1798 νοεῖ,
2234 1730 2562 1802 requiescet
2611 1730 2671 1779 in
2703 1730 2939 1796 palatio,
2973 1730 3071 1791 qui
3108 1730 3270 1789 Jurat
3296 1730 3553 1783 proximo
3596 1730 3670 1764 ,τω

2082 1818 2278 1853 mmini
2315 1821 2363 1853 οι
2391 1833 2498 1853 mn”
2529 1814 2732 1853 dor-ini!
2771 1807 3125 1853 mantiandn-
3176 1801 3548 1853 Augustinus
3582 1816 3594 1853 ζ
3646 1800 3670 1853 ι

292 1806 933 1849 ωιιιιᾱῐιιιιιωβυιιιυθι
960 1806 1017 1836 lu
1037 1806 1449 1836 eumculuauum
1471 1806 1785 1833 Iubuhuua.
1807 1806 1942 1830 iuuu
2057 1818 2280 1875 homini
2314 1821 2364 1873 et
2391 1833 2500 1872 non
2529 1815 2647 1870 dea.
2687 1814 2732 1869 ἰι
2771 1807 3105 1866 mentiendo
3175 1806 3548 1875 Augustinus
3582 1816 3594 1828 ,
3646 1806 3714 1853 ιη

290 1874 347 1964 9t
367 1868 817 1964 “opillbemiufp
841 1868 1074 1964 ἀὲοίιυη
1093 1867 1265 1964 {magi
1288 1861 1942 1964 cgntupemiuinfocm-
1981 1882 2028 1947 Η
2064 1908 2324 1964 humanis
2344 1831 2717 1961 cM-tractibis
2737 1901 2926 1964 iurare
2948 1897 3093 1963 licet,
3113 1849 3222 1949 .sed
3241 1891 3358 1947 ideo
3379 1840 3714 1962 prohibetur,

290 1906 347 1926 υ..
367 1906 817 1926 νυμυυυυιωωμ
841 1906 1043 1924 υιυηι..
1062 1909 1074 1933 ,
1093 1906 1265 1939 qua...
1288 1906 1738 1921 νυ.,υ...,υ,...,....
1761 1906 1915 1918 πων
2289 1908 2298 1918 .
2608 1906 2616 1915 .
2747 1906 2757 1912 .
2984 1906 2991 1908 ἡ

288 1960 382 2014 tas
428 1955 812 2012 tabernaculi.
863 1956 967 2010 Αιιε
1013 1956 1135 2026 qua
1176 1956 1476 2025 requiescet
1519 1955 1651 2025 post
1688 1950 1950 2006 laborem
1982 1906 2025 1947 “
2064 1906 3716 2026 ἒῖίπὲῗέὶὶξῗῗξνὲἷῗξῖἰῗνίίζῖἐιῗῒθίὶηῗέίῗιὶαῖθηξνὲἒίιῗξέἷῖιξ

2062 2012 2132 2053 ne
2162 1995 2463 2051 assiduitas
2501 1995 2797 2063 perjurare
2838 1987 3033 2059 faciat.
3083 1984 3153 2039 Et
3178 1980 3277 2036 ille
3306 1980 3407 2052 qui
3432 1980 3723 2049 pecuniam

299 2045 607 2118 praesentis
631 2044 761 2100 vitae
783 2046 841 2100 in
866 2051 1049 2100 monte
1067 2055 1255 2098 sancto
1277 2041 1407 2098 tuo?
1438 2041 1497 2096 id
1524 2043 1612 2096 est
1639 2039 1699 2096 in
1731 2038 1956 2095 excelso
2066 2038 2132 2053 ”“’
2162 2038 2679 2118 ”“’”“””ξ,””ν,¹ῗ””⁴”’
2701 2038 2747 2045 ”’
2769 2038 2789 2044 ⁷
2838 2038 2851 2059 ⁸
3084 2038 3095 2039 ί
3314 2038 3329 2052 ⁸
3432 2038 3443 2049 ’
3467 2066 3478 2075 ·
3670 2062 3684 2075 ο

2069 2100 2223 2118 mn...
2257 2098 2365 2118 mn"
2438 2097 2465 2118 ο
2505 2087 2548 2118 η
2578 2079 2647 2118 ml
2677 2093 2905 2118 ηυηοηιηι
2978 2073 3076 2118 ειρά
3113 2068 3510 2118 accomodawt
3539 2067 3684 2118 grati

300 2067 607 2145 “genus
632 2067 761 2145 “iw
783 2067 841 2144 1."
866 2067 1049 2100 manu"
1067 2067 1255 2142 ’Ϊαησιυ
1277 2067 1402 2140 mu.‘
1439 2067 1612 2140 "1.6”"
1640 2067 1699 2096 ω
1731 2067 1956 2095 “cum”
2063 2100 2227 2140 suam
2257 2098 2370 2138 non
2400 2080 2548 2137 dedit
2577 2079 2648 2135 ad
2677 2093 2905 2133 usuram
2978 2073 3081 2130 sed
3113 2067 3510 2127 accomodavit
3538 2067 3723 2137 gratis

299 2132 665 2203 habitaculo,
700 2150 759 2188 in
791 2132 893 2188 illo
922 2132 1138 2204 palatio
1162 2129 1415 2186 coelestis
1445 2128 1831 2197 Hierusalem,
1856 2126 1958 2187 ubi
2282 2177 2298 2204 ι
2578 2168 2655 2204 m.
2888 2118 2932 2204 ιζ
3075 2165 3121 2204 p
3359 2156 3371 2168 .
3504 2153 3519 2166 ο

2069 2190 2273 2204 “mm...
2306 2188 2409 2204 nnc
2455 2187 2573 2204 mm
2642 2184 2760 2204 mm
2811 2183 2837 2204 ο
2934 2180 3001 2204 an
3124 2164 3246 2204 nter
3274 2174 3370 2204 mn
3404 2156 3475 2204 de
3503 2169 3722 2204 πηοεν-

356 1248 607 1314 Domine,
639 1248 811 1318 cujus
836 1244 1172 1302 auctoritati
1202 1247 1292 1300 est
1316 1243 1776 1308 concedendum,
1799 1256 1934 1297 cum

291 1339 411 1394 sint
439 1337 636 1410 plures
666 1352 859 1392 raram
889 1333 1311 1392 habitationem
1342 1333 1625 1389 habentes
1654 1349 1667 1387 :
1701 1329 1841 1402 quia
1867 1329 1937 1384 ad

286 1430 499 1499 tempus
519 1427 774 1492 credunt,
804 1433 855 1481 et
877 1427 935 1480 in
956 1428 1195 1496 tempore
1216 1423 1478 1478 tentionis
1501 1421 1756 1490 recedunt
1782 1418 1934 1489 (Luc.

288 1515 411 1588 vm)
437 1533 450 1571 :
484 1517 607 1586 quis
634 1514 924 1579 habitabit,
945 1512 1002 1568 id
1027 1517 1115 1568 est
1140 1511 1378 1568 assidue
1402 1510 1664 1565 manebit
1683 1510 1739 1563 in
1762 1510 1939 1564 taber-

322 3640 609 3710 tant,haac
626 3645 683 3697 et
703 3639 870 3696 alios.
890 3643 1086 3696 Potest
1108 3639 1228 3694 haec
1248 3655 1377 3695 esse
1398 3635 1719 3710 propositio
1741 3645 1987 3707 sequen‘
2096 3635 2302 3650 “ww”
2336 3635 2399 3693 ἲν
2428 3635 2627 3691 ἶ“²““”
2669 3635 2850 3686 ""7
2877 3635 2888 3640 '
2942 3635 2968 3639 '
2991 3635 3010 3639 '
3295 3667 3306 3677 .
3419 3664 3432 3676 .

323 3731 464 3755 az..-
500 3730 604 3755 n...-
625 3730 1154 3755 .--...-.-...-_._.-._.-_.
1173 3729 1230 3755 ι..
1250 3726 1509 3755 “dum.
1534 3725 1665 3755 ης,
1682 3739 1885 3755 “mm
1902 3690 1990 3755 Mt
2094 3684 2411 3755 prospemt,
2443 3679 2500 3734 1d
2534 3682 2624 3734 est
2644 3689 2975 3749 prospicere
2996 3686 3059 3727 se
3080 3667 3338 3726 ostendit
3359 3670 3535 3721 etiam
3562 3677 3740 3734 super

298 2239 514 2296 magna
536 2227 625 2278 est
646 2221 953 2289 celsitudo,
968 2237 1183 2294 magna
1201 2219 1484 2276 munitio:
1510 2217 1611 2274 ubi
1634 2216 1833 2273 nullus
1855 2214 1961 2270 ini-

242 2340 247 2345 ·
300 2312 491 2369 micus
511 2311 855 2379 includitur,
881 2310 1081 2367 nullus
1105 2310 1334 2366 amicus
1356 2307 1706 2365 excluditur.
1731 2307 1958 2373 Sancto,

304 2402 445 2475 quia
490 2400 601 2457 soli
669 2401 858 2456 sancti
903 2401 961 2455 in
1007 2399 1109 2454 illa
1140 2399 1372 2455 civitate
1401 2398 1700 2461 habitant,
1743 2394 1963 2452 scilicet

303 2490 543 2561 superni
571 2488 746 2545 cives.
769 2489 1050 2560 Sequitur
1079 2493 1415 2560 competens
1437 2485 1728 2542 ordinatio
1750 2484 1960 2540 horum

305 2576 582 2634 militum.
641 2576 706 2632 In
753 2577 962 2648 primis
1011 2581 1313 2648 ponuntur
1363 2575 1543 2630 fortes
1594 2578 1653 2628 et
1701 2571 1961 2639 loricati,

312 2665 524 2722 deinde
544 2664 777 2737 plebeii.
801 2663 1122 2735 Responsio
1146 2662 1375 2718 Domini
1399 2661 1586 2716 Patris
1611 2678 1625 2715 :
1657 2661 1768 2730 Qui
1788 2661 1965 2731 ingre-

312 2755 467 2811 ditur
511 2755 631 2809 siue
674 2752 923 2822 macula,
976 2751 1033 2807 id
1065 2755 1181 2818 est,
1225 2750 1322 2820 qui
1351 2750 1489 2805 vivit
1519 2750 1646 2805 sine
1676 2746 1968 2803 criminali

312 2846 552 2917 peccato
584 2842 1029 2915 quod’animam
1077 2839 1378 2896 maculat:
1428 2855 1541 2895 non
1596 2842 1793 2892 tamen
1841 2835 1969 2891 sine

317 2949 510 3001 naevo,
567 2932 623 2988 id
657 2935 778 2997 est,
826 2929 959 2986 levi.
994 2929 1154 2986 Unde
1183 2927 1325 2983 illud
1346 2970 1360 2995 ,
1408 2929 1532 2983 Erit
1581 2930 1766 2981 autem
1793 2941 1970 2995 agnus

318 3021 444 3078 sine
469 3021 685 3076 macula
708 3018 901 3091 (Exod.
924 3018 1051 3091 x11).
1075 3018 1245 3085 Nota,
1267 3015 1598 3088 ingreditur
1617 3013 1706 3070 vel
1728 3013 1890 3069 intus
1909 3013 1970 3067 in

321 3107 772 3183 cognitione,vel
787 3108 897 3164 hoc
909 3105 1354 3163 tabernaculum
1372 3103 1698 3175 ingreditur
1710 3106 1777 3158 ut
1792 3102 1872 3157 ibi
1890 3100 1975 3156 in-

321 3203 601 3254 nocenter
624 3196 799 3253 vivat.
824 3197 894 3252 Et
922 3195 1063 3268 quia
1093 3212 1206 3250 non
1239 3193 1457 3251 sufﬁcit
1485 3208 1714 3249 cessare
1733 3207 1768 3246 a
1797 3190 1949 3245 malo

329 3288 457 3343 ideo
480 3286 747 3360 sequitur
774 3302 787 3343 :
822 3287 897 3341 Et
917 3292 1176 3358 operatur
1193 3284 1499 3355 justitiam,
1528 3281 1587 3337 id
1608 3284 1701 3336 est
1717 3279 1974 3336 edictum

326 3375 481 3450 regis
509 3376 603 3432 sui
625 3374 874 3449 implere
896 3374 1146 3436 laborat.
1175 3370 1588 3445 praetermissis
1610 3368 1740 3425 aliis
1755 3367 1983 3424 virtuti-

290 3507 296 3513 ι
326 3467 604 3523 bus.ldeo
614 3463 909 3536 justitiam
923 3462 1256 3537 ponit,quia
1269 3463 1553 3516 materest
1566 3459 1831 3515 omnium
1848 3456 1984 3514 alia-

325 3570 458 3609 rum
484 3557 542 3608 et
563 3553 778 3624 major:
806 3552 944 3624 quia
970 3554 1189 3607 caetera:
1211 3553 1443 3605 tantum
1466 3548 1777 3604 habentem
1802 3544 1987 3602 delec-

323 3730 604 3799 tium,Qui
620 3730 863 3802 loquitur
872 3731 1158 3785 veritatem
1173 3729 1230 3784 in
1244 3726 1402 3783 corde
1411 3725 1671 3797 suo,quia
1682 3739 1889 3796 parum
1901 3738 1963 3777 es

323 3819 620 3875 viritatem
647 3819 860 3890 dicere,
875 3817 990 3873 nisi
1012 3817 1188 3873 etiam
1213 3817 1296 3871 ita
1315 3815 1393 3870 sit
1414 3815 1474 3869 in
1496 3814 1687 3869 corde.
1706 3809 1987 3867 Diabolus

324 3907 632 3965 veritatem
658 3907 915 3974 dicebat,
940 3906 1084 3976 Quid
1105 3905 1262 3962 nobis
1286 3907 1336 3959 et
1357 3903 1481 3972 tibi,
1512 3902 1595 3957 ﬁli
1614 3902 1746 3956 Dei?
1775 3899 1983 3971 (Matth.

319 3990 474 4067 vui.)
493 4002 551 4052 et
575 4001 773 4052 tamen
796 4012 911 4051 non
938 3994 1242 4051 habitabat
1259 3992 1318 4047 in
1334 3987 1712 4048 tabernaculo
1729 3988 1981 4044 Domini.

328 4090 394 4144 Et
418 4085 517 4143 ille
533 4086 631 4158 qui
650 4101 763 4140 mm
783 4086 896 4153 egit
911 4083 1099 4140 dolum
1115 4084 1175 4138 in
1191 4083 1385 4152 lingua
1398 4077 1519 4148 sua,
1542 4078 1601 4135 id
1624 4081 1731 4149 est,
1746 4076 1847 4150 qui
1869 4094 1984 4134 non

328 4176 661 4232 estlocutus
676 4173 746 4229 ad
763 4172 1162 4246 deceptionem
1179 4170 1519 4227 aliorum.Et
1533 4167 1628 4223 ille
1641 4167 1740 4239 qui
1752 4183 1850 4222 nec
1857 4166 1988 4239 fecit

325 4264 584 4339 proximo
603 4278 699 4319 suo
722 4263 955 4318 malum.
985 4259 1346 4332 Augustinus
1369 4275 1381 4313 :
1416 4258 1661 4314 Omnem
1683 4254 1983 4311 hominem

331 4353 662 4427 proximum
696 4350 917 4424 accipe,
951 4348 1176 4405 scilicet
1206 4347 1471 4419 ejusdem
1504 4349 1722 4400 natura:
1752 4347 1810 4399 et
1837 4344 1986 4413 ejus-

331 4443 466 4499 dem
498 4441 835 4498 creationis.
868 4439 1114 4504 Malum,
1150 4437 1207 4491 id
1239 4440 1329 4492 est
1359 4434 1593 4507 aliquod
1619 4434 1901 4489 damnum
1923 4431 1982 4486 in

330 4549 595 4606 corpore,
623 4529 711 4586 vel
745 4529 804 4584 in
837 4528 1056 4595 anima,
1088 4525 1176 4582 vel
1208 4524 1502 4581 extraneis
1535 4523 1729 4579 rebus.
1753 4522 1871 4578 Hoc
1895 4524 1981 4577 to-

2067 2177 2411 2245 exspectans
2455 2168 2765 2244 praemium
2810 2183 2844 2221 a
2888 2170 3019 2220 Deo.
3075 2164 3246 2217 Pater
3274 2156 3373 2230 qui
3404 2153 3722 2245 de‘imper-

2068 2243 2234 2320 fectis
2261 2243 2542 2333 loquitur.
2576 2259 2638 2314 In
2668 2254 2917 2330 pecunia
2946 2252 3064 2310 alia
3094 2248 3291 2306 omnia
3310 2243 3715 2316 accipiuntur:

2070 2353 2191 2408 hinc
2220 2349 2409 2424 magis
2440 2348 2585 2406 solet
2613 2346 2687 2403 ad
2724 2359 2966 2400 usuram
2998 2339 3146 2396 dari.
3194 2338 3259 2392 Et
3298 2348 3532 2390 munera
3554 2346 3724 2401 super

2071 2419 2416 2497 innocentem
2434 2454 2545 2494 non
2564 2432 2859 2507 accepit,id
2886 2434 2995 2498 est,
3020 2429 3120 2501 qui
3142 2427 3453 2496 corruptus
3474 2419 3725 2493 pecunia
3812 2486 3817 2491 η

2074 2545 2310 2584 causam
2324 2528 2552 2599 justam
2576 2541 2691 2581 non
2714 2519 3021 2593 depressit.
3041 2516 3205 2573 Unde
3226 2512 3371 2568 illud
3392 2509 3721 2582 prophetae:
3813 2576 3817 2581 .

2082 2620 2170 2674 Vae
2196 2598 2349 2672 vobis
2380 2617 2476 2687 qui
2504 2612 2829 2668 muneribus
2848 2606 3169 2680 justiﬁcatis
3199 2603 3456 2673 impium,
3488 2608 3542 2655 et
3552 2598 3728 2687 justi-

2077 2707 2214 2762 tiam
2233 2686 2637 2776 justiiaufertis
2668 2701 2738 2756 ab
2769 2714 2828 2755 eo
2854 2699 2979 2770 (Isa.
3004 2697 3083 2762 v).
3117 2694 3224 2763 Qui
3240 2693 3378 2763 facit
3397 2704 3512 2744 non
3535 2686 3729 2776 solum

2079 2774 2438 2866 supradicta,
2463 2792 2565 2847 sed
2586 2791 2762 2846 etiam
2786 2789 2903 2845 hac
2923 2784 3171 2853 minora,
3188 2797 3297 2837 non
3316 2777 3648 2843 movebitur,
3670 2774 3731 2830 id

2037 2922 2050 2939 ς
2079 2865 2169 2939 est
2184 2899 2299 2939 non
2323 2880 2691 2954 separabitur
2710 2880 2771 2933 in
2793 2884 3057 2933 attentum
3070 2889 3089 2925 :
3106 2870 3246 2943 quia
3262 2883 3452 2940 neque
3468 2866 3528 2920 in
3544 2865 3735 2920 taber-

2079 2972 2310 3037 naculo,
2357 2952 2547 3043 neque
2593 2968 2653 3023 in
2707 2964 2941 3039 palatio.
2988 2965 3185 3018 Potest
3212 2959 3387 3015 etiam
3419 2955 3530 3028 legi
3563 2952 3736 3009 aliter

2079 3061 2189 3117 iste
2214 3060 2479 3133 psalmus
2507 3058 2665 3113 Dixit
2689 3056 2975 3126 insipiens,
3008 3051 3117 3106 sub
3150 3046 3353 3104 eadem
3385 3049 3582 3101 tamen
3606 3058 3735 3114 per-

2082 3130 2233 3206 sona
2239 3166 2354 3221 qua
2370 3148 2534 3220 prius
2547 3151 2602 3202 et
2619 3146 2821 3202 eadem
2837 3130 3737 3205 intentione,scilicetAugustini

1956 3230 1970 3308 ξ
2003 3230 2047 3297 C
2087 3238 2196 3294 hoc
2222 3220 2447 3303 ordine,
2481 3240 2545 3291 ut
2574 3235 2739 3308 prius
2769 3234 2841 3289 de
2870 3229 3144 3304 gentibus
3165 3225 3390 3281 dicatur
3407 3222 3557 3277 Dixit
3584 3220 3733 3274 insi-

2089 3330 2246 3400 piens
2275 3329 2337 3383 in
2364 3325 2521 3382 corde
2547 3307 2671 3392 suo,
2720 3323 2837 3379 Non
2865 3324 2943 3376 est
2972 3320 3141 3384 Deus,
3193 3312 3411 3371 scilicet
3438 3310 3497 3365 in
3528 3307 3733 3364 rebus.

2097 3415 2352 3488 Corrupti
2378 3416 2504 3470 sunt
2532 3423 2583 3470 et
2611 3408 3007 3468 abominabiles
3057 3405 3191 3476 facti
3226 3409 3383 3471 sunt,
3425 3402 3490 3454 ut
3537 3412 3739 3469 supra.

2092 3507 2153 3561 In
2183 3506 2384 3561 studiis
2412 3504 2548 3570 suis,
2580 3501 2833 3557 colentes
2863 3512 3038 3569 opera
3068 3507 3351 3549 manuum
3384 3501 3651 3552 suarum,
3681 3488 3739 3540 et

2096 3598 2302 3650 cetera
2333 3597 2399 3648 ut
2427 3607 2627 3663 supra,
2666 3603 2888 3660 usque:
2940 3581 3221 3639 Dominus
3250 3578 3321 3634 de
3353 3592 3445 3632 me
3478 3573 3597 3629 ﬁlio
3629 3588 3736 3629 suo

2095 3752 2252 3826 ﬁlios
2278 3769 2608 3825 hominum.
2660 3765 2763 3821 Hic
2792 3764 2863 3819 de
2890 3759 3145 3818 Judaeis:
3181 3762 3246 3812 ut
3275 3755 3493 3821 videat,
3524 3752 3587 3807 id
3616 3753 3735 3818 est,

2094 3859 2365 3932 cognosci
2387 3857 2560 3913 faciat
2587 3856 2636 3911 si
2669 3857 2753 3910 est
2777 3853 2836 3908 in
2860 3850 2977 3906 illis
3000 3843 3415 3919 intelligens,id
3439 3846 3530 3932 est
3550 3838 3739 3932 ﬁdelis

2093 3928 2196 4005 aut
2225 3948 2523 4019 requirens
2551 3949 2733 4000 Deum
2764 3956 2937 4013 opere
2965 3956 2978 3995 :
3011 3935 3100 3993 vel
3130 3935 3202 3991 de
3230 3932 3403 4003 coelo,
3448 3930 3509 3987 id
3552 3933 3644 3985 est
3669 3928 3743 3983 de

2094 4037 2445 4113 patriarchis
2475 4040 2534 4090 et
2561 4030 2881 4107 prOphetis.

2164 4164 2275 4220 Sed
2303 4176 2408 4217 nec
2430 4159 2489 4215 in
2516 4158 2608 4214 his
2629 4157 2903 4211 inventus
2933 4155 3023 4208 est
3047 4146 3386 4219 intelligens
3415 4146 3518 4199 aut
3546 4140 3740 4215 requi-

2092 4270 2229 4311 rens
2261 4252 2465 4319 Deum,
2496 4247 2631 4303 licet
2659 4243 2985 4302 secundum
3015 4253 3251 4295 carnem
3281 4238 3482 4292 essent
3502 4231 3609 4287 ﬁlii
3631 4231 3741 4287 ho-

2094 4342 2344 4406 minum,
2379 4339 2439 4394 id
2469 4340 2578 4407 est,
2609 4331 3074 4408 patriarcharum
3106 4332 3164 4383 et
3191 4323 3609 4408 prophetarum
3636 4338 3650 4375 :
3682 4321 3743 4376 et

2093 4430 2232 4486 licet
2258 4428 2444 4501 legem
2476 4441 2542 4482 ac
2574 4422 2852 4479 mandata
2873 4416 3220 4489 acceperint,
3244 4412 3569 4501 secundum
3591 4407 3743 4465 litte-

2093 4535 2216 4575 ram
2250 4497 2448 4573 oninia
2477 4512 2848 4585 accipientes.
2897 4508 2953 4562 Si
2984 4505 3084 4578 qui
3116 4508 3313 4560 autem
3345 4497 3567 4557 inventi
3597 4500 3741 4554 sunt

476 4584 864 4693 perieciorum
882 4622 990 4674 est.
1006 4584 1122 4673 hiec
1141 4615 1333 4672 solum
1355 4631 1469 4671 non
1489 4612 1621 4669 fecit
1633 4612 1984 4684 opprobrium
2014 4597 2060 4662 D
2092 4607 2454 4681 requirentes
2475 4584 2659 4660 Deum
2682 4601 2743 4654 in
2762 4599 2889 4671 lege
2909 4595 3086 4693 vel-in
3110 4597 3382 4693 tempore
3399 4588 3635 4693 gratiaa,‘
3653 4584 3739 4641 illi

328 4725 438 4765 non
467 4710 678 4780 accepit
707 4706 965 4763 adversus
992 4707 1306 4776 proximos,
1341 4703 1398 4758 id
1430 4707 1549 4771 est,
1581 4718 1697 4757 non
1727 4700 1980 4757 libenter

332 4800 433 4853 aut
460 4801 679 4852 temere
708 4795 1094 4859 criminatori,
1124 4792 1211 4849 vel
1243 4791 1555 4848 detractori
1586 4788 1849 4860 credidit,
1889 4787 1979 4845 vel

331 4886 432 4960 qui
465 4901 578 4941 non
611 4888 921 4940 accusatur
952 4882 1121 4954 quasi
1153 4881 1363 4937 noxius
1393 4897 1427 4935 a
1455 4877 1756 4951 proximis.
1789 4876 1867 4931 Ad
1894 4878 1980 4931 ni-

331 4977 509 5032 hilum
523 4974 782 5030 deductus
801 4976 882 5029 est
900 4974 958 5027 in
982 4974 1266 5043 conspectu
1283 4973 1406 5043 ejus
1426 4968 1705 5037 malignus
1725 4966 1824 5038 qui
1847 4965 1980 5038 plus

331 5069 491 5122 amat
506 5066 833 5120 creaturam
849 5077 1023 5134 quam
1038 5063 1366 5115 Creatorem
1378 5103 1390 5126 ,
1404 5073 1634 5124 aurum,
1650 5060 1976 5127 argentum.

330 5153 437 5211 Vel
466 5152 637 5210 aliter
664 5169 677 5208 :
726 5152 1019 5224 Malignus,
1060 5148 1117 5203 id
1149 5151 1239 5204 est
1270 5146 1537 5201 diabolus
1563 5163 1578 5202 :
1610 5146 1671 5199 in
1697 5150 1978 5215 conspectu

330 5245 466 5315 eius,
490 5241 548 5297 id
580 5245 667 5299 est
697 5241 756 5297 in
787 5239 1083 5295 intellectu
1111 5254 1124 5294 :
1159 5236 1229 5293 ad
1250 5236 1492 5291 nihilum
1519 5233 1779 5290 deductus
1799 5235 1896 5299 est,
1921 5232 1978 5287 id

331 5336 421 5390 est
450 5349 553 5405 pro
584 5328 767 5386 nihilo
796 5329 1080 5385 habetur:
1115 5327 1257 5399 quia
1288 5325 1472 5382 tactus
1496 5341 1564 5380 ex
1591 5322 1793 5391 nihilo,
1817 5324 1978 5393 post-

332 5437 510 5493 quam
543 5417 798 5492 perdidit
824 5417 1144 5473 bonitatem
1194 5420 1440 5480 naturas,
1489 5413 1760 5468 redactus
1789 5413 1878 5464 est
1905 5408 1978 5464 ad

335 5510 499 5566 nihil.
533 5510 604 5565 Et
633 5509 774 5564 dum
806 5505 954 5561 nihil
983 5509 1099 5572 est,
1155 5503 1321 5559 fortis
1359 5503 1449 5558 vir
1479 5518 1595 5557 non
1624 5501 1793 5555 timet
1819 5513 1976 5553 eum.

333 5599 554 5655 Aliter:
587 5598 883 5668 Malignus.
916 5595 972 5650 id
1006 5596 1096 5649 est
1127 5592 1396 5648 diabolus
1425 5592 1500 5646 ad
1525 5589 1769 5646 nihilum
1800 5587 1978 5643 dedu-

332 5689 449 5745 ctus
477 5690 554 5743 est
568 5706 587 5755 ,η
633 5701 768 5741 cum
798 5685 858 5740 in
890 5683 1051 5740 nulla
1081 5679 1457 5754 suggestione
1488 5680 1540 5737 ei
1571 5676 1873 5752 praevaluit
1916 5675 1977 5731 in

2089 4679 2203 4754 non
2239 4697 2364 4768 jam
2394 4693 2499 4748 filii
2528 4689 2867 4752 hominum,
2919 4685 3021 4742 sed
3068 4679 3384 4738 Christiani
3431 4679 3737 4733 vocantur.

2089 4785 2197 4853 Qui
2243 4766 2412 4840 enim
2470 4780 2770 4843 dicebant,
2842 4776 2946 4831 Nos
3003 4772 3179 4844 Moysi
3231 4766 3497 4839 discipuli
3550 4779 3740 4853 sumus

2089 4851 2267 4948 (loan.
2302 4872 2401 4943 1x),
2436 4869 2519 4925 illi
2552 4871 2719 4923 erant
2750 4863 2853 4919 ﬁlii
2885 4860 3293 4926 hominum,et
3314 4872 3431 4912 non
3453 4851 3741 4948 intelligo:-

2088 4939 2231 5020 bant
2260 4939 2370 5017 nec.
2395 4957 2771 5031 requirebant
2793 4953 2999 5008 Deum.
3026 4951 3173 5006 Bene
3193 4944 3536 5018 requirens:
3569 4939 3744 5014 quasi

2089 5052 2382 5124 perditum
2404 5049 2461 5103 in
2487 5046 2675 5120 primo
2697 5045 2957 5116 parente.
2980 5041 3197 5095 Caetera
3217 5040 3283 5090 ut
3303 5048 3503 5106 supra,
3526 5045 3739 5124 usque,

2090 5117 2396 5198 Consilium
2418 5117 2617 5207 inopis,
2641 5132 2699 5188 id
2722 5136 2830 5199 est,
2848 5128 3095 5187 Christi:
3122 5124 3222 5198 qui
3247 5138 3385 5181 cum
3405 5124 3559 5177 esset
3578 5117 3744 5207 dives

2077 5232 2277 5286 'factus
2325 5230 2415 5283 est
2449 5206 2673 5297 pauper
2714 5223 2949 5293 propter
2977 5232 3085 5272 nos
3112 5215 3187 5287 (II
3218 5213 3339 5270 Cor.
3370 5209 3533 5281 vm):
3568 5206 3743 5278 cujus

2089 5317 2400 5375 consilium
2451 5312 2561 5369 fuit
2590 5314 2655 5366 ut
2680 5325 2783 5365 vos
2813 5306 3128 5363 redimeret
3159 5308 3225 5358 ut
3254 5297 3651 5357 humilitatem
3681 5299 3745 5351 et

2089 5405 2428 5481 patientiam
2475 5417 2576 5457 vos
2624 5399 2902 5454 doceret:
2954 5394 3098 5450 illud
3145 5386 3526 5481 confudistis,
3558 5383 3618 5438 id
3649 5387 3744 5439 est

2089 5476 2524 5566 contemptibile
2575 5486 2823 5543 duxistis
2871 5480 3262 5556 computando
3306 5478 3460 5533 inter
3504 5476 3563 5529 et
3602 5487 3743 5566 con:

2089 5559 2482 5656 temptibilia:
2535 5578 2665 5635 ideo
2714 5573 2991 5647 quoniam
3036 5570 3322 5628 Dominus
3352 5580 3488 5656 spes
3513 5565 3629 5656 est,
3674 5559 3740 5618 id

2088 5678 2196 5743 est,
2214 5650 2508 5746 quoniam
2538 5683 2655 5724 non
2694 5681 2830 5722 eum
2862 5660 3117 5720 similem
3145 5657 3310 5715 vobis
3338 5650 3590 5741 vidistis.
