4016 6192
297 315 419 380 213

891 450 1220 510 PSALMUS
1259 452 1377 508 XV.

656 559 843 599 TITULI
894 559 1213 599 INSCRIPTIO
1253 558 1365 597 lPSI
1406 557 1596 596 DAVID.

381 650 404 681 ι
439 632 728 689 Conserva
755 649 869 699 me,
903 632 1168 699 Domine,
1203 630 1483 703 quoniam
1517 629 1744 701 speravi
1769 627 1826 681 in
1851 630 1908 681 te
1940 643 1952 680 :

303 744 333 772 ‹‹
366 721 483 776 dixi
515 721 781 791 Domino,
805 721 959 776 Deus
982 736 1149 775 meus
1166 737 1229 776 es
1252 724 1335 786 tu,
1364 718 1643 791 quoniam
1667 718 1956 772 bonorum

303 833 333 861 ‹‹
367 826 633 866 meorum
665 826 780 864 non
811 824 965 880 eges.
993 808 1225 864 Sanctis
1256 808 1355 879 qui
1387 811 1526 862 sunt
1553 806 1611 860 in
1644 810 1799 861 terra
1829 805 1957 873 ejus

302 922 333 949 «
364 898 698 955 miriﬁcavit
727 914 931 953 omnes
954 897 1283 952 voluntates
1306 913 1468 951 meas
1490 896 1548 950 in
1570 892 1957 964 eis.Multipli-

303 1011 333 1039 «
367 992 509 1045 cette
542 991 681 1043 sunt
710 986 1084 1042 inﬁrmitates
1115 1001 1338 1055 eorum,
1373 988 1575 1056 postea
1605 982 1957 1039 accelerave-

309 1098 338 1129 α
370 1077 657 1133 runt.Non
688 1077 1053 1148 congregabo
1072 1073 1475 1130 conventicula
1499 1089 1696 1129 eorum
1728 1073 1798 1127 de
1823 1089 1954 1127 san-

302 1189 331 1215 ‹‹
366 1165 668 1237 guinibus,
731 1182 836 1219 nec
894 1181 1099 1219 nemor
1153 1181 1250 1218 ero
1282 1163 1588 1218 nominum
1622 1178 1822 1217 eorum
1856 1176 1959 1231 per

303 1279 331 1307 «
365 1255 524 1311 labia
548 1253 989 1310 mea.Dominus
1005 1270 1139 1325 pars
1165 1252 1525 1307 haereditatis
1542 1268 1679 1306 mea:
1694 1248 1959 1306 etcalicis

305 1367 333 1394 ‹‹
364 1344 587 1411 mei;tu
610 1360 672 1398 es
693 1344 793 1414 qui
819 1342 1090 1397 restitues
1131 1340 1529 1396 haereditatem
1561 1356 1754 1394 meam
1789 1337 1955 1392 mihi.

304 1456 331 1481 ‹‹
366 1433 558 1488 Funes
581 1431 911 1487 ceciderunt
937 1430 1082 1484 mihi
1101 1430 1159 1483 in
1184 1429 1506 1501 praeclaris:
1541 1427 1757 1483 etenim
1780 1427 1958 1481 haere-

305 1544 332 1572 α
366 1521 522 1576 ditas
544 1537 674 1575 mea
692 1518 966 1591 praeclara
988 1518 1255 1573 estmihi.
1281 1518 1628 1573 Benedicam
1651 1515 1959 1572 Dominum

308 1628 337 1661 ι
366 1607 467 1680 qui
499 1607 707 1662 tribuit
724 1606 865 1661 mihi
904 1605 1285 1677 intellectum,
1318 1605 1560 1677 insuper
1589 1609 1646 1659 et
1675 1620 1861 1676 usque
1888 1603 1959 1657 ad

302 1719 332 1745 «
367 1698 599 1751 noctem
645 1694 1067 1765 increpuerunt
1090 1709 1183 1748 me
1223 1708 1391 1749 renes
1409 1693 1544 1747 mei.
1582 1690 1957 1746 Providebam

1420 309 2032 379 ENARRATIONES
2076 307 2157 372 IN
2200 305 2586 397 PSALMOS.

1993 445 2049 511 Α
2080 449 2143 500 tu
2179 444 2460 500 Dominus
2491 438 2924 500 dominantium
2958 455 3074 496 non
3135 436 3368 512 indiges
3400 438 3618 510 aliquo,
3670 442 3738 494 ut

3605 306 3739 366 2H

2064 533 2252 589 cazteri
2288 532 2512 587 domini
2570 532 2669 604 qui
2729 529 2899 586 bonis
2962 545 3259 585 servorum
3320 526 3606 599 indigent.
3659 529 3741 584 Te

2064 622 2218 677 enim
2240 620 2464 691 indiget
2490 636 2713 690 servus,
2738 636 2853 674 non
2884 621 2947 672 tu
2983 633 3168 672 servo.
3202 617 3269 671 Et
3297 615 3407 670 hoc
3438 618 3545 680 est,
3584 615 3726 683 Quo-

2064 712 2219 765 niam
2250 710 2516 764 bonorum
2574 724 2821 763 meorum
2851 724 2967 762 non
2996 722 3135 777 eges,
3183 704 3271 761 vel
3304 702 3724 769 incarnatione,

2066 802 2253 854 morte
2284 802 2341 853 et
2395 796 2820 852 resurrectione
2878 813 3028 851 mea.
3088 800 3208 851 Hoc
3264 798 3460 850 autem
3515 794 3733 848 fructu.

2068 896 2286 952 Sanctis
2315 895 2409 967 qui
2439 898 2566 949 sunt
2597 897 2651 949 in
2682 898 2829 949 terra
2877 896 3014 966 ejus,
3074 893 3130 948 id
3163 898 3270 963 est,
3302 892 3417 948 illis
3449 908 3597 964 quos
3622 908 3727 966 ego

2066 986 2173 1042 feci
2205 982 2759 1055 sanctos,quiajam
2797 986 2937 1037 sunt
2986 984 3045 1037 in
3074 986 3231 1038 terra
3272 981 3590 1038 viventium
3623 998 3727 1054 per

2068 1075 2603 1146 spem,miriﬁcavit,
2624 1072 2679 1126 id
2697 1074 2802 1138 est,
2820 1072 3238 1127 desiderabiles
3252 1072 3405 1137 fecit,
3428 1088 3617 1127 omnes
3634 1087 3724 1127 vo-

2069 1165 2309 1219 luntates
2333 1180 2502 1227 meas,
2525 1162 2884 1217 ostendendo
2906 1178 3045 1216 suas
3068 1178 3294 1232 pravas,
3316 1178 3479 1217 meas
3508 1166 3717 1230 rectas,

2068 1269 2209 1308 suas
2243 1252 2446 1319 fcedas,
2482 1267 2641 1306 meas
2664 1250 2944 1304 honestas
2972 1267 2983 1303 :
3019 1249 3100 1303 ita
3126 1253 3191 1303 ut
3223 1254 3420 1304 essent
3452 1253 3512 1304 in.
3536 1252 3634 1318 eis,
3669 1249 3728 1304 id

2068 1346 2155 1397 est
2188 1342 2247 1395 in
2280 1356 2452 1411 opere
2483 1340 2787 1409 haberent.
2820 1338 3043 1404 Quibus
3093 1338 3266 1393 etiam
3300 1339 3550 1406 innotui,
3585 1338 3724 1411 quid

2070 1429 2352 1501 profuerit
2368 1432 2424 1483 et
2448 1427 2790 1483 humanitas
2821 1444 2962 1482 meas
2983 1425 3335 1492 Divinitatis,
3356 1431 3413 1482 et
3445 1426 3729 1482 Divinitas

2070 1517 2476 1573 humanitatis.
2510 1517 2731 1571 Profuit
2788 1516 3127 1571 humanitas
3188 1514 3538 1580 Divinitatis,
3590 1516 3728 1586 quia

2072 1612 2339 1663 mortuus
2374 1611 2463 1661 est
2495 1610 2729 1678 propter
2785 1604 2995 1661 delicta
3054 1608 3296 1660 nostra:
3356 1608 3414 1659 et
3448 1603 3727 1659 Divinitas

2070 1695 2458 1751 humanitatis
2489 1696 2628 1767 quia
2656 1694 3039 1750 resurrexerit
3069 1697 3306 1766 propter
3344 1693 3723 1765 justiﬁcatio-

304 1806 335 1835 ‹‹
369 1784 685 1840 Dominum
721 1783 779 1837 in
812 1786 1128 1854 conspectu
1175 1798 1305 1837 meo
1335 1797 1587 1853 semper,
1622 1779 1897 1852 quoniam
1930 1797 1963 1834 a
1992 1814 2041 1879 B
2073 1802 2207 1841 nem
2235 1789 2495 1841 nostram
2521 1786 2693 1856 (Rom.
2719 1784 2817 1854 1v).
2852 1783 2970 1838 Hoc
3002 1782 3333 1839 miriﬁcavit
3392 1782 3634 1847 sanctis,
3668 1781 3724 1836 id

301 1896 332 1922 «
366 1872 586 1928 dextris
606 1876 695 1928 est
711 1871 857 1926 mihi
882 1889 951 1927 ne
973 1888 1358 1927 commovear.
1393 1871 1630 1941 Propter
1656 1869 1765 1924 hoc
1798 1868 1961 1923 laeta-

311 1981 335 2009 ι
368 1966 497 2016 tum
555 1966 646 2016 est
701 1977 801 2015 cor
853 1976 1071 2029 meum,
1130 1964 1184 2014 et
1216 1957 1528 2014 exsultavit
1575 1957 1777 2029 lingua
1808 1973 1958 2025 mea,

307 2074 329 2100 ι
367 2050 612 2122 insuper
640 2054 699 2105 et
726 2065 860 2104 caro
906 2065 1035 2103 mea
1068 2048 1384 2120 requiescit
1430 2047 1487 2101 in
1522 2064 1641 2119 spe.
1674 2045 1959 2110 Quoniam

300 2161 331 2188 «
370 2156 488 2193 non
519 2137 891 2208 derelinquas
939 2137 1197 2191 animam
1230 2153 1420 2191 meam
1479 2136 1537 2190 in
1573 2136 1822 2201 interno,
1858 2151 1962 2189 nec

302 2248 334 2276 ‹‹
372 2225 545 2281 dabis
575 2226 855 2280 Sanctum
890 2229 1059 2279 tuum
1083 2225 1279 2279 videre
1302 2223 1751 2295 corruptionem.
1786 2224 1964 2277 Notas

304 2333 329 2361 ι
372 2312 521 2368 mihi
545 2312 729 2367 fecisti
754 2313 878 2367 vias
912 2311 1424 2383 vitas,adimplebis
1458 2328 1548 2365 me
1581 2310 1780 2366 laetitia
1829 2325 1963 2365 cum

297 2426 329 2451 ‹‹
367 2400 537 2456 vultu
568 2406 703 2455 tuo:
736 2400 1154 2456 delectationes
1201 2400 1260 2454 in
1293 2400 1527 2455 dextera
1556 2404 1657 2455 tua
1688 2416 1875 2471 usque
1904 2399 1963 2453 in

294 2511 327 2540 «
367 2490 575 2544 ﬁnem.
612 2512 639 2537 »

936 2577 1060 2631 ENA
1072 2579 1195 2634 ΒΗΑ
1207 2578 1328 2633 T10.

372 2664 558 2721 Tituli
576 2665 899 2737 inscriptio,
927 2665 1190 2721 Psalmus
1204 2666 1316 2737 ipsi
1332 2665 1531 2720 David.
1550 2665 1957 2736 Hieronymus:

294 2757 430 2811 Tres
460 2757 587 2809 sunt
620 2755 782 2809 tituli
799 2756 896 2825 qui
916 2754 1296 2809 inscribuntur
1318 2772 1337 2809 :
1360 2771 1501 2808 unus
1529 2770 1694 2824 super
1723 2753 1962 2808 tumulos

289 2851 670 2910 mortuorum,
702 2844 842 2898 alter
869 2844 926 2897 in
959 2844 1245 2898 liminibus
1273 2845 1514 2898 civitatis
1542 2843 1625 2898 vel
1655 2843 1955 2911 domorum,

289 2935 499 2989 tertius
530 2935 591 2987 in
618 2934 851 2988 victoria
874 2934 1229 3003 regis.Hujus
1260 2932 1416 2987 tituli
1440 2932 1741 3004 inscriptio
1772 2936 1861 2986 est
1889 2933 1959 2987 de

288 3022 551 3078 victoria
600 3021 815 3076 Christi
868 3022 1020 3093 regis
1051 3021 1411 3086 Juda'orum,
1442 3021 1500 3075 id
1532 3025 1623 3077 est
1652 3020 1802 3092 regis
1833 3036 1958 3075 om-

292 3112 473 3166 nium
535 3109 939 3166 conﬁtentium
966 3126 977 3162 :
1011 3110 1185 3165 Jesus
1214 3111 1547 3165 Nazarenus
1580 3110 1696 3165 Rex
1725 3109 1957 3163 Judaeo-

2072 1880 2162 1930 est
2191 1874 2465 1930 omnibus
2489 1872 2759 1928 ﬁdelibus
2777 1873 2848 1927 de
2869 1888 3219 1944 quacunque
3244 1878 3433 1944 gente,
3468 1872 3567 1943 qui
3588 1874 3728 1926 sunt

2072 1964 2128 2019 in
2160 1968 2313 2019 terra
2344 1963 2662 2017 viventium
2694 1978 2796 2034 per
2826 1962 2999 2017 ﬁdem
3035 1966 3089 2016 et
3120 1978 3303 2033 spem.
3334 1961 3516 2015 Aliter
3540 1978 3552 2016 :
3576 1961 3726 2016 Miri-

2070 2053 2267 2107 ﬁcavit
2318 2052 2604 2107 Dominus
2663 2055 2835 2105 Pater
2888 2066 3076 2106 omnes
3133 2052 3441 2105 voluntates
3470 2066 3640 2116 meas,
3672 2049 3731 2104 in

2072 2141 2313 2206 sanctis,
2330 2140 2583 2211 quisunt
2605 2140 2664 2193 in
2688 2143 2845 2195 terra
2865 2140 3017 2210 ejus,
3042 2139 3181 2210 quia
3202 2138 3461 2193 invocavi
3493 2154 3626 2193 eum
3664 2154 3729 2192 eo

2072 2230 2245 2284 modo
2278 2244 2393 2299 quo
2421 2232 2509 2282 est
2565 2228 2947 2294 invocandus,
3008 2227 3230 2282 scilicet
3281 2226 3419 2298 quia
3474 2227 3600 2281 dixi
3628 2228 3727 2281 Do-

2072 2320 2257 2373 mino:
2293 2319 2433 2372 Deus
2462 2332 2618 2371 meus
2647 2333 2700 2371 es
2730 2321 2810 2370 tu.
2845 2317 2905 2370 In
2939 2316 3048 2371 hoc
3079 2319 3237 2388 patet
3266 2316 3422 2387 quod
3462 2316 3730 2385 miriﬁca-

2072 2410 2149 2464 vit
2173 2406 2287 2461 illis
2314 2405 2623 2461 voluntates
2654 2422 2826 2471 meas,
2858 2404 2997 2476 quia
3053 2405 3449 2472 multiplicatae
3487 2412 3613 2459 sunt
3642 2406 3733 2458 in-

2072 2496 2362 2565 ﬁrmitates
2391 2511 2621 2549 eorum:
2656 2494 2794 2564 quia
2840 2493 3003 2563 prius
3064 2492 3341 2561 latebant,
3402 2496 3504 2547 aut
3552 2491 3726 2547 nulla:

2070 2583 2420 2638 videbantur
2472 2582 2815 2653 iniquitates
2872 2582 3263 2653 multiplicatae
3317 2585 3462 2649 sunt,
3519 2580 3577 2635 id
3637 2585 3727 2636 est

2070 2670 2475 2742 multipliciter
2504 2672 2918 2742 apparuerunt.
2955 2669 3026 2725 Ut
3056 2668 3195 2724 illud
3224 2686 3235 2723 :
3296 2675 3585 2726 Peccatum
3635 2686 3723 2725 re-

2071 2761 2209 2815 vixit
2233 2778 2251 2814 .'
2268 2776 2364 2831 ego
2386 2764 2566 2814 autem
2591 2767 2842 2814 mortuus
2872 2776 2995 2813 sum
3026 2760 3198 2831 (Rom.
3230 2759 3356 2831 v11),
3391 2758 3530 2831 quia
3559 2760 3723 2831 prius

2068 2848 2381 2919 aliquando
2410 2848 2698 2903 vivebam.
2755 2848 2823 2902 Et
2872 2848 2999 2904 hoc.
3055 2850 3459 2920 Cognoverunt
3489 2865 3591 2920 per
3630 2864 3723 2903 me

2066 2936 2283 2992 librum
2316 2953 2518 2991 eorum
2544 2953 2555 2989 :
2590 2936 2850 2991 videntes
2874 2937 3030 2992 enim
3057 2937 3239 2991 vitam
3264 2952 3453 2991 meam
3478 2939 3719 3005 rectam,

2066 3030 2459 3097 cognoverunt
2480 3042 2647 3080 suam
2672 3041 2931 3096 pravam.
2956 3027 3165 3094 Postea,
3184 3025 3241 3080 id
3258 3028 3363 3089 est,
3382 3029 3717 3097 postquam,

2067 3117 2461 3187 cognoverunt
2480 3130 2649 3168 suam
2671 3113 3096 3182 inﬁrmitatem,
3121 3113 3585 3184 acceleraverunt,
3610 3113 3721 3169 sci-

292 3216 462 3256 rum.
499 3199 618 3254 Iste
649 3198 914 3271 psalmus
956 3198 1085 3253 ideo
1116 3198 1331 3253 dicitur
1358 3215 1486 3253 esse
1515 3198 1815 3269 inscriptio
1847 3197 1956 3250 hu-
1987 3181 2029 3246 C
2068 3181 2202 3257 licet
2234 3203 2305 3255 ad
2338 3202 2651 3256 medicum.
2691 3202 2854 3257 Unde
2912 3201 3095 3258 illud:
3154 3204 3360 3273 Infelix
3415 3218 3508 3270 ego
3541 3181 3719 3269 homo,

285 3287 579 3359 jus,quia
608 3288 868 3342 continet
897 3285 1179 3358 scriptam
1224 3302 1465 3341 causam
1497 3286 1656 3341 illius
1684 3285 1956 3340 victoriae.

292 3378 439 3451 Agit
469 3376 633 3432 enim
656 3377 726 3431 de
757 3375 1089 3432 obedientia
1109 3375 1343 3441 Christi,
1366 3383 1589 3445 propter
1617 3390 1793 3445 quam
1824 3375 1963 3427 Deus

293 3468 469 3522 illum
505 3466 784 3521 exultavit
841 3471 891 3520 et
950 3463 1099 3519 dedit
1159 3464 1249 3519 illi
1292 3480 1491 3519 nomen
1517 3462 1657 3534 quod
1706 3470 1783 3517 est
1810 3476 1969 3532 super

288 3572 465 3611 omne
497 3570 702 3610 nomen
729 3552 968 3625 (Philip.
1004 3553 1370 3625 11).Sequitur
1400 3552 1456 3606 in
1492 3550 1684 3617 titulo,
1718 3551 1971 3605 Psalmus

292 3647 411 3716 ipsi
429 3644 641 3700 David.
676 3644 775 3697 Est
796 3642 952 3697 enim
979 3642 1036 3695 in
1080 3641 1188 3697 hoc
1212 3640 1438 3713 psalmo
1467 3657 1574 3695 vox
1605 3639 1793 3711 ipsius
1814 3639 1971 3710 capi-

288 3732 558 3805 tis.Agit
591 3731 729 3786 etde
760 3730 1087 3785 mutatione
1116 3728 1438 3785 carnalium
1479 3727 1970 3793 Observationum,

289 3828 351 3879 et
382 3823 464 3878 de
499 3820 919 3892 reprobatione
943 3819 1302 3884 Judaeorum,
1346 3823 1404 3873 et
1434 3818 1801 3890 susceptione
1831 3832 1970 3889 gen-

290 3912 483 3976 tium,
526 3913 590 3965 et
635 3909 706 3964 de
736 3908 952 3963 Christi
984 3908 1413 3963 resurrectione
1439 3912 1497 3963 et
1526 3906 1736 3962 ultima
1765 3904 1976 3961 clariﬁ-

292 4000 557 4056 catione
590 4013 603 4052 :
637 4001 693 4053 et
723 3997 845 4052 haec
873 3997 1072 4052 omnia
1100 3997 1172 4052 ad
1214 3996 1660 4051 instructionem
1693 3994 1975 4051 ﬁdelium.

752 4121 862 4159 VOX
900 4120 1124 4159 CHRISTI
1164 4120 1223 4158 ΙΝ
1263 4119 1552 4158 ΡΛΞΒΙΟΝΕ.

369 4213 630 4271 Domine
674 4211 863 4277 Pater,
922 4226 1182 4265 conserva
1235 4226 1339 4277 me,
1401 4210 1551 4264 sicut
1593 4224 1780 4279 usque
1812 4209 1983 4262 modo

293 4304 580 4360 interius
611 4299 855 4356 servasti
882 4299 1138 4354 animam
1160 4314 1351 4353 meam
1381 4299 1701 4353 immunem
1727 4297 1798 4352 ab
1826 4297 1984 4352 omni

296 4396 591 4466 peccato,
627 4393 683 4444 et
712 4389 905 4444 dando
960 4388 1303 4460 patientiam
1361 4391 1417 4442 et
1459 4387 1873 4453 constantiam,
1910 4386 1989 4440 ita

298 4499 475 4540 nunc
497 4495 810 4545 conserva,
845 4478 900 4531 id
922 4481 1031 4544 est,
1065 4475 1242 4532 simul
1294 4493 1427 4531 cum
1446 4475 1643 4531 anima
1674 4492 1837 4530 serva
1862 4491 1985 4529 cor-

2067 3292 2189 3362 quis
2209 3306 2293 3344 me
2323 3290 2575 3344 liberabit
2606 3290 2673 3344 de
2699 3306 2924 3361 corpore
2952 3293 3139 3346 mortis
3164 3292 3329 3361 hujus
3349 3295 3374 3343 .9
3402 3291 3592 3346 Gratia
3621 3292 3719 3345 Dei

2070 3394 2169 3449 per
2197 3379 2488 3431 Dominum
2517 3383 2765 3432 nostrum
2812 3382 2999 3433 Jesum
3059 3379 3332 3433 Christum
3388 3380 3561 3451 (Rom.
3594 3380 3715 3451 v11).

2073 3475 2521 3529 Acceleraverunt
2551 3475 2699 3545 dico,
2734 3476 2833 3530 sed
2868 3493 2981 3530 non
3038 3493 3104 3531 eo
3164 3477 3335 3533 modo
3387 3494 3502 3550 quo
3533 3476 3720 3550 prius,

2079 3562 2299 3618 scilicet
2329 3566 2393 3616 ut
2417 3562 2645 3617 diversa
2674 3562 2793 3618 sint
2849 3581 3048 3619 eorum
3102 3566 3525 3637 conventicula,
3586 3567 3726 3639 quia

2085 3669 2237 3707 unus
2254 3650 2724 3716 eritconventus,
2754 3652 2893 3723 quia
2920 3652 3000 3706 ibi
3034 3653 3091 3706 in
3121 3653 3235 3708 ﬁde
3266 3653 3477 3708 Christi
3507 3670 3617 3709 non
3648 3658 3729 3710 est

2080 3759 2266 3798 servus
2295 3757 2470 3813 neque
2499 3740 2651 3803 liber,
2686 3758 2800 3795 non
2829 3748 2909 3796 est
2965 3742 3243 3796 masculus
3298 3758 3470 3812 neque
3494 3742 3730 3813 femina,

2084 3848 2193 3885 non
2226 3834 2301 3886 est
2336 3830 2602 3886 barbarus
2631 3847 2809 3902 neque
2838 3831 3037 3903 Scytha
3057 3830 3193 3902 (Col.
3220 3832 3327 3901 ιιι),
3362 3833 3463 3885 aut
3492 3830 3562 3886 de
3592 3847 3732 3885 san-

2086 3920 2387 3994 guinibus,
2421 3919 2625 3975 multis
2655 3920 2878 3975 scilicet
2909 3919 3137 3987 hostiis,
3172 3919 3310 3992 quia
3338 3919 3407 3975 ad
3434 3936 3613 3975 unam
3635 3919 3737 3975 ho-

2088 4009 2287 4073 etiam,
2318 4013 2375 4063 et
2403 4025 2588 4063 unum
2620 4009 2966 4082 sanguinem
2999 4026 3218 4065 meum.
3243 4010 3310 4064 Et
3340 4009 3449 4064 hoc
3470 4013 3561 4065 est
3580 4008 3736 4080 quod

2090 4098 2263 4151 dicit:
2296 4098 2417 4152 Non
2445 4099 2783 4169 congregabo
2838 4100 3218 4154 conventicula
3272 4115 3461 4154 eorum
3514 4098 3579 4155 de
3608 4115 3737 4154 san-

2090 4186 2372 4256 guinibus.
2429 4191 2549 4242 Non
2604 4189 2962 4256 congregabo,
3025 4188 3162 4259 quia
3218 4188 3566 4244 convocabo.
3611 4188 3739 4243 Non

2093 4273 2248 4329 enim
2263 4274 2659 4330 solosJudaaos
2675 4277 3231 4348 recipiam,quorum
3252 4292 3549 4348 synagoga
3570 4275 3743 4329 inter-

2094 4366 2321 4433 pretatu
2334 4366 2728 4434 rcongregatio.
2741 4365 3129 4421 Conventicula
3144 4365 3365 4419 scilicet
3383 4365 3717 4419 Judazorum
3730 4404 3743 4429 ,

2098 4466 2164 4515 ut
2193 4461 2403 4515 domus
2434 4460 2634 4527 Jacob,
2666 4462 2876 4517 domus
2909 4462 3065 4527 Levi,
3121 4478 3248 4530 quae
3308 4478 3482 4533 parva
3513 4461 3751 4515 fuerunt

297 4586 545 4644 pus,ne
564 4565 960 4623 descendatin
984 4564 1437 4636 corruptionem.
1471 4562 1572 4617 Vel
1600 4579 1692 4618 me
1733 4568 1909 4633 caput
1936 4566 1993 4617 et
2021 4548 2067 4612 D
2097 4549 2169 4605 ad
2198 4549 2690 4644 0_0m_pat‘ali0nem
2724 4551 2990 4644 omnium
3040 4550 3325 4644 genti-um,
3379 4554 3443 4644 ut
3488 4548 3652 4644 illud,
3671 4551 3752 4644 ξι

295 4674 542 4732 corpus
580 4655 761 4711 simul
796 4669 983 4724 serva,
1017 4653 1155 4724 quia
1202 4652 1260 4707 in
1294 4668 1425 4706 mea
1453 4650 1874 4707 resurrectione
1904 4655 1995 4706 est

296 4764 534 4805 eorum
576 4742 924 4814 redemptio.
957 4743 1025 4797 Et
1066 4742 1262 4809 debes,
1297 4742 1558 4812 quoniam
1587 4742 1648 4793 in
1678 4747 1727 4794 te
1753 4740 1991 4810 speravi,

298 4854 429 4895 non
464 4835 539 4890 in
578 4831 716 4902 alio,
749 4836 815 4886 ut
844 4829 1045 4886 infelix
1074 4829 1171 4885 ille
1216 4829 1441 4901 primus
1474 4844 1703 4900 parens.
1737 4827 1843 4890 Qui
1871 4826 1999 4881 vult

300 4923 583 4991 servari,
619 4921 680 4975 in
708 4924 766 4975 te
796 4923 1011 4992 speret.
1037 4919 1201 4985 Quod
1233 4918 1289 4972 in
1314 4917 1423 4973 hoc
1444 4916 1687 4972 ostendo
1714 4916 1876 4970 ευτ’.τί
1895 4921 1997 4971 Do-

298 5015 496 5077 mina,
532 5007 769 5065 scilicet
796 5007 856 5062 in
905 5007 1120 5078 Spiritu
1175 5010 1397 5069 sancto,
1446 5003 1669 5059 scilicet
1699 5020 1764 5059 eo
1824 5004 1997 5058 modo

302 5102 481 5175 quod
521 5096 852 5154 dicendum
884 5096 995 5150 fuit
1022 5112 1036 5152 :
1090 5097 1253 5151 Nemo
1280 5097 1430 5151 enim
1466 5096 1639 5166 potest
1667 5092 1862 5159 dicere,
1893 5094 1997 5149 Do-

300 5193 518 5248 minus
547 5188 735 5250 Iesus,
766 5186 881 5239 nisi
908 5186 970 5239 in
998 5184 1213 5255 Spiritu
1242 5190 1432 5239 sancto
1462 5184 1509 5253 (Ι
1534 5181 1656 5237 Cor.
1688 5181 1790 5253 x11)
1816 5205 1831 5248 ;
1890 5181 2000 5235 hoc

302 5278 437 5336 dixi
467 5295 483 5332 :
528 5279 696 5331 Deus
726 5288 878 5327 meus
909 5288 964 5327 es
990 5280 1070 5340 tu,
1125 5272 1181 5327 id
1215 5276 1303 5327 est
1346 5272 1712 5343 praecipuus:
1748 5286 1861 5325 non
1894 5285 1998 5340 ego

304 5374 377 5425 ut
408 5364 539 5432 illi,
571 5361 795 5432 quibus
824 5361 1045 5417 dictum
1073 5365 1182 5429 est,
1216 5361 1383 5417 Eritis
1411 5362 1551 5414 sicut
1592 5360 1678 5413 dii
1710 5357 1860 5429 (Gen.
1896 5362 2001 5426 III).

303 5454 585 5514 Faciant
622 5448 732 5504 sibi
761 5448 858 5504 alii
891 5449 1037 5505 alios
1068 5450 1207 5504 deos
1238 5449 1307 5503 ad
1344 5446 1743 5503 confusionem
1792 5460 1958 5501 suam
1986 5464 1998 5500 :

303 5562 425 5620 ego
461 5536 640 5599 nihil
671 5537 829 5593 aliud
864 5538 977 5593 nisi
1009 5543 1063 5594 te
1090 5538 1159 5593 ad
1197 5535 1445 5609 gloriam
1480 5550 1689 5590 meam.
1728 5535 1859 5590 Ideo
1898 5535 2001 5589 tibi

304 5638 432 5696 hoc
468 5626 748 5706 pretium
767 5626 1108 5685 salvationis
1127 5642 1270 5683 mea
1286 5625 1484 5693 oﬁ‘ero,
1511 5640 1625 5680 non
1645 5622 1803 5680 aliud
1830 5640 1842 5679 :
1868 5624 2005 5694 quia

2103 4640 2324 4695 venient
2353 4637 2425 4693 ad
2456 4654 2583 4693 eam
2617 4654 2802 4693 omnes
2847 4642 3028 4709 gentes
3076 4640 3223 4706 (Isai.
3254 4656 3321 4705 11;
3366 4640 3475 4695 Jer.
3500 4640 3637 4708 xvx).
3671 4637 3752 4693 De

2105 4727 2492 4799 sanguinibus
2513 4725 2731 4781 scilicet
2743 4726 3412 4794 taurorum,vitulorum,
3432 4728 3749 4797 hircorum,

2106 4816 2206 4887 qui
2238 4816 2510 4870 valebant
2536 4819 2769 4870 tantum
2804 4815 2872 4870 ad
2897 4816 3373 4873 emundationem
3396 4814 3755 4886 carnis,quia

2107 4906 2177 4960 ad
2203 4905 2503 4976 proprium
2538 4904 2887 4976 sanguinem
2918 4921 3114 4961 meum
3136 4905 3268 4962 illos
3290 4902 3757 4973 convocabo,qui

2109 4993 2427 5048 emundabit
2451 5009 2649 5047 eorum
2683 4995 3073 5049 conscientiam
3126 4995 3193 5049 ab
3224 4993 3481 5064 operibus
3524 4993 3759 5048 mortuis

2108 5082 2178 5136 ad
2207 5081 2556 5137 serviendum
2582 5083 2684 5136 Deo
2704 5084 2908 5137 viventi
2938 5084 3117 5152 (Hebr.
3150 5085 3249 5149 ιχ).
3302 5083 3405 5136 Nec
3433 5097 3640 5137 memor
3668 5095 3759 5137 ero

2108 5172 2395 5247 nominum
2418 5186 2625 5224 eorum.
2653 5170 2776 5225 Non
2809 5170 2964 5224 ultra
3013 5174 3185 5225 erunt
3212 5169 3455 5240 inimici,
3502 5185 3608 5224 nec
3639 5185 3761 5224 ser-

2108 5259 2188 5323 vi,
2220 5275 2323 5314 nec
2348 5257 2520 5329 justi,
2552 5258 2690 5329 quia
2720 5258 2912 5323 amici,
2974 5258 3113 5328 quia
3166 5257 3354 5325 liberi,
3411 5257 3549 5329 quia
3570 5257 3757 5328 justi:

2108 5374 2211 5430 per
2232 5357 2380 5412 labia
2401 5355 2605 5426 mea,id
2633 5360 2741 5419 est,
2765 5371 3057 5425 praecones
3080 5371 3241 5412 meos
3258 5355 3591 5428 prophetas,
3625 5354 3765 5426 quia

2113 5462 2218 5519 ego
2240 5447 2365 5518 ipse
2386 5446 2484 5517 qui
2511 5444 2871 5516 loquebarin
2924 5443 3065 5510 illis,
3123 5446 3316 5501 adero.
3377 5443 3593 5499 Aliter:
3628 5445 3762 5509 Qum

2114 5535 2487 5591 conventicula
2510 5538 2564 5588 et
2591 5532 2929 5605 sanguines,
2954 5532 3176 5589 scilicet
3197 5534 3452 5601 fuerunt,
3488 5549 3589 5604 per
3618 5532 3767 5589 labia

2116 5623 2319 5692 mea,id
2334 5627 2553 5696 est,ego
2575 5620 2676 5678 illa
2695 5620 3037 5694 praecepiEt
3057 5621 3105 5679 si
3126 5621 3227 5680 illa
3248 5626 3620 5681 servaverunt
3637 5639 3765 5697 quae
