4016 6192
291 277 409 344 215

858 252 1160 343 REMIGI]
1209 277 1966 344 ANTISSIODORENSIS
2010 277 2184 342 OPP.
2233 279 2435 344 PARS
2479 277 2530 342 Ι.
2559 312 2638 326 --
2667 277 3138 344 EXEGETICA.

3579 274 3704 343 916

291 430 397 489 ego
428 430 532 486 per
559 427 755 470 servos
784 412 908 468 ﬁeri
937 412 1381 486 praecepi,multi
1411 412 1600 486 magis
1631 416 1803 468 erunt
1823 428 1941 468 ser-
1972 414 2027 481 Α
2055 414 2216 469 mihi.
2248 416 2317 469 Et
2347 430 2448 486 per
2501 413 2660 469 illam
2719 413 3117 471 hereditatem
3174 410 3488 470 benedicam
3516 413 3704 469 Domi-

290 504 480 571 vanda
501 519 626 576 quae
647 517 753 575 ego
774 501 899 575 ipse
919 501 1276 574 praecipiam.
1308 501 1427 558 Non
1454 518 1664 557 memor
1716 518 1809 557 ero
1839 517 1943 556 no-

292 595 506 650 minum
529 609 713 649 eorum
741 607 840 664 per
869 590 1018 646 labia
1046 608 1187 661 mea,
1222 591 1280 647 id
1338 594 1444 659 est,
1508 608 1609 663 per
1639 606 1840 663 pacem
1887 593 1945 646 et

296 681 824 738 reconciliationem
857 697 1069 736 meam.
1101 684 1220 752 Ipse
1249 680 1397 735 enim
1449 685 1530 735 est
1583 696 1699 751 pas:
1730 684 1940 747 nostra,

296 772 394 843 qui
411 772 780 842 fecitutraque
799 768 1321 840 unum,conci1ians
1343 785 1462 841 qum
1480 770 1541 823 in
1561 769 1710 824 caelis
1737 773 1794 824 et
1819 783 1945 840 qua?

294 862 353 916 in
371 864 525 914 terra
543 862 670 913 sunt
716 859 870 931 (Eph.
905 873 986 927 lI,‘
1039 857 1152 913 Col.
1182 858 1265 929 1);
1288 856 1458 913 labiis
1488 857 1645 913 enim
1676 856 1944 913 osculum

294 949 456 1023 pacis
481 949 711 1004 damus.
742 946 959 1003 Aliter:
994 948 1100 1003 Per
1132 947 1281 1001 labia
1310 962 1432 1002 mea
1461 946 1807 1019 congregabo
1836 961 1946 1000 non

294 1038 503 1095 aliena.
532 1039 646 1111 Ego
668 1037 795 1110 ipse
842 1037 1146 1092 ostendam
1197 1035 1280 1091 eis
1309 1052 1446 1091 vera
1473 1034 1776 1104 sacriﬁcia,
1808 1035 1948 1106 quia

294 1144 421 1184 caro
448 1143 575 1182 mea
607 1143 761 1182 verus
789 1130 865 1182 est
893 1126 1065 1192 cibus,
1098 1129 1150 1181 et
1201 1127 1426 1196 sanguis
1482 1140 1634 1179 meus
1683 1141 1842 1180 verus
1867 1132 1947 1179 est

287 1224 451 1290 potus
483 1219 662 1288 (Joan.
693 1217 794 1288 V1).
818 1215 976 1271 nihil
1006 1215 1163 1269 enim
1197 1215 1257 1269 in
1312 1230 1406 1269 me
1464 1212 1761 1269 invenient
1789 1214 1947 1285 quod

293 1324 407 1363 non
437 1306 515 1362 sit
545 1305 919 1362 sumendum.
944 1302 1209 1360 Dominus
1234 1319 1369 1375 pars
1420 1301 1761 1359 haereditatis
1790 1319 1944 1357 mem.

290 1408 374 1460 Ac
403 1405 451 1461 si
471 1404 628 1460 dicat
650 1421 662 1458 :
685 1404 804 1475 Ego
825 1418 924 1458 eos
948 1401 1077 1457 ideo
1101 1402 1173 1456 ad
1204 1417 1389 1455 unum
1423 1400 1773 1465 convocabo,
1809 1399 1948 1471 quia

290 1494 528 1567 ipsimet
542 1509 604 1548 se
618 1509 731 1548 non
748 1491 1123 1563 separabunt.
1136 1490 1280 1548 Nam
1297 1506 1483 1545 unum
1500 1493 1732 1545 tantum
1751 1492 1948 1560 petent

291 1601 408 1639 non
430 1581 637 1653 multa,
670 1580 893 1637 scilicet
915 1579 1252 1636 Dominum.
1276 1579 1547 1635 Dominus
1564 1594 1694 1650 pars
1723 1577 1949 1634 haeredi-

289 1674 416 1728 tatis
443 1687 604 1738 mem,
637 1671 696 1726 id
727 1674 817 1726 est
842 1669 1115 1726 Ecclesiae
1148 1684 1312 1734 meae,
1369 1684 1497 1740 qua
1530 1672 1619 1723 est
1665 1684 1797 1723 mea
1828 1667 1944 1721 hae-

292 1759 690 1832 reditas,'quia
718 1775 813 1814 me
845 1758 1051 1831 pascit,
1087 1774 1179 1814 me
1210 1757 1479 1813 delectat.
1505 1757 1716 1846 Omnia
1738 1757 1797 1810 in
1830 1756 1946 1846 duo
1975 1782 2023 1846 Β

293 1850 482 1908 divisa
511 1852 669 1917 sunt,
700 1848 759 1903 in
792 1851 1117 1904 creaturam
1150 1852 1207 1902 et
1235 1844 1710 1902 Creatorem.Alii
1732 1844 1944 1916 portio-

293 1956 429 1997 nem
459 1955 628 1995 suam
648 1936 708 1992 in
730 1935 1012 1992 creaturis
1036 1935 1150 1991 sibi
1180 1933 1566 2001 constituunt,
1629 1931 1852 1988 scilicet
1883 1933 1942 1986 in

292 2029 385 2085 bis
410 2026 673 2095 caducis;
698 2025 1004 2081 hereditas
1023 2029 1220 2079 autem
1235 2022 1584 2088 mea,solum
1601 2020 1939 2078 Dominum.

294 2132 364 2184 Et
389 2127 498 2183 erit
525 2141 660 2198 pars
680 2124 867 2179 calicis
893 2124 1025 2189 mei,
1051 2120 1274 2178 scilicet
1298 2119 1483 2191 ipsius
1506 2118 1797 2185 Ecclesiae,
1814 2135 1942 2190 qua)

293 2220 384 2274 est
404 2232 572 2271 meus
593 2211 762 2283 calix,
788 2211 927 2284 quia
959 2226 1052 2266 me
1082 2213 1339 2266 recreat:
1375 2211 1683 2281 propterea
1704 2207 1859 2263 enim
1882 2207 1941 2262 in

294 2322 465 2361 cruce
485 2302 632 2360 dixi:
654 2301 983 2373 Silio(Joan.
1017 2306 1153 2371 χιχ),
1175 2298 1386 2354 Aliter:
1440 2297 1639 2353 Calicis
1682 2297 1812 2362 mei,
1842 2312 1945 2369 per

292 2392 701 2459 imitationem,
735 2394 801 2445 ut
829 2388 997 2460 illud,
1020 2387 1272 2444 Calicem
1307 2387 1534 2442 Domini
1568 2385 1863 2455 biberunt,
1887 2389 1945 2441 et

293 2481 467 2537 amici
500 2480 596 2536 Dei
627 2478 763 2534 facti
816 2483 975 2533 sunt.
1038 2475 1310 2532 Ecclesiae
1364 2491 1467 2546 per
1495 2473 1941 2529 similitudinem

292 2568 511 2626 dicitur
537 2570 595 2623 et
622 2564 929 2620 hereditas
960 2569 1016 2618 et
1044 2563 1210 2619 calix.
1270 2564 1405 2628 Quae
1464 2561 1775 2616 hmreditas
1816 2576 1946 2616 mea

292 2660 465 2724 est,et
482 2654 631 2712 calix
650 2670 836 2719 meus,
857 2669 972 2708 non
994 2668 1063 2707 ex
1084 2667 1196 2719 me,
1222 2652 1321 2706 sed
1346 2654 1477 2717 ate,
1511 2649 1651 2721 quia
1677 2657 1738 2703 tu
1764 2665 1818 2704 es
1848 2650 1945 2719 qui

291 2747 547 2803 restitues
563 2742 941 2801 haereditatem
960 2756 1137 2796 meam
1156 2739 1318 2806 mihi,
1340 2737 1629 2810 perditam
1652 2736 1710 2791 in
1735 2737 1941 2805 Adam;

295 2853 411 2893 non
433 2850 539 2907 ego
560 2831 900 2890 Dominicus
917 2829 1112 2895 homo,
1147 2828 1248 2884 sed
1279 2837 1338 2883 tu
1373 2827 1544 2882 Deus.
1583 2825 1797 2883 Aliter:
1827 2828 1946 2883 Non

297 2924 630 2996 congregabo
658 2919 1045 2977 conventicula
1074 2934 1265 2974 eorum
1293 2916 1360 2973 de
1388 2918 1772 2987 sanguinibus,
1807 2915 1948 2987 quia

296 3013 581 3071 Dominus
610 3010 721 3067 erit
748 3026 886 3082 pars
914 3006 1271 3064 haereditatis
1293 3021 1433 3061 meae
1460 3021 1564 3077 per
1591 3021 1685 3061 me
1715 3020 1943 3060 assum-

299 3105 466 3176 ptum
523 3099 843 3167 hominem,
876 3112 1011 3169 pars
1067 3094 1177 3150 erit
1226 3094 1486 3166 corporis
1545 3092 1684 3150 mei.
1720 3094 1787 3148 Et
1815 3094 1940 3165 ipse

299 3190 541 3246 mandat
570 3204 754 3254 meos,
787 3203 903 3243 non
932 3183 1249 3256 sanguines
1276 3182 1840 3237 victimarum.Unde
1868 3180 1938 3236 il-

293 3278 419 3347 lud,
452 3279 559 3348 Qui
575 3276 869 3333 manducat
895 3289 1125 3330 carnem
1145 3288 1342 3337 meam,
1363 3276 1417 3327 et
1464 3271 1597 3326 bibit
1615 3272 1939 3343 sanguinem

292 3385 496 3436 meum,
530 3369 593 3423 in
618 3369 912 3422 memanet
938 3366 990 3418 et
1016 3378 1113 3432 ego
1139 3363 1199 3417 in
1219 3377 1283 3417 eo
1350 3362 1526 3433 (Joan.
1584 3361 1683 3431 v1).
1735 3365 1801 3417 Et
1832 3361 1942 3415 erit

287 3474 419 3530 pars
437 3456 630 3511 calicis
649 3456 777 3520 mei,
811 3453 869 3507 id
901 3456 989 3507 est
1016 3450 1281 3522 ejusdem
1300 3448 1557 3521 corporis
1583 3467 1595 3504 :
1619 3450 1773 3521 quod
1808 3448 1936 3505 ideo

291 3544 508 3600 dicitur
529 3542 679 3599 calix
697 3541 931 3608 Christi,
957 3539 1097 3612 quia
1118 3555 1251 3593 cum
1284 3537 1586 3610 plenitudo
1618 3537 1940 3594 divinitatis

290 3633 516 3689 habitet
568 3631 630 3687 in
659 3629 761 3687 illo
813 3629 1064 3702 perfecte
1095 3627 1230 3700 (Col.
1289 3626 1372 3698 11),
1432 3625 1658 3698 corpori
1707 3627 1836 3694 ejus
1867 3627 1941 3682 ad

288 3737 626 3779 mensuram
658 3721 848 3776 datur.
882 3716 1097 3773 Aliter:
1134 3717 1203 3770 Tu
1231 3732 1285 3771 es
1316 3716 1412 3786 qui
1466 3716 1718 3769 restitues
1763 3714 1939 3771 haere-

285 3811 508 3868 ditatem
528 3807 1001 3880 meam.Populus
1024 3804 1309 3862 Judaicus
1331 3804 1440 3859 fuit
1462 3819 1588 3858 mea
1611 3802 1937 3858 hrcreditas.

287 3905 449 3957 Hanc
471 3897 867 3973 perdidi,quia
894 3897 1064 3951 vinea
1090 3910 1216 3950 mea
1243 3892 1411 3948 electa
1464 3907 1724 3947 conversa
1772 3899 1852 3946 est
1881 3893 1943 3946 in

289 3988 739 4046 amaritudinem.
764 3985 913 4056 (lsai.
950 3999 977 4039 v
1003 4001 1017 4051 ;
1042 3985 1151 4039 Jer.
1186 3980 1267 4053 ιι),
1297 3984 1363 4034 ut
1392 3995 1486 4035 me
1537 3979 1937 4052 cruciﬁgeret:

290 4083 444 4141 Facti
461 4087 601 4139 sunt
614 4079 959 4149 ramiolivaa,
993 4084 1058 4135 ut
1080 4079 1461 4135 interseretur
1488 4077 1737 4134 oleaster
1765 4078 1937 4149 (Rom.

289 4173 392 4245 x1).
428 4172 538 4228 Sed
567 4175 648 4239 tu,
675 4168 921 4226 Domine
958 4169 1237 4238 restitues,
1288 4166 1427 4237 quia
1482 4165 1737 4238 reliquiae
1769 4166 1941 4223 salvae

290 4262 452 4318 flent.
484 4264 553 4316 Et
582 4259 807 4331 nequis
829 4256 941 4313 sibi
960 4256 1181 4312 frustra
1202 4253 1521 4327 applaudat
1551 4255 1610 4310 in
1641 4254 1743 4310 illa
1757 4255 1939 4311 haere-

289 4351 489 4421 ditate,
522 4346 878 4406 determinat
901 4344 1001 4418 qui
1034 4343 1117 4399 illi
1149 4343 1287 4412 sint,
1322 4360 1469 4416 quos
1524 4344 1664 4400 velit
1718 4344 1941 4401 discere

288 4456 458 4498 suam
490 4438 911 4495 haereditatem.
943 4437 1141 4502 Funes,
1173 4433 1230 4488 id
1292 4436 1400 4504 est,
1460 4448 1769 4499 mensurae,
1803 4433 1941 4505 quia

285 4528 523 4586 termini
552 4528 714 4584 illius
735 4522 1114 4581 haereditatis.
1147 4523 1217 4577 Et
1246 4521 1415 4590 bene,
1457 4537 1766 4590 mensurae,
1801 4522 1939 4594 quia
1967 4508 2014 4573 D

284 4619 440 4673 novit
457 4617 721 4672 Dominus
738 4616 836 4687 qui
862 4617 993 4669 sunt
1010 4612 1127 4684 ejus
1157 4610 1227 4683 (II
1259 4612 1391 4666 Tim.
1439 4610 1523 4684 ιι),
1557 4611 1627 4666 ad
1661 4610 1933 4667 similitu-

288 4705 486 4762 dinem
508 4702 900 4774 dictum,quia
928 4700 1052 4773 agri
1075 4699 1317 4755 funibus
1340 4701 1938 4756 mensurantur.Ceci-

286 4795 487 4852 derunt
501 4792 662 4860 mihi,
688 4790 745 4845 id
768 4789 1069 4861 est,gratia
1090 4793 1193 4844 tua
1213 4792 1369 4844 sorte
1384 4788 1527 4843 mihi
1543 4788 1933 4861 contigerunt.

283 4885 346 4942 In
368 4881 685 4957 praeclaris,
719 4878 778 4934 id
809 4882 898 4934 est
917 4876 1324 4944 candidis,non
1353 4876 1709 4932 habentibus
1737 4893 1935 4933 macu-

284 4973 403 5030 lam
424 4986 616 5044 neque
638 4984 843 5043 rugam
873 4983 885 5023 :
922 4964 1215 5021 maculam
1240 4965 1689 5037 incredulitatis,
1731 4983 1931 5039 rugam

285 5061 546 5118 haeresis.
576 5057 680 5115 Vel
709 5060 769 5114 in
791 5053 1179 5130 praeclarian
1208 5054 1469 5111 victoria.
1503 5053 1590 5111 Illi
1618 5055 1776 5112 enim
1798 5061 1938 5113 sunt

286 5150 424 5222 mei,
456 5150 554 5220 qui
578 5141 801 5203 cafnem
863 5160 1021 5200 suam
1073 5142 1468 5213 cruciﬁxerunt
1530 5159 1656 5200 cum
1702 5147 1856 5202 vitiis
1884 5154 1936 5203 et

284 5237 741 5311 concupiscentiis
779 5235 919 5307 (Gal.
950 5234 1027 5306 v).
1096 5231 1207 5289 Sed
1267 5231 1406 5304 quia
1460 5233 1679 5290 mundo
1709 5251 1823 5290 non
1855 5237 1937 5293 ita

285 5329 392 5385 visi
426 5329 586 5391 sunt,
620 5325 739 5381 imo
771 5322 1018 5397 pannosi
1051 5326 1107 5378 et
1136 5320 1628 5392 contemptibiles,
1656 5328 1720 5378 ut
1747 5323 1890 5380 illud
1916 5343 1929 5380 :

287 5424 665 5497 Spectaculum
687 5423 824 5494 facti
847 5436 1035 5476 sumus
1054 5419 1255 5475 mundo
1275 5422 1330 5474 ct
1358 5414 1569 5487 angelis
1605 5428 1657 5476 et
1700 5420 1935 5477 homini-

289 5516 408 5580 bus,
435 5516 685 5570 omnium
740 5512 1044 5584 peripsema
1099 5523 1270 5580 usque
1325 5508 1501 5563 adhuc
1526 5508 1577 5581 (Ι
1635 5510 1754 5566 Cor.
1816 5514 1930 5583 1v);

286 5602 415 5659 ideo
436 5602 781 5674 subjungit:
814 5600 1029 5655 Etenim
1057 5595 1358 5653 haereditas
1385 5612 1508 5653 mea
1552 5600 1825 5670 praclara
1855 5605 1933 5657 est

2048 519 2186 558 num
2214 505 2310 576 qui
2340 503 2539 559 tribuit
2566 503 2712 560 mihi
2733 503 3071 560 intellectum
3098 500 3485 576 cognoscendi
3517 500 3703 569 illam,
3782 520 3787 525 ’

2056 590 2280 648 scilicet
2302 591 2684 649 conservandi
2730 593 2819 649 vel
2877 592 3247 649 discernendi
3313 607 3475 647 meos
3523 608 3558 646 a
3586 608 3705 647 non

2053 681 2473 754 meis.Insuper
2493 681 2713 739 scilicet
2762 682 3073 740 tenedicam
3113 682 3410 738 Dominum
3460 680 3535 736 de
3565 679 3701 747 huc,

2053 769 2191 843 quia
2236 787 2407 843 usque
2458 770 2528 826 ad
2556 774 2767 826 noctem
2821 773 3220 843 increpuerunt
3271 786 3358 825 me
3386 785 3545 826 renes
3574 770 3709 823 mei.

2052 868 2245 935 Renes,
2273 867 2331 922 id
2362 870 2451 923 est
2469 866 2709 924 inferior
2735 885 2872 940 pars
2938 884 3092 935 mea,
3149 883 3282 923 caro
3335 865 3574 932 scilicet,
3618 866 3711 920 in-

2053 956 2327 1029 crepavit,
2362 957 2419 1012 id
2460 961 2569 1012 est.
2611 958 2883 1012 erudivit.
2911 957 3074 1029 Saepe
3103 956 3262 1012 enim
3305 955 3715 1027 increpatione

2054 1045 2121 1100 fit
2149 1044 2420 1100 eruditio.
2444 1050 2624 1116 Usque
2643 1045 2713 1100 ad
2746 1054 2979 1112 noctem,
3002 1044 3061 1100 id
3086 1049 3178 1101 est
3202 1060 3390 1116 usque
3444 1043 3517 1100 ad
3548 1047 3712 1099 tene-

2053 1132 2190 1188 bras
2224 1133 2448 1189 mortis.
2480 1135 2543 1188 In
2572 1134 2664 1190 his
2694 1134 2850 1189 enim
2883 1134 3160 1190 omnibus
3217 1150 3345 1206 quis
3376 1133 3437 1188 in
3465 1145 3710 1204 carpare

2055 1222 2288 1294 pertuli,
2319 1222 2710 1278 obedientiam
2744 1228 2801 1279 et
2838 1222 3231 1279 humilitatem
3264 1228 3322 1278 et
3363 1221 3708 1294 patientiam

2055 1311 2251 1367 didici.
2287 1310 2508 1368 Aliter:
2552 1313 2780 1383 Insuper
2820 1312 3140 1368 benedicam
3184 1312 3498 1378 Dominum,
3549 1312 3709 1382 quod

2054 1416 2222 1456 renes
2263 1400 2397 1467 mei,
2428 1400 2618 1456 Judaei
2649 1398 2891 1466 scilicet,
2951 1415 3198 1469 quorum
3254 1399 3492 1455 renibus
3534 1402 3709 1453 natus

2056 1475 2615 1561 sum,increpuerunt
2635 1489 2804 1558 me,id
2826 1493 2916 1545 est
2935 1488 3158 1544 duriter
3178 1493 3501 1560 arguerunt
3521 1503 3711 1559 usque

2055 1578 2129 1633 ad
2155 1582 2444 1634 mortem:
2514 1576 2654 1649 quia
2711 1577 2790 1632 ibi
2846 1576 3180 1650 exemplum
3229 1575 3584 1632 humilitatis
3653 1579 3713 1631 et

2055 1666 2347 1738 patientiae
2368 1666 2516 1723 meis
2564 1666 2807 1738 praebui.
2870 1665 3082 1722 Aliter:
3144 1668 3371 1738 Insuper
3400 1664 3713 1722 benedicam

2057 1754 2326 1824 Domino,
2367 1756 2521 1827 quod
2544 1771 2700 1812 renes
2718 1757 2847 1821 mei,
2881 1755 2938 1810 id
2969 1759 3075 1821 est,
3100 1754 3454 1811 inﬁrmiores
3492 1758 3711 1827 partes,

2053 1844 2445 1916 increpucrunt
2459 1860 2630 1916 usque
2649 1844 2720 1900 ad
2740 1847 3073 1912 mortem,et
3092 1844 3152 1900 in
3177 1843 3518 1900 inﬁrmitate
3547 1860 3705 1900 mor-

2052 1937 2193 1989 tuus
2210 1950 2344 1989 sum
2368 1951 2382 2002 ;
2408 1934 2512 1989 sed
2545 1949 2703 1989 renes
2731 1935 2842 1989 mei
2870 1934 3129 2003 fuerunt,
3161 1933 3221 1989 id
3252 1937 3343 1989 est
3363 1933 3711 1989 delectatio-

2054 2039 2179 2090 nes,
2211 2021 2271 2077 id
2292 2027 2401 2089 est,
2424 2039 2539 2077 non
2563 2021 2755 2078 solum
2778 2021 3056 2079 benedico
3078 2025 3136 2078 te
3184 2023 3256 2078 de
3278 2022 3387 2079 hoc
3411 2022 3568 2094 quod
3587 2021 3708 2094 spi-

2061 2111 2212 2166 ritus
2239 2114 2544 2183 promptus
2565 2115 2672 2179 est,
2697 2112 2797 2167 sed
2822 2111 2978 2183 quod
3035 2111 3212 2167 etiam
3242 2127 3377 2167 caro
3424 2109 3711 2167 delectata

2068 2204 2178 2256 est.
2199 2200 2481 2257 Desiderio
2511 2200 2660 2256 enim
2690 2200 3007 2257 desideravi
3029 2200 3133 2256 hoc
3153 2201 3366 2273 pascha
3392 2200 3711 2272 (Luc.xxn).

2056 2297 2229 2354 Illum
2259 2298 2465 2354 merito
2505 2297 2805 2368 benedico,
2836 2298 2976 2369 quia
3004 2298 3065 2353 in
3092 2298 3367 2370 passione
3396 2313 3469 2353 ne
3497 2297 3710 2353 defice-

2055 2404 2200 2452 rem,
2229 2387 2607 2459 providebam,
2638 2387 2699 2442 id
2729 2391 2837 2450 est,
2870 2403 3043 2458 porro
3074 2387 3366 2453 videbam,
3389 2387 3708 2453 Dominum,

2056 2482 2578 2543 remuneratorem,
2613 2476 2701 2531 vel
2731 2476 2875 2530 mihi
2907 2475 3303 2541 assistentem,
3336 2476 3397 2531 in
3424 2485 3713 2547 conspectu

2054 2580 2192 2630 meo,
2217 2563 2274 2618 id
2315 2569 2425 2627 est,
2473 2564 2635 2620 intus
2674 2565 2733 2619 in
2767 2565 2963 2631 corde,
2987 2565 3087 2619 ubi
3116 2568 3206 2620 est
3231 2579 3403 2620 verus
3436 2564 3709 2631 intuitus,

2054 2668 2289 2724 semper,
2331 2651 2390 2706 id
2425 2655 2535 2717 est,
2569 2652 2627 2706 in
2696 2652 2970 2724 passione
2999 2657 3056 2708 et
3088 2652 3145 2707 in
3176 2655 3381 2708 morte.
3407 2652 3476 2707 Et
3505 2652 3713 2709 merito

2055 2740 2224 2796 illum
2241 2739 2638 2811 providebam,
2665 2743 2929 2811 quoniam
2951 2759 2985 2796 a
3004 2741 3213 2797 dextris
3230 2750 3307 2797 est
3323 2741 3489 2809 mihi,
3516 2741 3572 2796 id
3596 2745 3710 2809 est,

2055 2828 2115 2883 in
2147 2828 2496 2901 potioribus,
2527 2827 2613 2884 vel
2652 2830 2843 2885 fautor
2871 2835 2929 2885 et
2958 2830 3245 2903 propitius
3269 2828 3416 2885 mihi
3436 2834 3496 2885 et
3526 2830 3708 2899 meis;

2054 2934 2142 2973 me
2170 2932 2528 2986 commovear,
2562 2918 2789 2974 scilicet
2802 2920 2875 2974 ab
2895 2935 2960 2975 eo
2982 2918 3160 2974 simul
3190 2935 3322 2974 cum
3354 2917 3450 2974 his
3479 2919 3583 2991 qui
3617 2934 3713 2974 me

2058 3007 2334 3062 devorare
2364 3010 2670 3073 conantur,
2729 3024 2981 3079 quorum
3035 3009 3213 3081 pedes
3243 3005 3385 3063 moti
3414 3011 3573 3063 sunt.
3604 3005 3710 3062 Vel

2055 3094 2185 3150 ideo
2202 3094 2370 3150 illum
2389 3095 2726 3164 benedicam,
2740 3101 2797 3152 et
2810 3113 2924 3151 non
2940 3095 3120 3152 alium
3138 3113 3151 3151 :
3167 3098 3427 3168 quoniam
3439 3113 3475 3150 a
3492 3096 3711 3151 dextris

2047 3192 2127 3239 est
2145 3183 2372 3251 mzhi,id
2386 3187 2495 3251 est,
2530 3182 2697 3239 illum
2714 3183 3072 3257 praecipuum
3088 3185 3293 3241 habeo.
3325 3186 3549 3256 Propter
3575 3183 3701 3254 hoc,

2048 3271 2419 3344 scilicetquia
2443 3288 2559 3327 non
2590 3289 2979 3341 commovear,
3004 3273 3260 3329 laetatum
3279 3277 3357 3330 est
3378 3289 3469 3329 cor
3502 3288 3705 3338 meum,

2046 3361 2104 3416 id
2129 3366 2239 3426 est,
2264 3361 2422 3416 intus
2442 3360 2699 3428 listabar,
2722 3361 2832 3417 etsi
2861 3361 3005 3417 foris
3034 3366 3282 3434 paterer.
3329 3361 3431 3417 Vel
3474 3365 3711 3434 propter

2046 3449 2157 3506 hoc
2177 3448 2418 3517 scilicet,
2444 3450 2581 3523 quia
2600 3455 2663 3505 tu
2686 3450 2795 3505 hoc
2821 3451 2993 3506 modo
3044 3451 3320 3506 restitues
3351 3450 3499 3505 mihi
3522 3450 3707 3506 hisre-

2049 3538 2295 3595 ditatem
2319 3554 2530 3594 meam.
2558 3543 2622 3595 Et
2644 3555 2778 3594 cum
2800 3538 2999 3595 lastitia
3048 3539 3241 3595 cordis
3276 3539 3612 3606 exsultavit,
3647 3537 3706 3592 id

2050 3632 2158 3695 est,
2173 3626 2536 3684 exsultanter
2548 3626 2654 3681 tibi
2677 3627 2899 3699 gratias
2918 3628 3038 3700 egit
3051 3629 3251 3699 lingua
3268 3643 3413 3693 mea,
3432 3632 3500 3683 ut
3513 3625 3660 3682 illud
3688 3644 3703 3681 :

2049 3727 2235 3792 Pater,
2247 3724 2460 3795 gratias
2479 3739 2583 3794 ago
2607 3724 2711 3779 tibi
2735 3725 2911 3795 (Joan.
2935 3726 3034 3796 χι).
3076 3726 3323 3797 Insuper,
3354 3724 3413 3780 id
3447 3729 3559 3795 est,
3590 3741 3710 3780 non

2050 3812 2242 3870 solum
2265 3811 2465 3868 anima
2501 3812 2798 3884 gaudebit,
2860 3812 2962 3869 sed
2985 3817 3039 3868 et
3065 3829 3195 3870 caro
3240 3830 3361 3870 mea
3385 3815 3708 3886 requiescet,

2050 3901 2108 3957 id
2131 3904 2238 3970 est,
2257 3900 2559 3971 jacebitjn
2578 3900 2866 3972 sepulcro.
2897 3906 2965 3957 In
2994 3918 3108 3974 spe,
3144 3899 3255 3958 hac
3293 3901 3546 3969 scilicet,
3575 3918 3707 3975 quo-

2048 3991 2205 4046 niam
2230 4006 2346 4045 non
2365 3989 2711 4062 derelinques
2758 3992 3007 4046 animam
3054 4006 3234 4047 meam
3252 3994 3314 4046 in
3335 3992 3580 4063 inferno,
3610 4007 3711 4047 nec

2049 4078 2203 4134 dabis
2222 4095 2314 4134 me
2333 4082 2585 4135 sanctum
2627 4082 2785 4134 tuum
2808 4079 2994 4137 videre
3019 4083 3449 4153 corruptionem,
3485 4079 3709 4136 scilicet

2093 4167 2320 4240 orporis
2350 4168 2486 4224 mei.
2519 4167 2715 4225 Jacuit
2734 4167 2892 4224 enim
2914 4185 3047 4225 caro
3068 4168 3282 4225 Christi
3313 4169 3372 4224 in
3394 4168 3664 4241 sepulcro
3689 4187 3702 4237 ;

2037 4255 2151 4313 'sed
2178 4258 2519 4328 corruptum
2542 4273 2658 4311 non
2714 4260 2821 4324 est,
2872 4256 3012 4329 quia
3040 4258 3212 4313 tertia
3241 4257 3337 4314 die
3366 4255 3702 4315 resurrexit.

2048 4352 2267 4409 Aliter:
2290 4353 2540 4424 Insuper,
2564 4352 2623 4408 id
2645 4358 2757 4422 est,
2788 4369 2904 4409 non
2935 4353 3125 4411 solum
3159 4371 3262 4426 ego
3289 4357 3485 4427 caput,
3515 4354 3619 4411 sed
3649 4356 3707 4410 et

2048 4457 2183 4498 caro
2204 4457 2356 4510 mea,
2377 4442 2434 4497 id
2478 4446 2568 4497 est
2614 4441 2888 4510 Ecclesia,
2940 4443 3103 4499 Unde
3129 4442 3485 4516 Apostolus:
3526 4444 3707 4499 Erunt

2045 4532 2284 4602 amboin
2302 4546 2612 4586 carneuna.
2646 4533 2754 4587 Hoc
2784 4537 2972 4587 autem
2999 4531 3119 4589 dico
3139 4533 3199 4587 in
3224 4531 3436 4588 Christo
3455 4536 3508 4589 et
3525 4532 3707 4588 Eccle-

2045 4622 2128 4677 sia
2159 4620 2316 4693 (Eph.
2346 4620 2424 4691 v).
2484 4621 2795 4692 Requiescet
2862 4620 2921 4678 in
2955 4624 3143 4677 morte
3189 4638 3225 4677 a
3272 4619 3492 4677 laboris
3521 4619 3705 4692 hujus

2044 4709 2193 4765 vitae.
2231 4712 2295 4764 In
2323 4725 2438 4780 spe,
2475 4708 2697 4765 scilicet
2747 4710 3114 4783 resurgendi.
3173 4713 3241 4764 Et
3298 4709 3529 4781 merito,
3571 4725 3701 4781 quo-

2042 4799 2199 4854 niam
2228 4813 2339 4853 non
2369 4796 2709 4869 derelinques
2738 4800 2987 4854 animam
3040 4814 3222 4855 meam
3267 4800 3327 4853 in
3368 4800 3607 4871 inferno,
3640 4799 3701 4855 id

2043 4892 2134 4944 est
2161 4887 2317 4959 quod
2339 4887 2541 4943 vident
2560 4887 2931 4959 praecessisse
2962 4887 3021 4943 in
3082 4888 3294 4960 capite,
3324 4904 3445 4944 non
3490 4888 3703 4960 despe-

2044 4981 2175 5032 rant
2192 4977 2261 5032 de
2286 4975 2569 5031 membris
2590 4975 2671 5030 illi
2696 4976 3153 5033 adhaerentibus.
3178 4976 3514 5033 Notandum
3540 4977 3700 5049 quod

2044 5064 2380 5121 alibidicit:
2417 5066 2548 5133 Quae
2576 5066 2804 5121 utilitas
2858 5068 2919 5121 in
2974 5066 3242 5137 sanguine
3296 5080 3416 5122 meo
3454 5065 3587 5122 dum
3613 5065 3702 5123 de-

2041 5153 2233 5211 scendo
2263 5155 2325 5208 in
2353 5154 2761 5224 corruptionem
2786 5157 2809 5210 Ρ
2837 5156 3009 5227 (Psal.
3068 5153 3248 5227 xxix.)
3289 5154 3403 5211 Sed
3435 5153 3547 5211 hoc
3574 5154 3699 5211 dic-

2042 5247 2167 5299 tum
2190 5242 2259 5298 de
2278 5240 2516 5297 vulnere
2537 5240 2737 5298 lateris
2759 5248 2817 5299 et
2855 5244 3043 5301 ﬁxura
3091 5242 3414 5309 clavorum,
3453 5259 3570 5301 non
3626 5243 3702 5300 de

2042 5330 2416 5403 corruptione
2453 5331 2716 5403 corporis
2776 5331 2989 5389 Christi
3039 5331 3098 5387 in
3149 5330 3439 5404 sepulcro.
3479 5331 3701 5391 Revera

2042 5437 2155 5476 non
2178 5418 2344 5476 dabis
2360 5418 2554 5475 videre
2585 5421 3019 5493 corruptionem
3045 5438 3058 5478 :
3092 5420 3211 5477 imo
3241 5423 3400 5477 notas
3445 5421 3589 5476 mihi
3610 5421 3696 5494 fe-

2040 5510 2183 5575 cisti,
2206 5508 2264 5563 id
2288 5512 2397 5576 est,
2427 5508 2575 5565 meis
2607 5526 2707 5582 per
2738 5527 2831 5567 me
2860 5513 2977 5567 vias
3005 5510 3157 5578 vitaz,
3208 5508 3435 5567 scilicet
3453 5508 3697 5567 humili-

2040 5596 2615 5669 tatem,patientiam,
2630 5599 3116 5671 perseverantiam
3142 5615 3155 5656 :
3180 5603 3247 5656 ut
3266 5614 3360 5656 me
3379 5598 3699 5667 imitando,
