4016 6192
266 347 373 413 991

1390 351 2002 421 ENARRA'I‘IONES
2044 354 2124 418 ΙΝ
2166 356 2551 421 PSALMOS.

3550 361 3669 422 222

266 480 320 537 id
352 486 438 539 est
468 484 635 555 quasi
677 484 736 541 in
767 486 1011 545 occultis
1037 490 1452 547 consentiendo
1476 491 1727 546 Minores
1750 492 1905 547 enim
1937 495 1991 559 Α
2021 490 2138 547 illis
2172 493 2270 564 qui
2302 494 2363 548 in
2402 494 2515 549 fine
2547 493 2949 549 salvabuntur.
2975 492 3192 548 Aliter:
3228 493 3477 550 Saturati
3520 505 3667 554 sunt,

267 571 368 627 etsi
402 576 598 644 aperte
627 589 761 630 eum
785 593 899 631 non
931 578 1380 647 damnaverunt,
1414 585 1610 635 tamen
1639 597 1909 652 peccave-

268 664 400 715 runt
430 660 672 731 occulte,
702 665 838 733 quia
860 666 918 719 in
947 673 1131 722 morte
1160 670 1287 739 ejus
1310 675 1755 725 consenserunt.
1781 670 1904 724 Non

266 748 419 803 enim
452 748 559 803 soli
590 751 690 820 qui
725 752 878 807 mala
910 760 1093 825 agunt
1118 757 1197 811 rei
1220 764 1375 827 sunt,
1413 758 1514 812 sed
1542 764 1598 813 et
1641 758 1739 829 qui
1771 774 1907 812 con-

268 837 526 891 sentiunt
557 840 728 907 (Rom.
754 842 814 911 1).
858 844 1088 916 Exurge
1139 849 1393 911 Domine,
1426 849 1510 902 fer
1565 864 1755 919 opem,
1808 847 1907 919 qui

265 925 321 979 in
345 925 677 982 humilitate
701 945 829 983 mea
854 931 1589 1005 visusesjacereJ’r‘z’veni
1612 953 1756 1005 eum,
1790 936 1908 990 sci-

264 1013 393 1069 licet
416 1014 738 1083 diabolum,
772 1019 940 1087 cujus
971 1021 1251 1078 instinctu
1285 1024 1405 1079 haec
1436 1025 1672 1080 faciunt.
1703 1025 1911 1079 Veniat

266 1102 334 1156 ad
369 1118 481 1172 me,
514 1107 571 1157 et
597 1102 655 1157 in
689 1120 781 1158 me
814 1124 927 1161 non
961 1109 1172 1166 habeat
1202 1113 1524 1184 quidquam
1557 1116 1747 1184 (Joan.
1771 1117 1905 1179 XIV).

266 1198 357 1253 Vel
388 1198 449 1253 in
479 1198 687 1271 laqueo
720 1203 923 1258 mortis
956 1223 1130 1277 quem
1164 1209 1307 1263 mihi
1361 1211 1587 1281 paravit
1644 1211 1912 1281 capiatur

262 1288 405 1359 ipse.
431 1289 471 1344 0
502 1306 669 1359 mors,
705 1308 796 1346 ero
826 1310 972 1348 mors
1002 1304 1098 1351 tua
1125 1298 1260 1367 (Ose.
1313 1302 1458 1370 xm),
1515 1302 1576 1354 Et
1615 1303 1912 1372 supplanta

268 1391 410 1442 eum,
438 1381 502 1430 ut
528 1377 587 1431 in
616 1384 802 1435 morte
825 1398 954 1437 mea
977 1401 1077 1454 per
1097 1402 1273 1456 quam
1296 1389 1542 1443 credidit
1565 1406 1625 1445 se
1648 1389 1908 1456 exaltari,

262 1464 625 1521 humilietur.
658 1468 758 1523 Vel
778 1470 901 1540 ipse
936 1472 1528 1533 insidiaturcaicaneo
1553 1496 1700 1545 meo,
1725 1480 1824 1533 sed
1848 1483 1911 1533 tu

268 1559 445 1625 caput
476 1557 603 1625 ejus
635 1562 869 1614 contere
899 1560 1049 1631 (Gen.
1100 1566 1204 1633 In).
1266 1566 1381 1620 Hoc
1429 1569 1600 1622 modo
1660 1584 1909 1640 exurge:

260 1645 427 1714 Eripe
444 1646 697 1699 ainimam
716 1663 899 1703 meam
914 1652 981 1705 ab
1002 1654 1195 1723 impio,
1227 1660 1290 1708 ut
1311 1671 1438 1709 eam
1486 1657 1639 1728 apud
1700 1658 1913 1712 inferos

263 1749 379 1787 non
411 1733 702 1789 detineat:
735 1735 822 1790 vel
853 1740 1110 1795 animam
1144 1746 1543 1817 meorum,qui
1578 1745 1911 1817 indignica-

2018 587 2201 636 morte
2235 583 2460 637 Domini
2490 600 2501 637 :
2533 584 2673 653 quia
2692 582 2845 638 sicut
2873 587 3052 638 Jonas
3075 582 3186 637 fuit
3235 582 3295 637 in
3318 587 3517 639 ventre
3558 585 3667 640 ceti

2016 671 2205 727 tribus
2223 670 2429 727 diebus
2459 676 2517 727 et
2538 672 2723 727 tribus
2742 672 3118 737 noctibus,ita
3138 677 3193 728 et
3210 672 3267 727 in
3287 673 3461 728 corde
3477 677 3665 740 terra,

2017 761 2074 815 id
2106 765 2215 827 est,
2247 761 2307 815 in
2339 765 2705 816 terrenorum
2736 763 3094 827 Judaeorum,
3115 762 3222 817 fuit
3254 779 3410 817 mors
3449 762 3666 818 Christi

2016 850 2220 921 (Matth.
2252 868 2365 917 x11;
2407 852 2562 906 Joun.
2593 853 2652 919 ιι)
2680 867 2692 906 :
2726 851 2863 922 quia
2894 853 2953 907 in
2988 853 3193 924 quinta
3236 851 3377 907 feria
3407 856 3528 907 toto
3577 851 3670 908 die

2016 944 2071 993 et
2101 939 2367 1010 sequenti
2398 943 2564 993 nocte
2602 938 2737 993 inde
2770 941 3186 1011 cogitaverunt,
3218 943 3277 995 in
3302 946 3455 997 sexta
3483 942 3669 998 cruci-

2019 1028 2291 1092 ﬁxerunt,
2318 1029 2373 1083 in
2402 1028 2653 1101 septima
2671 1028 2973 1099 depositus
2998 1035 3087 1086 est
3107 1032 3177 1086 de
3200 1036 3454 1096 cruce,et
3483 1032 3671 1103 sepul-

2019 1117 2318 1188 tusjacuit
2344 1118 2401 1171 in
2436 1122 2607 1181 terra,
2644 1135 2830 1189 usque
2862 1119 3000 1173 dum
3022 1124 3153 1190 post
3172 1124 3290 1175 tres
3314 1121 3458 1184 dies,
3483 1122 3668 1187 idest,

2018 1206 2209 1277 prima
2251 1206 2485 1261 Sabbati
2520 1225 2689 1263 mane
2726 1215 3074 1280 resurgeret.
3109 1212 3184 1265 Et
3210 1210 3473 1283 reliquias
3518 1229 3668 1281 suas,

2020 1295 2075 1348 id
2108 1300 2217 1361 est,
2254 1296 2755 1366 resurrectionem,
2790 1298 3121 1354 dimiserunt
3148 1303 3396 1371 parvulis
3425 1304 3668 1374 δαῖε,ρυί

2020 1384 2080 1438 in
2121 1386 2247 1454 ejus
2281 1385 2893 1441 resurrectionesiinul
2925 1394 3302 1444 surrexerunt
3323 1407 3356 1444 a
3379 1396 3563 1446 morte
3586 1392 3670 1446 in-

2023 1472 2337 1529 ﬁdelitatis.
2375 1474 2794 1531 Etsccundum
2838 1477 3252 1532 mortalitatem
3315 1483 3506 1550 potest
3562 1480 3671 1536 hoc

2024 1562 2195 1615 modo
2228 1561 2337 1633 legi
2366 1581 2379 1618 :
2410 1567 2661 1631 Domine,
2694 1583 2728 1620 a
2756 1568 2953 1634 paucis
2981 1567 3162 1621 divide
3210 1584 3315 1637 eos,
3354 1573 3669 1639 antequam

2021 1650 2088 1704 de
2106 1655 2257 1705 terra
2270 1655 2371 1706 tua
2390 1653 2630 1709 omnino
2655 1654 2806 1708 divid
2817 1660 2955 1709 antu
2966 1660 3363 1727 r,separentur
3378 1656 3553 1711 etiam
3577 1656 3671 1712 hic

2022 1741 2082 1794 in
2113 1742 2233 1795 vita
2265 1756 2477 1807 eorum,
2500 1743 2608 1797 etsi
2643 1759 2755 1797 non
2788 1742 2843 1798 in
2877 1760 3069 1810 carne,
3103 1749 3300 1801 tamen
3347 1746 3668 1815 affectione,

262 1819 402 1889 ptivi
427 1821 765 1877 detinentur
786 1828 1205 1896 apudinferos:
1233 1834 1517 1888 Frameam
1538 1835 1780 1900 tuam,id
1804 1841 1912 1905 est,
1947 1864 1993 1929 Β
2025 1846 2059 1883 a
2084 1832 2282 1899 paucis
2311 1830 2368 1885 id
2400 1836 2488 1886 est
2519 1831 2591 1886 ab
2621 1831 2836 1887 electis.
2871 1833 2996 1888 Non
3029 1834 3149 1889 sint
3179 1834 3272 1890 hic
3302 1836 3555 1907 cumjeis
3613 1837 3668 1892 in

259 1920 353 1964 me
365 1909 625 1980 gladium
642 1916 699 1967 tu
711 1921 1498 1992 um,perquemjugulandus
1512 1924 1907 1993 estinimicus,

258 1997 323 2050 ab
356 2000 602 2055 inimicis
634 2018 830 2057 manus
859 2011 988 2061 tute.
1020 2007 1228 2063 Aliter:
1265 2012 1514 2066 Przeveni
1541 2029 1684 2077 eum,
1708 2013 1909 2068 Judai-

256 2100 393 2139 cum
427 2088 743 2159 populum:
778 2099 1094 2149 excaecetur
1123 2097 1282 2152 intus
1313 2100 1537 2155 malitia
1563 2118 1691 2167 sua,
1725 2108 1789 2156 ut
1831 2104 1911 2157 fa-

254 2178 418 2228 ctum
450 2192 652 2230 eorum
681 2178 937 2235 vindicta
968 2187 1297 2253 praeveniat.
1331 2189 1401 2243 Et
1428 2194 1557 2260 post
1576 2206 1712 2244 cum
1734 2191 1914 2246 credi-

256 2262 417 2316 derit
448 2264 690 2319 exaltari
723 2266 779 2321 in
815 2285 928 2337 me,
961 2274 1256 2343 supplanta
1285 2292 1414 2329 eum
1445 2278 1504 2331 id
1543 2284 1649 2342 est,
1708 2279 1912 2349 dejice.

257 2356 528 2413 Credidit
556 2362 712 2415 enim
748 2380 849 2434 per
882 2383 1072 2422 meam
1101 2376 1355 2427 mortem
1375 2374 1839 2431 obtinerelocum
1862 2382 1919 2432 et

254 2452 500 2534 gentem
535 2450 715 2518 (Joan.
757 2454 859 2522 x1),
887 2457 990 2509 sed
1025 2474 1127 2527 per
1155 2476 1281 2513 eam
1319 2466 1914 2534 utrumqueamittat:

255 2532 810 2623 ille‘supplantator,
847 2543 939 2596 cui
971 2545 1194 2615 aliquid
1218 2549 1327 2602 sub
1360 2532 1562 2621 planta
1592 2554 1831 2623 ponitur
1856 2557 1920 2608 ut

255 2621 567 2690 exaltetur,
583 2631 639 2680 et
670 2633 800 2698 post
830 2632 1202 2689 subtrahitur
1232 2639 1544 2707 utgravius
1559 2621 1745 2696 cadat.
1770 2647 1915 2714 Sup-

256 2711 455 2782 posita
484 2719 573 2768 est
604 2714 689 2771 eis
718 2716 1036 2776 infirmitas
1069 2725 1261 2779 carnis
1289 2742 1450 2797 meae,
1494 2733 1549 2783 et
1578 2729 1708 2784 elati
1743 2737 1911 2787 sunt:

254 2801 554 2857 subducta
574 2810 662 2859 est
674 2811 876 2876 postea
892 2824 1025 2864 cum
1042 2827 1170 2867 resu
1182 2815 1412 2899 rrexi,et
1428 2818 1915 2876 cedideruut.Hoc

255 2890 438 2945 modo
460 2892 801 2964 supplanta:
828 2899 1072 2964 Domine,
1104 2918 1135 2955 a
1150 2907 1350 2973 paucis
1366 2890 1433 2960 de
1454 2914 1598 2962 terra
1609 2908 1912 2966 divideeos.

256 2987 385 3041 Etsi
418 2988 478 3043 in
502 2994 655 3046 terra
686 2994 1061 3052 morientium
1094 2999 1270 3055 simul
1304 3010 1527 3059 crescat
1584 3006 1806 3062 zizania
1860 3014 1916 3063 et

254 3076 523 3132 triticum
539 3096 724 3152 usque
736 3083 805 3137 ad
822 3101 1071 3143 messem
1095 3090 1460 3165 (Matth.xm),
1485 3100 1679 3150 tamen
1693 3096 1915 3152 divides

257 3180 356 3220 eos
381 3169 742 3241 quandoque
764 3188 798 3226 a
814 3175 1036 3244 paucis,
1057 3178 1114 3232 id
1138 3184 1227 3234 est
1250 3182 1321 3235 ab
1340 3182 1539 3238 electis
1563 3184 1633 3239 de
1651 3190 1804 3240 terra
1834 3186 1913 3240 vi-

258 3256 617 3313 ventiumln
630 3261 751 3315 vita
764 3265 1207 3330 eorum,scilicet
1220 3285 1561 3340 paucorum,
1597 3274 1693 3327 ubi
1710 3274 1915 3330 divites

260 3358 395 3398 cum
431 3347 638 3415 paucis
668 3357 980 3423 resurgent
1009 3355 1079 3408 ad
1113 3356 1490 3421 vitam,multi
1514 3361 1912 3430 opprobrium:

261 3432 401 3502 quia
433 3439 622 3489 venter
646 3453 855 3505 eorum,
889 3440 947 3494 id
978 3446 1067 3497 est
1112 3445 1415 3513 memoria,
1474 3447 1806 3518 adimpletus
1844 3459 1920 3507 est

263 3520 325 3575 de
383 3523 723 3580 absconditis
769 3530 904 3598 tuis,
985 3530 1042 3584 id
1106 3537 1195 3587 est
1274 3533 1683 3604 iniquitatibus
1769 3556 1916 3609 quas

261 3611 323 3663 tu
344 3609 609 3683 ignoras,
642 3615 729 3677 vel
763 3615 1093 3687 ignorantia
1121 3625 1177 3675 et
1224 3622 1513 3678 oblivione
1567 3626 1673 3681 tui.
1732 3626 1919 3683 Aliter

264 3700 601 3756 secundum
633 3703 939 3761 historiam
969 3724 981 3761 :
1014 3710 1077 3763 In
1110 3712 1221 3765 vita
1269 3728 1477 3779 eorum,
1530 3714 1751 3771 scilicet
1802 3716 1916 3773 ista

261 3801 441 3856 quam
479 3789 662 3847 solam
692 3801 914 3860 amant,
946 3797 1127 3853 divide
1154 3817 1242 3855 eos
1272 3801 1337 3855 de
1364 3805 1517 3858 terra
1564 3821 1689 3859 sua.
1749 3807 1913 3870 Quod

259 3874 485 3932 factum
508 3884 597 3933 est
618 3886 876 3955 tempore
889 3885 1002 3940 Titi
1025 3891 1081 3941 et
1103 3891 1469 3961 Vespasiani,
1490 3895 1724 3960 quando
1760 3897 1909 3967 capti

258 3970 391 4053 sunt
427 3971 488 4021 et
517 3972 854 4037 venundati,
886 3978 943 4028 et
963 3974 1022 4029 in
1052 3977 1444 4047 captivitatem
1476 3981 1744 4053 dispersi.
1769 3984 1915 4048 Quia

259 4051 321 4108 de
346 4056 690 4114 absconditis
714 4061 823 4116 tuis
860 4062 1186 4135 adimpletus
1213 4070 1289 4120 est
1357 4077 1541 4124 venter
1575 4051 1798 4142 eorum,
1848 4078 1915 4129 ut

259 4147 673 4233 supraQuasi
706 4149 878 4205 dicat.
912 4153 994 4206 Ad
1029 4155 1167 4224 quid
1220 4155 1339 4210 hrec
1368 4157 1702 4214 Judazorum
1762 4162 1911 4233 deje-

256 4230 367 4285 ctio
390 4232 421 4286 ?
457 4232 683 4290 chz'tas
701 4254 770 4292 ex
786 4248 943 4309 parte
956 4244 1185 4313 contigit
1218 4246 1278 4298 in
1309 4245 1499 4310 Israel,
1524 4253 1584 4302 ut
1626 4230 1910 4316 plenitudo

252 4322 505 4385 gentium
528 4324 826 4381 intraretet
851 4330 951 4391 sic,
1002 4329 1222 4386 scilicet
1272 4334 1535 4405 exemplo
1590 4342 1907 4409 correctus,

252 4410 438 4464 omnis
474 4410 647 4467 Israel
674 4416 860 4470 salvus
886 4407 1039 4486 ﬁeret
1070 4420 1244 4490 (Rom.
1298 4426 1399 4489 x1).
1461 4424 1715 4481 Saturati
1758 4407 1906 4495 sunt,

250 4500 307 4558 id
340 4511 437 4563 est
468 4507 621 4577 pleni
650 4513 865 4583 gaudio
899 4531 1039 4569 mea:
1070 4518 1361 4587 passionis
1392 4524 1449 4575 et
1470 4521 1674 4577 mortis
1706 4529 1762 4579 et
1792 4542 1907 4580 non

252 4592 360 4646 sibi
395 4593 617 4665 solum,
651 4601 751 4655 sed
786 4602 962 4657 etiam
993 4605 1127 4673 ﬁliis
1156 4607 1280 4662 suis
1312 4614 1450 4663 sunt
1479 4613 1746 4679 saturati,
1767 4614 1909 4669 adeo
1941 4594 1985 4657 D

250 4684 313 4735 ut
342 4687 400 4737 et
434 4682 574 4740 ﬁliis
597 4693 821 4758 partem
846 4693 1141 4762 praebeant
1160 4713 1178 4749 :
1204 4695 1445 4768 Sanguis
1466 4700 1587 4767 ejus
1615 4715 1779 4770 super
1814 4717 1910 4756 nos

247 4776 296 4822 et
323 4786 501 4843 super
528 4773 680 4844 ﬁlios
707 4784 915 4835 nostros
967 4779 1173 4852 (Matth.
1221 4786 1393 4856 xxv1).
1458 4788 1522 4842 Et
1574 4789 1907 4844 dimiserunt

245 4859 523 4931 reliquias
552 4879 698 4934 suas,
718 4866 774 4920 id
815 4872 921 4937 est,
946 4886 1013 4925 su
1023 4871 1547 4941 perabundantiam
1573 4878 1907 4933 damnatio-

247 4946 337 5001 nis
378 4966 505 5004 suae
532 4953 787 5022 parvulis
814 4959 952 5025 suis,
988 4957 1043 5013 id
1073 4963 1161 5014 est
1192 4963 1462 5033 posteris,
1497 4968 1563 5018 ut
1602 4966 1906 5035 judicetur

245 5036 494 5124 sanguis
516 5038 728 5096 Christi
747 5043 803 5097 in
829 5045 1059 5101 tertiam
1084 5052 1141 5103 et
1162 5050 1431 5120 quintam
1446 5055 1899 5124 generationem.

244 5122 432 5180 Aliter
457 5144 469 5181 :
494 5127 748 5187 Saturati
774 5138 923 5200 sunt,
958 5135 1012 5190 id
1041 5141 1149 5206 est,
1185 5122 1901 5199 satisfeceruntvoluntati

244 5226 362 5267 suae
396 5232 623 5289 prtevar,
658 5236 772 5276 non
805 5239 924 5277 sua:
956 5224 1216 5292 utilitati,
1250 5229 1349 5282 sed
1382 5228 1541 5299 ﬁliis,
1575 5232 1675 5303 qui
1698 5249 1899 5289 eorum

248 5312 674 5374 cognoscentes
706 5311 1165 5379 damnationem,
1185 5319 1242 5370 et
1262 5315 1360 5371 Dei
1384 5317 1441 5371 in
1467 5325 1657 5375 morte
1684 5322 1898 5377 clariﬁ-

246 5391 561 5465 cationem,
594 5400 855 5455 conversi
888 5406 1028 5456 sunt
1056 5403 1128 5457 ad
1161 5403 1421 5470 ﬁdem,et
1452 5409 1718 5478 reliquias
1742 5428 1894 5481 suas,

246 5478 303 5532 id
337 5484 806 5554 est,spirituales
836 5488 1279 5561 intelligentias,
1310 5494 1479 5562 quasi
1504 5495 1583 5549 illi
1619 5478 1894 5569 superva;

245 5582 387 5623 cuas
423 5570 749 5631 duxerunt:
783 5576 1115 5634 dimiserunt
1138 5582 1391 5650 parvulis
1419 5584 1634 5649 suis,‘id
1668 5586 1893 5653 est,hu-

245 5656 494 5715 milibus
524 5662 595 5718 de
626 5668 901 5739 progenie
933 5685 1156 5735 eorum,
1191 5668 1472 5740 apostolis
1529 5676 1585 5728 et
1627 5673 1893 5746 reliquiis

2025 1919 2445 1975 resurrectione
2477 1920 2685 1991 prima,
2711 1926 2775 1976 ut
2796 1927 2996 1992 postea
3017 1939 3132 1978 non
3156 1923 3409 1980 habeant
3428 1926 3672 1982 societa-

2019 2010 2137 2061 tem
2170 2024 2301 2061 cum
2337 2009 2421 2063 eis
2448 2009 2504 2063 in
2532 2011 2955 2066 resurrectione
2976 2014 3253 2069 secunda.
3280 2018 3391 2085 Ego
3414 2025 3594 2073 autem
3610 2018 3674 2071 in

2010 2097 2239 2166 justitia
2269 2100 2539 2167 apparebo
2568 2102 2887 2170 conspectui
2940 2105 3050 2156 tuo.
3088 2102 3261 2164 Quasi
3323 2104 3478 2159 dicat
3534 2105 3668 2162 ille:

2024 2184 2111 2238 Me
2143 2185 2512 2254 projecerunt
2528 2191 2688 2242 extra
2716 2188 3028 2257 civitatem,
3062 2195 3121 2245 et
3150 2191 3423 2248 societate
3470 2211 3673 2251 eorum

2025 2272 2332 2345 indignum
2356 2275 2772 2345 judicaverunt
2798 2294 2810 2331 :
2844 2278 2943 2331 scd
2963 2295 2995 2332 a
3024 2282 3079 2333 te
3109 2296 3225 2334 non
3244 2297 3376 2335 sum
3399 2283 3669 2353 reiectus,

2026 2361 2166 2432 quia
2193 2363 2470 2433 apparebo
2499 2367 2806 2435 conspectui
2836 2369 2925 2421 tuo
2956 2367 3013 2421 in
3044 2366 3231 2439 gloria
3286 2371 3667 2428 ascensionis.

2026 2451 2090 2505 In
2105 2451 2348 2521 justitia,
2376 2452 2766 2523 quiajustum
2798 2459 2887 2509 est
2933 2460 2999 2510 ut
3036 2457 3238 2525 justus
3289 2458 3668 2528 justiﬁcetur.

2027 2538 2117 2593 Illi
2148 2539 2241 2594 hic
2264 2540 2455 2595 satiati
2489 2546 2626 2595 sunt
2657 2543 2913 2613 porcina,
2943 2544 2997 2598 id
3029 2550 3119 2599 est
3148 2546 3412 2603 malitia:
3438 2565 3544 2621 ego
3564 2567 3667 2605 au-

2024 2630 2141 2681 tem
2174 2627 2252 2681 ibi
2295 2628 2571 2697 satiahor,
2597 2630 2695 2699 qui
2732 2632 2902 2685 modo
2935 2634 3106 2702 quasi
3139 2651 3389 2705 pransus
3420 2654 3576 2705 sum,
3610 2640 3669 2694 in

2024 2713 2438 2771 clariﬁcatione
2455 2733 2618 2772 mea:
2643 2719 2906 2783 satiabor,
2938 2720 2992 2774 id
3012 2721 3362 2793 est,plenum
3388 2726 3669 2797 gaudium

2025 2802 2270 2870 habebo,
2303 2821 2425 2859 cum
2457 2808 2777 2877 apparuerit
2807 2809 2993 2876 gloria
3022 2813 3137 2881 tua,
3173 2811 3229 2865 id
3252 2816 3502 2880 est,cum
3524 2832 3669 2885 prae-

2025 2892 2265 2946 sentabo
2288 2893 2395 2948 tibi
2426 2893 2739 2950 Ecclesium
2762 2900 3085 2964 tuam,cum
3108 2900 3401 2955 tradidero
3423 2918 3668 2974 regnum

2025 2980 2127 3034 tibi
2156 2981 2269 3036 Deo
2294 2983 2468 3051 Patri,
2494 2983 2551 3036 in
2572 3000 2687 3054 quo
2709 2988 2810 3040 tua
2833 2987 3136 3058 apparebit
3155 2989 3372 3061 gloria:
3399 2991 3483 3045 vel
3537 3010 3671 3051 cum

2024 3068 2208 3139 gloria
2232 3069 2330 3124 illa
2352 3072 2828 3128 manifestabitur
2858 3075 2918 3129 in
2944 3093 3022 3141 re,
3056 3094 3181 3147 qua
3201 3095 3355 3135 nunc
3379 3079 3671 3139 latebatin

2028 3174 2168 3229 spe:
2202 3158 2341 3229 quia
2368 3159 2722 3217 videbuntte
2753 3163 2924 3218 sicuti
2956 3181 3038 3232 es,
3060 3166 3159 3237 qui
3180 3184 3333 3223 nunc
3349 3185 3452 3241 per
3473 3188 3672 3243 specu-

2028 3244 2151 3300 lum
2178 3247 2375 3302 vident
2402 3249 2443 3319 (Ι
2477 3250 2594 3306 Cor.
2640 3252 2752 3322 xv).

2589 3391 2912 3448 PSALMUS
2951 3394 3119 3450 XVII.

2028 3492 2087 3529 IN
2128 3492 2301 3529 FINEM
2343 3493 2531 3531 PUERO
2571 3494 2769 3534 DOMINI
2812 3498 2998 3549 DAVID,
3041 3501 3140 3546 QUI
3171 3502 3423 3544 LOCUTUS
3462 3507 3562 3546 EST
3580 3509 3674 3547 DO-

2097 3562 2242 3600 MINO
2282 3564 2465 3602 VERBA
2502 3565 2726 3604 CANTICI
2768 3570 2973 3619 HUJUS,
3018 3572 3075 3609 IN
3116 3574 3209 3611 DIE
3275 3576 3387 3621 QUA
3453 3579 3673 3621 BRIPUIT

2096 3634 2217 3672 EUM
2248 3634 2507 3674 DOMINUS
2548 3636 2618 3674 DE
2657 3638 2817 3677 MANU
2860 3640 3094 3681 OMNIUM
3134 3645 3483 3688 INIMICORUM
3512 3651 3670 3703 EJUS,

2094 3705 2165 3742 ET
2203 3706 2273 3743 DE
2313 3707 2469 3745 MANU
2514 3707 2678 3759 SAUL,
2719 3710 2787 3748 ET
2826 3712 3017 3751 ΟΙΧίτέ

2096 3834 2123 3860 ‹‹
2170 3812 2413 3885 Diligam
2446 3822 2521 3884 te,
2558 3815 2823 3888 Domine,
2861 3819 3138 3876 fortitudo
3183 3838 3330 3878 mea.
3387 3824 3672 3884 Dominus

2023 3924 2049 3949 ‹‹
2086 3902 2523 3959 firmamentum
2546 3922 2742 3962 meum
2763 3910 3120 3980 etrefugium
3136 3926 3356 3981 meum,
3388 3919 3445 3969 et
3466 3914 3672 3973 libera-

2026 3995 2165 4045 «tor
2198 4008 2384 4048 meus.
2418 3994 2573 4050 Deus
2604 4012 2769 4052 meus
2787 3999 3019 4069 adjutor
3040 4016 3226 4071 meus,
3259 4007 3316 4057 et
3345 4006 3668 4076 speraboin

2022 4101 2049 4127 ‹‹
2084 4094 2240 4135 eum.
2277 4082 2570 4138 Protector
2600 4101 2766 4141 meus
2796 4092 2853 4142 et
2882 4105 3061 4144 cornu
3120 4090 3329 4147 salutis
3386 4111 3548 4166 meae,
3612 4104 3668 4154 et

2022 4191 2047 4216 ‹‹
2084 4174 2387 4240 susceptor
2416 4189 2602 4229 meus.
2639 4175 2909 4232 Laudans
2947 4178 3226 4235 invocabo
3248 4165 3583 4246 Dominum.
3609 4192 3666 4243 et

2024 4278 2051 4304 ‹‹
2083 4257 2153 4312 ab
2184 4258 2443 4315 inimicis
2474 4263 2621 4318 meis
2650 4265 2847 4322 salvus
2876 4284 2992 4323 ero.
3024 4268 3545 4328 Cirrumdederunt
3574 4292 3666 4331 me

2021 4369 2047 4393 ‹‹
2084 4346 2311 4402 dolores
2335 4351 2561 4415 mortis,
2598 4357 2655 4406 et
2682 4357 2969 4411 torrentes
2989 4355 3318 4427 iniquitatis
3344 4362 3660 4416 conturba-
3732 4424 3733 4427 η

2020 4457 2048 4482 ‹‹
2081 4441 2285 4490 verunt
2315 4454 2428 4492 me.
2464 4439 2701 4496 Dolores
2728 4442 2940 4497 inferni
2985 4445 3499 4501 circumdederunt
3547 4466 3659 4519 me,

2020 4547 2047 4572 ‹‹
2082 4534 2631 4596 praeoccupaverunt
2651 4546 2744 4584 me
2761 4531 2951 4601 laquei
2970 4532 3265 4587 mortis.In
3285 4533 3664 4594 tribulatione

2019 4635 2046 4662 ‹‹
2081 4629 2210 4668 meo
2238 4612 2494 4669 invocavi
2518 4615 2853 4685 Dominum,
2886 4623 2943 4673 et
2962 4620 3029 4674 ad
3067 4628 3246 4676 Deum
3287 4639 3483 4680 meum
3544 4626 3662 4683 cla-

2020 4724 2045 4749 ‹‹
2080 4701 2251 4756 mavi.
2286 4703 2355 4757 Et
2383 4704 2678 4759 exaudivit
2708 4706 2780 4761 de
2808 4706 3027 4777 templo
3055 4713 3258 4765 sancto
3299 4728 3405 4767 suo
3461 4730 3660 4771 vocem

2017 4810 2045 4839 «
2080 4806 2291 4857 meam,
2325 4796 2381 4846 et
2411 4792 2632 4848 clamor
2664 4794 2907 4849 meusin
2922 4802 3231 4868 conspectu
3255 4801 3382 4871 ejus
3402 4802 3662 4860 introivit

2018 4878 2125 4933 «in
2157 4896 2329 4935 aures
2367 4884 2516 4953 ejus.
2560 4883 2862 4939 Commota
2898 4889 2988 4940 est
3014 4890 3071 4941 et
3102 4890 3454 4945 contremuit
3481 4895 3656 4957 terra,

2018 4988 2044 5015 ‹‹
2074 4971 2130 5022 et
2161 4968 2543 5024 fundamenta
2578 4970 2868 5027 montium
2902 4975 3246 5031 conturbata
3275 4982 3483 5032 suntet
3498 4994 3655 5034 com-

2013 5077 2040 5103 ‹‹
2076 5059 2234 5110 mota
2264 5062 2422 5123 sunt,
2443 5059 2721 5129 quoniam
2746 5062 2928 5117 iratus
2950 5064 3434 5119 esteis.Ascendit
3455 5065 3653 5124 fumus

2018 5162 2039 5190 α
2072 5142 2129 5197 in
2164 5144 2250 5199 ira
2278 5146 2428 5216 ejus,
2462 5152 2517 5202 et
2540 5147 2693 5220 ignis
2718 5166 2750 5203 a
2782 5150 2923 5205 facie
2940 5152 3070 5221 ejus
3095 5152 3342 5218 exarsit,
3373 5154 3651 5213 carbones

2016 5254 2035 5280 ι
2071 5234 2336 5289 succensi
2368 5240 2506 5289 sunt
2535 5237 2607 5291 ab
2636 5254 2722 5291 eo.
2762 5238 3315 5295 Inclinavitcaaloset
3331 5241 3649 5313 descendit,

2011 5342 2040 5369 «
2069 5326 2126 5376 et
2154 5321 2339 5393 caligo
2372 5324 2483 5378 sub
2510 5326 2758 5396 pedibus
2783 5328 2929 5393 eius.
2968 5329 3495 5402 Etascenditsuper
3514 5332 3650 5389 che-

2010 5430 2039 5459 ‹‹
2070 5410 2239 5465 rubin
2271 5416 2329 5466 et
2357 5411 2569 5467 volavit
2589 5429 2766 5483 super
2792 5430 3012 5484 pennas
3034 5419 3436 5473 ventorum.Et
3454 5422 3651 5490 posuit

2006 5520 2034 5547 «
2070 5500 2340 5555 tenebras
2354 5500 2666 5556 latibulum
2684 5518 2879 5563 suum.
2905 5503 2960 5556 in
2978 5503 3221 5558 circuitu
3238 5507 3649 5575 ejustaberua-

2008 5587 2263 5643 «culum
2294 5592 2444 5661 ejus,
2476 5591 2784 5646 tenebrosa
2825 5607 2977 5663 aqua
3032 5594 3090 5647 in
3156 5594 3412 5649 nubibus
3469 5597 3641 5656 aeris.

2002 5700 2029 5727 ‹‹
2063 5681 2187 5734 Prae
2229 5677 2452 5750 fulgore
2488 5679 2547 5735 in
2584 5684 2897 5751 conspectu
2928 5682 3057 5753 ejus
3078 5682 3264 5740 nubes
3289 5684 3647 5760 transierunt
