4016 6192
373 335 494 400 223

952 337 1257 406 REMIGII
1299 335 2054 406 ANTISSIODORENSIS
2099 339 2273 404 OPP.
2322 339 2518 405 PARS
2564 338 2612 404 I.
2648 372 2722 388 --
2752 338 3220 406 EXEGETICA.

3661 340 3790 406 εει

366 493 396 523 ‹‹
428 473 650 546 grando
680 476 739 529 et
769 473 1051 531 carbones
1080 473 1253 548 ignis.
1282 477 1349 531 Et
1372 475 1625 532 intonuit
1645 478 1716 531 de
1744 476 1885 532 coelo
1908 477 2013 532 Do-
2043 475 2095 542 Α
2126 479 2216 530 tor
2246 492 2411 532 meus
2442 477 2512 532 de
2543 475 2797 532 inimicis
2829 475 2975 532 meis
3007 475 3325 532 iracundis.
3353 475 3426 532 Et
3476 474 3549 533 ab
3580 474 3784 534 insur-

367 584 396 612 ‹‹
440 561 657 629 minus,
689 569 748 618 et
777 562 1116 620 Altissimus
1147 566 1306 621 dedit
1335 582 1533 621 vocem
1557 583 1726 621 suam
1751 583 1765 633 ;
1789 567 2012 637 grando

367 674 395 701 «
421 656 478 707 et
506 653 787 708 carbones
817 653 1090 724 ignis.'Et
1111 655 1273 710 misit
1293 655 1535 727 sagittas
1559 672 1717 724 suas,
1747 661 1804 710 et
1831 653 2011 710 dissic

368 761 397 789 ‹‹
429 742 589 812 pavit
616 759 749 797 eos:
785 741 1020 814 fulgura
1051 743 1483 814 multiplicavit,
1533 748 1588 799 et
1644 744 2011 799 conturbavit

369 848 393 877 ι
425 846 545 886 eos.
579 831 647 885 Et
678 837 1075 902 apparuerunt
1107 832 1294 887 fontes
1327 849 1637 903 aquarum,
1671 838 1730 888 et
1759 833 2009 888 revelata

363 941 392 968 ‹‹
426 923 566 974 sunt
595 919 974 974 fundamenta
997 919 1155 975 orbis
1179 925 1486 975 terrarum.
1505 923 1590 976 Ab
1613 921 2009 992 increpatione

365 1011 544 1073 «tua,
573 1009 836 1075 Domine,
870 1009 940 1062 ab
993 1009 1374 1080 inspiratione
1431 1009 1677 1081 spiritus
1721 1010 1817 1063 ira:
1870 1014 2003 1064 tuae.

361 1125 389 1154 «
419 1104 580 1160 Misit
609 1106 678 1160 de
711 1122 944 1160 summo
975 1111 1034 1161 et
1063 1107 1283 1178 accepit
1314 1123 1428 1172 me,
1459 1111 1516 1162 et
1546 1107 1870 1178 assumpsit
1914 1125 2005 1162 me

361 1216 390 1244 «
422 1195 492 1249 de
522 1194 692 1265 aquis
725 1194 948 1250 multis.
983 1194 1206 1266 Eripuit
1238 1211 1328 1250 me
1359 1195 1696 1250 deinimicis
1728 1196 1999 1250 meisfor-

358 1302 386 1329 «
418 1280 687 1350 tissimis,
721 1285 776 1334 et
807 1281 878 1336 ab
909 1281 1001 1336 his
1032 1281 1132 1353 qui
1154 1282 1404 1336 oderunt
1428 1299 1537 1348 me,
1565 1283 1840 1353 quoniam
1865 1300 2002 1337 con-

355 1389 384 1416 ‹‹
427 1369 621 1424 fortati
655 1374 794 1424 sunt
823 1386 998 1439 super
1029 1386 1140 1425 me.
1194 1371 1596 1425 Przevenerunt
1653 1388 1744 1426 me
1799 1373 1855 1424 in
1909 1373 2003 1426 die

359 1479 388 1506 «
421 1457 754 1512 afflictionis
785 1475 946 1525 meae,
977 1463 1034 1514 et
1066 1461 1250 1514 factus
1277 1464 1364 1514 est
1396 1459 1679 1517 Dominus
1713 1466 2002 1532 protector

359 1566 380 1594 ι
417 1561 604 1600 meus.
637 1546 706 1600 Et
731 1547 928 1601 eduxit
954 1564 1046 1603 me
1077 1547 1136 1602 in
1170 1547 1560 1614 latitudinem,
1621 1548 1847 1603 salvum
1911 1566 1999 1605 me

353 1653 380 1686 ι
417 1633 550 1689 fecit
580 1635 858 1707 quoniam
888 1635 1089 1691 voluit.
1123 1641 1189 1691 Et
1219 1636 1502 1692 retribuet
1541 1637 1684 1692 mihi
1715 1638 1999 1693 Dominus

354 1745 384 1774 κ
398 1723 1026 1796 secundumjustitiam
1045 1731 1322 1796 meam,et
1335 1727 1660 1781 secundum
1685 1727 1997 1798 puritatem

2120 565 2395 637 gentibus
2426 566 2484 620 in
2518 583 2610 621 me
2640 565 2922 622 exaltabis
2952 581 3066 633 me,
3100 583 3134 622 a
3161 566 3285 621 viro
3319 565 3524 639 iniquo
3563 566 3781 640 eripies

2121 668 2232 708 me.
2270 653 2576 725 Pr0pterea
2613 655 2929 710 confitebor
2986 654 3091 709 tibi
3141 654 3201 709 in
3236 655 3598 723 nationibus,
3660 656 3775 712 Do-

2120 741 2296 810 mine,
2328 747 2385 798 et
2407 743 2626 798 nomini
2661 747 2760 800 tuo
2791 742 3086 814 psalmum
3117 743 3328 798 dicam.
3381 744 3780 817 Magnificans

2119 830 2340 886 salutes
2373 833 2525 903 regis
2555 835 2704 903 ejus,
2736 837 2793 888 et
2821 831 3039 887 faciens
3091 832 3553 888 misericordiam
3605 834 3777 889 Chri-

2117 923 2208 974 sto
2240 936 2345 975 suo
2406 920 2604 989 David,
2657 925 2714 976 et
2770 920 2980 976 semini
3032 922 3160 992 ejus
3219 938 3405 994 usque
3465 922 3522 976 in
3583 939 3770 978 saecli-

2116 1006 2316 1064 lum.»

2743 1115 3137 1171 ENARRATIO.

2184 1205 2244 1258 1η
2278 1204 2441 1273 ﬁnem
2467 1220 2636 1273 puero
2666 1205 2869 1270 David,
2896 1205 2990 1275 qui
3010 1206 3218 1259 locutus
3239 1209 3316 1260 est
3359 1206 3432 1261 ad
3480 1207 3778 1262 Dominum

2113 1293 2278 1346 verba
2305 1294 2507 1347 cantici
2537 1294 2718 1364 hujus,
2753 1293 2812 1348 in
2841 1293 2928 1348 die
2947 1310 3051 1363 qua
3079 1294 3286 1364 eripui:
3320 1310 3445 1348 eum
3503 1295 3774 1352 Dominus

2109 1381 2178 1435 de
2211 1398 2380 1436 manu
2409 1383 2656 1437 omnium
2687 1383 3046 1438 inimicorum
3092 1398 3319 1437 suorum
3373 1392 3426 1438 et
3473 1383 3538 1440 de
3598 1402 3774 1440 manu

2109 1468 2265 1523 Saul.
2327 1471 2566 1542 Diligam
2623 1475 2693 1535 te,
2746 1472 2986 1525 Domine.
3050 1471 3385 1526 Secundum
3452 1471 3762 1529 historiam

2110 1557 2266 1613 hunc
2299 1559 2592 1631 psalmum
2654 1560 2908 1614 cantavit
2963 1559 3163 1626 David,
3227 1560 3484 1631 quando,
3534 1568 3767 1618 mortuo

2107 1647 2242 1702 Saul
2275 1653 2332 1703 et
2365 1649 2496 1704 aliis
2528 1649 2782 1704 inimicis
2817 1649 2966 1718 suis,
2999 1648 3280 1704 liberatus
3310 1653 3401 1704 est
3429 1649 3500 1705 ab
3563 1667 3767 1707 eorum

2107 1738 2650 1809 persecutionibus:
2685 1739 2786 1792 sed
2823 1754 2938 1792 non
2972 1754 3073 1809 pro
3105 1753 3166 1792 se
3198 1742 3428 1792 lantum
3477 1737 3585 1794 has
3641 1739 3770 1796 lau-

356 1833 384 1862 «
417 1829 699 1868 manuum
734 1830 996 1869 mearum
1026 1815 1305 1870 retribuet
1332 1815 1497 1869 mihi.
1532 1815 1680 1880 Quia
1710 1815 1996 1870 custodivi
2030 1843 2076 1908 Β
2107 1825 2209 1881 des
2241 1831 2352 1881 Deo
2385 1827 2659 1891 cantavit,
2693 1827 2791 1882 sed
2820 1843 2920 1898 pro
2953 1825 3350 1897 redemptione
3383 1825 3484 1882 illa
3533 1845 3669 1884 vera
3712 1836 3772 1885 et

351 1923 382 1950 ‹‹
415 1901 534 1956 vias
569 1902 929 1972 Domini,nec
951 1902 1128 1973 impie
1150 1903 1304 1976 gessi
1329 1921 1363 1957 a
1388 1904 1503 1958 Deo
1526 1920 1675 1959 meo.
1710 1905 1996 1969 Quoniam

356 2011 380 2041 ι
413 1991 612 2046 omnia
633 1991 860 2061 judicia
883 1992 1010 2061 ejus
1043 1991 1101 2046 in
1125 1997 1442 2063 conspectu
1473 2008 1621 2061 meo,
1653 1996 1710 2048 et
1731 1993 2001 2062 justitias

351 2101 380 2129 κ
412 2080 541 2150 ejus
573 2097 686 2135 non
719 2079 902 2152 repuli
935 2097 968 2134 a
995 2097 1104 2135 me.
1139 2084 1206 2135 Et
1236 2097 1331 2136 ero
1391 2080 1806 2136 immaculatus
1864 2098 2000 2138 cum

351 2189 381 2218 «
414 2185 500 2236 eo,
534 2173 591 2224 et
619 2169 936 2224 observabo
969 2185 1060 2225 me
1091 2170 1162 2225 ab
1195 2169 1501 2241 iniquitate
1532 2186 1679 2226 mea.
1716 2171 1786 2225 Et
1833 2171 1997 2226 retri-

349 2280 378 2308 «
409 2258 550 2313 buet
573 2257 718 2313 mihi
750 2258 1032 2314 Dominus
1054 2259 1376 2316 secundum
1408 2259 1695 2327 iustitiam
1725 2265 2000 2328 meam,et

347 2378 374 2404 ‹‹
392 2357 715 2412 secundum
736 2357 1050 2428 puritatem
1071 2375 1354 2412 manuum
1371 2373 1633 2413 mearum
1652 2359 1708 2413 in
1727 2375 1997 2430 conspec-

348 2466 376 2493 «
409 2448 473 2499 tu
504 2443 806 2500 oculorum
829 2447 976 2516 ejus.
1001 2447 1147 2502 Cum
1163 2450 1365 2502 sancto
1388 2450 1626 2503 sanctus
1648 2447 1846 2512 eris,et
1861 2463 1994 2502 cum

347 2552 376 2579 «
408 2530 528 2584 viro
555 2531 863 2587 innocente
893 2533 1174 2587 innocens
1203 2533 1337 2586 eris.
1374 2535 1442 2587 Et
1469 2549 1604 2587 cum
1649 2531 1831 2586 electo
1879 2531 1993 2586 ele-

354 2637 378 2668 α
409 2621 539 2674 ctus
555 2619 690 2686 eris,
724 2624 780 2674 et
809 2636 941 2674 cum
972 2635 1240 2691 perverso
1263 2621 1917 2692 perverteris.Quoniam
1931 2624 1992 2673 tu

348 2728 377 2758 «
400 2709 681 2779 populum
703 2707 986 2763 humilem
1019 2705 1244 2763 salvum
1277 2708 1473 2773 facies,
1492 2712 1548 2763 et
1568 2708 1767 2763 oculos
1790 2724 1992 2780 super-

347 2819 376 2846 κ
409 2795 619 2852 borum
638 2795 1290 2862 humiliabis.Quoniam
1309 2801 1366 2851 tu
1380 2795 1991 2854 illuminaslucernam

345 2901 618 2953 «meam,
646 2885 888 2941 Domine
937 2885 1092 2940 Deus
1153 2901 1340 2951 meus,
1400 2884 1672 2940 illumina
1716 2886 1990 2942 tenebras

343 2998 370 3024 ‹‹
408 2989 589 3030 meas.
625 2976 912 3042 Quoniam
946 2975 1003 3030 in
1035 2979 1090 3030 te
1110 2974 1325 3046 eripiar
1353 2991 1386 3029 a
1413 2974 1754 3043 tentatione,
1814 2979 1870 3029 et
1930 2976 1986 3030 in

347 3084 376 3113 ‹‹
407 3069 518 3119 Deo
551 3080 679 3120 meo
711 3063 1109 3136 transgrediar
1137 3080 1394 3118 murum.
1432 3069 1580 3119 Deus
1596 3063 1992 3136 meus,impol-

349 3172 376 3202 ι(
408 3151 531 3208 luta
552 3153 646 3207 via
676 3153 824 3224 ejus,
866 3152 1097 3225 eloquia
1156 3152 1389 3208 Domini
1438 3153 1571 3224 igne
1627 3152 1985 3208 examinata:

351 3273 371 3298 α
410 3254 701 3323 protector
731 3253 819 3306 est
837 3251 1102 3306 omnium
1127 3252 1488 3322 sperantium
1511 3249 1570 3306 in
1599 3267 1679 3306 se.
1705 3250 1991 3314 Quoniam

349 3361 378 3390 «
409 3339 542 3411 quis
580 3340 728 3394 Deus
745 3345 950 3411 praeter
967 3339 1281 3395 Dominum
1301 3341 1434 3394 ‘Iaut
1453 3339 1584 3411 quis
1609 3340 1763 3394 Deus
1786 3344 1994 3411 praeter

349 3451 371 3477 ι
407 3432 588 3484 Deum
613 3428 924 3484 nostrum?
972 3434 1106 3484 leus
1136 3429 1234 3500 qui
1267 3429 1568 3501 pracinxit
1616 3446 1707 3484 me
1759 3429 1988 3493 virtute,

343 3537 373 3564 ιι
406 3521 465 3574 et
495 3517 692 3588 posuit
721 3516 1161 3573 immaculatum
1192 3518 1345 3573 viam
1377 3535 1592 3574 meam.
1612 3517 1717 3582 Qui
1751 3518 1990 3590 perfecit

346 3626 376 3656 ι(
406 3606 578 3677 pedes
602 3621 762 3661 meos
789 3610 1070 3678 tanquam
1099 3623 1422 3677 cervorum,
1454 3612 1509 3662 et
1539 3625 1715 3679 super
1763 3607 1991 3662 excelsa

342 3716 370 3743 ‹‹
405 3698 668 3750 statuens
697 3711 806 3752 me.
839 3695 946 3762 Qui
977 3696 1142 3751 docet
1168 3713 1380 3751 manus
1412 3711 1572 3751 meas
1595 3696 1665 3750 ad
1700 3695 1985 3767 praelium,

344 3802 372 3836 ι
401 3787 458 3839 et
478 3785 727 3855 posuisti
759 3788 824 3839 ut
852 3801 1054 3839 arcum
1085 3800 1299 3839 aereum
1334 3783 1569 3839 brachia
1603 3800 1750 3839 mea.
1785 3785 1854 3838 Et
1883 3785 1986 3839 de-

340 3894 368 3924 ‹‹
391 3871 530 3929 disti
563 3871 710 3928 mihi
742 3873 1163 3944 protectionem
1195 3871 1615 3942 salutistuaa,et
1635 3873 1871 3927 dextera
1885 3876 1988 3928 tua

340 3982 368 4009 α
401 3960 658 4030 suscepit
675 3962 865 4016 me.Et
883 3960 1194 4032 disciplina
1213 3966 1314 4016 tua
1334 3961 1580 4016 correxit
1591 3977 1682 4016 me
1706 3960 1765 4016 in
1787 3962 1985 4028 finem,

341 4071 369 4097 ‹‹
393 4053 452 4102 et
478 4047 790 4120 disciplina
819 4049 1064 4122 tuaipsa
1077 4066 1168 4106 me
1182 4049 1432 4105 docebit.
1449 4049 1718 4106 Dilatasti
1746 4067 1985 4122 gressus

341 4157 370 4187 «
403 4152 565 4192 meos
591 4136 802 4192 subtus
831 4153 944 4208 me,
977 4141 1034 4193 et
1065 4155 1179 4194 non
1209 4145 1350 4195 sunt
1392 4139 1689 4194 infirmata
1742 4139 1986 4213 vestigia

345 4248 367 4274 ι
403 4241 550 4282 mea.
583 4226 907 4298 Persequar
935 4225 1205 4282 inimicos
1233 4243 1389 4283 meos
1414 4231 1472 4284 et
1490 4229 1982 4300 comprehendam

339 4337 367 4365 «
401 4313 556 4382 illos,
587 4318 646 4371 et
672 4332 788 4371 non
818 4319 1124 4372 convertar
1151 4316 1335 4373 donec
1373 4317 1666 4373 deficiant.
1727 4317 1985 4374 Confrin-

342 4427 363 4453 ι
396 4419 534 4477 gam
565 4403 719 4471 illos,
751 4421 856 4460 nec
882 4410 1158 4478 poterunt
1180 4410 1372 4462 stare:
1407 4407 1616 4463 cadent
1637 4407 1848 4464 subtus
1881 4425 1984 4480 pe-

341 4514 369 4546 α
398 4494 504 4550 des
533 4511 714 4550 meos.
750 4495 817 4550 Et
841 4494 1193 4566 precinxisti
1228 4511 1319 4550 me
1357 4495 1568 4552 virtute
1621 4497 1693 4552 ad
1738 4496 1979 4566 bellum,

2109 1915 2383 1986 perfecta,
2418 1933 2591 1986 quam
2623 1915 2767 1970 vidit
2805 1916 3063 1970 futuram
3112 1914 3172 1970 in
3225 1914 3454 1971 Christo
3483 1933 3616 1972 vero
3648 1917 3759 1972 Da-

2108 2003 2285 2059 videt
2315 2006 2442 2076 ejus
2474 2005 2774 2060 membris.
2807 2004 2940 2075 Agit
2998 2003 3156 2059 enim
3213 2003 3309 2058 hic
3366 2003 3632 2076 psalmus
3695 2007 3768 2062 de

2110 2092 2349 2148 victoria
2380 2092 2668 2165 passionis
2690 2092 2926 2159 Christi,
2959 2097 3016 2147 et
3045 2092 3116 2147 de
3163 2091 3348 2164 gloria
3388 2093 3518 2163 ejus
3566 2110 3763 2150 resur-

2110 2181 2402 2248 rectionis,
2426 2186 2483 2237 et
2512 2183 2582 2237 de
2616 2181 2980 2237 institutione
3011 2185 3067 2236 et
3115 2182 3577 2238 conformatione
3636 2201 3763 2239 cor-

2106 2270 2395 2343 porissui,
2427 2271 2786 2342 etquomodo
2834 2272 2921 2326 vel
2945 2285 3047 2342 per
3087 2286 3236 2342 quos
3287 2273 3416 2325 acta
3465 2271 3603 2326 sint.
3660 2273 3757 2327 Ti-

2106 2361 2267 2415 tulus
2284 2361 2367 2415 sic
2383 2358 3162 2430 construituretexponitur:
3192 2359 3383 2414 Verba
3405 2360 3620 2414 cantici
3644 2359 3752 2416 hu-

2099 2449 2220 2520 jus,
2245 2449 2302 2504 id
2326 2454 2413 2504 est
2433 2448 2789 2504 exsultatisz
2811 2447 3334 2514 laudis,ret'erenda
3359 2451 3499 2503 sunt
3520 2450 3577 2503 in
3594 2450 3761 2519 ﬁnem

2105 2537 2162 2592 id
2197 2542 2286 2593 est
2315 2538 2372 2591 in
2403 2537 2723 2606 Christum,
2749 2535 2970 2591 sciiicet
2986 2536 3362 2592 attribuenda
3383 2537 3570 2592 David
3582 2555 3761 2608 puero

2102 2626 2346 2681 Domini.
2393 2627 2626 2695 Abjecto
2687 2625 2847 2690 Saul,
2932 2625 3157 2680 dictum
3235 2629 3325 2680 est
3375 2643 3409 2680 a
3466 2625 3758 2683 Domino:

2101 2713 2261 2782 Elogi
2289 2716 2470 2768 virum
2500 2715 2796 2770 secundum
2841 2729 2937 2769 cor
2990 2729 3175 2769 meum
3230 2715 3405 2785 (Psal.
3469 2718 3759 2785 Lxxxvm).

2103 2801 2266 2857 Unde
2292 2802 2499 2858 merito
2523 2802 2833 2877 illeDavid,
2857 2818 3024 2874 puer,
3050 2802 3110 2856 id
3128 2808 3218 2858 est
3243 2801 3466 2858 electus
3513 2804 3761 2870 Domini,

2101 2891 2425 2946 estdictus.
2460 2895 2526 2946 Et
2551 2891 2818 2947 Christus
2866 2891 2966 2962 qui
3024 2891 3132 2947 has
3181 2891 3385 2947 laudes
3445 2892 3560 2949 Deo
3604 2895 3761 2950 Patri

2109 2983 2326 3046 cantat,
2359 2995 2504 3051 puer
2531 2980 2766 3035 Domini
2796 2979 2990 3035 dictus
3012 2983 3140 3047 est;
3174 2984 3239 3034 ut
3293 2979 3439 3035 illud
3466 2998 3478 3035 :
3537 2985 3640 3038 Hic
3683 2993 3761 3039 est

2099 3069 2250 3138 ﬁlius
2282 3085 2436 3124 meus
2457 3068 2694 3124 dilectus
2724 3069 2934 3140 (Matth.
2966 3069 3090 3140 m):
3125 3073 3200 3136 et,
3252 3071 3399 3125 Puer
3449 3077 3619 3128 natus
3677 3082 3761 3128 eu

2105 3160 2262 3214 nobis
2289 3160 2424 3229 (Isa.
2448 3159 2547 3229 1x),
2571 3163 2626 3214 et
2650 3174 2781 3214 vere
2802 3174 2966 3229 puer,
2995 3156 3136 3229 quia
3159 3173 3344 3229 purus
3361 3163 3415 3214 et
3443 3159 3570 3213 sine
3623 3177 3756 3216 ma-

2105 3247 2256 3304 cula.
2281 3250 2414 3313 Ουω
2437 3246 2657 3304 scilicet
2686 3247 2863 3303 verba
2882 3247 3100 3302 locutus
3128 3247 3298 3302 estad
3332 3248 3645 3314 Dominum,
3683 3247 3745 3304 id

2102 3341 2192 3393 est
2210 3337 2269 3392 in
2303 3335 2768 3393 consideratione
2799 3335 2958 3392 illius
2982 3335 3096 3392 diei
3123 3353 3242 3408 qua
3259 3338 3465 3408 eripuit
3491 3352 3617 3392 eum
3648 3339 3754 3394 Do-

2097 3427 2286 3482 minus
2305 3427 2378 3481 de
2400 3443 2580 3481 manu
2606 3424 2872 3481 omnium
2893 3423 3267 3480 inimicorum
3292 3441 3567 3481 suorum:
3596 3429 3752 3498 quod

2098 3515 2316 3570 factum
2339 3519 2427 3570 est
2455 3514 2516 3568 in
2542 3513 2670 3586 ipso
2703 3514 2912 3586 capite,
2945 3515 3097 3583 quod
3131 3514 3450 3570 resurrexit
3469 3519 3529 3570 et
3549 3516 3608 3570 in
3640 3533 3752 3571 caa-

2099 3606 2222 3660 lum
2254 3602 2534 3660 ascendit.
2567 3605 2632 3659 Et
2655 3603 2720 3658 de
2747 3616 2919 3659 manu
2948 3603 3111 3674 Saul,
3144 3604 3201 3658 id
3235 3609 3326 3659 est
3375 3605 3603 3661 mortis.
3651 3607 3753 3661 Se—

2096 3693 2357 3748 cundum
2389 3691 2649 3747 nominis
2678 3692 3239 3764 interpretationem,
3272 3709 3377 3766 per
3404 3694 3540 3748 Saul
3594 3710 3755 3751 mors

2096 3779 2462 3852 intelligitur.
2491 3780 2915 3851 Interpretatur
2959 3780 3116 3836 enim
3135 3783 3434 3853 appetitus,
3457 3783 3599 3854 quia
3647 3783 3752 3838 filii

2097 3869 2273 3926 Israel
2305 3872 2508 3924 contra
2530 3867 2889 3924 voluntatem
2919 3869 3017 3924 Dei
3041 3869 3449 3941 appetiverunt
3477 3887 3616 3927 eum
3639 3873 3750 3928 sibi

2095 3959 2153 4014 in
2185 3973 2401 4030 regem.
2438 3958 2505 4012 Et
2531 3957 2602 4011 de
2633 3973 2793 4012 more
2819 3957 3036 4012 dictum
3070 3962 3195 4013 est:
3258 3962 3406 4014 Deus
3447 3976 3564 4016 non
3622 3962 3752 4032 fecit

2092 4051 2323 4103 mortem
2349 4047 2572 4117 (Sap.1),
2597 4045 2765 4117 impii
2798 4051 2995 4102 autem
3027 4047 3426 4104 accersierunt
3453 4066 3585 4106 eam
3639 4050 3750 4107 sibi

2094 4135 2368 4191 manibus
2397 4139 2454 4190 et
2484 4135 2751 4208 pedibus.
2777 4139 2907 4190 llaec
2929 4136 3148 4206 ereptio
3188 4137 3443 4208 perfecta
3473 4155 3591 4195 non
3619 4138 3747 4208 erit,

2094 4223 2207 4279 nisi
2237 4239 2371 4278 cum
2398 4222 2720 4279 novissima
2765 4223 3104 4280 destruetur
3122 4240 3302 4292 mors,
3323 4241 3457 4281 cum
3481 4226 3750 4285 Christus

2092 4313 2286 4368 tradet
2311 4329 2560 4385 regnum
2590 4312 2707 4368 Deo
2736 4317 2796 4368 et
2841 4312 2999 4368 Patri
3047 4314 3094 4382 (ῐ
3119 4313 3240 4368 Cor.
3256 4319 3414 4383 xm):
3445 4319 3588 4371 tunc
3617 4320 3748 4372 tan-

2091 4402 2225 4457 dem
2248 4401 2514 4457 Christus
2536 4405 2714 4468 totus,
2739 4401 2796 4456 id
2814 4401 2974 4457 estin
2993 4402 3180 4474 capite
3195 4407 3252 4458 et
3293 4405 3575 4462 membris
3621 4422 3745 4462 ere-

2095 4496 2230 4563 ptus
2251 4491 2359 4546 erit
2371 4491 2440 4546 de
2455 4507 2632 4545 manu
2650 4491 2916 4546 omnium
2937 4489 3313 4548 inimicorum
3328 4498 3662 4562 suorum,et
3677 4495 3749 4550 de

341 4603 369 4632 «
400 4583 794 4655 supplantasti
828 4585 1201 4657 insurgentes
1231 4584 1291 4639 in
1321 4601 1413 4640 me
1435 4585 1646 4641 subtus
1669 4588 1860 4642 me.Et
1882 4587 1988 4641 ini-
2019 4580 2064 4644 D
2096 4597 2276 4637 manu
2299 4579 2456 4636 Saul.

340 4690 369 4720 α
401 4670 582 4727 micos
608 4688 767 4727 meos
799 4673 1011 4728 dedisti
1043 4673 1189 4728 mihi
1221 4673 1484 4740 dorsum,
1518 4678 1574 4728 et
1595 4675 1856 4730 odientes
1888 4692 1981 4730 me

341 4780 362 4808 ι
397 4758 820 4830 disperdidisti.
853 4759 1280 4827 Clamaverunt,
1314 4777 1419 4816 nec
1465 4766 1590 4816 erat
1644 4763 1744 4833 qui
1789 4762 1979 4818 salvos

340 4870 361 4897 α
397 4847 644 4903 faceret:
695 4849 767 4903 ad
825 4849 1163 4916 Dominum,
1220 4866 1326 4906 nec
1384 4849 1679 4906 exaudivit
1733 4867 1852 4906 eos.-
1913 4853 1980 4907 Et

336 4957 367 4988 ‹‹
393 4937 794 4993 comminuam
825 4953 924 4994 eos
944 4943 1009 4993 ut
1029 4938 1323 5010 pulverem
1351 4943 1486 4995 ante
1508 4939 1716 4996 faciem
1733 4941 1981 5011 venti,ut

332 5048 360 5075 «
393 5023 585 5082 lutum
617 5025 946 5098 platearum
977 5026 1177 5082 delebo
1209 5042 1326 5082 eos.
1361 5027 1583 5100 Eripies
1615 5045 1707 5084 me
1735 5030 1807 5086 de
1846 5045 1980 5086 con-

333 5115 832 5172 «tradictionibus
888 5117 1109 5188 populi,
1168 5116 1488 5173 constitues
1545 5134 1639 5174 me
1688 5117 1746 5172 in
1805 5123 1979 5191 caput

339 5221 362 5252 ι
387 5203 941 5278 gentium.Populus
962 5221 1138 5277 quem
1157 5221 1270 5261 non
1295 5206 1534 5277 cognovi
1561 5207 1975 5277 servivitmihi,

333 5323 361 5350 α
375 5300 434 5358 in
448 5301 652 5357 auditu
667 5303 826 5359 auris
837 5301 1400 5359 obedivitmihi.l"ilii
1415 5302 1586 5358 alieni
1600 5305 1826 5360 mentiti
1840 5310 1980 5362 sunt

335 5410 366 5440 «ι
387 5389 554 5446 mihi.
581 5389 686 5444 lilii
717 5389 889 5445 alieni
912 5391 1213 5448 inveterati
1244 5396 1402 5456 sunt,
1426 5396 1482 5447 et
1501 5391 1979 5450 claudicaverunt

333 5501 360 5528 ‹‹
393 5495 428 5534 a
455 5478 684 5535 semitis
700 5479 846 5535 suis.
875 5479 1034 5534 Vidit
1056 5480 1434 5546 Dominus,et
1458 5480 1802 5538 benedictus
1825 5487 1978 5539 Deus

333 5588 362 5616 «
395 5573 646 5634 meus,et
669 5566 952 5624 exaltetur
973 5573 1147 5635 Deus,
1168 5569 1378 5625 salutis
1395 5572 1848 5643 meae.Deus,qui
1871 5572 1977 5628 das

337 5675 360 5706 ι
389 5655 675 5712 vindictas
705 5656 874 5726 mihi,
906 5661 963 5714 et
993 5656 1200 5714 subdis
1230 5658 1478 5730 populos
1507 5659 1619 5714 sub
1651 5675 1744 5716 me
1796 5659 1978 5718 libera

2719 4703 2829 4742 VOX
2869 4702 3111 4744 CHRISTI.

2161 4777 2409 4846 Diligam
2439 4779 2509 4842 to,
2543 4777 2788 4832 Domine.
2822 4774 2968 4842 Quia
2996 4776 3160 4832 video
3194 4777 3349 4848 quod
3382 4777 3622 4833 tandem
3655 4795 3750 4835 me

2088 4863 2299 4937 eripies
2329 4865 2400 4919 de
2431 4880 2611 4919 manu
2642 4863 2906 4920 omnium
2937 4863 3316 4920 inimicorum
3350 4869 3406 4922 et
3438 4865 3746 4934 Saul,dili-

2087 4969 2221 5026 gam
2243 4956 2300 5008 te
2321 4968 2335 5007 :
2361 4970 2475 5009 non
2495 4952 2623 5008 dico
2645 4952 2840 5024 dilexi,
2861 4957 3095 5009 tantum
3117 4953 3206 5009 vel
3229 4953 3586 5028 diligo,quia
3607 4955 3746 5012 cha-

2086 5041 2230 5098 ritas
2250 5058 2554 5113 nunquam
2573 5042 2796 5097 excidet
2817 5041 2960 5098 fides
2975 5047 3032 5098 et
3054 5059 3189 5114 spes
3201 5043 3745 5112 evacuabitur,cum

2085 5131 2307 5187 venerit
2337 5129 2438 5186 illa
2461 5129 2699 5202 ereptio,
2733 5147 2866 5187 cum
2899 5132 3278 5188 evacuabitur
3295 5133 3450 5204 quod
3471 5146 3541 5190 ex
3579 5138 3748 5206 parte

2087 5224 2197 5285 est,
2229 5219 2330 5274 sed
2362 5218 2597 5274 dilectio
2629 5219 2854 5274 crescit.
2891 5220 2958 5276 Et
2987 5221 3217 5284 merito,
3250 5221 3392 5294 quia
3420 5226 3484 5277 tu
3538 5222 3746 5280 firmas

2087 5324 2180 5364 me
2212 5308 2270 5362 in
2303 5307 2404 5363 illa
2433 5306 2763 5379 dilectione,
2793 5312 2857 5364 tu
2880 5324 2944 5365 es
2969 5310 3233 5381 fortitudo
3251 5327 3394 5366 mea.
3427 5312 3536 5367 Per
3564 5315 3746 5386 teego

2087 5396 2455 5453 considerata
2468 5395 2726 5468 pericula
2748 5397 3028 5471 suscipio,
3041 5403 3100 5455 et
3118 5398 3346 5456 labores
3370 5415 3533 5456 meos
3545 5417 3749 5475 perpe-

2087 5486 2218 5542 tior.
2246 5486 2318 5542 Ut
2339 5502 2478 5542 suos
2508 5485 2683 5542 etiam
2707 5485 3040 5544 cohortelur
3063 5489 3134 5543 ad
3166 5487 3401 5544 laudem
3430 5489 3550 5560 Dei,
3602 5507 3745 5547 con-

2085 5572 2258 5629 vertit
2286 5591 2348 5630 se
2396 5575 2468 5630 ad
2529 5590 2650 5642 eos,
2711 5575 2954 5632 dicens:
3013 5577 3275 5634 Dominus
3329 5579 3744 5648 ﬁrmamentum

2084 5678 2304 5720 meum:
2338 5664 2477 5736 quia
2507 5664 2566 5720 in
2592 5663 2782 5736 primo
2803 5669 3046 5737 parente
3067 5682 3172 5738 per
3190 5666 3528 5740 superbiam
3577 5667 3741 5725 inﬁr-
