4016 6192
216 313 322 373 225

1330 306 1935 371 ENARBATIONES
1980 308 2056 368 IN
2106 306 2491 369 PSALMOS.

3500 311 3619 375 926

219 448 405 500 matus
435 459 701 515 sum,per
729 443 859 513 ejus
888 441 1139 513 gratiam
1163 458 1276 498 non
1299 458 1430 497 sum
1453 442 1855 497 conﬁrmatus.
1889 442 1943 507 Α
1969 441 2035 495 ab
2064 442 2308 495 inimicis
2336 443 2473 496 meis
2500 440 2684 495 salvus
2710 456 2803 495 ero
2823 454 2845 500 ;
2875 441 2946 496 ab
2970 438 3063 495 bis
3093 440 3343 499 scilicet:
3368 444 3618 501 Circum-

217 535 287 589 Et
315 533 595 603 refugium
626 548 823 602 meum,
887 547 1062 603 quem
1121 530 1281 585 intus
1338 547 1541 586 secure
1598 529 1860 601 confugi-

217 627 328 688 tur,
359 638 494 677 cum
524 620 658 692 quis
689 620 829 675 foris
876 620 1146 675 resistere
1204 620 1426 690 nequit.
1479 621 1547 673 Et
1602 619 1864 675 liberator

216 727 401 766 meus:
432 710 669 765 tandem
704 709 911 765 liberat
941 725 1056 764 non
1085 707 1276 764 solum
1329 709 1401 763 ab
1452 707 1726 773 inimicis,
1761 709 1862 763 sed

218 799 386 856 etiam
418 815 453 854 a
482 797 860 853 mortalitate.
895 802 1016 852 Prae
1048 797 1230 853 nimio
1262 798 1475 870 gaudio
1513 796 1865 868 multiplicat

218 888 416 943 laudes
444 904 456 941 :
492 893 637 943 Deus
663 904 818 942 meus
848 904 950 959 per
974 892 1268 957 naturam,
1333 886 1551 958 adjutor
1576 902 1733 941 meus
1766 902 1867 957 per

218 976 483 1049 gratiam,
517 991 590 1030 ne
620 975 888 1030 deﬁciam
920 976 1030 1031 sub
1063 992 1255 1030 onere.
1290 976 1353 1029 Et
1392 975 1520 1029 ideo
1549 975 1774 1045 sperabo
1806 976 1866 1029 in

216 1081 374 1120 eum:
406 1081 519 1120 non
551 1081 647 1120 ero
675 1064 887 1120 similis
922 1063 1007 1118 illi
1039 1063 1139 1135 qui
1169 1063 1229 1119 in
1260 1081 1321 1119 se
1346 1064 1615 1135 speravit,
1639 1069 1696 1119 et
1725 1064 1867 1118 ceci-

219 1155 319 1209 dit.
357 1154 471 1210 lloc
502 1153 676 1209 modo
700 1153 891 1208 factus
923 1157 1011 1209 est
1039 1152 1233 1223 ajulor
1265 1169 1368 1224 per
1424 1152 1695 1225 gratiam.
1730 1153 1866 1205 Pro-

222 1245 390 1299 tector
440 1259 611 1312 meus,
645 1245 701 1297 et
727 1258 841 1297 non
875 1243 1323 1313 qualiscunque,
1359 1242 1457 1297 sed
1481 1257 1650 1296 cornu
1676 1241 1869 1295 salutis

215 1346 372 1402 meae,
402 1330 463 1386 id
493 1336 582 1386 est
609 1332 708 1402 qui
743 1331 814 1385 de
848 1330 1069 1386 carnali
1106 1334 1159 1385 et
1188 1329 1381 1402 fragili
1412 1330 1549 1387 facit
1578 1346 1670 1384 me
1700 1327 1867 1400 spiri-

217 1419 431 1477 tualem
464 1425 521 1476 et
550 1421 782 1487 fortem,
808 1424 866 1475 et
882 1420 1052 1491 quasi
1076 1423 1349 1475 naturam
1373 1436 1564 1475 meam
1589 1435 1682 1474 me
1704 1433 1867 1474 exce-

217 1510 349 1565 dere
372 1508 543 1574 facit;
578 1508 807 1563 utillud
834 1525 848 1563 :
873 1513 941 1564 In
970 1524 1137 1564 carne
1190 1510 1341 1563 enim
1385 1508 1728 1563 ambulantes
1761 1522 1868 1560 non

213 1599 518 1654 secundum
547 1614 790 1654 carnem
804 1598 1212 1665 militamusUt
1243 1598 1474 1665 Cor.x);
1505 1597 1657 1652 sicut
1687 1611 1868 1650 cornu

215 1703 347 1743 cum
380 1687 458 1742 sit
488 1688 557 1743 de
588 1687 849 1753 carne,in
874 1687 1153 1741 duritiam
1174 1691 1370 1741 tamen
1394 1703 1627 1741 versum
1647 1683 1872 1740 excedit

217 1792 450 1832 carnem
481 1781 537 1832 et
571 1777 628 1831 in
661 1776 837 1831 aliam
868 1777 1078 1831 transit
1108 1780 1405 1831 naturam.
1471 1771 1689 1830 Aliter:
1722 1774 1867 1828 Cum

212 1865 445 1921 diversa
475 1864 758 1921 animalia
785 1864 1030 1921 diversis
1056 1864 1236 1920 armis
1258 1881 1320 1920 se
1339 1868 1663 1936 protegant,
1686 1862 1865 1934 lupus

213 1954 602 2025 dente,equus
624 1954 857 2025 pede,tu
882 1953 1028 2009 mihi
1051 1971 1112 2009 es
1134 1954 1483 2025 cornu,quia
1500 1955 1603 2008 das
1632 1953 1863 2006 ﬁrmam

209 2042 501 2098 rationem
532 2059 651 2114 qua
671 2042 891 2098 valeam
914 2042 1191 2098 ventilare
1212 2042 1482 2098 inimicos
1503 2047 1560 2097 et
1580 2040 1867 2113 prmcipue

212 2132 537 2187 haereticos.
567 2130 749 2186 Aliter
779 2148 791 2184 :
817 2132 942 2185 Non
965 2132 1123 2203 erigo
1147 2148 1325 2186 cornu
1350 2131 1637 2201 superbiae
1668 2134 1869 2185 contra

206 2223 292 2287 te,
334 2220 438 2275 sed
468 2224 531 2273 tu
560 2236 622 2274 es
653 2236 854 2285 cornu,
884 2219 943 2273 id
973 2225 1062 2275 est
1116 2220 1288 2275 ﬁrma
1345 2218 1631 2274 celsitudo
1662 2218 1872 2273 salutis

211 2323 391 2373 meae,
423 2306 653 2379 erigens
685 2324 847 2378 spem
879 2324 1069 2364 meam
1103 2309 1175 2362 ad
1196 2312 1271 2365 te.
1294 2308 1363 2362 Et
1384 2324 1498 2362 non
1523 2306 1713 2361 solum
1747 2321 1873 2376 pro-

210 2399 411 2451 tector
429 2399 488 2451 et
503 2397 835 2466 cornu,sed,
868 2397 1025 2468 quod
1049 2398 1367 2467 estmajus,
1401 2397 1587 2450 factus
1607 2412 1669 2451 es
1696 2411 1873 2450 susce-

207 2487 349 2555 ptor
376 2483 614 2551 meus,id
638 2490 727 2539 est
749 2485 1111 2539 inﬁrmitatis
1134 2502 1293 2540 meae.
1321 2485 1437 2539 Hoc
1479 2501 1580 2555 pro
1611 2498 1868 2553 corpore.

208 2571 344 2639 Vel,
379 2576 653 2644 susceptor
678 2589 849 2640 meus,
883 2574 938 2629 id
974 2578 1063 2629 est
1109 2590 1297 2629 causae
1354 2589 1514 2628 meae.
1552 2572 1667 2627 Hoc
1699 2572 1871 2627 modo

211 2661 483 2733 suscepit
512 2677 626 2717 me.
657 2662 802 2717 Misit
833 2667 981 2717 Deus
1040 2662 1208 2718 Pater
1267 2661 1478 2718 Filium
1532 2677 1705 2717 suum
1758 2660 1870 2716 sibi

209 2755 595 2818 coaeternum,
619 2750 685 2805 de
712 2750 1012 2818 summo,id
1030 2754 1118 2806 est
1139 2752 1208 2805 de
1230 2750 1363 2806 sinu
1388 2749 1594 2806 Patris.
1618 2750 1787 2819 Misit,
1812 2750 1871 2804 id

209 2844 303 2895 est
325 2838 390 2894 in
415 2838 747 2895 humilitate
776 2854 1054 2911 apparere
1085 2839 1237 2905 fecit,
1273 2840 1373 2912 qui
1406 2838 1718 2894 invisibilis
1748 2843 1873 2894 erat

208 2928 269 2981 in
290 2927 450 2983 suis.
484 2929 545 2982 Et
574 2930 778 2999 accepit
806 2944 911 2995 me,
946 2927 1166 2983 scilicet
1223 2930 1469 2983 formam
1529 2928 1700 2999 servi,
1755 2944 1871 2982 non

207 3016 440 3089 angeli,
473 3033 590 3072 non
621 3016 872 3088 alicujus
902 3016 1186 3088 dignioris
1217 3017 1318 3072 rei.
1379 3017 1681 3088 Nusquam
1714 3016 1871 3072 enim

206 3104 464 3178 angelos
486 3105 904 3177 apprehendit:
930 3113 980 3161 et
1006 3108 1413 3177 assumpsitme,
1432 3105 1491 3160 id
1522 3109 1627 3169 est,
1663 3121 1873 3175 corpus

1898 1822 1943 1886 Β

1969 530 2235 585 dederunt
2261 547 2349 584 me
2377 530 2589 585 dolores
2618 531 2832 595 mortis,
2890 529 2946 584 id
3007 535 3114 597 est,
3175 531 3259 585 illi
3309 532 3368 587 in
3401 535 3621 603 quibus

1971 622 2138 672 erant
2168 616 2413 683 dolores,
2448 617 2532 671 illi
2561 618 2660 689 qui
2694 620 2766 673 ad
2802 624 3045 673 mortem
3106 620 3346 691 ducunt,
3403 621 3621 678 scilicet

1976 707 2273 776 passiones
2302 706 2550 760 invidiae.
2593 708 2932 763 Invidebant
2960 709 3115 763 enim
3172 726 3265 765 me
3314 712 3524 767 vivere.
3559 714 3625 768 Et

1974 804 2235 851 torrentes
2252 797 2586 867 iniquitatis,
2606 795 2663 849 id
2686 802 2792 866 est,
2808 798 2985 852 subiti
3008 798 3260 869 impetus
3282 799 3621 870 iniquorum

1974 890 2030 939 et
2058 885 2173 939 cito
2204 888 2593 948 transeuntes,
2627 884 2778 939 sicut
2805 902 2958 956 aqua
2987 887 3184 941 subito
3207 892 3362 943 mota
3384 888 3623 960 pluviali

1976 977 2290 1044 augmento
2321 977 2377 1027 et
2406 973 2518 1027 cito
2578 973 2953 1039 decrescens;
3006 977 3467 1033 conturbauerunt
3512 995 3620 1047 me,

1974 1061 2031 1115 id
2063 1067 2172 1123 est,
2206 1079 2380 1133 parvo
2412 1066 2671 1132 tempore
2704 1077 2797 1115 me
2845 1068 3029 1117 morte
3086 1064 3580 1123 contristaverunt
3607 1085 3621 1122 :

1978 1156 2109 1222 post
2139 1150 2400 1204 triduum
2461 1149 2616 1205 enim
2676 1151 2986 1205 resurrexi.
3050 1151 3430 1209 Conturbatio
3461 1157 3629 1212 enim

1977 1238 2208 1294 subitus
2242 1243 2435 1294 motus
2461 1243 2551 1294 est
2575 1243 2632 1293 et
2685 1239 2799 1293 cito
2859 1240 3171 1295 transiens.
3232 1247 3312 1296 Ac
3345 1244 3394 1297 si
3426 1244 3619 1301 dicat:

1980 1326 2343 1382 Solainvidia
2364 1344 2563 1381 eorum
2588 1327 2700 1382 fuit
2721 1344 2897 1383 causa
2918 1344 3059 1383 meae
3091 1331 3317 1401 mortis,
3350 1335 3451 1387 sed
3477 1332 3623 1388 nihil

1978 1415 2093 1471 illis
2116 1415 2365 1487 profuit:
2392 1416 2530 1487 quia
2550 1415 2646 1471 ille
2676 1433 2875 1471 eorum
2904 1416 3162 1488 impetus
3208 1418 3401 1475 subito
3423 1422 3622 1477 crevit.

1978 1509 2033 1559 et
2063 1505 2255 1559 subito
2273 1505 2536 1573 cessavit,
2558 1506 2709 1560 sicut
2738 1523 2889 1577 aqua
2910 1512 3068 1562 mota
3090 1525 3122 1562 a
3144 1507 3626 1579 pluvia.Mortuus

1978 1593 2132 1648 enim
2158 1594 2316 1663 jacui
2351 1594 2407 1647 in
2442 1594 2729 1665 sepulcro,
2762 1596 2861 1649 sed
2897 1614 3010 1651 non
3043 1597 3153 1651 nisi
3190 1614 3293 1668 per
3329 1602 3447 1653 tres
3478 1598 3623 1653 dies.

1980 1692 2201 1747 Dolores
2234 1691 2425 1754 inferi,
2455 1693 2509 1746 id
2535 1697 2643 1759 est,
2666 1692 2928 1748 dolentes
2947 1694 3016 1748 de
3037 1694 3627 1751 amissioneterreno-

1979 1798 2107 1834 rum
2144 1797 2361 1835 rerum.
2391 1781 2551 1835 Sicut
2581 1786 2719 1835 sunt
2748 1783 2983 1852 superni
3016 1782 3265 1850 dolores,
3300 1783 3382 1837 illi
3410 1785 3630 1839 scilicet

1976 1870 2075 1940 qui
2108 1875 2245 1924 sunt
2275 1871 2345 1925 de
2377 1870 2693 1925 amissione
2724 1870 3046 1926 caelestium
3075 1888 3085 1925 :
3116 1871 3197 1927 ita
3254 1877 3309 1927 et
3338 1873 3527 1941 inferi,
3558 1875 3628 1930 de

1977 1958 2296 2013 amissione
2326 1963 2689 2014 terrenarum
2724 1975 2919 2013 rerum
2952 1962 3230 2015 ducentes
3261 1962 3333 2016 ad
3390 1961 3625 2018 inferos.

1980 2049 1998 2101 Ι
2007 2048 2324 2118 niquitates
2355 2052 2410 2102 et
2426 2048 2674 2113 dolores,
2695 2048 3023 2119 emphatice
3048 2049 3632 2106 dictum.Audiebant

1978 2136 2134 2189 enim
2162 2142 2453 2191 amatores
2477 2136 2656 2205 hujus
2679 2136 2906 2191 seculi:
2935 2136 3085 2192 Perit
3108 2139 3343 2193 mundus
3363 2142 3411 2193 et
3432 2156 3629 2194 concu-

1976 2226 2247 2294 piscentia
2276 2226 2390 2293 ejus
2421 2224 2465 2294 (l
2491 2229 2653 2279 Joan.
2682 2226 2768 2294 ιι).
2790 2225 3091 2280 Neminem
3116 2226 3629 2293 calumniaveritis,

1980 2312 2211 2367 Nemini
2275 2313 2549 2383 injuriam
2618 2313 2863 2369 faciatis.
2932 2316 3457 2385 Przoocupaverunt
3520 2333 3626 2385 me,

1982 2400 2151 2472 quasi
2182 2402 2546 2472 ignorantem
2579 2408 2864 2473 quantum
2910 2404 2981 2457 ad
3039 2420 3240 2459 eorum
3271 2405 3626 2476 opinionem,

1984 2492 2167 2560 laquei
2184 2492 2455 2561 mortis,id
2481 2496 2784 2561 est,causa3
2808 2492 3027 2547 innexa;
3055 2493 3251 2548 causis
3283 2495 3353 2548 ad
3377 2501 3625 2551 mortem

1984 2594 2173 2633 meam
2197 2579 2623 2635 tendentes.Vel
2645 2580 2872 2634 insidia:
2897 2597 3094 2636 eorum
3118 2588 3469 2652 paraverunt
3485 2584 3628 2639 mihi

1982 2672 2227 2722 mortem
2252 2668 2419 2738 quasi
2439 2668 2740 2724 nescienti.
2773 2668 2851 2723 Ab
2882 2670 3129 2724 inimicis
3156 2672 3292 2725 meis
3310 2672 3493 2726 salvus
3514 2689 3624 2729 ero.

1982 2767 2048 2820 Et
2078 2782 2226 2837 opus
2257 2770 2346 2820 est
2377 2765 2717 2832 salvatione,
2750 2766 2890 2837 quia
2920 2766 3131 2822 dolores
3182 2770 3398 2836 mortis,
3430 2770 3485 2823 id
3518 2775 3626 2839 est,

1980 2854 2402 2925 passibilitates
2432 2853 2542 2908 illae
2574 2871 2722 2925 quas
2754 2854 2937 2910 habeo
2995 2871 3062 2910 ex
3095 2858 3449 2912 mortalitate
3480 2874 3628 2926 mea,

1980 2944 2452 2998 circumdederunt
2474 2959 2577 3011 me,
2602 2943 2658 2997 id
2689 2948 2798 3007 est,
2856 2960 3089 2999 carnem
3145 2962 3356 3000 meam.
3403 2947 3473 3001 Et
3501 2947 3629 3003 ideo

1982 3041 2243 3087 torrentes
2299 3034 2629 3103 iniquitatis,
2664 3037 2727 3085 ut
2756 3048 2933 3103 supra
2961 3034 3459 3091 conturbauerunt:
3492 3054 3625 3108 pro-

1986 3127 2182 3191 pterea
2207 3120 2520 3175 voluerunt
2551 3136 2641 3174 me
2674 3122 3041 3177 conturbare.
3102 3123 3320 3178 Dolores
3347 3124 3538 3191 inferi,
3571 3125 3627 3180 id

208 3210 448 3264 meum,
472 3194 626 3264 quod
650 3197 738 3249 est
759 3193 1049 3249 Ecclesia:
1082 3194 1146 3248 de
1172 3197 1333 3263 aquis
1354 3195 1565 3261 multis,
1598 3194 1654 3247 id
1687 3197 1775 3247 est
1805 3193 1868 3247 de

1987 3214 2074 3264 cst
2095 3210 2323 3264 dolores
2344 3208 2631 3263 inferioris
2655 3208 2791 3275 mei,
2814 3210 2873 3264 id
2892 3215 2981 3266 est
3002 3212 3195 3266 carnis
3214 3228 3375 3278 meae,
3400 3229 3526 3283 qua
3544 3218 3633 3268 est

208 3282 431 3337 multis
453 3281 704 3354 populis,
739 3282 878 3353 quia
899 3300 1013 3339 non
1039 3282 1231 3337 solum
1255 3282 1625 3353 congregavit
1653 3297 1781 3336 eam
1807 3281 1878 3336 de

204 3371 447 3443 Judaea,
470 3371 571 3427 sed
602 3372 672 3426 de
702 3372 929 3427 cunctis
958 3372 1151 3427 terris.
1177 3373 1353 3442 Aquae
1383 3370 1661 3424 dicuntur
1681 3368 1878 3441 populi

209 3461 401 3532 (Apoc.
444 3462 583 3532 xvu)
615 3461 684 3516 ad
718 3461 869 3515 hanc
902 3459 1373 3528 similitudinem,
1396 3458 1536 3528 quia
1558 3474 1659 3529 per
1688 3458 1880 3513 deces-

206 3549 458 3605 sionem
475 3554 532 3604 et
547 3549 1000 3614 successionem,
1025 3549 1082 3603 in
1106 3550 1355 3603 deéursu
1387 3563 1618 3619 semper
1648 3550 1785 3601 sunt
1817 3549 1883 3601 ut

206 3654 398 3709 aquae.
436 3637 541 3693 Vel
559 3638 623 3693 de
652 3640 809 3709 aquis
836 3639 1049 3701 multis,
1081 3638 1138 3691 id
1161 3642 1250 3692 est
1269 3637 1340 3691 de
1362 3636 1518 3691 ﬂuxu
1553 3635 1878 3692 carnalium

206 3727 707 3792 delectationum,
737 3727 824 3782 vel
858 3728 929 3781 de
961 3724 1163 3782 multis
1222 3724 1693 3796 baptismatibus.
1734 3724 1880 3787 Quia

204 3831 342 3871 cum
378 3833 420 3872 u
440 3832 581 3870 num
614 3816 693 3871 sit
723 3816 1038 3887 baptisma,
1072 3820 1131 3870 et
1161 3814 1360 3869 omnia
1377 3814 1520 3869 vitia
1546 3813 1627 3868 ibi
1658 3814 1881 3868 demer-

204 3905 774 3977 gunturprzeterita,
801 3906 955 3961 sicut
973 3904 1222 3977 Egyptii
1240 3903 1491 3959 demersi
1510 3910 1649 3958 sunt
1664 3907 1719 3957 in
1735 3902 1878 3957 mari

208 3992 419 4050 Rubro
446 3994 645 4065 (Exod.
672 3994 889 4064 x1v),ut
911 4010 1013 4049 nec
1028 3995 1544 4065 unussuperesset.
1577 3990 1882 4063 Signiﬁcat

206 4083 374 4138 enim
392 4099 564 4139 mare
578 4082 841 4139 Rubrum
858 4082 1346 4155 baptismum,qui
1359 4080 1644 4153 sanguine
1665 4079 1880 4135 Christi

205 4172 633 4228 sanctiﬁcalus
655 4176 713 4227 et
733 4172 907 4226 ruber
931 4174 1117 4226 factus
1132 4175 1219 4226 est
1240 4171 1311 4225 ad
1334 4169 1723 4241 demergenda
1743 4168 1884 4223 vitia

205 4266 431 4333 potens
462 4278 475 4316 :
512 4265 709 4315 tamen
741 4259 1022 4315 dividitur
1078 4258 1401 4315 secundum
1451 4258 1880 4330 baptizatorum

204 4350 539 4422 sequentia
571 4349 797 4405 merita.
830 4348 940 4403 Alii
973 4349 1129 4403 enim
1163 4348 1247 4403 sic
1304 4346 1693 4419 baptizantur,
1726 4350 1791 4401 ut
1819 4346 1879 4401 in

199 4438 311 4495 illa
342 4439 618 4513 puritate
639 4442 934 4506 maneant,
962 4442 1027 4492 ut
1046 4438 1127 4493 ita
1147 4438 1251 4492 toti
1274 4435 1478 4492 mundi
1523 4436 1660 4503 sint,
1685 4440 1741 4492 et
1765 4453 1881 4493 non

1988 3297 2226 3351 inferior
2250 3312 2385 3367 pars
2408 3312 2565 3362 mea;
2588 3297 3059 3353 circumdederunt
3080 3315 3184 3367 me,
3208 3299 3265 3352 id
3290 3306 3398 3363 est,
3427 3300 3634 3356 fortius

1990 3403 2081 3441 me
2104 3384 2410 3456 amplexati
2435 3390 2573 3438 sunt
2601 3403 2613 3439 :
2642 3391 2698 3439 et
2719 3402 2833 3441 non
2866 3388 3102 3453 mirum,
3137 3388 3275 3458 quia
3303 3404 3632 3460 preoccupa-

1987 3478 2177 3529 verunt
2206 3489 2291 3527 me
2314 3474 2368 3526 in
2395 3472 2583 3543 primo
2606 3474 3089 3543 parente,scilicet
3110 3475 3168 3529 in
3202 3492 3416 3545 massa,
3450 3480 3635 3550 laquei

1988 3565 2200 3631 mortis,
2230 3563 2286 3615 id
2315 3566 2421 3625 est,
2456 3578 2642 3616 causa;
2701 3562 3091 3617 mortalitatis.
3129 3564 3206 3619 Ex
3249 3581 3446 3620 massa
3476 3568 3631 3622 enim

1989 3653 2246 3710 contraxi
2267 3652 2373 3708 etsi
2396 3668 2509 3706 non
2530 3650 2786 3723 culpam,
2806 3655 3000 3705 tamen
3033 3654 3412 3724 pmnamEgo
3436 3658 3631 3709 autem

1991 3744 2095 3799 feci
2129 3743 2280 3814 quod
2314 3757 2511 3796 meum
2541 3740 2692 3795 fuit:
2727 3739 2960 3811 confugi
2992 3741 3063 3795 ad
3097 3755 3316 3811 preces.
3350 3740 3446 3795 Vel
3477 3744 3635 3798 invo-

1987 3832 2198 3901 cavi,id
2225 3829 2395 3897 est,in
2432 3846 2523 3885 me
2548 3829 2745 3883 vocavi
2772 3829 3066 3883 Dominum
3096 3833 3595 3885 renumeratorem
3620 3846 3632 3885 :

1989 3926 2051 3977 in
2079 3920 2432 3977 tribulatione
2460 3935 2605 3983 mea,
2628 3935 2741 3972 non
2765 3917 3024 3983 illorum,
3048 3919 3188 3989 quia
3217 3918 3333 3974 illis
3365 3936 3478 3975 non
3502 3935 3635 3992 pro-

1991 4010 2388 4065 fuitJnvocavi
2410 4008 2720 4076 Dominum,
2745 4007 2801 4061 id
2826 4010 2936 4073 est,
2959 4007 3116 4063 intus
3138 4008 3331 4063 vocavi
3356 4008 3417 4064 in
3441 4010 3633 4081 corde,

1989 4099 2088 4154 ubi
2112 4098 2295 4152 libera
2314 4102 2403 4152 est
2424 4113 2529 4151 vox
2551 4101 2608 4150 et
2629 4096 2924 4151 exauditio
2942 4099 3425 4169 prompta.Quem
3447 4101 3639 4155 Domi-

1991 4203 2133 4243 num
2152 4186 2181 4240 ?
2232 4187 2294 4240 Et
2322 4186 2390 4239 ad
2417 4187 2585 4241 Deum
2613 4201 2795 4240 meum
2823 4187 3079 4253 clamavi,
3112 4188 3168 4242 id
3201 4192 3309 4253 est,
3344 4188 3639 4243 irremisse

1989 4278 2099 4349 egi.
2135 4274 2237 4331 Vel
2269 4274 2525 4329 invocavi
2558 4291 2660 4345 pro
2721 4290 2834 4345 me,
2895 4273 3141 4329 clamavi
3199 4291 3302 4345 pro
3362 4276 3529 4330 meis.
3580 4277 3643 4331 Et

1989 4365 2274 4423 exaudivit
2302 4364 2367 4418 de
2397 4363 2590 4433 templo
2617 4373 2805 4418 sancto
2835 4379 2936 4417 suo
2955 4380 2974 4416 :
3004 4363 3144 4433 quia
3193 4378 3327 4417 eum
3357 4363 3639 4427 invocavi,

1992 4474 2105 4512 non
2137 4454 2315 4510 alium
2344 4471 2357 4507 :
2390 4468 2565 4508 vocem
2595 4469 2777 4507 meam
2834 4452 3048 4505 factam
3108 4467 3213 4522 pro
3253 4467 3366 4521 me,
3420 4467 3537 4506 non
3569 4452 3642 4508 ad

201 4527 538 4602 indigeant
568 4527 681 4583 nisi
741 4535 805 4583 ut
860 4528 1038 4599 pedes
1096 4526 1289 4581 lavent
1343 4543 1377 4581 a
1432 4524 1665 4596 pulvere
1695 4526 1868 4596 (Joan.

1996 4546 2322 4600 humanum
2348 4542 2630 4596 favorem:
2654 4544 2701 4595 et
2713 4542 2923 4595 clamor
2945 4555 3099 4594 meus
3114 4540 3301 4594 factus
3328 4557 3431 4611 pro
3455 4540 3600 4597 meis
3629 4557 3641 4596 :

197 4618 358 4689 xm),
395 4617 464 4672 id
497 4621 609 4681 est,
641 4616 1022 4689 cogitationes
1053 4615 1125 4671 ab
1186 4613 1427 4669 illicitis.
1475 4614 1589 4669 Alii
1620 4615 1887 4686 quaedam

200 4708 457 4762 addunt
489 4705 870 4773 crimina,sed
888 4703 1156 4760 venialia.
1196 4703 1336 4759 Aliis
1367 4708 1563 4759 autem
1597 4703 1741 4758 nihil
1765 4720 1891 4775 pro-

198 4795 361 4865 dest,
400 4793 559 4867 quia
587 4794 833 4850 redeunt
862 4794 1095 4866 penitus
1135 4796 1207 4848 ad
1237 4797 1583 4848 vetustatem
1607 4810 1779 4864 prave
1806 4792 1889 4847 vi-

198 4886 432 4951 vendo,
476 4884 633 4939 sicut
661 4883 876 4957 legitur
907 4884 977 4938 de
1010 4882 1108 4938 illo
1140 4883 1325 4938 mari:
1363 4884 1467 4950 Qui
1521 4883 1709 4937 divisit
1733 4897 1892 4937 mare

200 4974 483 5030 Rubrum
512 4974 571 5026 in
601 4972 894 5028 divisiones
926 4973 1097 5045 (Psat.
1131 4972 1374 5041 cxxxv.).

274 5098 453 5161 Quot
488 5096 647 5151 enim
680 5096 871 5151 tribus
903 5096 1141 5151 fuerunt
1172 5094 1521 5162 Israeliticae,
1555 5095 1797 5150 totidem
1829 5096 1888 5151 in

199 5191 421 5257 partes
456 5188 554 5239 est
584 5185 858 5240 divisum.
890 5186 956 5239 Et
1012 5184 1150 5256 quia
1209 5200 1302 5238 me
1358 5187 1533 5255 caput
1584 5184 1805 5255 accepit
1835 5190 1891 5241 et

200 5272 565 5345 assumpsit
589 5274 649 5329 in
678 5274 978 5342 membris,
1014 5274 1244 5329 laudans
1276 5273 1530 5328 invocabo
1562 5276 1884 5331 Dominum.

198 5363 332 5420 Non
373 5362 591 5419 solum
619 5364 831 5418 vocabo
863 5363 1201 5428 Dominum,
1233 5362 1333 5415 sed
1364 5363 1645 5427 invocabo,
1687 5362 1745 5416 id
1777 5368 1885 5435 est,

197 5452 260 5507 in
296 5468 409 5507 me
444 5450 694 5519 vocabo,
729 5456 794 5507 ut
817 5452 912 5524 ipe
934 5452 1011 5507 sit
1034 5455 1090 5506 et
1111 5450 1264 5522 quod
1293 5453 1516 5520 rogo.et
1534 5466 1568 5504 a
1588 5465 1703 5520 quo
1726 5468 1886 5525 rogo.

196 5540 273 5599 Et
300 5541 436 5598 hoc
474 5536 691 5595 faciam
724 5540 980 5609 laudans,
1014 5540 1072 5596 id
1102 5542 1214 5604 est,
1270 5535 1642 5594 laudabiliter
1668 5538 1885 5601 vivens.

196 5630 482 5690 Talibus
506 5628 665 5687 enim
684 5628 892 5689 hostiis
914 5632 1279 5711 promeretur
1301 5626 1548 5687 Deus.Et
1576 5626 1683 5685 hoc
1714 5632 1888 5690 modo

1999 4646 2059 4699 in
2088 4645 2375 4713 conspectu
2398 4637 2599 4711 ejus,id
2624 4637 2801 4706 est,in
2823 4636 2994 4691 corde
3013 4636 3222 4707 factus,
3235 4636 3321 4693 vel
3343 4626 3646 4695 irremisse.

1998 4732 2350 4804 operatione,
2382 4729 2481 4783 ubi
2517 4730 2725 4798 praesto
2756 4729 2846 4780 est
2874 4741 3105 4797 semper
3148 4732 3461 4798 conspectu
3494 4729 3641 4798 ejus,

1998 4823 2251 4876 introivit
2271 4822 2331 4874 in
2353 4833 2513 4872 aures
2537 4817 2676 4883 eius,
2702 4814 2760 4868 id
2782 4818 2888 4880 est,
2913 4814 3175 4869 exaudiri
3204 4816 3432 4873 meruit.
3460 4818 3645 4880 Quam

1998 4909 2426 4965 exauditionem
2442 4905 2683 4960 effectus
2696 4903 2969 4957 ostendit.
2990 4903 3136 4959 Data
3147 4904 3232 4958 vel
3245 4907 3643 4974 acceptavete—

2000 4999 2049 5053 ri
2082 4997 2206 5069 lege
2237 5012 2338 5067 per
2368 5009 2621 5059 servum,
2654 4995 2921 5047 commota
2952 5001 3025 5047 est
3076 4997 3251 5046 terra.
3289 4992 3645 5062 Resurgente

1999 5080 2662 5154 Domino,perquernlex
2684 5079 3059 5151 adimplenda
3084 5084 3206 5135 erat
3226 5083 3281 5133 et
3302 5079 3644 5144 invocanda,

1999 5187 2291 5241 commota
2310 5184 2399 5235 est
2424 5177 2880 5242 materialiter,et
2899 5177 3075 5231 corda
3094 5181 3457 5232 terrenorum
3482 5175 3644 5232 simi-

1999 5275 2131 5329 liter
2159 5272 2229 5326 de
2259 5267 2603 5324 inﬁdelitate
2634 5267 2705 5320 ad
2740 5266 2937 5329 ﬁdem,
2965 5266 3119 5335 quod
3142 5265 3511 5338 signiﬁcabat
3538 5269 3644 5321 ter-

1999 5365 2291 5418 rasmotus.
2324 5359 2392 5412 Et
2422 5373 2535 5411 non
2595 5354 2783 5409 solum
2844 5360 3019 5421 terra,
3080 5356 3178 5409 sed
3237 5354 3413 5409 etiam
3444 5353 3645 5409 Judaea

1996 5451 2337 5513 contremuit,
2372 5447 2429 5501 id
2463 5450 2571 5509 est,
2606 5441 2782 5498 simul
2816 5460 2949 5498 cum
3009 5443 3210 5498 Judaea
3256 5443 3495 5499 tremuit
3522 5446 3645 5498 tota

1996 5552 2165 5612 terra,
2231 5535 2453 5594 scilicet
2516 5532 2864 5607 gentilitatis
2920 5536 3094 5602 terra,
3168 5533 3225 5589 id
3287 5536 3396 5598 est,
3430 5532 3641 5589 terreni

1997 5646 2200 5692 omnes
2231 5628 2574 5687 timuerunt.
2598 5622 2795 5690 Quare
2816 5621 3117 5681 timuerint
3139 5627 3271 5697 post
3292 5621 3637 5699 subjungit;
