4016 6192
370 369 494 431 227

941 359 1246 428 REMIGII
1295 366 2048 429 ANTISSIODORENSIS
2095 361 2267 427 OPP.
2314 367 2512 467 PARS
2559 370 2604 428 Ι.
2641 402 2716 412 —
2747 363 3211 431 EXEGETICA.

3667 371 3792 431 228

371 503 440 558 Et
469 518 582 557 non
608 499 799 556 solum
825 499 1244 567 minores,seed
1268 499 1443 554 etiam
1469 498 1847 572 fundamenta
1872 513 2027 554 mon-
2055 500 2109 564 Α
2139 501 2446 567 minum,et
2468 504 2671 556 caetera
2694 517 2879 571 usque
2898 501 3031 568 huc,
3083 504 3361 558 Inclinavi
3404 502 3607 558 caelos:
3641 503 3790 558 refe-

367 591 610 658 tium,id
634 595 742 658 est,
774 587 1070 660 principes
1125 588 1395 656 majores,
1459 591 1522 641 ut
1569 586 1849 642 Gamaliel
1880 586 2026 658 legis

367 680 590 745 doctor,
618 683 674 733 et
691 676 908 749 Joseph
940 677 1013 732 ab
1053 674 1398 742 Arimathia,
1432 675 1491 729 in
1525 675 1740 746 quibus
1769 676 2024 730 minores

369 767 666 840 principes
689 765 1067 821 conﬁdebant
1094 781 1106 820 :
1141 764 1487 820 conturbata
1507 765 1636 818 sunt
1659 764 1730 818 de
1752 763 2022 835 peccatis,

366 868 416 920 et
427 870 699 921 commota
717 864 787 918 de
807 862 1151 918 inﬁdelitate
1167 863 1238 916 ad
1266 862 1439 917 ﬁdem
1463 877 1476 915 :
1503 860 1610 929 vel,
1632 862 2023 930 fundamenta

367 957 670 1023 montium,
702 953 758 1007 id
792 956 901 1018 est,
933 968 1067 1023 spes
1097 957 1463 1006 terrenarum
1496 967 1777 1015 rerum,1n
1807 950 2022 1021 quibus

368 1049 617 1104 montes,
647 1042 705 1096 id
765 1045 854 1097 est
910 1040 1168 1111 superbi,
1229 1039 1624 1106 conﬁdebant,
1683 1042 2021 1095 conturbata

359 1137 527 1186 sunt:
553 1131 692 1203 quia
716 1146 831 1185 non
857 1129 1230 1184 conﬁdebant
1249 1128 1307 1182 in
1333 1127 1417 1183 eis
1438 1127 1708 1182 homines
1743 1137 1804 1183 ut
1835 1129 2018 1199 prius,

361 1223 675 1292 postquam
707 1217 1050 1272 audierunt:
1078 1217 1283 1273 Omnis
1302 1231 1445 1271 caro
1465 1215 1665 1287 fenum
1687 1219 1741 1284 (Ι
1766 1217 1922 1270 Petr.
1948 1217 2019 1287 1);

362 1311 454 1362 et:
490 1306 750 1361 Praeterit
780 1304 1024 1360 mundus
1055 1310 1109 1359 et
1140 1305 1606 1375 concupiscentia
1635 1305 1758 1373 ejus
1787 1307 1836 1372 (Ι
1857 1306 2017 1360 Joan.

364 1396 446 1466 ιι).
481 1395 645 1450 Unde
675 1393 823 1448 illud
851 1411 863 1448 :
898 1396 977 1448 Et
1005 1393 1270 1448 ascendet
1303 1393 1582 1448 Dominus
1604 1396 1806 1448 nubem.
1839 1393 2019 1448 levem

357 1492 414 1539 et
427 1485 778 1552 ingredietur
795 1485 1181 1553 {Egyptummt
1201 1482 1645 1555 con/ringentur
1661 1483 1830 1538 idola
1847 1485 2019 1554 Αἰθυ-

281 1615 284 1618 .
355 1574 760 1645 pti(lsa.x1x).
795 1569 1196 1642 EtApostolus
1218 1571 1289 1626 ad
1312 1571 1727 1626 Timotheum:
1761 1573 2020 1639 Praecipe

359 1663 636 1718 divitibus
671 1665 843 1732 huius
872 1661 1074 1717 smculi
1102 1677 1214 1715 non
1242 1662 1522 1731 conﬁdere
1556 1663 1616 1715 in
1646 1664 1860 1740 incerto
1882 1663 2021 1717 divi-

359 1752 575 1807 tiarum
599 1757 646 1822 (Ι
677 1752 822 1805 Tim.
857 1752 958 1820 vx).
997 1750 1213 1804 Aliter:
1258 1751 1660 1806 Fundamenta
1716 1752 2016 1819 montium,

2137 603 2333 642 remus
2351 588 2460 643 hoc
2483 590 2553 642 ad
2586 588 3048 644 incarnationem
3067 590 3304 656 Christi,
3336 595 3391 646 et
3422 590 3791 646 ostendimus

2134 692 2249 747 quo
2273 677 2478 732 ordine
2500 678 2800 749 superiora
2821 677 2938 732 sint
2960 679 3128 733 facta.
3162 681 3465 736 lnclinavit
3497 684 3644 735 Deus
3678 679 3788 734 Pa-

2132 770 2220 819 ter
2248 766 2424 832 caelos,
2462 766 2518 820 id
2549 772 2656 837 est,
2691 784 2926 822 summa
2957 767 3092 822 imis
3153 770 3473 840 conjunxit,
3527 768 3789 825 coelestia

2131 854 2399 924 terrenis,
2432 855 2796 911 divinitatem
2859 856 3222 912 mortalitati.
3278 858 3341 912 Et
3389 857 3692 928 descendit,
3727 859 3786 912 id

2130 954 2238 1017 est,
2273 968 2333 1006 se
2364 951 2472 1006 hoc
2497 953 2666 1007 modo
2691 953 3022 1016 minoravit,
3049 954 3295 1009 formam
3320 955 3466 1010 servi
3492 954 3787 1026 accipiens

2130 1039 2302 1108 (Phil.
2341 1044 2422 1107 ιι).
2458 1042 2523 1094 Et
2555 1040 2739 1110 caligo
2764 1041 2820 1095 id
2840 1046 2926 1096 est
2946 1041 3298 1110 obscuritas,
3346 1042 3784 1112 Scripturarum

2130 1143 2257 1197 quas
2291 1129 2398 1182 fuit
2428 1129 2486 1183 in
2521 1129 2841 1201 prophetis,
2872 1131 2969 1184 sub
2995 1130 3231 1198 pedibus
3262 1133 3400 1202 ejus,
3434 1132 3492 1186 id
3523 1136 3612 1186 est
3643 1149 3784 1204 apo-

2131 1215 2314 1271 stolis.
2343 1215 2570 1272 Utillud
2597 1236 2608 1272 :
2636 1219 2772 1272 Tanc
2791 1220 3024 1287 aperuit
3047 1218 3171 1274 illis
3195 1236 3421 1275 sensum
3438 1226 3496 1274 ut
3512 1222 3786 1290 intellige-

2128 1310 2254 1359 rent
2283 1307 2620 1377 Scripturas
2668 1308 2819 1375 (Luc.
2855 1307 3030 1377 xxrv).
3065 1307 3159 1363 Vel
3191 1307 3412 1380 caligo,
3465 1309 3523 1363 id
3549 1315 3661 1379 est,
3697 1309 3777 1363 illi

2130 1394 2230 1464 qui
2252 1394 2416 1465 prius
2438 1394 2684 1466 caligine
2704 1400 3075 1465 peccatorum
3094 1396 3352 1451 obvoluti
3373 1403 3556 1464 erant,
3575 1413 3782 1469 cogno-

2129 1486 2359 1536 scentes
2381 1498 2536 1552 eum,
2574 1484 2809 1538 fuerunt
2830 1483 2928 1538 sub
2957 1484 3192 1552 pedibus
3245 1487 3379 1556 ejus,
3433 1485 3487 1539 id
3521 1490 3612 1542 est
3641 1486 3779 1542 aﬂ‘e-

2129 1570 2440 1637 ctionibus,
2467 1571 2523 1625 id
2547 1579 2652 1635 est,
2679 1572 2933 1626 venerati
2959 1577 3099 1626 sunt
3119 1589 3275 1628 eum.
3296 1573 3396 1629 Vel
3417 1576 3520 1630 sub
3545 1575 3781 1646 pedibus

2127 1660 2251 1729 ejus
2265 1660 2374 1722 fuit
2387 1660 2734 1730 caligo,quia
2753 1662 3000 1716 muudus
3019 1677 3148 1716 eum
3167 1679 3281 1716 non
3299 1665 3556 1732 cognovit
3589 1665 3777 1735 (Joan.

2131 1752 2186 1815 ι),
2216 1747 2424 1804 Aliter:
2461 1753 2513 1802 et
2543 1751 2725 1821 caligo
2755 1749 2809 1803 id
2846 1750 3311 1817 est,‘obscuritas
3342 1756 3398 1806 et
3430 1751 3528 1807 lux
3557 1753 3778 1809 incom-

358 1839 415 1894 id
447 1844 536 1895 est
555 1839 730 1906 idola,
757 1839 815 1892 in
838 1838 1055 1909 quibus
1078 1843 1328 1905 montes,
1364 1839 1421 1892 id
1455 1843 1542 1893 est
1563 1839 1880 1905 daemones,
1914 1856 2010 1895 co-
2047 1867 2093 1931 Β
2131 1836 2911 1931 prehensibilis‘subpedibus
2931 1840 3079 1931 ejus,
3098 1839 3154 1894 id
3177 1845 3287 1906 est,
3308 1840 3367 1894 in
3390 1841 3777 1931 carnelatuit,

358 1927 630 1983 lebantur
656 1945 668 1982 :
697 1927 823 1996 Vel,
854 1927 1155 1991 montium,
1192 1927 1248 1981 id
1281 1931 1390 1994 est,
1423 1927 1481 1980 in
1513 1927 1730 1998 quibus
1764 1933 2014 1999 montes,

359 2027 415 2081 id
449 2031 557 2093 est,
591 2025 830 2097 superbi
861 2025 1040 2095 hujus
1072 2024 1264 2080 saeculi
1287 2023 2015 2092 conﬁdebant,conturbata

356 2115 584 2184 sunt,id
614 2118 722 2181 est,
757 2114 1002 2170 confusa
1029 2113 1118 2168 vel
1150 2111 1436 2183 dissipata
1467 2129 1480 2167 :
1515 2118 1570 2168 et
1625 2119 1917 2169 commota
1945 2115 2016 2170 de

360 2203 636 2260 cordibus
665 2203 996 2269 hominum,
1031 2203 1116 2258 vel
1151 2203 1222 2256 de
1254 2201 1474 2257 honore
1505 2200 1602 2257 illo
1650 2203 1847 2274 priori.
1883 2203 2015 2260 Sive

355 2294 465 2349 hoc
495 2293 688 2359 modo,
724 2293 843 2348 sive
872 2291 971 2346 illo
1002 2291 1390 2362 accipiantur,
1423 2293 1773 2346 conturbata
1803 2298 1941 2347 sunt
1959 2298 2016 2348 et

355 2387 647 2438 commota
681 2399 693 2437 :
749 2382 875 2437 ideo
897 2383 1164 2452 quoniam
1195 2381 1382 2436 iratus
1401 2389 1481 2434 est
1514 2382 1614 2445 eis,
1649 2380 1871 2435 scilicet
1900 2381 2012 2436 Do-

354 2470 572 2540 minus,
604 2470 660 2523 id
684 2475 794 2535 est,
822 2469 968 2524 iram
993 2486 1159 2524 suam
1183 2474 1240 2523 et
1268 2469 1524 2523 futuram
1573 2469 2009 2526 damnationem

353 2556 763 2612 illisinnotuit.
789 2557 952 2612 Unde
975 2557 1120 2611 illud
1144 2575 1156 2610 :
1185 2557 1490 2611 Genimina.
1511 2559 1858 2627 viperarum,
1891 2559 2012 2629 quis

354 2661 454 2700 vos
470 2643 732 2700 liberabit
747 2662 785 2699 a
797 2649 1040 2699 ventura
1053 2645 1179 2698 ira?
1199 2645 1390 2699 Facite
1399 2661 1538 2716 ergo
1560 2645 1788 2717 fructus
1808 2646 2010 2714 dignos

350 2733 700 2806 pwnitentiae
729 2733 883 2803 (Luc.
915 2737 1024 2800 ιιι).
1058 2732 1174 2786 Hoc
1206 2732 1379 2786 modo
1409 2738 1702 2787 commota
1723 2743 1874 2789 sunt.
1907 2734 2008 2788 As-

353 2822 540 2878 cendit
561 2823 778 2893 fumus,
812 2825 1123 2892 postquam
1183 2825 1577 2892 cognoverunt
1615 2827 1850 2892 peccata
1879 2839 2006 2893 sua,

355 2911 540 2982 idest,
566 2913 891 2982 lacrymosa
921 2908 1288 2980 deprecatio;
1321 2910 1380 2963 in
1408 2909 1506 2964 ira
1536 2909 1681 2979 ejus,
1715 2910 1912 2978 idjest,
1947 2910 2006 2964 in

355 2999 686 3071 cognitione
708 2999 806 3054 iraa
828 2999 976 3069 ejus.
1003 2998 1224 3052 Fumus
1255 2997 1322 3052 ﬁt
1351 3015 1418 3052 ex
1450 2998 1679 3052 duabus
1714 3001 1908 3064 rebus,
1939 3016 2009 3054 ex

353 3087 488 3158 igne
517 3092 572 3142 et
603 3104 774 3158 aqua.
808 3087 917 3142 Per
945 3086 1138 3158 ignem
1163 3086 1666 3159 compunctio,per
1689 3104 1899 3157 aquam
1923 3087 2004 3142 la-

355 3193 586 3248 crymae,
611 3193 713 3247 per
742 3177 993 3243 fumum,
1031 3179 1095 3230 ut
1123 3173 1367 3246 dignum
1400 3180 1507 3239 est,
1537 3176 1865 3246 deprecatio
1891 3194 1904 3244 ;
1939 3181 2004 3231 ut

351 3264 537 3320 illud:
571 3266 638 3320 Et
666 3264 927 3322 ascendit
954 3266 1144 3333 fumus
1170 3273 1501 3318 aromatum
1532 3265 1720 3336 (Apoc.
1756 3269 1899 3333 VIII).
1935 3267 2001 3320 Et

353 3360 523 3427 post:
561 3355 693 3423 Qum
718 3361 853 3410 sunt
882 3354 1175 3410 orationes
1203 3365 1532 3409 sanctorum
1588 3356 1779 3426 (Apoc.
1829 3358 1904 3426 v).
1935 3357 2002 3410 Et

350 3445 727 3516 postfumum
753 3446 911 3517 ignis
940 3445 1188 3513 exarsit,
1220 3444 1277 3498 id
1311 3448 1399 3498 est
1455 3443 1731 3507 charitas,
1793 3461 1829 3500 a
1855 3446 2000 3514 facie

347 3549 491 3602 ejus,
528 3534 582 3587 id
615 3537 725 3600 est,
760 3550 794 3588 a
823 3533 1172 3605 cognitione.
1207 3532 1468 3605 Cognitio
1500 3534 1654 3588 enim
1674 3533 1770 3588 Dei
1805 3551 1903 3588 eos
1927 3535 1999 3588 ad

353 3637 613 3677 amorem
645 3639 821 3677 suum
853 3622 1136 3677 accendit.
1174 3623 1462 3677 Carbones
1488 3623 1744 3677 succensi
1770 3633 1902 3677 sunt
1933 3625 2000 3678 ab

345 3726 429 3780 eo,
464 3711 522 3765 id
555 3714 662 3777 est,
695 3709 779 3764 illi
811 3711 1028 3782 quibus
1085 3711 1410 3766 exstinctus
1465 3716 1589 3766 erat
1615 3728 1782 3765 amor
1809 3711 1908 3766 Dei
1941 3711 2000 3765 in

345 3800 536 3873 primo
567 3804 825 3871 parente,
860 3799 1034 3854 modo
1065 3799 1334 3854 succensi
1366 3803 1526 3869 sunt,
1556 3798 1873 3854 illuminati
1903 3817 2003 3870 per

346 3889 597 3960 gratiam
631 3888 731 3943 Dei
763 3891 1002 3958 accepta
1031 3887 1159 3942 luce
1189 3887 1468 3941 veritatis.
1507 3886 1670 3942 Unde
1702 3886 1844 3942 illud
1867 3889 2000 3944 Fui-

344 3978 456 4031 stis
501 3976 809 4047 aliquando
858 3976 1110 4032 tenebrae
1136 3992 1288 4032 nunc
1317 3984 1514 4031 autem
1545 3975 1647 4030 tua:
1676 3976 1737 4030 in
1768 3977 2002 4032 Domino

347 4065 530 4135 (Rom.
551 4064 658 4134 ιιι).
692 4064 752 4118 Si
788 4065 860 4119 ad
894 4064 1357 4120 incarnationem
1417 4064 1632 4120 Christi
1692 4065 2004 4122 referimus

347 4152 502 4224 quod
526 4151 748 4206 dictum
783 4157 872 4207 est
896 4170 908 4207 :
936 4151 1080 4208 Misit
1103 4155 1174 4207 de
1192 4170 1413 4210 summo
1433 4159 1487 4209 et
1510 4156 1731 4222 accepit
1759 4171 1888 4221 me;
1919 4154 2002 4210 sic

350 4240 510 4296 istud
543 4239 834 4311 legimus:
893 4241 1204 4296 Inclinavit
1259 4241 1454 4310 ccelos,
1489 4243 1658 4314 quasi
1685 4249 1999 4314 quaeratur,

347 4328 641 4400 quomodo
675 4328 960 4384 carbones
991 4329 1260 4384 succensi
1289 4329 1450 4384 sint?
1481 4331 1782 4386 lnclinavit
1813 4335 1998 4404 castos,

345 4424 403 4479 id
434 4427 544 4489 est,
578 4423 908 4480 humiliavit
931 4425 1128 4494 justos
1171 4425 1487 4482 virtutibus
1537 4427 1905 4496 sublimatos,
1938 4434 2002 4484 ut

345 4513 766 4569 descenderent
790 4513 861 4568 ad
887 4513 1085 4569 omnia
1107 4513 1427 4569 toleranda.
1462 4515 1528 4570 Et
1549 4517 1688 4586 quia
1717 4516 1999 4573 Dominus

2126 1924 2346 1980 scilicet
2367 1925 2643 1981 divinitas
2665 1926 2835 1980 Verbi
2864 1927 3386 1998 ;qualitercunque
3407 1929 3514 1984 hoc
3547 1930 3780 1987 dicatur

2126 2013 2278 2084 quod
2305 2015 2590 2084 sequitur,
2625 2014 2876 2070 scilicet:
2905 2018 2976 2069 Et
2998 2015 3244 2071 ascendit
3271 2033 3434 2088 super
3461 2017 3776 2086 Cherubim,

2126 2110 2208 2166 sic
2231 2111 2644 2166 continuatur:
2666 2113 2784 2183 Ego
2809 2112 2947 2180 dixi,
2972 2113 3266 2168 Inclinavit
3286 2115 3446 2170 caelos
3469 2124 3521 2171 et
3552 2115 3780 2172 descen-

2122 2200 2202 2253 dft
2225 2216 2237 2253 :
2269 2205 2324 2254 et
2347 2204 2544 2254 tamen
2568 2200 2704 2255 licet
2727 2201 2784 2254 in
2806 2200 3174 2256 humanitate
3195 2202 3514 2274 descendit,
3548 2221 3654 2276 per
3683 2205 3779 2260 Di-

2121 2288 2421 2344 vinitatem
2455 2289 2699 2343 ascendit
2727 2305 2891 2360 super
2923 2290 3239 2352 Cherubim,
3273 2290 3328 2345 id
3363 2297 3470 2361 est,
3532 2293 3691 2349 altus
3721 2299 3776 2350 et

2121 2377 2834 2449 incomprehensibilis;et
2853 2377 2953 2433 lux
2975 2379 3402 2436 inaccessibilis
3418 2380 3527 2436 fuit
3543 2381 3665 2438 illis
3678 2383 3773 2454 qui

2124 2466 2357 2522 fuerunt
2400 2468 2715 2530 Cherubim,
2768 2467 2825 2522 id
2886 2474 2974 2522 est
3027 2468 3180 2539 pleni
3222 2469 3503 2524 scientia:
3549 2477 3770 2542 quanto

2120 2555 2276 2610 enim
2301 2557 2496 2628 magis
2519 2557 2590 2610 ad
2611 2572 2744 2610 eum
2769 2558 3080 2620 acceditur,
3107 2561 3268 2613 tanto
3300 2558 3488 2630 magis
3522 2559 3650 2632 ipse
3683 2577 3770 2616 re-

2119 2644 2271 2700 cedit
2294 2661 2307 2711 ;
2333 2649 2548 2715 quanto
2572 2645 2702 2715 plus
2720 2645 2994 2716 scitur,eo
3018 2646 3206 2718 magis
3227 2647 3547 2718 ignoratur.
3578 2651 3772 2705 Ascen-

2117 2733 2199 2787 dit
2218 2748 2384 2803 super
2407 2733 2792 2801 Cherubim,id
2815 2739 2922 2802 est,
2948 2735 3311 2790 transcendit
3331 2752 3565 2791 omnem
3589 2738 3773 2793 scien-

2117 2820 2260 2876 tiam
2292 2825 2350 2874 et
2379 2821 2781 2892 cogitationem
2837 2822 3263 2894 perfectorum;
3294 2833 3346 2880 et
3404 2830 3470 2880 ut
3499 2827 3772 2882 ostendat

2118 2909 3231 2982 qnaminaecessibiliterrecessit,dicit
3259 2929 3271 2966 :
3305 2914 3538 2977 Volavit,
3570 2915 3629 2970 id
3662 2921 3769 2983 est,

2116 2998 2176 3053 in
2208 2998 2393 3054 altum
2426 3015 2487 3054 se
2514 2999 2737 3067 extulit,
2773 3017 2886 3054 non
2947 3000 3148 3066 semel,
3182 3002 3282 3057 sed
3343 3007 3407 3057 ut
3439 3002 3553 3058 dici
3587 3005 3775 3075 possit

2115 3087 2344 3158 quoties
2367 3091 2422 3142 et
2453 3093 2759 3158 quantum,
2786 3090 2988 3144 volavit
3014 3091 3182 3160 super
3208 3105 3426 3158 pennas
3448 3097 3774 3160 ventorum,

2116 3176 2171 3230 id
2203 3180 2309 3244 est,
2340 3193 2516 3248 super
2545 3176 2864 3248 agilitatem
2899 3178 3164 3233 omnium
3197 3178 3526 3251 spirituum.
3551 3179 3770 3237 Nullus

2111 3265 2267 3319 enim
2290 3265 2538 3336 spiritus
2554 3266 2695 3321 adeo
2712 3266 2874 3321 velox
2907 3271 2996 3321 est
3027 3273 3090 3322 ut
3121 3284 3257 3322 eum
3290 3267 3470 3339 possit
3495 3283 3768 3340 compre-

2110 3353 2380 3420 hendere,
2404 3353 2521 3409 sive
2542 3354 2739 3409 anima
2768 3355 2863 3421 sit,
2899 3355 3018 3410 sive
3047 3355 3312 3428 angelus.
3347 3355 3570 3411 Aliter:
3604 3357 3776 3412 exal-

2108 3447 2265 3497 tatus
2297 3447 2384 3497 est
2412 3458 2589 3514 super
2621 3442 3043 3513 plenitudinem
3076 3444 3352 3508 scientiae,
3380 3448 3447 3498 ut
3491 3462 3664 3500 nemo
3696 3447 3767 3501 ad

2109 3548 2237 3587 eam
2263 3532 2557 3603 perveniat
2589 3530 2699 3586 nisi
2732 3547 2835 3602 per
2863 3531 3225 3587 charitatem.
3288 3533 3580 3588 Plenitudo
3610 3533 3770 3589 enim

2114 3620 2249 3689 legis
2267 3620 2719 3690 charitas(Rom.
2740 3621 2885 3691 XIII).
2920 3622 2989 3674 Et
3011 3637 3081 3676 ne
3113 3621 3326 3693 aliquis
3359 3621 3532 3677 illum
3562 3640 3768 3695 corpo-

2113 3707 2223 3763 reis
2242 3707 2602 3778 imaginibus
2617 3707 2932 3764 informare
2946 3709 3767 3782 velit,incomprebensibilem

2112 3796 2294 3868 ponit.
2335 3797 2562 3862 Volavit,
2593 3796 2860 3868 inquam,
2914 3814 3079 3870 super
3125 3815 3338 3870 pennas
3367 3804 3678 3866 ventorum,
3715 3800 3768 3856 id

2111 3890 2219 3951 est,
2251 3885 2514 3957 geminas
2544 3885 2846 3941 charitatis
2873 3887 2960 3942 vel
2978 3887 3262 3942 virtutum
3283 3887 3406 3944 alas
3425 3895 3765 3944 sanctarum

2111 3974 2442 4029 animarum
2473 3991 2636 4046 ;quze
2667 3973 2803 4030 licet
2830 3974 3109 4031 tollantur
3137 3976 3197 4031 in
3229 3993 3402 4032 auras
3433 3976 3724 4034 libertatis
3750 3998 3766 4048 ;

2112 4062 2723 4134 incomprehensibilis
2751 4068 2841 4118 est
2871 4063 2986 4120 illis
3031 4065 3276 4120 scientia
3335 4066 3580 4122 Deitatis
3613 4084 3626 4120 ε
3663 4083 3771 4122 sua

2111 4152 2266 4206 enim
2298 4151 2555 4207 cbaritas
2587 4151 2851 4206 omnium
2886 4152 3161 4224 praecellit
3189 4153 3637 4224 charitatem,et
3661 4172 3772 4210 sua

2109 4240 2295 4295 virtus
2325 4256 2560 4296 omnem
2592 4239 2889 4294 virtutem.
2927 4241 3127 4298 Posuit
3157 4244 3427 4298 tenebras
3455 4243 3767 4298 latibulum

2108 4345 2294 4399 suum,
2330 4328 2387 4383 id
2415 4331 2521 4398 est,
2556 4328 2690 4384 fecit
2720 4332 2785 4383 ut
2813 4330 3105 4386 tenebrosi
3160 4336 3376 4391 essent.
3441 4331 3502 4386 in
3548 4333 3770 4403 quibus

2109 4417 2220 4490 ipsi
2253 4416 2501 4472 latenter
2529 4416 2778 4472 salutem
2812 4434 3052 4473 suorum
3075 4423 3415 4490 operaretur
3446 4436 3458 4475 :
3497 4424 3560 4475 ut
3587 4419 3770 4476 illud:

2112 4515 2299 4588 Virga
2309 4514 2538 4588 furoris
2551 4516 2663 4570 mei
2674 4515 2840 4570 Assur
2861 4516 2910 4587 (ι
2913 4532 2997 4572 sa.
3013 4517 3092 4588 x),
3109 4524 3234 4588 ipse
3249 4534 3382 4574 vero
3414 4535 3528 4574 non
3550 4534 3774 4590 cogno-

347 4602 406 4655 in
437 4601 521 4656 eis
542 4606 652 4666 est,
681 4611 736 4656 et
762 4601 886 4672 ipse
905 4619 1039 4657 cum
1065 4603 1149 4657 eis
1175 4603 1486 4659 descendit.
1521 4604 1588 4658 Et
1619 4609 1813 4660 tamen
1842 4605 2002 4662 cali-
2032 4599 2078 4662 D
2109 4605 2210 4659 vit.
2241 4605 2307 4658 Et
2326 4619 2669 4675 quanquam
2702 4605 2758 4658 in
2791 4597 3130 4677 caliginosis
3148 4612 3489 4678 operaretur
3521 4607 3773 4675 occulte,

346 4689 517 4761 go,id
539 4694 647 4757 est,
673 4689 976 4762 caliginosi
1000 4691 1257 4759 fuerunt,
1286 4693 1384 4747 sub
1413 4693 1656 4762 pedibus
1685 4695 1834 4761 eius:
1869 4694 2006 4766 quia

349 4777 618 4848 quamvis
644 4777 934 4834 ealcarent
963 4797 1062 4835 eos
1116 4781 1441 4835 secundum
1499 4781 1776 4848 exterius,
1811 4787 2003 4838 tamen

352 4864 850 4922 conculcabantur
878 4867 949 4922 ab
983 4867 1067 4923 eis
1090 4877 1376 4939 quantum
1401 4869 1474 4924 ad
1494 4868 1760 4926 interius.
1794 4871 1998 4928 Aliter:

349 4955 648 5011 lnclinavit
679 4955 976 5026 aposttlos
1001 4956 1261 5012 iaciendo
1283 4975 1380 5013 eos
1403 4960 1868 5016 condescendere
1900 4978 2002 5016 no-

351 5049 486 5100 stra
541 5045 870 5117 capacitati.
906 5045 973 5100 Et
1003 5045 1112 5100 hoc
1145 5047 1316 5101 modo
1345 5047 1565 5120 caligo,
1599 5049 1653 5103 id
1687 5054 1776 5104 est
1805 5050 2001 5122 caligi-

351 5134 504 5202 nosi,
526 5137 630 5190 sub
659 5135 902 5203 pedibus
927 5135 1066 5206 ejus,
1092 5135 1147 5189 id
1173 5140 1264 5190 est
1285 5137 1393 5191 sub
1417 5137 1842 5207 affectionibus,
1865 5139 2001 5195 facti

349 5223 506 5279 boni.
541 5224 666 5290 Vel,
699 5225 910 5294 caligo,
942 5224 1000 5278 id
1029 5228 1138 5292 est,
1171 5223 1440 5280 diabolus
1472 5227 1847 5282 conculcatus
1892 5233 1999 5284 est.

349 5318 417 5372 Et
446 5318 708 5374 ascendit
740 5335 906 5390 super
938 5319 1256 5390 Cherubim,
1291 5335 1631 5392 quanquam
1662 5323 1999 5392 descendit;

351 5405 492 5477 quia
508 5405 638 5478 ipsa
659 5423 786 5478 quae
810 5409 1125 5479 putabatur
1141 5408 1668 5481 descensio,potius
1682 5411 2003 5469 fuitescen-

351 5493 460 5550 sio.
491 5494 551 5549 Si
583 5500 778 5550 autem
838 5496 1041 5552 ordine
1073 5497 1324 5570 legimus
1355 5498 1676 5570 superiora,
1709 5500 1956 5558 dicendo
1986 5519 1998 5558 :

350 5583 648 5642 Protector
673 5600 832 5641 meus
859 5594 913 5641 et
960 5601 1140 5642 cornu
1178 5586 1382 5642 salutis
1440 5601 1583 5645 mea:
1631 5593 1688 5644 et
1713 5597 2004 5664 susceptor

351 5685 538 5742 unus:
564 5675 621 5731 et
649 5672 786 5748 quia
812 5679 1107 5752 susceptor
1137 5690 1311 5748 meus,
1341 5673 1579 5734 laudans
1599 5676 1864 5740 invocabo
1892 5683 2005 5738 Do-

2113 4699 2308 4748 tamen
2331 4695 2390 4747 in
2410 4694 2649 4749 circuitu
2670 4695 2795 4763 ejus
2827 4695 3262 4750 tabernaculum
3282 4697 3428 4766 ejus,
3464 4696 3521 4751 id
3544 4701 3656 4763 est,
3686 4701 3774 4752 ta-

2115 4780 2562 4837 bernaculantes
2594 4791 2650 4837 et
2681 4782 3000 4838 militantes
3019 4783 3067 4839 ei
3093 4784 3150 4838 in
3178 4784 3424 4840 circuitu
3458 4786 3588 4856 ejus
3611 4789 3772 4852 sunt,

2114 4871 2172 4925 id
2203 4875 2311 4938 est,
2345 4887 2479 4926 eum
2538 4871 2846 4926 manifeste
2903 4873 3131 4943 operari
3187 4878 3549 4945 cognoscunt
3579 4878 3637 4928 et
3667 4891 3773 4946 per

2113 4960 2352 5031 eosipse
2375 4959 2683 5016 manifeste
2703 4965 2997 5031 operatur.
3034 4962 3104 5016 Et
3133 4979 3281 5034 opus
3313 4963 3426 5018 fuit
3458 4967 3522 5018 ut
3553 4979 3659 5034 per
3690 4969 3775 5018 ta-

2114 5047 2584 5114 bernaculantes,
2616 5048 2671 5102 id
2700 5053 2788 5103 est
2819 5048 3134 5121 apostolos,
3168 5056 3368 5121 aperto
3404 5055 3773 5123 operaretur:

2114 5145 2253 5217 quia
2273 5146 2565 5200 tenebrosa
2595 5161 2754 5216 aqua
2775 5146 2834 5200 in
2850 5147 3090 5202 nubibus
3113 5148 3293 5218 aeris,
3323 5164 3450 5220 prae
3463 5149 3693 5223 fulgore
3711 5151 3776 5203 in

2112 5243 2412 5305 conspectu
2434 5237 2487 5304 ej
2495 5234 2641 5299 us,id
2659 5235 3024 5300 est,obscura
3042 5237 3310 5292 doctrina
3324 5238 3433 5292 fuit
3455 5239 3514 5293 in
3528 5237 3780 5310 prophe-

2114 5322 2636 5378 tiscontinentibus
2667 5340 2880 5393 aerem,
2913 5324 2969 5379 id
3002 5329 3092 5380 est
3122 5324 3435 5396 apostolos.
3470 5326 3533 5380 In
3567 5342 3776 5382 eorum

2113 5413 2268 5468 enim
2295 5411 2558 5467 doctrina
2589 5413 2837 5484 apostoli
2865 5414 3215 5469 consistunt.
3239 5414 3502 5470 Obscura
3531 5415 3644 5469 fuit
3673 5415 3776 5470 do-

2113 5502 2300 5557 ctrina
2323 5500 2738 5573 prophetarum
2757 5518 2877 5570 prae
2895 5505 3125 5576 fulgore
3144 5503 3202 5557 in
3221 5509 3528 5572 conspectu
3545 5505 3691 5575 ejus,
3715 5503 3774 5558 id

2111 5595 2219 5658 est,
2253 5591 2324 5647 ad
2347 5591 2842 5662 comparationem
2859 5591 3015 5648 illius
3037 5591 3370 5666 splendoris
3390 5597 3447 5648 et
3466 5591 3630 5650 illius
3651 5608 3778 5648 ma-

2112 5679 2524 5752 nifestationis,
2549 5695 2676 5756 quae
2708 5680 2774 5738 ﬁt
2791 5679 2911 5738 illis
2938 5682 3035 5756 qui
3060 5685 3200 5742 sunt
3222 5683 3284 5741 in
3299 5687 3601 5757 conspectu
3617 5685 3771 5758 ejus,
