4016 6192
205 342 317 404 229

1324 333 1929 403 ENARRATIONES
1976 336 2050 401 IN
2100 338 2486 403 PSALMOS.

3489 345 3608 405 230

208 474 261 528 id
282 477 389 539 est,
418 473 518 545 qui
540 488 676 529 eum
693 473 963 529 viderunt
978 477 1034 529 et
1053 479 1469 546 cognoverunt,
1494 479 1558 530 ut
1580 454 1847 547 apostoli.
1880 479 1935 544 Α
1964 472 2132 529 listas
2158 492 2170 528 :
2202 474 2326 546 ipse
2352 490 2451 529 eos
2483 474 2667 541 misit,
2703 490 2818 529 non
2850 472 2981 545 ipsi.
3025 473 3110 529 Vel
3138 476 3391 542 sagittas,
3415 475 3472 529 id
3496 481 3609 541 est,

207 561 416 619 Aliter:
443 564 637 618 Posuit
664 563 935 629 tenebras,
954 562 1012 617 id
1034 567 1143 633 est,
1171 565 1346 619 corda
1385 563 1693 619 hominum
1725 581 1850 634 quae

210 651 510 707 tenebrosa
532 655 689 722 sunt,
715 652 854 723 quia
892 669 1009 707 non
1047 652 1337 720 videntur,
1366 652 1666 707 latibulum
1694 670 1854 708 suum

214 740 346 795 utin
371 740 453 794 eis
475 739 680 795 lateret
712 757 814 811 per
862 740 1148 796 occultam
1199 758 1395 813 spem;
1419 746 1476 796 et
1506 742 1634 797 ideo
1658 741 1715 796 in
1740 742 1850 797 cir-

222 829 377 884 cuitu
399 829 527 900 ejus
563 828 1008 884 tabernaculum
1031 830 1181 900 ejus.
1203 830 1261 883 id
1284 834 1391 895 est,
1415 834 1612 901 aperte
1633 830 1683 884 ei
1705 829 1854 884 mili-

216 920 339 971 tant
359 915 886 971 tabernaculantes.
917 916 1124 973 Aliter:
1163 919 1353 973 Posuit
1374 920 1622 973 tenebras
1643 919 1851 973 latibu-

215 1006 327 1060 lum
353 1020 532 1070 suum,
559 1005 616 1060 id
638 1011 749 1071 est,
771 1005 829 1059 in
853 1005 1310 1087 obscuritatibus
1354 1012 1852 1062 sacramentorum

208 1092 387 1148 latere
404 1091 605 1147 voluit.
627 1092 696 1147 Et
717 1097 913 1149 tamen
936 1096 995 1149 in
1015 1096 1252 1149 circuitu
1285 1099 1409 1166 ejus
1438 1096 1855 1151 tabernaculum

209 1182 344 1251 ejus,
369 1181 421 1235 id
444 1188 532 1236 est
552 1181 1061 1237 tabernaculantes
1073 1183 1145 1249 ei,
1162 1184 1232 1238 ad
1248 1200 1380 1239 eum
1394 1201 1456 1239 se
1473 1190 1852 1240 convertunt:

207 1283 260 1335 et
287 1294 424 1334 eum
457 1295 519 1334 se
550 1278 764 1334 habere
793 1280 1074 1335 veraciter
1102 1297 1205 1351 per
1235 1280 1336 1336 illa
1366 1287 1732 1337 sacramenta
1761 1298 1856 1337 co-

208 1371 519 1440 gnoscunt,
550 1367 638 1422 vel
668 1369 946 1423 veraciter
997 1385 1100 1440 per
1144 1368 1246 1424 illa
1291 1376 1658 1426 sacramenta
1684 1372 1741 1426 in
1773 1371 1858 1426 eis

115 1524 123 1533 _
208 1459 501 1528 operatur.
525 1455 595 1511 Et
619 1455 757 1527 quia
780 1457 945 1528 dixit,
970 1458 1030 1512 in
1049 1460 1285 1513 circuitu
1305 1460 1423 1525 eius
1445 1460 1860 1515 tabernaculum

204 1547 343 1617 ejus,
376 1562 447 1601 ne
478 1545 615 1616 quis
677 1549 842 1617 putet
899 1563 960 1601 se
1020 1563 1135 1601 non
1175 1547 1349 1603 aliam
1382 1546 1859 1603 clarificationem

207 1634 556 1705 adepturum
592 1634 703 1689 nisi
735 1634 885 1689 hanc
916 1635 1135 1691 scilicet
1164 1637 1318 1707 quod
1344 1641 1525 1691 Deum
1551 1653 1651 1709 per
1675 1653 1861 1691 sacra-

207 1726 404 1778 menta
442 1723 637 1793 habet,
684 1723 991 1796 subjungit
1021 1743 1032 1779 :
1069 1725 1360 1779 Tenebrosa
1390 1734 1467 1780 est
1497 1742 1639 1795 aqua
1670 1728 1731 1779 in
1752 1742 1858 1779 nu-

208 1811 362 1866 bibus
393 1812 557 1882 aeris,
590 1811 646 1866 id
681 1816 789 1879 est,
846 1818 900 1867 et
931 1813 989 1867 in
1051 1829 1202 1877 aere,
1262 1813 1318 1868 id
1350 1818 1439 1869 est
1468 1813 1767 1885 apostolis,
1799 1815 1861 1869 in

208 1900 448 1954 nubibus
478 1902 643 1969 aeris,
676 1901 735 1955 id
768 1906 859 1956 est
887 1900 1207 1973 prophetis.
1245 1903 1541 1957 Tenebrosa
1573 1908 1661 1958 est
1689 1920 1859 1973 aqua,

199 1988 267 2044 id
291 1992 383 2045 est
401 1987 665 2045 doctrina
690 2008 702 2045 :
730 1988 875 2044 nulli
895 1989 1050 2045 enim
1075 2006 1207 2045 eum
1231 1989 1469 2046 laudare
1502 1996 1558 2045 et
1577 1991 1865 2063 explicare

203 2077 403 2133 verbis
440 2077 633 2134 valent
688 2078 861 2133 sicuti
918 2083 1026 2134 est.
1091 2084 1215 2135 Prae
1268 2079 1510 2152 fulgore,
1563 2080 1618 2135 id
1652 2087 1759 2151 est,
1791 2080 1863 2134 ad

205 2167 715 2239 comparationem
742 2166 901 2222 illius
922 2166 1189 2239 fulgoris,
1215 2168 1272 2223 id
1291 2172 1379 2223 est
1396 2168 1555 2225 illius
1574 2168 1870 2224 claritudi-

196 2255 323 2323 nis,
362 2272 487 2326 quaa
520 2256 631 2310 erit
660 2258 717 2310 in
759 2265 1047 2327 conspectu
1102 2260 1239 2329 ejus,
1299 2258 1356 2312 id
1415 2261 1504 2312 est
1558 2258 1617 2311 in
1648 2258 1870 2313 visione

200 2344 373 2413 ejus,
405 2359 534 2398 cum
570 2343 872 2398 videbimus
904 2360 1029 2399 eum
1057 2347 1222 2399 sicuti
1277 2354 1354 2400 est
1408 2347 1453 2416 (I
1479 2347 1636 2401 toan.
1670 2346 1777 2416 111),
1813 2352 1871 2401 et

198 2448 353 2487 cum
383 2432 669 2502 fulgebunt
685 2433 830 2502 justi
856 2435 998 2488 sicut
1026 2434 1107 2488 sol
1148 2436 1208 2488 in
1254 2451 1420 2505 regno
1468 2436 1657 2490 Patris
1684 2451 1868 2489 eorum

201 2521 435 2592 (Matth.
468 2522 575 2592 111).
611 2521 944 2577 Secundum
985 2523 1341 2594 superiorem
1384 2525 1622 2579 modum
1652 2524 1749 2578 ubi
1782 2525 1870 2579 di-

198 2608 429 2674 ximus,
460 2609 753 2665 inclinavit
782 2611 961 2677 ca’tos,
996 2610 1051 2665 id
1084 2616 1172 2666 est
1197 2610 1471 2667 cmlestia.
1509 2617 1659 2667 Deus
1686 2613 1870 2666 factus

201 2698 391 2753 homo
431 2697 748 2754 descendit:
799 2715 1116 2770 possumus
1159 2699 1372 2765 dicere,
1403 2703 1591 2756 Posuit
1622 2703 1871 2755 tenebras

201 2786 514 2841 latibulum
544 2803 729 2851 suum,
763 2787 819 2841 id
850 2791 938 2842 est
968 2788 1250 2844 obscuras
1282 2788 1634 2860 Scripturas.
1671 2790 1733 2843 In
1762 2790 1869 2845 cir-

203 2878 366 2930 cuitu
388 2876 511 2947 ejus
539 2876 969 2931 tabernaculum
996 2878 1134 2948 ejus,
1174 2876 1231 2931 id
1286 2881 1394 2945 est,
1448 2877 1551 2944 illi,
1586 2878 1687 2948 qui
1721 2877 1872 2934 circa

204 2980 345 3019 eum
391 2964 630 3020 fuerunt
659 2970 716 3020 et
746 2982 880 3020 eum
912 2966 1203 3036 viderunt,
1234 2971 1299 3021 ut
1320 2966 1585 3038 apostoli,
1609 2967 1870 3022 taberna-

202 3051 416 3108 culum
450 3054 567 3120 ejus
598 3054 853 3124 fuerunt,
882 3053 939 3109 id
973 3060 1081 3121 est,
1115 3062 1311 3127 aperte
1362 3056 1780 3124 militaverunt,
1814 3061 1872 3111 et

198 3147 409 3214 aperte
436 3159 569 3197 eum
589 3143 933 3197 docuerunt.
959 3143 1134 3207 Quasi
1158 3143 1349 3199 dicat:
1394 3145 1462 3198 Et
1491 3144 1612 3199 haec
1634 3146 1763 3215 ejus
1783 3144 1871 3198 in-

1963 564 2136 618 verba
2166 579 2291 617 sua.
2326 567 2392 618 Et
2418 562 2704 633 dissipavit
2732 579 2839 629 eos,
2892 562 3113 618 scilicet
3163 564 3233 617 ad
3266 580 3412 634 quos
3442 564 3610 619 missi

1967 655 2124 706 sunt.
2157 650 2268 705 Alii
2298 650 2453 705 enim
2487 650 2746 722 sagittati
2785 656 2924 707 sunt
2969 653 3040 707 ad
3083 656 3351 718 mortem,
3407 650 3502 707 alii
3537 652 3609 707 ad

1965 740 2164 794 vitam.
2184 741 2321 794 Aliis
2349 756 2537 795 sumus
2558 741 2688 795 odor
2724 744 2916 797 mortis
2946 742 3003 796 in
3034 751 3289 811 mortem,
3322 743 3453 796 aliis
3482 740 3613 811 odor

1966 830 2097 885 vita?
2129 831 2186 883 in
2218 831 2385 883 vitam
2414 829 2460 892 (I
2489 828 2608 883 Cor.
2644 830 2727 899 11).
2762 829 2887 896 Vel,
2921 831 3214 901 dissipavit
3242 847 3356 897 eos,
3390 828 3615 885 scilicet

1968 934 2115 988 quos
2145 918 2325 972 misit.
2363 917 2521 972 Misit
2547 918 2703 972 enim
2735 934 2834 973 eos
2865 919 2925 973 in
2961 919 3298 974 universum
3326 920 3611 973 mundum

1963 1006 2157 1076 (Marc.
2191 1008 2327 1075 xv1).
2360 1007 2606 1076 Fulgura
2636 1007 3056 1078 multiplicauit,
3086 1008 3142 1062 id
3175 1014 3263 1063 est
3294 1008 3613 1075 miracula;

1965 1107 2030 1156 ut
2060 1101 2241 1157 illud:
2276 1105 2377 1159 Deo
2427 1108 2746 1174 cooperante
2795 1113 2846 1159 et
2889 1121 3196 1160 sermonem
3238 1108 3616 1176 conﬁrmante,

1964 1193 2311 1262 sequentibus
2332 1194 2503 1262 signis
2533 1193 2737 1263 (Ibid).
2778 1195 2851 1247 Et
2873 1193 3222 1249 conturbabit
3240 1211 3326 1249 eos
3365 1195 3436 1250 ad
3468 1212 3617 1267 quos

1968 1281 2135 1335 missi
2168 1284 2326 1346 sunt,
2360 1280 2414 1334 id
2447 1284 2536 1335 est
2560 1281 2631 1335 ad
2675 1281 3055 1352 punctionem
3109 1287 3167 1336 et
3213 1283 3612 1354 penitentiam

1968 1374 2308 1425 commovet.
2342 1370 2405 1424 Et
2446 1374 2586 1424 tunc
2616 1374 2988 1441 apparuerunt
3026 1374 3205 1442 fontes
3224 1388 3521 1442 aquarum,
3557 1372 3614 1426 id

1968 1462 2075 1522 est,
2108 1455 2355 1528 apostoli
2385 1462 2443 1512 et
2475 1457 2862 1529 evangelista,
2895 1458 2954 1513 in
2988 1459 3203 1530 quibus
3231 1464 3397 1515 erant
3427 1477 3617 1532 aquae,

1968 1545 2026 1600 id
2060 1550 2168 1614 est,
2202 1544 2354 1600 varia
2389 1545 2540 1600 dona
2572 1546 2823 1617 Spiritus
2864 1548 3083 1613 sancti,’
3126 1556 3524 1619 apparuerunt,
3557 1547 3615 1601 id

1969 1640 2075 1700 est,
2111 1639 2303 1706 aperte
2364 1635 2822 1706 praedicaverunt
2873 1636 2943 1690 de
3004 1636 3254 1706 Christo,
3292 1626 3354 1692 let
3386 1654 3487 1708 per
3517 1652 3616 1691 eos

1968 1723 2225 1790 revelata,
2261 1724 2316 1777 id
2350 1728 2439 1778 est
2470 1724 2692 1779 detecta
2722 1728 2775 1779 et
2820 1730 3040 1796 aperta,
3093 1731 3223 1780 sunt
3250 1726 3620 1797 fundamenta

1969 1812 2115 1865 orbis
2171 1819 2469 1877 terrarum,
2527 1812 2583 1867 id
2644 1817 2753 1877 est,
2816 1814 3115 1886 scripturae
3175 1816 3619 1886 prophetarum,

1972 1900 2031 1954 in
2091 1899 2306 1970 quibus
2368 1905 2522 1955 totus
2583 1901 2765 1968 orbis,
2824 1902 2880 1955 id
2933 1906 3021 1957 est
3068 1903 3344 1972 Ecclesia,
3380 1905 3625 1960 fundata

1973 1992 2081 2053 est,
2140 1987 2226 2043 vel
2302 2005 2464 2059 aquae
2539 1988 2805 2055 latentes,
2883 1991 3099 2062 scripta
3157 1991 3621 2063 prophetarum:

1977 2077 2166 2132 fontes
2205 2094 2513 2149 aquarum,
2548 2080 2906 2150 expositores
2935 2094 3138 2134 eorum
3189 2080 3274 2134 illi
3319 2082 3491 2136 modo
3524 2098 3625 2152 ap-

1976 2172 2317 2237 paruerunt,
2351 2172 2417 2221 ut
2446 2168 2837 2239 Augustinus,
2882 2168 3269 2241 Hieronymus
3307 2174 3364 2224 et
3410 2168 3528 2224 alii.
3564 2174 3630 2225 Et

1974 2271 2075 2326 per
2103 2271 2191 2309 eos
2238 2257 2472 2311 revelata
2523 2261 2649 2311 sunt
2706 2257 3068 2326 fundamenta
3123 2258 3276 2312 orbis
3334 2262 3630 2323 terrarum,

1982 2350 2046 2398 ut
2103 2361 2304 2415 supra.
2362 2344 2485 2415 Vel,
2538 2348 2712 2415 fontes
2786 2350 3083 2417 aquarum,
3163 2345 3221 2400 id
3281 2350 3387 2416 est,
3448 2346 3633 2402 renati

1981 2433 2151 2503 aquis
2194 2433 2590 2505 baptismatis.
2616 2434 2685 2488 Et
2705 2433 2826 2489 haec
2880 2434 3099 2500 omnia,
3121 2451 3152 2489 ο
3174 2436 3417 2505 Domine,
3443 2436 3514 2490 ab
3536 2438 3634 2490 in—

1980 2524 2290 2591 crepatione
2304 2530 2399 2577 tua
2421 2522 2571 2577 facta
2584 2539 2649 2576 su
2662 2528 2724 2577 nt
2746 2540 2758 2576 :
2782 2527 2842 2577 tu
2862 2522 3017 2577 enim
3037 2522 3352 2594 increpasti
3371 2539 3466 2578 eos
3483 2523 3637 2578 salu-

1980 2610 2066 2664 bri
2093 2610 2483 2681 iucrepatione
2505 2627 2517 2667 :
2539 2611 2578 2666 0
2598 2612 2753 2665 stulti
2772 2620 2823 2666 et
2840 2612 2990 2666 tardi
3024 2612 3186 2666 corde
3206 2613 3280 2666 ad
3298 2612 3635 2668 credendum

1980 2700 2040 2753 in
2068 2699 2319 2753 omnibus
2348 2714 2475 2769 qum
2533 2700 2699 2755 locuti
2752 2708 2877 2755 sunt
2931 2700 3205 2771 prophetae
3249 2702 3403 2771 (Luc.
3436 2701 3633 2773 xx1v)l

1979 2796 2197 2851 Aliter:
2231 2796 2356 2851 Dixi
2388 2798 2543 2868 quod
2575 2798 2860 2854 Dominus
2901 2798 3062 2854 misit
3112 2799 3357 2871 sagittas
3388 2816 3547 2867 suas,
3580 2804 3637 2854 et

1980 2886 2345 2941 conturbavit
2385 2903 2521 2942 eos:
2558 2887 2791 2959 fulgura
2822 2886 3257 2959 multiplicavit,
3306 2891 3363 2943 et
3393 2893 3634 2943 contur-

1980 2973 2137 3028 bavit
2165 2990 2297 3029 eos:
2334 2976 2434 3030 sed
2470 2975 2579 3030 hoc
2611 2976 2826 3031 factum
2856 2980 2945 3031 est
2984 2977 3056 3031 ab
3087 2976 3480 3048 increpatione
3507 2980 3625 3044 tua,

1982 3062 2247 3129 Domine,
2283 3080 2398 3118 non
2430 3080 2463 3118 a
2494 3064 2743 3135 sagittis,
2778 3081 2892 3119 non
2945 3082 2978 3120 a
3025 3064 3397 3137 fulguribus:
3434 3066 3534 3120 sed
3561 3066 3628 3120 ab

1982 3152 2346 3222 inspiratione
2374 3154 2605 3222 spiritus
2632 3155 2737 3209 ira:
2758 3160 2863 3208 tum
2894 3178 2907 3220 ;
2941 3154 3078 3224 quia
3108 3159 3170 3208 tu
3205 3154 3506 3225 inspirasti
3540 3170 3639 3210 eos

198 3230 477 3286 carnalio
507 3236 564 3286 et
594 3231 986 3287 manifestatio
1018 3249 1133 3287 non
1175 3233 1392 3300 subita,
1439 3232 1579 3303 quia
1607 3251 1774 3303 aqua,
1809 3232 1867 3287 id
1902 3214 1943 3278 (ἶ
1982 3238 2081 3293 ἱΙΙο
2104 3239 2313 3309 spiritu
2335 3241 2434 3310 qui
2457 3241 2541 3295 eis
2566 3241 2893 3296 notiticaret
2918 3242 3063 3297 iram
3086 3247 3277 3309 tuam,
3300 3247 3363 3296 ut
3383 3258 3416 3295 a
3436 3242 3643 3297 timore

196 3324 311 3389 est,
337 3320 621 3375 doctrina
642 3320 820 3392 hujus
870 3320 1363 3376 manifestationis
1415 3322 1528 3375 fuit
1552 3324 1611 3374 in
1640 3321 1878 3375 nubibus

204 3412 383 3481 aeris,
422 3412 486 3463 et
516 3410 561 3465 si
594 3410 900 3477 tenebrosa,
952 3410 1008 3463 id
1060 3413 1147 3464 est
1190 3410 1459 3464 obscura.
1511 3412 1571 3464 In
1608 3410 1708 3464 hoc
1734 3410 1880 3464 enim

217 3498 462 3552 verbum
486 3502 565 3553 est
584 3514 792 3566 verum,
824 3500 958 3570 quia
978 3498 1123 3552 alius
1143 3502 1223 3553 est
1251 3499 1349 3569 qui
1385 3500 1645 3569 seminat,
1667 3502 1717 3553 et
1736 3497 1881 3552 alius

207 3599 309 3667 qui
329 3598 503 3653 metit
526 3597 700 3667 (Joan.
727 3598 824 3663 1v).
850 3594 958 3649 Alii
979 3595 1410 3661 laboraverunt,
1435 3601 1492 3651 et
1516 3614 1616 3651 vos
1641 3596 1698 3650 in
1722 3594 1881 3651 labo-

207 3701 301 3739 res
335 3701 559 3745 eorum
592 3685 900 3739 introistis.
932 3684 1228 3756 Prophetas
1260 3685 1698 3741 seminaverunt
1718 3684 1880 3740 Chri-

204 3778 369 3829 stum
386 3772 867 3829 etecclesiastica
880 3772 1424 3844 instituta,apostoli
1440 3779 1635 3829 autem
1652 3791 1883 3830 messu-

202 3868 405 3919 erunt.
423 3862 990 3918 .Nubestraneierunt.
1008 3861 1182 3925 Quasi
1197 3862 1352 3917 dicat
1375 3880 1387 3917 :
1414 3862 1520 3918 Per
1542 3863 1885 3919 tabernacu-

202 3956 448 4018 tantes,
473 3950 532 4005 id
558 3955 647 4007 est
667 3948 983 4023 apostolos,
1002 3950 1167 4006 nubes
1184 3952 1543 4021 transierunt,
1562 3952 1618 4006 id
1633 3957 1743 4018 est,
1758 3967 1889 4023 pro-

206 4039 431 4110 phetia).
466 4039 767 4095 translata:
790 4044 931 4095 sunt
951 4038 1217 4095 aJudzeis
1243 4041 1313 4094 ad
1335 4044 1536 4112 gentes
1562 4057 1574 4094 :
1606 4040 1693 4096 vel
1714 4042 1885 4096 nubes

204 4132 601 4198 transierunt,
630 4128 685 4182 id
711 4134 817 4199 est,
842 4127 1168 4182 obscuritas
1192 4128 1621 4200 Scripturarum
1642 4130 1887 4186 revelata

205 4222 297 4271 est
318 4217 731 4288 Hieronymus
751 4234 763 4271 :
788 4223 915 4272 Prw
929 4218 1147 4287 fulgore
1164 4219 1217 4271 in
1236 4222 1525 4289 conspectu
1542 4220 1679 4289 ejus,
1700 4218 1758 4274 id
1778 4224 1888 4288 est,

202 4331 323 4385 pra:
358 4315 640 4371 claritate
671 4315 919 4386 spiritus
952 4331 1127 4386 quem
1158 4319 1507 4387 acceperunt
1536 4333 1670 4371 eum
1696 4317 1889 4372 viden-

204 4408 312 4458 tes.
350 4405 571 4470 Nubes,
606 4404 660 4457 id
696 4406 785 4458 est
815 4403 1082 4474 apostoli,
1133 4407 1492 4473 transierunt,
1548 4406 1618 4459 de
1645 4405 1885 4473 Judaeis,

199 4492 271 4546 ad
302 4498 533 4564 gentes
555 4491 779 4548 scilicet
800 4490 1022 4562 Spiritu
1047 4496 1246 4547 sancto
1266 4508 1364 4547 eos
1382 4494 1648 4549 ducente.
1672 4494 1889 4551 Grando

1987 3325 2327 3395 inciperent.
2367 3331 2616 3399 Domine,
2649 3348 2681 3384 a
2713 3332 2912 3385 timore
2961 3335 3051 3385 tuo
3078 3332 3482 3400 parturivimus
3510 3331 3635 3401 (Isa.

1988 3415 2159 3482 xxv1).
2188 3416 2338 3468 Misit
2364 3414 2429 3469 de
2457 3432 2671 3471 summo
2704 3426 2754 3471 et
2783 3421 2986 3489 accepit
3005 3433 3111 3473 me.
3137 3417 3196 3472 Si
3228 3418 3308 3472 ibi
3339 3419 3643 3489 dispensa-

1991 3502 2208 3555 tionem
2240 3501 2659 3559 incarnationis
2689 3505 2901 3561 Christi
2929 3506 3272 3578 accipimus,
3299 3508 3395 3562 ubi
3419 3507 3643 3563 dictum

1991 3596 2099 3646 est.
2133 3591 2423 3647 Inclinavit
2447 3593 2604 3647 cwlos
2636 3598 2688 3647 et
2718 3595 3017 3662 descendit,
3072 3596 3232 3649 istud
3278 3597 3361 3651 sic
3394 3597 3641 3668 accipia-

1993 3696 2145 3747 mus,
2171 3681 2340 3750 quasi
2369 3685 2425 3736 et
2445 3681 2565 3735 haec
2586 3684 2785 3738 omnia
2803 3684 2914 3737 isto
2936 3683 3109 3738 modo
3152 3683 3303 3738 facta
3320 3689 3480 3737 sunt.
3499 3686 3645 3741 Misit

1998 3770 2146 3823 Deus
2169 3773 2333 3841 pater
2357 3770 2580 3825 scilicet
2600 3770 2882 3843 Spiritum
2920 3775 3187 3826 sanctum
3228 3771 3292 3825 de
3319 3787 3557 3838 summo,
3586 3771 3645 3826 id

1992 3859 2176 3914 estde
2206 3858 2389 3927 caelis,
2423 3859 2508 3914 vel
2536 3860 2606 3916 de
2640 3877 2747 3916 sua
2794 3860 3145 3916 celsitudine
3173 3877 3186 3915 :
3247 3862 3296 3914 et
3334 3861 3554 3930 accepit,
3586 3859 3645 3914 id

1992 3952 2099 4017 est,
2130 3964 2342 4020 corpus
2370 3966 2587 4004 meum.
2619 3951 2683 4005 Et
2712 3949 2907 4005 taliter
2954 3950 3253 4021 assumpsit
3303 3965 3408 4019 me,
3440 3949 3498 4004 id
3532 3953 3645 4016 est,

1996 4052 2155 4091 meos
2168 4038 2239 4091 de
2250 4038 2419 4109 aquis
2434 4038 2661 4104 multis,
2677 4044 2950 4110 utsupra.
2969 4042 3088 4094 Hoc
3104 4039 3277 4094 modo
3296 4038 3642 4111 assumpsit:

1996 4126 2210 4195 Eripuit
2237 4142 2324 4180 me
2379 4131 2556 4198 caput
2610 4126 2677 4181 de
2737 4129 2981 4183 inimicis
3030 4129 3169 4183 meis
3204 4130 3541 4199 fortissimis,
3573 4128 3643 4183 de

1995 4212 2213 4268 Judaeis
2243 4214 2300 4267 in
2352 4216 2643 4285 passione,
2675 4217 2745 4271 de
2777 4217 3007 4273 diabolo
3065 4222 3121 4272 et
3172 4217 3301 4287 ejus
3332 4216 3554 4287 angelis
3584 4216 3644 4271 in

1996 4301 2253 4367 inferno;
2308 4307 2651 4373 /ortissimis,
2704 4307 2842 4377 quia
2898 4306 3071 4361 morti
3130 4322 3224 4362 me
3253 4306 3643 4361 tradiderunt.

1997 4400 2183 4455 Fortis
2214 4406 2303 4456 est
2332 4401 2431 4472 qui
2464 4408 2665 4458 nostra
2712 4402 2883 4469 tollit,
2944 4405 3164 4473 fortior,
3219 4402 3319 4472 qui
3350 4419 3457 4457 nos
3488 4401 3648 4473 ipsos

1997 4489 2186 4545 laedit:
2221 4490 2596 4558 fortissimus,
2634 4491 2733 4561 qui
2780 4491 3073 4545 interficit.
3111 4492 3176 4544 Et
3232 4490 3299 4543 ab
3349 4490 3436 4545 his
3467 4490 3642 4545 etiam

199 4580 318 4636 fuit
352 4582 420 4636 in
457 4579 601 4649 illis,
645 4580 704 4635 id
753 4584 863 4648 est,
920 4584 1106 4636 terror
1151 4586 1207 4636 et
1254 4583 1630 4637 comminatio
1680 4584 1886 4639 futurae
1918 4583 1964 4647 D
1994 4581 2093 4650 qui
2132 4579 2365 4643 oderunt
2410 4595 2514 4645 me,
2572 4580 2629 4632 in
2686 4595 2925 4650 corpore
2961 4577 3205 4644 scilicet,
3239 4577 3339 4648 qui
3370 4578 3501 4633 odio
3530 4593 3623 4633 me

197 4685 424 4741 poenae,
455 4670 832 4725 contundens
853 4669 995 4725 vitia
1012 4670 1337 4725 hominum.
1361 4672 1423 4725 Et
1438 4672 1695 4728 carbones
1716 4674 1878 4743 ignis,

197 4758 256 4813 id
294 4764 400 4815 est
434 4757 636 4832 igniti,
681 4759 1059 4815 incendentes
1088 4760 1261 4815 corda
1290 4760 1597 4816 hominum
1630 4762 1701 4816 ad
1724 4779 1881 4818 com-

194 4848 609 4919 punctionem
638 4848 1452 4919 infirmorum,etdesiderium
1470 4867 1880 4921 supernorum,

193 4937 385 5001 Quasi
416 4938 587 4992 dicat
613 4952 625 4991 :
648 4937 713 4990 Et
744 4937 852 4991 hoc
876 4953 990 4992 non
1012 4954 1080 4992 ex
1101 4936 1246 5008 ipsis
1285 4938 1589 5008 apostolis,
1628 4941 1767 5009 quia
1796 4943 1881 4995 in-

190 5028 395 5082 tonuit
428 5025 505 5079 de
536 5027 664 5080 aeto
693 5026 976 5095 Dominus,
1010 5027 1065 5081 id
1100 5030 1187 5080 est
1213 5026 1283 5081 de
1314 5027 1614 5098 apostolis.
1640 5029 1885 5100 Exponit

194 5116 363 5184 quod
405 5112 586 5183 dixit,
623 5116 879 5170 intonuit.
914 5116 981 5170 Et
1011 5116 1346 5183 Altissimus,
1406 5117 1631 5173 scilicet
1662 5117 1758 5174 ille
1784 5119 1884 5189 qui

193 5202 431 5259 volavit
466 5218 654 5273 super
682 5220 906 5275 pennas
946 5208 1269 5270 ventorum,
1302 5205 1448 5260 dedit
1488 5222 1670 5263 vocem
1702 5224 1882 5276 suam,

196 5308 317 5348 non
354 5291 641 5347 illorum.
676 5293 795 5348 Non
847 5295 997 5348 enim
1052 5310 1143 5348 vos
1171 5296 1297 5348 estis
1328 5296 1423 5365 qui
1454 5297 1767 5366 loquimini,
1795 5298 1887 5353 sed

192 5388 472 5462 Spiritus
511 5392 692 5444 Patris
710 5393 878 5446 vestri
904 5394 1001 5462 qui
1022 5392 1263 5461 loquitur
1282 5393 1343 5445 in
1372 5393 1520 5448 vobis
1557 5394 1764 5462 (Matth.
1786 5401 1843 5461 χ)
1868 5412 1880 5449 :

192 5478 516 5544 intonuit,
547 5476 603 5532 id
636 5484 744 5545 est,
774 5478 1109 5535 terribiliter
1140 5480 1489 5550 praedicavit.
1522 5482 1584 5536 In
1616 5498 1734 5552 qua
1751 5499 1886 5538 voce

193 5565 311 5624 fuit
331 5564 575 5640 grando
600 5574 651 5621 et
669 5568 932 5623 carbones
951 5570 1116 5639 ignis.
1140 5572 1271 5640 Ipse
1292 5569 1450 5624 dedit
1471 5586 1667 5625 vocem
1693 5588 1883 5627 suam.

192 5657 263 5719 Et
289 5657 482 5721 misit
511 5657 737 5731 sagittas
764 5673 913 5732 suas,
944 5657 1005 5719 id
1032 5661 1140 5727 est,
1181 5656 1475 5737 apostolos
1518 5658 1606 5718 vel
1636 5675 1886 5741 evange-

1992 4668 2208 4724 multos
2240 4673 2694 4741 persequuntur.
2728 4666 2895 4721 Multi
2928 4667 3085 4722 enim
3119 4683 3234 4721 non
3266 4667 3557 4737 viderunt,
3589 4671 3647 4722 et

1990 4765 2185 4814 tamen
2217 4758 2348 4814 odio
2389 4757 2740 4812 habuerunt.
2776 4756 2843 4810 Et
2900 4772 3047 4827 opus
3106 4755 3217 4810 fuit
3275 4760 3341 4810 ut
3370 4757 3643 4829 eriperet,

1992 4851 2252 4919 quoniam
2270 4848 2562 4919 confortati
2580 4848 2709 4901 sunt
2728 4861 3013 4915 superine,
3059 4845 3115 4899 id
3166 4850 3275 4916 est,
3326 4845 3641 4916 praevalue—

1994 4942 2131 4993 runt
2152 4937 2296 4991 mihi
2320 4936 2373 4989 in
2396 4952 2586 4990 carne.
2611 4936 2667 4989 Si
2695 4934 2765 4989 ad
2789 4934 3104 5003 Christum,
3152 4935 3223 4988 ab
3266 4934 3360 4989 his
3383 4933 3482 5003 qui
3506 4933 3647 4985 ode-

1995 5030 2132 5081 runt
2148 5042 2260 5092 me,
2285 5026 2341 5079 id
2365 5029 2472 5091 est,
2488 5024 2586 5095 qui
2613 5023 2834 5078 nullam
2855 5023 3027 5079 aliam
3045 5038 3289 5078 causum
3314 5021 3647 5076 habuerunt

1994 5120 2061 5170 ut
2080 5118 2276 5171 essent
2297 5114 2441 5168 mihi
2466 5114 2707 5181 inimici,
2734 5114 2845 5167 nisi
2874 5113 3062 5168 solum
3086 5111 3308 5166 odium.
3330 5109 3491 5174 Quod
3511 5109 3644 5164 odio

1994 5204 2347 5269 habuerunt,
2390 5202 2448 5256 in
2493 5202 2599 5257 hoc
2623 5206 2780 5268 patet
2800 5201 3064 5270 quoniam
3089 5199 3391 5269 confortati
3410 5201 3559 5266 sunt,
3588 5196 3645 5250 id

1995 5298 2102 5363 est,
2136 5291 2495 5347 unanimiter
2521 5290 2966 5346 insurrexerunt
2994 5302 3172 5359 super
3200 5302 3313 5342 me.
3347 5285 3647 5349 Quomodo

1996 5380 2302 5437 confortati
2341 5385 2498 5450 sunt,
2532 5378 2804 5435 ostendit.
2842 5383 3237 5433 Praevenerunt
3286 5392 3391 5443 me,
3445 5375 3501 5428 id
3534 5379 3643 5441 est,

1996 5478 2423 5552 prievaluerunt
2440 5476 2583 5531 mihi
2603 5474 2878 5531 exterius.
2894 5475 2957 5529 In
2971 5475 3068 5529 die
3084 5474 3408 5553 afﬂictionis
3419 5488 3574 5541 meae,
3588 5471 3646 5526 id

1995 5572 2101 5639 est,
2120 5568 2178 5622 in
2198 5573 2459 5639 tempore
2477 5565 2621 5620 mihi
2637 5563 2954 5620 constituto
2969 5563 3036 5618 ad
3054 5563 3387 5635 passionem
3407 5577 3569 5627 meae,
3584 5559 3643 5616 id

1995 5662 2104 5732 est,
2124 5656 2268 5717 mihi
2282 5655 2433 5732 utili,
2448 5671 2564 5715 non
2577 5654 2682 5717 eis.
2696 5654 3094 5715 Prmenerunt
3104 5653 3167 5713 in
3183 5651 3271 5715 die
3285 5649 3639 5731 afﬂictionis,
