4016 6192
332 335 448 400 231

910 333 1213 399 REMlGlI
1255 334 2010 397 ANTISSIODORENSIS
2055 330 2228 397 OPP.
2276 332 2478 395 PARS
2524 334 2571 393 1.
2605 366 2681 377 —
2711 330 3175 393 EXEGETICA.

3618 328 3743 391 232
3814 276 3817 277 ν

332 471 436 528 sed
466 486 583 526 non
616 469 960 541 pervenient
1013 469 1072 524 in
1133 469 1225 525 die
1283 468 1736 525 clariﬁcationis.
1779 472 1845 522 Et
1874 467 1982 523 hoc
2010 470 2063 534 Α
2096 468 2293 536 facias,
2319 467 2419 523 sed
2442 467 2570 536 ejus
2614 465 2922 538 perversio,
2958 463 3181 519 scilicet
3223 479 3256 518 a
3302 466 3358 518 te
3380 462 3625 528 aversio,
3652 463 3743 518 fa-

330 559 485 626 ideo,
515 557 658 630 quia
684 560 861 629 factus
908 561 988 613 est
1034 559 1298 613 Dominus
1326 562 1598 629 protector
1623 572 1776 612 meus
1808 556 1979 627 (Psal.

334 648 501 719 Lxxv)
532 648 593 703 in
625 646 813 718 capite
841 652 899 701 et
926 646 987 701 in
1020 646 1323 711 membris,
1345 656 1395 701 et
1419 646 1771 718 protegendo
1791 645 1985 699 eduxit

331 753 421 792 me
441 740 616 808 caput
634 737 696 791 in
719 734 1071 791 latitudinem
1101 734 1363 807 gentium
1388 734 1630 798 scilicet,
1660 734 1798 804 quia
1822 733 1984 805 prius

330 826 393 881 in
423 824 549 881 sola
571 824 776 880 Judaea
808 829 1004 887 notus,
1040 830 1172 896 post
1202 829 1447 879 mortem
1472 823 1529 877 in
1554 822 1830 878 omnibus
1850 837 1986 893 gen-

330 913 512 981 tibus,
532 912 620 969 vel
645 913 755 968 hoc
775 912 946 968 modo
969 912 1220 984 protexit
1240 928 1423 977 meos,
1448 928 1519 966 ne
1540 911 1980 966 devorarentur.

326 1010 541 1067 Eduxit
571 1026 662 1065 me
693 1009 749 1065 in
787 1009 927 1076 illis,
989 1015 1046 1065 et
1107 1026 1200 1064 me
1249 1009 1309 1063 in
1368 1009 1474 1075 eis,
1528 1008 1753 1071 Eduxit,
1786 1008 1842 1062 id
1869 1011 1981 1076 est,

329 1104 492 1155 extra
518 1098 821 1171 angustias
849 1099 1043 1153 carnis
1075 1097 1241 1153 duxit
1271 1114 1376 1170 per
1421 1114 1587 1169 spem
1640 1099 1701 1152 in
1727 1087 1983 1151 latitudi-

324 1205 451 1244 nem
482 1188 690 1242 futura:
722 1186 1148 1258 retributionis,
1197 1187 1296 1242 ubi
1329 1186 1489 1241 nulla
1533 1187 1643 1242 erit
1672 1186 1982 1258 angustia:

323 1276 414 1332 vel
444 1276 537 1332 hic
568 1276 768 1331 eduxit
816 1276 877 1329 in
926 1275 1302 1331 latitudinem
1351 1275 1678 1337 charitatis,
1711 1279 1778 1329 ut
1802 1274 1979 1329 etiam

324 1365 596 1421 inimicos
627 1363 955 1437 diligerem.
986 1364 1104 1419 Hoc
1136 1365 1308 1419 modo
1342 1364 1542 1418 eduxit
1589 1379 1681 1418 me
1711 1367 1889 1435 caput
1920 1362 1979 1416 in

325 1453 698 1509 latitudinem
720 1453 1018 1524 gentium:
1040 1454 1361 1508 Salvumme
1375 1454 1523 1523 lecti,
1551 1451 1977 1507 resuscitando.

323 1542 424 1597 Vel
473 1542 583 1598 hoc
644 1543 817 1597 modo
871 1542 1073 1597 eduxit
1119 1558 1282 1597 meos
1316 1541 1376 1595 in
1410 1540 1809 1607 latitudinem,
1841 1539 1981 1611 quia

326 1647 419 1686 me
448 1636 624 1703 caput
652 1647 855 1686 eorum
887 1631 1116 1686 salvum
1155 1630 1309 1697 fecit,
1334 1632 1599 1701 quoniam
1630 1630 1827 1697 voluit,
1863 1646 1979 1684 non

325 1720 531 1778 merito
572 1736 719 1775 meo.
779 1719 1009 1775 Amavit
1039 1719 1194 1773 enim
1255 1736 1349 1773 me
1406 1718 1639 1785 fmdam,
1672 1721 1737 1771 ut
1767 1717 1980 1772 faceret

323 1807 653 1899 pulchram.
688 1807 829 1877 Ejus
880 1807 1148 1863 voluntas
1199 1824 1389 1861 meam
1439 1805 1796 1899 voluntatem
1830 1822 1973 1899 prae-
2009 1835 2055 1899 Β

322 1897 500 1952 venit.
526 1897 593 1951 Et
615 1900 810 1952 tamen
835 1912 1195 1967 quamquam
1219 1912 1288 1951 ex
1309 1900 1495 1967 gratia
1522 1893 1637 1948 illis
1662 1898 1851 1949 totum
1873 1894 1969 1965 sit,

322 1985 584 2041 retribuet
611 1985 755 2040 mihi
782 1986 1044 2040 Dominus
1076 1984 1137 2038 in
1169 1984 1262 2039 die
1301 1982 1737 2039 clariﬁcationis
1774 1998 1972 2037 secun-

321 2074 453 2130 dum
472 2075 755 2145 justitiam
774 2090 977 2143 meum,
1002 2073 1059 2128 id
1088 2076 1195 2139 est,
1223 2073 1545 2128 secundum
1576 2070 1971 2126 humilitatem

320 2168 378 2219 et
406 2163 798 2219 obedientiam
832 2179 1046 2227 meam,
1078 2178 1216 2216 cum
1246 2166 1443 2216 tamen
1475 2178 1590 2216 non
1625 2161 1702 2216 sit
1733 2176 1880 2215 mea.
1906 2162 1973 2215 Et

319 2251 616 2308 secundum
636 2253 939 2323 puritatem
966 2268 1237 2307 manuum
1287 2266 1544 2306 mearum
1572 2250 1837 2305 retribuet
1864 2251 1971 2304 mi-

322 2341 401 2411 hi,
434 2342 493 2397 id
524 2346 633 2408 est,
681 2340 1077 2398 innocentiam
1121 2356 1385 2413 operum.
1434 2339 1541 2394 Illa
1586 2344 1675 2394 est
1721 2355 1854 2393 vera
1883 2339 1971 2392 in-

323 2430 614 2496 nocentia,
673 2446 800 2502 quae
882 2447 987 2485 nec
1069 2430 1182 2485 sibi
1265 2433 1451 2496 nocet,
1511 2445 1616 2483 nec
1669 2429 1966 2498 cuiquam.

322 2516 589 2573 Ostendit
642 2516 806 2572 illam
856 2518 1174 2587 justitiam.
1235 2519 1376 2585 Quia
1421 2519 1689 2572 eustodivi
1717 2518 1836 2570 vias
1868 2517 1969 2571 Do-

321 2607 485 2673 mini,
518 2603 576 2659 id
603 2611 712 2672 est,
745 2606 1044 2675 mandata,
1076 2605 1181 2660 Nec
1229 2606 1395 2676 impie
1441 2606 1588 2673 gessi
1636 2620 1671 2658 a
1700 2605 1805 2659 Deo
1829 2619 1966 2659 mea.

330 2696 452 2749 Hoc
482 2693 655 2749 modo
688 2692 1044 2761 custodivi,a
1073 2691 1974 2763 contrario.ldeocustodivi,quo-

327 2784 485 2837 niam
524 2783 929 2854 omniajudicia
962 2783 1080 2853 ejus
1125 2784 1182 2837 in
1222 2791 1512 2853 conspectu
1533 2797 1669 2846 meo,
1695 2781 1749 2835 id
1772 2786 1881 2851 est,
1912 2780 1972 2836 in

323 2875 519 2927 mente
542 2887 690 2927 mea.
716 2870 781 2925 In
805 2870 964 2926 omni
986 2886 1160 2942 opere
1182 2886 1311 2926 meo
1333 2886 1565 2941 semper
1580 2868 1799 2924 attendi
1811 2870 1972 2940 judi-

324 2961 414 3016 cia
430 2961 582 3032 ejus,
605 2977 730 3032 quis
755 2965 896 3015 sunt
921 2964 1211 3031 quatuor:
1236 2959 1352 3014 duo
1372 2959 1445 3013 de
1463 2959 1756 3030 praesenti,
1779 2963 1836 3013 et
1858 2958 1973 3013 duo

324 3050 394 3105 de
409 3050 623 3104 futuro.
642 3047 892 3121 Flagella
907 3049 1402 3121 corrigendorum,
1417 3052 1474 3103 et
1486 3048 1836 3103 tentationes
1848 3064 1976 3118 pro-

326 3137 675 3195 bandorum.
701 3137 936 3208 praemia
958 3138 1466 3207 justorum,pcuna
1483 3135 1819 3207 impiorum.
1836 3136 1973 3191 Elin

323 3225 433 3281 hoc
450 3228 625 3298 patet,
651 3206 791 3296 quia
800 3206 1050 3297 justitias
1070 3226 1208 3296 ejus,
1232 3206 1312 3280 idi
1330 3230 1419 3279 est
1458 3206 1753 3295 mandata,
1777 3228 1971 3279 custo—
2003 3206 2045 3272 Ο

323 3315 462 3381 divi,
480 3314 634 3386 quod
657 3314 951 3369 estdicere
963 3314 1583 3385 percontrarium,non
1608 3313 1792 3381 repuli
1810 3330 1844 3367 a
1864 3328 1969 3368 me.

320 3412 447 3469 Alia
475 3417 565 3468 est
612 3412 851 3482 justitia
899 3411 1133 3479 Christi,
1191 3411 1309 3467 alia
1363 3410 1694 3466 hominum.
1735 3409 1976 3465 Justitia

321 3500 538 3557 Christi
594 3506 685 3556 est
741 3516 842 3572 pro
897 3499 1028 3555 aliis
1087 3500 1244 3571 pati;
1306 3504 1370 3554 ut
1426 3498 1610 3554 illud:
1663 3498 1976 3571 Oportebat

323 3605 458 3645 eum
492 3588 591 3660 qui
650 3588 865 3643 multos
919 3588 1073 3644 ﬁlios
1133 3588 1494 3643 adducturus
1553 3592 1679 3643 erat
1734 3587 1793 3641 in
1851 3585 1973 3658 glo-

323 3677 469 3734 riam
502 3677 713 3744 Patris,
744 3682 1039 3733 auctorem
1092 3676 1303 3734 salutis
1358 3693 1583 3746 eorum,
1618 3692 1720 3748 per
1750 3674 1972 3747 passio-

323 3783 457 3823 nem
516 3766 916 3823 consummari
974 3767 1155 3837 (Hebr.
1216 3767 1303 3837 11).
1353 3770 1671 3836 Hucusque
1708 3763 1975 3818 Christus

322 3857 394 3913 de
423 3873 485 3912 se
511 3859 766 3922 tantum,
790 3856 863 3910 ab
901 3854 1002 3911 illo
1039 3854 1164 3911 loco
1192 3870 1204 3910 :
1252 3856 1315 3909 Et
1338 3854 1604 3909 retribuet
1624 3852 1765 3907 mihi
1788 3853 1975 3907 Domi-

323 3944 625 4000 nus.Nunc
647 3944 718 3999 de
749 3943 1050 4000 membris.
1074 3944 1138 3999 Et
1157 3958 1249 3998 ero
1273 3941 1333 3997 in
1358 3942 1638 3997 membris
1677 3945 1823 3997 meis
1852 3958 1973 3996 cum

325 4048 391 4088 eo
420 4031 530 4086 hoc
560 4031 756 4099 modo,
790 4031 929 4102 quia
975 4030 1411 4087 immaculatus.
1460 4034 1609 4085 Nota
1650 4031 1804 4102 quod
1858 4045 1972 4085 non

327 4118 493 4190 dixit,
526 4118 655 4175 sine
683 4123 957 4190 peccato:
1011 4120 1113 4174 sed
1159 4120 1569 4187 immaculatus,
1618 4120 1676 4174 id
1707 4124 1815 4186 est,
1849 4119 1975 4175 sine

328 4207 622 4264 criminali
644 4212 900 4281 peccato,
925 4208 1080 4279 quod
1111 4208 1211 4279 qui
1245 4208 1401 4278 facit,
1436 4225 1549 4264 non
1599 4213 1688 4265 est
1725 4225 1859 4264 cum
1884 4224 1972 4264 eo.

325 4307 390 4362 Et
438 4305 548 4362 hoc
576 4321 714 4374 non,
746 4307 819 4361 ad
853 4309 1103 4377 tempus,
1136 4306 1236 4361 sed
1281 4305 1568 4361 observabo
1613 4322 1700 4361 me
1746 4306 1813 4361 ab
1860 4307 1972 4362 ini—

325 4397 536 4468 quitate
552 4411 696 4466 mea,
718 4394 777 4450 id
808 4398 918 4462 est,
960 4396 1337 4466 perseverabo
1374 4393 1437 4451 in
1466 4394 1796 4451 innocentia
1822 4410 1971 4450 mea.

328 4487 393 4543 Et
414 4485 541 4541 ideo
557 4484 824 4541 retribuet
851 4484 997 4540 mihi
1028 4486 1296 4540 Dominus
1315 4483 1375 4539 in
1414 4483 1693 4542 membris
1720 4483 1867 4540 meis
1890 4499 1974 4539 se-

2093 557 2205 611 ciet
2227 561 2282 611 te
2303 573 2337 611 a
2358 554 2758 610 misericordia
2794 552 3160 624 injudicium
3182 551 3324 607 verti
3351 569 3365 606 :
3402 556 3467 606 ut
3487 551 3546 605 in
3582 551 3744 607 Levi-

2092 646 2203 700 tico
2227 661 2241 699 :
2265 645 2327 699 Si
2352 644 2777 699 ambulaveritis
2797 659 2831 696 a
2861 658 2948 697 me
2965 643 3231 713 perversi,
3252 645 3307 696 et
3333 656 3428 711 ego
3446 640 3747 697 ambulabo

2090 738 2414 791 contrae'vos
2451 732 2647 806 furore
2688 747 2941 803 perverso
2978 732 3123 801 (Leu.
3174 733 3351 797 xxvr).
3381 729 3598 784 Aliter:
3633 730 3743 785 Re-

2092 840 2223 878 vera
2247 824 2509 878 retribuet
2539 821 2697 887 mihi,
2729 820 2785 874 id
2808 825 2900 875 est
2921 819 3089 889 meis,
3124 819 3420 890 meritum,
3446 820 3748 875 secundum

2083 913 2361 984 justitiam
2381 926 2559 965 meam
2583 926 2595 963 :
2621 915 2678 965 et
2700 909 2807 964 hoc
2827 909 2888 963 in
2914 909 3129 974 futuro,
3154 908 3210 963 id
3233 912 3341 975 est,
3366 910 3427 963 in
3456 916 3745 980 conspectu

2090 1005 2220 1067 tuo;
2268 999 2406 1071 quia
2455 999 2548 1054 hic
2594 1015 2717 1053 cum
2745 1002 2932 1053 sancto
2959 1005 3178 1052 sanctus
3206 997 3336 1062 erit,
3374 997 3432 1051 id
3464 1000 3573 1067 est,
3607 1014 3749 1052 san-

2091 1095 2222 1145 ctus
2251 1095 2307 1144 te
2338 1093 2606 1143 sanctum
2637 1086 2894 1154 habebit,
2927 1091 2984 1141 et
3009 1086 3292 1141 innocens
3330 1085 3743 1142 innocentem:

2090 1195 2292 1242 etcum
2316 1186 2479 1242 electo
2518 1203 2552 1240 a
2591 1189 2647 1240 te
2677 1184 2861 1256 prius,
2896 1188 2959 1237 ut
3000 1182 3186 1239 illud:
3235 1184 3355 1245 Non
3383 1199 3476 1238 vos
3512 1199 3601 1239 me
3626 1185 3743 1240 ele-

2088 1279 2266 1347 gistis,
2306 1275 2397 1331 sed
2425 1291 2518 1345 ego
2548 1275 2688 1344 elegi
2742 1289 2834 1328 vos
2891 1275 3073 1341 (Joan.
3122 1273 3239 1343 xv),
3285 1272 3488 1328 electus
3516 1273 3646 1338 eris,
3682 1272 3739 1327 id

2090 1369 2197 1430 est,
2228 1365 2300 1419 de
2328 1364 2607 1419 omnibus
2636 1362 2868 1432 deliget.
2921 1363 3058 1416 Cum
3098 1367 3351 1432 perverso
3388 1363 3738 1432 pervertet-is,

2088 1453 2147 1508 id
2178 1458 2267 1509 est
2299 1468 2603 1523 perversos
2648 1449 2886 1505 habebit
2935 1455 2993 1505 te
3036 1465 3394 1521 perversum,
3447 1450 3740 1522 praecipue

2088 1542 2370 1597 Judaicus
2386 1539 2641 1612 populus
2665 1556 2677 1594 :
2708 1539 2958 1610 quicum
2982 1543 3161 1593 Deum
3185 1554 3368 1593 unum
3395 1538 3662 1603 coluerit,
3684 1544 3744 1594 et

2088 1632 2216 1701 ejus
2248 1630 2528 1685 mandata
2551 1628 2857 1699 acceperit,
2884 1627 3089 1683 videns
3110 1625 3387 1699 gentilem
3412 1627 3615 1700 recipi,
3637 1627 3742 1700 qui

2088 1736 2321 1791 semper
2350 1717 2503 1773 idola
2533 1717 2732 1783 coluit,
2793 1716 2976 1771 dixit:
3046 1717 3165 1771 Non
3219 1719 3299 1771 est
3327 1732 3486 1787 aqua
3512 1719 3603 1771 via
3643 1718 3746 1772 Do-

2088 1809 2228 1863 mini
2257 1807 2471 1879 (Ezech.
2502 1807 2681 1877 xvm).
2719 1805 2849 1860 [deo
2891 1822 3199 1877 perversus
3236 1805 3521 1861 Judaicus
3560 1822 3745 1879 popu-

2082 1896 2178 1952 lus
2208 1896 2383 1952 habet
2412 1900 2467 1950 te
2526 1911 2885 1966 perversum,
2944 1897 3211 1965 quoniam
3239 1898 3299 1949 tu
3325 1896 3599 1967 populum
3630 1895 3736 1951 hu-

2080 1986 2271 2041 milem
2324 1985 2538 2041 salvum
2590 1986 2779 2055 facies,
2840 1987 2894 2039 ct
2934 1984 3112 2039 oculos
3167 1986 3528 2055 superborum
3555 1985 3742 2040 humi-

2084 2075 2266 2142 liabis,
2300 2074 2358 2129 id
2390 2079 2498 2140 est,
2528 2073 2667 2145 quia
2697 2078 2760 2128 tu
2792 2072 3064 2144 superbis
3112 2072 3360 2143 resistis,
3392 2077 3458 2127 ut
3485 2073 3731 2144 Judaeis,

2082 2178 2138 2228 ct
2166 2172 2495 2228 humilibus
2525 2171 2632 2226 das
2675 2170 2926 2243 gratiam
2986 2170 3119 2241 (Jac.
3184 2169 3279 2242 ιν),
3341 2174 3406 2225 ut
3432 2170 3733 2243 gentibus,

2083 2262 2212 2317 ideo
2241 2261 2440 2318 oculos
2472 2260 2860 2332 superborum
2891 2258 3255 2326 humiliabis,
3301 2259 3439 2330 quia
3469 2257 3618 2313 nihil
3646 2260 3732 2314 vi-

2084 2352 2223 2406 dent
2252 2350 2361 2405 nisi
2396 2366 2498 2421 per
2525 2347 2730 2403 alium.
2763 2346 2867 2402 Vel
2894 2346 3003 2402 hoc
3051 2346 3282 2402 videtur
3330 2346 3640 2418 perversis,
3673 2347 3732 2402 id

2082 2445 2188 2505 est,
2211 2456 2405 2495 veram
2422 2436 2718 2515 justitiam
2739 2434 3143 2508 ignorantibus
3184 2452 3541 2508 perversum,
3577 2437 3732 2508 quod

2084 2530 2426 2583 conﬁtentes
2445 2531 2677 2598 peccata
2697 2542 2805 2580 sua
2820 2524 3010 2581 salvos
3034 2525 3227 2592 facies,
3253 2540 3401 2596 quos
3451 2524 3535 2579 illi
3566 2524 3736 2581 dam-

2084 2634 2222 2672 nare
2251 2616 2459 2672 solent.
2522 2619 2589 2669 Et
2645 2614 2922 2686 quoniam
2977 2619 3039 2669 tu
3100 2612 3381 2685 populum
3422 2608 3734 2685 humilem,

2083 2706 2141 2760 id
2187 2710 2294 2773 est,
2354 2704 2729 2760 confitentem
2786 2702 2895 2758 tibi
2956 2708 3190 2775 peccata
3240 2719 3368 2769 sua,
3432 2706 3488 2758 et
3545 2720 3609 2759 se
3640 2720 3736 2760 ac-

2082 2798 2406 2860 cusantem,
2466 2797 2521 2848 te
2571 2794 2801 2863 justum
2859 2796 3173 2863 ponentem
3248 2790 3523 2860 salvebis,
3580 2791 3735 2865 ideo,

2081 2884 2308 2937 Domine
2366 2883 2509 2937 Deus
2566 2897 2736 2945 meus,
2806 2880 3065 2935 illumina
3137 2882 3386 2936 tenebras
3438 2897 3611 2946 meas,
3675 2883 3737 2938 id

2082 2979 2189 3036 est,
2260 2972 2348 3026 fac
2402 2987 2494 3025 me
2554 2969 2817 3025 interiori
2893 2968 3059 3024 oculo
3139 2969 3335 3025 videre
3407 2975 3463 3024 et
3517 2986 3738 3043 cogno-

2083 3075 2243 3115 scere
2282 3062 2603 3131 peccata.et
2661 3057 3023 3130 ignorantiae
3056 3074 3217 3114 meas
3245 3076 3258 3113 :
3318 3058 3445 3113 ideo
3475 3076 3508 3113 a
3535 3063 3591 3113 te
3623 3059 3737 3114 hoc

2083 3153 2233 3222 peto,
2269 3152 2327 3202 et
2356 3164 2467 3201 non
2500 3149 2569 3201 ab
2613 3146 2749 3211 alio,
2802 3148 3062 3218 quoniam
3120 3151 3181 3201 tu
3237 3147 3520 3201 illuminas
3545 3147 3734 3201 lucer-

2082 3254 2211 3292 nam
2240 3252 2440 3306 meam,
2472 3236 2530 3290 id
2562 3239 2649 3291 est
2681 3235 2917 3289 oculum
2941 3234 3236 3291 interioris
3257 3234 3530 3301 hominis,
3552 3235 3611 3290 id
3634 3239 3731 3290 est

2082 3326 2439 3381 intellectum
2468 3342 2481 3393 ;
2531 3324 2670 3396 quia
2718 3324 2873 3379 sicut
2915 3323 3156 3379 lucerna
3184 3340 3287 3396 per
3315 3340 3378 3379 se
3406 3339 3518 3379 non
3549 3322 3734 3391 lucet,

2084 3423 2180 3477 scd
2216 3422 2451 3478 aliunde
2481 3421 2692 3492 accipit
2722 3420 2941 3486 lumen,
2990 3421 3067 3475 ita
3113 3419 3446 3476 intellectus
3492 3421 3736 3476 interior

2085 3529 2199 3567 non
2222 3511 2379 3567 videt
2398 3527 2525 3582 quae
2549 3514 2703 3565 recta
2723 3515 2861 3564 sunt
2883 3509 2995 3564 nisi
3021 3527 3053 3564 a
3087 3515 3188 3564 tua
3225 3508 3371 3565 luce.
3397 3509 3733 3566 Secundum

2083 3600 2260 3656 aliam
2280 3615 2415 3654 vero
2440 3599 2788 3653 sententiam
2812 3598 2920 3654 hoc
2945 3599 3116 3654 modo
3148 3599 3562 3654 continuatur:
3586 3599 3736 3664 Quia

2081 3706 2205 3744 cum
2232 3692 2417 3743 sancto
2445 3690 2667 3742 sanctus
2699 3689 2828 3752 eris,
2862 3687 2919 3742 id
2963 3691 3078 3755 est,
3112 3687 3251 3759 quia
3291 3686 3491 3743 nullus
3542 3691 3737 3759 potest

2081 3794 2210 3834 esse
2241 3781 2484 3833 sanctus
2541 3776 2667 3831 sine
2716 3780 2772 3831 te
2830 3784 3054 3842 sancto,
3109 3776 3260 3844 ideo,
3318 3775 3562 3832 Domine
3594 3776 3738 3832 Deus

2082 3882 2251 3935 meus,
2292 3866 2553 3921 illumina
2581 3864 2832 3920 tenebras
2871 3881 3040 3933 meas,
3082 3863 3139 3919 id
3192 3869 3281 3919 est
3328 3863 3600 3937 gentiles,
3635 3863 3735 3936 qui

2082 3955 2273 4011 adhuc
2300 3958 2439 4010 sunt
2462 3954 2732 4019 tenebris,
2767 3969 2869 4025 per
2891 3951 3005 4007 mei
3027 3956 3222 4007 autem
3264 3953 3733 4025 praedestinatio-

2083 4059 2217 4098 nem
2248 4041 2540 4108 illumina,
2575 4058 2677 4114 per
2704 4042 2876 4096 fidem
2907 4042 3166 4096 vocando
3197 4041 3272 4096 da
3301 4040 3421 4097 illis
3449 4040 3733 4113 cognitio-

2085 4146 2218 4186 nem
2241 4130 2326 4186 tui
2352 4148 2364 4186 :
2387 4131 2649 4203 quoniam
2670 4139 2728 4186 tu
2744 4130 3056 4200 illuminas,
3087 4146 3204 4185 non
3233 4128 3405 4197 alius,
3446 4131 3733 4186 lucernam

2082 4236 2280 4288 meam,
2304 4220 2361 4275 id
2379 4223 2488 4286 est,
2510 4219 2642 4275 illos
2664 4218 2762 4291 qui
2774 4219 2898 4289 jam
2916 4218 3233 4274 illuminati
3252 4222 3411 4290 sunt,
3431 4218 3735 4290 apostolos

2083 4313 2142 4365 et
2161 4307 2273 4365 alio
2295 4307 2514 4364 fideles.
2543 4309 2674 4365 Ideo
2694 4312 2751 4362 te
2792 4308 2901 4363 hoc
2931 4323 3092 4381 rogo,
3115 4307 3257 4379 quia
3293 4311 3462 4363 tuum
3503 4312 3595 4364 est
3625 4308 3734 4364 hoc

2085 4398 2293 4467 facere,
2316 4397 2539 4453 scilicet
2579 4396 2858 4468 quoniam
2882 4400 2946 4452 tu
2987 4395 3270 4469 populum
3293 4395 3731 4465 humiliantem,

2083 4486 2360 4559 gentilem
2405 4485 2644 4557 scilicet,
2669 4484 2895 4541 salvum
2918 4486 3114 4552 facies,
3151 4501 3214 4541 se
3231 4484 3644 4542 humiliantem
3675 4491 3734 4542 et

326 4573 567 4630 cundum
578 4574 854 4645 justitiam
886 4590 1067 4629 meam
1109 4577 1175 4628 ut
1211 4589 1410 4645 supra.
1434 4575 1497 4629 la
1535 4576 1822 4645 conspectu
1842 4588 1968 4628 ocu-
1999 4571 2047 4638 D
2078 4576 2450 4632 conﬁtentem
2484 4580 2718 4646 peccata
2746 4574 3212 4630 sua.Notandum
3244 4575 3401 4646 quod
3433 4575 3734 4631 lucernam

329 4663 510 4717 lorum
530 4663 665 4733 ejus.
691 4664 825 4727 Quae
847 4662 1085 4733 justitia
1118 4668 1175 4718 et
1204 4661 1431 4734 puritas
1461 4679 1576 4717 non
1600 4662 1710 4717 fuit
1745 4662 1818 4718 ad
1847 4660 1974 4716 lau-

329 4750 464 4807 dem
490 4749 834 4822 humanam,
856 4751 957 4807 sed
980 4750 1039 4806 in
1061 4754 1375 4823 conspectu
1419 4750 1541 4817 Dei,
1585 4756 1650 4805 ut
1688 4749 1785 4806 ille
1812 4750 1975 4805 solus

329 4839 554 4895 videret
575 4842 860 4911 quantum
887 4840 956 4894 ad
982 4840 1277 4895 meritum.
1305 4839 1427 4909 Vel,
1468 4840 1725 4895 retribuit
1752 4839 1896 4894 mihi
1914 4839 1975 4894 in

328 4932 613 5001 conspectu
641 4927 927 4983 oculorum
952 4927 1071 4998 ejus
1128 4927 1186 4982 id
1245 4931 1353 4994 est,
1415 4944 1548 4983 cum
1606 4944 1740 4983 eum
1770 4927 1975 4983 videbo

328 5018 475 5075 facie
505 5017 577 5074 ad
609 5016 837 5081 faciem,
872 5031 988 5071 non
1028 5031 1132 5088 per
1160 5014 1464 5087 speculum
1497 5018 1545 5089 (Ι
1573 5018 1692 5074 Cor.
1725 5018 1870 5089 xm).
1906 5017 1977 5073 Et

330 5123 528 5164 revera
547 5106 856 5174 retribues,
889 5104 1029 5178 quia
1057 5121 1181 5160 cum
1215 5108 1421 5176 sancto,
1471 5106 1529 5162 id
1578 5111 1685 5174 est,
1734 5123 1868 5163 cum
1908 5122 1975 5162 eo

329 5196 432 5269 qui
448 5200 539 5252 est
552 5212 683 5251 vere
699 5200 958 5258 sanctus,
977 5202 1195 5250 sanctus
1209 5195 1350 5256 eris;
1371 5211 1384 5251 :
1408 5200 1469 5250 tu
1488 5201 1698 5252 natura
1714 5200 1972 5263 sanctus,

329 5292 444 5350 eris
470 5298 711 5349 sanctus
740 5282 876 5349 cum
910 5291 1030 5363 illo,
1064 5291 1164 5364 qui
1193 5290 1303 5347 erit
1349 5292 1536 5365 gratia
1565 5298 1826 5350 sanctus.
1853 5293 1977 5348 Tua

334 5382 618 5438 sanctitas
635 5384 764 5454 ejus
800 5381 1192 5451 sanctitatem,
1221 5381 1282 5436 in
1305 5397 1372 5437 eo
1399 5382 1694 5454 praecedit,
1729 5386 1788 5437 et
1815 5383 1876 5437 in
1907 5398 1975 5438 eo

332 5475 625 5544 operatur,
656 5476 716 5528 et
752 5471 883 5528 ideo
912 5470 1033 5527 scio
1064 5469 1205 5540 quia
1240 5487 1388 5543 opus
1424 5471 1833 5528 misericordiae
1862 5474 1976 5527 tum

330 5560 675 5616 coronabis:
718 5559 1015 5617 similiter.
1036 5562 1096 5613 et
1123 5557 1182 5613 in
1215 5558 1347 5615 aliis
1378 5561 1665 5633 accipitur
1693 5577 1879 5633 usque
1912 5561 1977 5615 Et

330 5663 455 5716 cum
476 5664 725 5728 perverso
778 5647 1113 5725 perverteris
1163 5661 1178 5705 :
1222 5663 1339 5706 non
1371 5654 1437 5707 ut
1465 5664 1601 5710 sum
1633 5665 1974 5724 perversum

2085 4663 2390 4737 singulari,
2417 4665 2688 4720 tenebras
2709 4680 2841 4719 vero
2865 4662 3075 4735 plurali
3098 4680 3345 4720 numero
3379 4663 3576 4736 ponit:
3605 4664 3736 4721 ideo

2082 4752 2352 4809 videlicet
2381 4751 2520 4824 quia
2560 4753 2896 4824 quicunque
2944 4751 3144 4807 lucent
3190 4769 3308 4808 una
3355 4751 3484 4808 luce
3514 4751 3734 4821 lucent,

2085 4852 2185 4925 qui
2215 4854 2409 4907 autem
2462 4853 2659 4906 errant
2705 4850 2952 4906 diversis
3009 4850 3305 4906 erroribus
3353 4852 3567 4906 errant.
3601 4850 3737 4906 Ideo

2084 4956 2221 5012 rogo
2243 4945 2310 4995 ut
2330 4938 2629 4995 illumines
2649 4937 2850 4994 oculos
2871 4938 2970 5010 qui
2989 4938 3181 4994 adhuc
3209 4944 3349 4994 sunt
3370 4938 3429 4993 in
3452 4936 3736 5006 tenebris,

2081 5028 2169 5086 vel
2200 5034 2265 5084 ut
2318 5032 2553 5101 peccata
2616 5043 2964 5099 cognoscere
3019 5026 3216 5097 facias,
3277 5027 3538 5099 quoniam
3580 5031 3668 5094 tu,
3702 5041 3736 5082 ο

2084 5118 2259 5182 Deus,
2292 5119 2349 5172 in
2382 5125 2431 5171 te
2457 5117 2668 5187 eripior
2724 5133 2757 5170 a
2793 5111 3110 5183 tentatione,
3171 5119 3228 5171 et
3264 5131 3381 5170 non
3412 5114 3471 5169 in
3505 5113 3640 5182 alio,
3673 5114 3735 5170 id

2083 5212 2190 5273 est,
2224 5222 2258 5261 a
2288 5204 2500 5277 spiritu
2531 5203 2772 5258 luxuriat
2835 5209 2893 5260 et
2946 5205 3223 5260 avaritim.
3280 5205 3347 5259 Et
3392 5205 3455 5258 in
3485 5202 3735 5259 Domino

2081 5310 2224 5361 meo,
2257 5311 2372 5349 non
2404 5294 2465 5348 in
2512 5291 2706 5362 idolis,
2751 5293 3140 5365 transgredior
3185 5294 3244 5348 in
3303 5293 3449 5348 meis
3477 5308 3733 5357 murum,

2084 5400 2263 5456 quem
2292 5381 2568 5456 superbia
2613 5381 2792 5437 erexit
2838 5382 2990 5437 inter
3034 5388 3362 5438 creaturam
3416 5385 3474 5437 et
3501 5380 3735 5437 Creato-

2086 5488 2229 5542 rem,
2264 5476 2497 5543 peccata
2524 5470 2778 5543 peccatis
2808 5471 3076 5543 augendo
3100 5487 3113 5526 :
3143 5469 3309 5526 illum
3341 5470 3605 5527 transibo
3632 5484 3740 5542 per

2083 5561 2504 5630 humilitatem,
2523 5560 2828 5618 subdendo
2843 5576 2936 5615 me
2953 5559 3210 5617 Creatori
3229 5574 3379 5615 meo.
3402 5563 3574 5617 Nemo
3587 5558 3740 5615 venit

2082 5651 2154 5711 ad
2179 5667 2285 5721 me,
2324 5652 2440 5709 nisi
2465 5651 2633 5709 Pater
2678 5663 2831 5706 meus
2859 5651 3096 5708 traxerit
3120 5665 3248 5708 eum
3279 5649 3460 5724 (Joan.
3492 5649 3571 5723 vx)
3593 5666 3615 5704 .-
3642 5646 3735 5707 vel

3496 5744 3503 5771 l
