4016 6192
339 299 457 403 2⁸37

1470 354 2069 416 ENARRATIONES
2116 356 2196 415 IN
2242 357 2628 420 PSALMOS.

3634 367 3753 429 238

340 492 527 531 meam
555 495 566 531 :
604 480 743 550 quia
792 486 851 536 tu
882 483 987 538 das
1017 489 1075 540 et
1106 485 1251 541 velle
1284 492 1341 542 et
1367 488 1553 543 facere
1588 505 1688 559 pro
1722 489 1871 542 bona
1902 505 1991 543 vo-
2024 504 2070 557 Α
2107 494 2297 543 mente
2329 508 2361 543 a
2404 492 2646 546 terrenis
2678 492 2747 545 ad
2782 490 3035 546 caelestia
3057 490 3338 547 sublevati
3361 500 3549 547 erunt'
3577 495 3753 553 Tales

334 562 556 620 luntate
589 567 764 637 (Phil.
817 573 902 640 II).
937 572 1294 644 Magniﬁcans
1320 577 1522 631 salutes
1552 577 1623 631 ad
1658 576 1825 631 illum
1856 594 1985 632 ver-

334 669 467 707 sum
499 656 907 714 continuatur:
963 664 1252 718 Exaltetur
1303 666 1442 719 Deus
1495 667 1693 720 salutis
1732 680 1889 735 meae,
1923 671 1987 719 ut

332 756 512 812 supra
542 743 764 801 dictum
797 754 906 803 est.

882 856 1209 915 PSALMUS
1251 860 1447 916 XVIII.

781 961 839 998 IN
869 963 1039 1001 FINEM
1070 965 1332 1004 PSALMUS
1366 968 1548 1005 DAVID.

407 1050 433 1074 ‹‹
466 1028 597 1082 Cceli
631 1040 904 1088 enarrant
953 1036 1199 1107 gloriam
1236 1039 1353 1103 Dei,
1386 1044 1441 1093 et
1493 1056 1667 1110 opera
1698 1057 1983 1096 manuum

334 1137 362 1164 «
386 1116 515 1186 ejus
536 1122 844 1175 annuntiat
867 1126 1323 1181 firmamentum.
1342 1128 1836 1184 Diesdieieructat
1856 1148 1982 1186 ver—

331 1226 361 1252 «
394 1205 535 1260 bum
566 1212 622 1262 et
649 1225 759 1263 nox
783 1211 932 1265 nocti
969 1214 1185 1268 indicat
1216 1217 1541 1273 scientiam.
1576 1218 1698 1273 Non
1732 1224 1870 1274 sunt
1901 1220 1982 1275 lo-

327 1315 353 1341 ‹‹
390 1294 571 1361 quelm
597 1312 783 1368 neque
813 1316 1134 1369 sermones,
1169 1322 1417 1375 quorum
1450 1322 1563 1361 non
1598 1308 1986 1363 exaudiantur

328 1403 358 1428 ‹‹
390 1398 559 1437 voces
590 1401 813 1441 eorum.
864 1388 927 1442 In
961 1406 1195 1447 omnem
1232 1398 1446 1448 terram
1478 1395 1653 1450 exivit
1684 1414 1865 1452 sonus
1894 1414 1983 1452 eo-

329 1492 356 1519 ‹‹
392 1488 544 1533 rum.
578 1478 634 1527 et
660 1474 717 1528 in
755 1476 906 1535 fines.
930 1479 1087 1534 orbis
1111 1486 1275 1535 terrm
1299 1483 1471 1537 verba
1500 1501 1722 1540 eorum.
1769 1486 1828 1540 In
1864 1487 1983 1541 sole

326 1583 354 1607 ‹‹
382 1561 578 1625 posuit
607 1563 1047 1621 tabernaculum
1066 1586 1263 1641 suum,
1287 1577 1343 1626 et
1367 1572 1491 1643 ipse
1511 1578 1788 1645 tanquam
1808 1593 1979 1646 spon-

328 1672 354 1698 ‹‹
381 1666 483 1703 sus
518 1653 836 1721 procedens
864 1655 933 1710 de
969 1657 1224 1714 thalamo
1258 1677 1385 1726 suo,
1433 1661 1709 1717 exultavit
1739 1664 1983 1737 utgigas

325 1760 353 1785 ‹‹
388 1738 461 1793 ad
484 1742 834 1797 currendam
856 1745 1009 1799 viam
1040 1765 1054 1813 ;
1078 1764 1111 1802 a
1134 1765 1367 1805 summo
1390 1750 1529 1805 caelo
1556 1753 1813 1822 egressio
1831 1754 1977 1824 ejus.

2094 578 2215 631 ntali
2242 586 2524 645 enarrant,
2558 581 2612 633 id
2671 586 2781 645 est,
2815 581 3112 636 evidenter
3141 582 3467 636 narrabunt
3496 581 3747 653 gloriam

2096 668 2217 729 Dei,
2252 668 2399 722 hanc
2425 668 2644 723 scilicet
2669 672 2821 741 quod
2843 687 2955 725 non
2980 687 3047 725 ex
3061 670 3594 742 operibusjustitiae
3618 690 3745 743 quas

2096 756 2341 811 fecimus
2357 758 2587 822 nos,sed
2618 760 2939 813 secundum
2970 776 3137 815 suam
3154 759 3611 815 misericordiam
3639 760 3753 817 sal-

2095 862 2195 899 vos
2228 862 2334 900 nos
2366 845 2534 900 fecit:
2588 851 2643 899 et
2673 846 2781 901 hoc
2812 852 2901 902 est
2940 864 3155 920 magna
3184 848 3368 920 gloria
3398 849 3517 904 Dei.
3549 850 3748 906 Omnes

2092 937 2243 989 enim
2268 940 2645 1005 peccaverunt,
2677 945 2727 990 et
2757 946 2919 1007 egent
2940 939 3117 1005 gloria
3136 939 3543 1009 Dei.justiﬁcati
3571 942 3747 1008 gratis

2094 1024 2267 1091 (Rom.
2304 1026 2410 1093 tu).
2447 1025 2511 1077 Et
2545 1024 2650 1079 hoc
2676 1030 2785 1092 est,
2820 1030 3096 1079 enarrant
3124 1025 3365 1097 gloriam
3396 1029 3519 1096 Dei,
3555 1029 3611 1083 id
3634 1034 3744 1100 est,

2096 1112 2554 1167 misericordiam
2605 1114 2919 1168 exhibitam
2948 1131 3049 1185 per
3086 1114 3318 1185 Filium,
3351 1116 3407 1171 in
3445 1135 3561 1189 qua
3594 1118 3747 1174 Deus

2093 1201 2509 1274 gloriﬁcandus
2557 1208 2664 1257 est.
2698 1203 2763 1255 Et
2792 1219 2957 1274 opera
2986 1220 3252 1257 manuum
3298 1205 3415 1274 ejus
3448 1209 3747 1262 annuntiat

2090 1292 2514 1360 ﬁrmamentum.
2549 1291 2710 1355 Quod
2746 1308 2923 1362 supra
2953 1290 3138 1361 gloria
3168 1291 3262 1345 hic
3321 1309 3529 1364 opera,-
3591 1296 3746 1366 quod

2093 1397 2269 1451 supra
2289 1379 2437 1449 coeli,
2471 1379 2565 1434 hic
2597 1380 3055 1449 ﬁrmamentum,
3086 1380 3314 1435 diversa
3336 1381 3743 1451 similitudine,

2092 1468 2147 1521 id
2172 1474 2277 1534 est,
2294 1468 2468 1523 iidem
2495 1469 2899 1539 praedicatores
2922 1469 3061 1523 Novi
3091 1470 3453 1524 Testamenti
3478 1472 3745 1542 aSpiritu

2092 1562 2293 1613 sancto
2308 1559 2477 1612 corde
2491 1557 2903 1624 conﬁrmati,et
2929 1558 3366 1612 lirmamentum
3384 1558 3517 1613 facti
3549 1564 3749 1614 contra

2091 1646 2346 1718 impetus
2378 1646 2759 1713 saevientium,
2793 1651 2849 1701 et
2876 1646 3026 1701 hanc
3047 1646 3294 1719 gloriam
3316 1649 3744 1719 respuentium:

2088 1745 2441 1800 annuntiant
2461 1762 2623 1817 opera
2644 1761 2917 1800 manuum
2938 1747 3071 1812 eius,
3098 1744 3157 1799 id
3185 1748 3291 1813 est,
3316 1745 3553 1817 propria
3574 1762 3749 1817 opera

324 1849 351 1875 ‹‹
386 1827 457 1880 Et
482 1844 762 1885 occursus
785 1832 912 1902 ejus
935 1851 1119 1907 usque
1140 1838 1210 1892 ad
1236 1856 1542 1895 summum
1564 1842 1729 1911 ejus:
1764 1858 1869 1897 nec
1890 1847 1979 1898 est
2010 1856 2055 1919 Β
2090 1834 2275 1901 Dei,id
2310 1839 2493 1901 est,ea
2521 1851 2695 1907 Opera
2727 1852 2853 1906 quae
2869 1834 3066 1888 nullus
3101 1835 3287 1889 facere
3310 1834 3500 1905 potuit
3523 1835 3635 1889 nisi
3659 1851 3748 1890 so-

325 1937 353 1961 ‹‹
393 1916 491 1985 qui
524 1933 585 1972 se
630 1917 949 1976 abscondat
980 1940 1012 1977 a
1038 1923 1223 1980 calore
1252 1928 1399 1995 ejus.
1444 1928 1553 1983 Lex
1604 1931 1827 1984 Domini
1863 1931 1977 1986 im-

320 2025 348 2050 ‹‹
376 2005 669 2060 maculata
684 2014 1024 2065 convertens
1048 2013 1294 2069 animas:
1321 2016 1719 2071 testimonium
1744 2018 1979 2074 Domini

320 2114 350 2139 ‹‹
387 2092 556 2148 fidele
581 2112 592 2147 :
619 2097 967 2167 sapientiam
992 2107 1271 2170 prmstans
1297 2105 1572 2174 parvulis.
1597 2106 1844 2161 Justitiaz
1868 2108 1977 2162 Do-

324 2204 353 2227 ‹‹
401 2181 547 2235 mini
580 2185 1156 2251 recta3,1zetiticantes
1214 2193 1421 2245 corda:
1484 2200 1835 2265 praeceptum
1874 2201 1977 2251 Do-

320 2291 352 2316 ‹‹
383 2269 531 2322 mini
556 2270 839 2341 lucidum,
870 2273 1214 2331 illuminans
1246 2279 1465 2334 oculos.
1500 2281 1701 2336 Timor
1751 2284 1976 2339 Domini

326 2380 359 2405 ‹‹
395 2361 659 2425 sanctus,
695 2377 1044 2431 permanens
1075 2366 1133 2419 in
1166 2366 1443 2422 saeculum
1476 2370 1668 2425 saeculi
1697 2390 1708 2425 :
1754 2373 1981 2442 judicia

324 2467 355 2492 ‹‹
394 2444 1190 2519 Dominivera,justiticatain
1208 2456 1539 2527 semetipsa.
1566 2460 1982 2517 Desiderabilia

323 2555 356 2582 «ι
391 2550 573 2604 super
628 2552 837 2591 aurum
864 2543 920 2593 et
972 2538 1223 2611 lapidem
1258 2545 1580 2614 pretiosum
1621 2548 1873 2603 multum
1923 2556 1981 2605 el:

324 2641 350 2669 ι
390 2621 650 2677 dulciora
681 2641 860 2695 super
882 2626 991 2680 mel
1030 2633 1087 2682 et
1120 2630 1334 2685 favum.
1370 2633 1592 2689 Etenim
1618 2652 1816 2692 servus
1841 2644 1979 2695 tuus

317 2732 349 2758 ‹‹
391 2711 647 2764 custodit
667 2728 754 2779 ea,
779 2712 838 2767 in
871 2716 1269 2772 custodiendis
1303 2718 1418 2775 illis
1439 2723 1741 2780 retributio
1769 2726 1973 2782 multa.

317 2822 347 2847 ‹‹
399 2798 613 2854 Delicta
626 2801 1045 2875 quisintelligit
1069 2807 1173 2860 Pab
1195 2808 1438 2864 occultis
1457 2812 1603 2866 meis
1624 2815 1841 2869 munda
1864 2833 1976 2882 me,

312 2908 343 2934 ‹‹
390 2891 447 2940 et
477 2888 550 2941 ab
581 2888 789 2944 alienis
818 2907 986 2962 parce
1014 2910 1178 2949 servo
1211 2901 1329 2951 tuo.
1364 2898 1421 2952 Si
1455 2900 1569 2953 mei
1602 2918 1715 2956 non
1764 2904 1981 2959 fuerint

308 2998 339 3022 ‹‹
388 2974 699 3043 dominati,
731 2982 871 3033 tunc
895 2980 1305 3039 immaculatus
1327 3002 1443 3055 ero,
1476 2992 1533 3042 et
1562 2992 1980 3049 emundabora

315 3085 339 3114 ι
381 3063 599 3119 delicto
632 3066 906 3121 maximo.
942 3069 1007 3123 Et
1037 3078 1206 3125 erunt
1231 3078 1295 3127 ut
1325 3076 1726 3147 complaceant
1746 3081 1981 3152 eloquia

311 3176 343 3203 ‹‹
380 3153 506 3207 oris
535 3155 670 3223 mei,
704 3160 760 3210 et
785 3156 1083 3214 meditatio
1109 3162 1301 3216 cordis
1325 3164 1435 3217 mei
1457 3165 1513 3219 in
1538 3176 1852 3239 conspectu
1876 3174 1977 3225 tuo

2086 1922 2178 1978 lus
2209 1924 2383 1978 Deus.
2414 1924 2480 1977 Et
2508 1924 2657 1977 hanc
2680 1923 3188 1978 annuntiationem
3221 1922 3443 1977 faciunt
3465 1939 3598 1977 cum
3624 1940 3744 1978 ma-

2087 2030 2202 2085 gna
2232 2012 2601 2079 discretione,
2628 2012 2765 2084 quia
2782 2011 2894 2065 dies
2922 2011 3035 2066 diei
3056 2015 3265 2065 eructat
3288 2012 3529 2080 verbum,
3552 2012 3607 2064 id
3634 2016 3743 2081 est,

2088 2102 2322 2172 perfecti
2338 2101 2607 2171 perfectis
2621 2118 2751 2155 cum
2767 2117 2979 2172 magna
2993 2100 3745 2156 meditationedivinitatem

2088 2190 2259 2245 Verbi
2292 2191 2664 2255 annuntiant,
2700 2190 2754 2242 id
2790 2195 2898 2253 est,
2933 2189 3305 2260 sapientiam.
3348 2189 3514 2243 Nunc
3547 2193 3743 2244 autem

2088 2279 2221 2339 dies.
2256 2279 2312 2332 id
2346 2283 2452 2344 est,
2486 2277 2571 2331 illi
2604 2277 2704 2348 qui
2736 2276 3052 2331 illuminati
3082 2281 3220 2331 sunt
3250 2295 3284 2331 a
3341 2276 3570 2333 Christo
3600 2294 3734 2332 vero

2091 2367 2249 2433 sole;
2284 2371 2347 2421 ut
2376 2366 2521 2421 illud
2550 2383 2562 2420 :
2622 2367 2815 2420 Illuxit
2844 2368 3000 2420 nobis
3030 2367 3110 2420 sol
3157 2366 3391 2437 justitia:
3444 2367 3590 2437 (Mat.
3624 2368 3702 2434 IV)
3730 2384 3743 2434 ;

2091 2465 2187 2520 alii
2219 2466 2329 2519 diei
2382 2467 2589 2519 eructat
2620 2464 2865 2529 verbum,
2927 2463 3065 2534 quia
3095 2463 3377 2518 cructatio
3408 2463 3481 2517 ab
3514 2462 3742 2517 intimis

2091 2554 2341 2621 ducitur,
2376 2558 2432 2607 et
2462 2552 2755 2623 significat
2787 2552 3107 2606 doctrinam
3129 2569 3253 2622 quae
3277 2552 3340 2605 fit
3371 2568 3504 2607 cum
3528 2567 3747 2623 magna

2090 2642 2465 2697 meditatione
2517 2645 2574 2694 et
2604 2641 2813 2694 intima
2842 2640 3216 2710 cogitatione.
3277 2640 3438 2704 Quod
3473 2644 3741 2695 eructare

2088 2732 2235 2785 bene
2257 2729 2611 2801 jungiturad
2632 2728 2971 2795 Verbum,id
3004 2727 3739 2793 estDivinitatem,scilicet

2089 2819 2159 2873 ad
2192 2818 2560 2889 sapientiam,
2586 2818 2727 2888 quia
2758 2816 3043 2888 sapientia
3073 2821 3161 2871 est
3184 2817 3517 2871 divinarum
3543 2832 3741 2871 rerum

2088 2906 2534 2979 cognitio.Unde
2553 2905 2858 2976 Apostolus
2881 2906 3249 2974 :Sapientiam
3279 2906 3557 2975 loquimur
3586 2908 3736 2959 inter

2082 2999 2349 3067 perfectos
2381 2997 2429 3065 (Ι
2459 2995 2578 3049 Cor.
2616 2995 2675 3062 ii)
2703 3013 2714 3048 :
2751 3010 2999 3064 quorum
3032 2994 3426 3049 eructantium
3452 3011 3605 3048 unus
3630 2992 3742 3048 fuit

2088 3085 2187 3155 qui
2221 3084 2383 3151 dixit,
2433 3085 2494 3137 In
2550 3084 2829 3153 principio
2860 3086 2981 3136 erat
3046 3082 3273 3137 Verbum
3328 3084 3509 3152 (.loan.
3546 3082 3606 3153 1).
3668 3078 3731 3137 Et

2086 3189 2199 3228 nox
2224 3174 2371 3227 nocti
2391 3172 2597 3226 indicat
2625 3173 2932 3238 scientiam,
2959 3172 3016 3225 id
3041 3176 3149 3240 est,
3175 3171 3499 3242 imperfecti
3519 3170 3737 3240 imper-

656 3219 663 3223 ,
1611 3219 1852 3239 Mr---“
1882 3219 1972 3225 η-
2090 3219 2195 3228 ην..
2227 3219 2366 3227 ..-νη
2393 3219 2592 3226 ...πη
2625 3219 2932 3238 .w--...-....-,
3045 3219 3149 3240 ,νη
3177 3219 3499 3242 ---τνηηη
3521 3219 3699 3240 ---τν-

312 3265 341 3289 ‹‹
384 3259 644 3314 semper.
707 3243 968 3315 Domine,
1023 3249 1257 3317 adjutor
1304 3267 1489 3318 meus,
1540 3259 1595 3307 et
1644 3257 1978 3328 redemptor
2008 3219 2049 3282 Ο
2089 3261 2252 3315 fectis
2284 3260 2598 3315 ostendunt
2644 3260 2989 3330 simpliciter
3018 3260 3447 3313 humanitatem
3479 3258 3736 3312 Christi:

311 3352 341 3379 ((
377 3346 573 3385 meus.

963 3424 1357 3480 ENARRATIO.

392 3527 459 3579 In
491 3526 657 3594 ﬁnem
679 3528 929 3597 psalmus
986 3530 1177 3595 David,
1214 3532 1268 3585 id
1303 3538 1411 3599 est,
1444 3533 1563 3589 haec
1594 3536 1749 3591 bona
1775 3538 1978 3593 exhor~

312 3615 494 3679 tatio,
521 3631 647 3684 quae
680 3615 736 3669 in
751 3615 859 3670 hoc
890 3617 1116 3688 psalmo
1138 3619 1501 3693 intelligitur,
1526 3630 1614 3679 est
1648 3626 1820 3681 David
1846 3644 1978 3698 pro-

307 3702 515 3773 phetae
548 3703 856 3775 dirigentis
888 3706 1173 3777 intideles,
1199 3711 1484 3783 prmeipue
1504 3715 1735 3769 Judzeos
1762 3718 1978 3787 quibus

307 3792 443 3846 haec
480 3792 813 3863 prophetat,
845 3796 904 3848 in
964 3796 1147 3865 finem,
1181 3798 1239 3852 id
1272 3806 1376 3869 est,
1434 3801 1489 3856 in
1520 3804 1708 3874 gratia
1738 3806 1975 3875 Christi,

307 3882 420 3951 qui
460 3886 553 3935 est
583 3881 718 3936 linis
750 3887 807 3936 et
837 3887 1429 3961 consummatiolegis
1461 3896 1517 3944 et
1534 3892 1973 3964 prophetarum.

306 3968 578 4024 Intentio
610 3969 904 4041 PrOphetze
936 3979 1025 4028 est
1056 3974 1111 4028 in
1144 3976 1253 4030 hoc
1284 3978 1508 4048 psalmo
1541 3981 1610 4034 ad
1630 3981 1977 4041 exhortatio-

305 4073 460 4113 nem
488 4062 545 4112 et
566 4059 861 4115 salubrem
884 4062 1339 4119 admonitionem
1366 4070 1775 4125 commendare
1795 4073 1980 4126 omni-

302 4147 455 4211 bus,
494 4151 548 4201 et
578 4148 864 4220 praecipue
892 4150 1129 4219 Judaeis,
1167 4154 1414 4224 gratiam
1439 4155 1579 4212 Novi
1600 4158 1977 4231 Testamenti,

300 4241 804 4291 consummatam
837 4253 941 4308 per
960 4239 1259 4295 Christum
1288 4261 1299 4295 :
1353 4244 1493 4310 Quia
1524 4245 1614 4298 lea:
1639 4264 1739 4316 per
1771 4249 1978 4319 Moysen

298 4324 453 4379 data
486 4332 582 4393 est,
615 4328 797 4393 gratia
821 4331 871 4382 et
902 4329 1105 4383 veritas
1126 4347 1220 4400 per
1240 4332 1423 4385 Iesum
1446 4332 1719 4389 Christum
1733 4338 1883 4405 facta
1902 4343 1983 4394 est

309 4414 520 4483 (Joan.
554 4413 628 4482 1):
666 4419 727 4467 ut
779 4415 1078 4472 credentes
1120 4418 1437 4485 salventur,
1471 4421 1753 4478 increduli
1786 4430 1980 4481 autem

298 4518 378 4557 eo
394 4500 646 4574 gravius
659 4503 1155 4576 damnentur,quo
1175 4507 1362 4578 magis
1384 4508 1499 4563 illis
1522 4509 1793 4567 innotuit.
1813 4514 1981 4569 Com-

299 4590 572 4645 mendat
600 4595 793 4646 autem
810 4592 959 4647 hanc
980 4594 1223 4663 gratiam
1247 4614 1315 4649 ex
1342 4598 1818 4667 praedicatoribus
1833 4605 1981 4673 ejus,
2017 4581 2059 4644 D

296 4685 363 4734 et
400 4695 484 4734 ex
516 4678 864 4735 discretione
914 4683 1360 4753 praedicationis,
1395 4691 1451 4740 et
1498 4704 1566 4742 ex
1598 4689 1985 4761 amplitudine

294 4768 523 4839 ipsius
546 4768 973 4839 przedicationis
1000 4773 1168 4842 :quia
1186 4775 1836 4849 omnibuslinguisetin
1861 4798 1985 4836 om-

298 4874 465 4911 nem
505 4864 735 4913 terram.
772 4859 840 4912 Et
872 4876 973 4929 per
1004 4861 1264 4923 auxesin,
1306 4868 1697 4936 comparando
1729 4885 1855 4924 eam
1888 4889 1987 4926 ve-

2088 3367 2215 3420 quas
2244 3347 2460 3401 dicitur
2486 3348 2741 3409 scientia,
2775 3348 2910 3416 quia
2942 3346 3186 3401 scientia
3216 3350 3303 3399 est
3324 3346 3393 3400 de
3420 3345 3699 3400 humanis
3726 3363 3738 3400 :

2089 3437 2241 3491 unde
2275 3433 2587 3505 Apostolus
2614 3450 2627 3488 :
2674 3434 2825 3487 Nihil
2854 3438 3001 3489 enim
3020 3433 3273 3504 judicavi
3302 3450 3388 3488 me
3414 3436 3556 3488 scire
3588 3434 3739 3488 inter

2086 3525 2315 3591 vos,nisi
2346 3522 2622 3575 Christum
2640 3523 2903 3591 Jesum,et
2936 3523 3080 3577 hunc
3094 3522 3419 3591 cruciﬁxum
3441 3525 3489 3593 (I
3505 3522 3625 3576 Cor.
3653 3522 3737 3593 II).

2088 3622 2209 3676 Nox
2239 3621 2515 3675 dicuntur
2543 3617 2889 3690 imperfecti,
2924 3620 3141 3690 quibus
3166 3618 3251 3674 sol
3274 3618 3371 3673 ille
3398 3635 3568 3673 verus
3602 3635 3747 3673 non-

2088 3710 2229 3764 dum
2261 3707 2471 3773 illuxit,
2506 3707 2604 3779 qui
2626 3708 2887 3762 nondum
2907 3707 3274 3762 altitudinem
3299 3705 3623 3760 divinitatis
3645 3721 3747 3759 ca-

2087 3816 2221 3871 pere
2252 3798 2461 3864 valent,
2496 3796 2640 3853 tales
2674 3815 2785 3852 nou
2819 3800 3085 3852 eructant
3112 3795 3391 3861 verbum;
3453 3795 3552 3850 sed
3597 3792 3749 3848 indi-

2088 3893 2241 3954 cant,
2272 3886 2329 3941 id
2361 3892 2470 3954 est,
2496 3886 2865 3957 simplicibus
2887 3884 3078 3941 verbis
3102 3885 3417 3939 ostendunt
3441 3882 3745 3939 scienliam

2088 3977 2147 4031 id
2180 3981 2269 4031 est
2294 3975 2754 4030 incarnationem
2777 3974 2971 4043 Verbi,
3003 3973 3087 4029 vel
3111 3978 3359 4046 possunt
3381 3973 3573 4029 dicere
3587 3972 3745 4044 quod

2088 4064 2171 4119 illi
2203 4064 2382 4119 iidem
2407 4066 2505 4135 qui
2541 4063 2663 4119 dies
2696 4064 2809 4118 diei
2836 4068 3104 4119 eructant
3121 4062 3745 4127 verbum,condescen-

2090 4154 2293 4220 dentes
2333 4152 2591 4223 parvulis
2652 4152 2938 4220 Ecclesiae,
2976 4153 3111 4208 facti
3145 4170 3258 4207 nox
3289 4151 3551 4206 indicant
3582 4149 3740 4205 nocti
3790 4146 3797 4155 ’

2091 4241 2431 4307 scientiam;
2484 4242 2635 4295 unde
2667 4241 2810 4297 illud
2839 4260 2850 4297 :
2900 4245 3012 4298 Lac
3042 4243 3195 4297 vobis
3240 4244 3428 4311 potum
3458 4237 3601 4306 dedi,
3638 4253 3745 4291 non

2090 4347 2266 4385 escam
2291 4348 2303 4395 ;
2331 4328 2577 4383 nondum
2603 4333 2752 4384 enim
2782 4333 3051 4399 poteratis
3077 4330 3317 4385 solidum
3340 4328 3526 4382 cibum
3550 4340 3749 4394 capere

2093 4421 2140 4491 (Ι
2169 4419 2288 4473 Cor.
2326 4418 2506 4486 iu).Et
2527 4417 2673 4472 hanc
2697 4418 3201 4473 annuntiationem
3236 4415 3457 4469 faciunt
3484 4413 3543 4466 in
3563 4411 3749 4480 pleni-

2093 4508 2295 4562 tudine
2324 4505 2589 4561 omnium
2614 4505 3199 4581 linguarum,scilicet
3220 4519 3329 4558 non
3352 4508 3480 4556 sunt
3498 4500 3748 4573 loquelae,

2095 4596 2149 4649 id
2183 4600 2271 4651 est
2306 4596 2537 4666 lingua,
2570 4610 2743 4664 neque
2769 4610 3065 4660 sermones,
3100 4593 3157 4647 id
3212 4596 3300 4647 est
3330 4590 3658 4657 varietates,
3692 4588 3749 4644 in

2097 4685 2240 4756 ipsis
2271 4684 2509 4755 linguis,
2534 4699 2767 4754 quorum
2786 4698 3120 4737 sermonum
3144 4697 3292 4736 voces
3310 4697 3421 4735 non
3450 4681 3755 4735 audiantur

2097 4791 2130 4827 a
2160 4772 2638 4845 praedicatoribus
2669 4771 2808 4827 Novi
2855 4772 3213 4827 Testamenti
3241 4788 3253 4824 ε
3288 4771 3369 4824 ita
3398 4767 3649 4840 proprie,
3694 4769 3757 4821 ut

2096 4879 2282 4918 eorum
2314 4878 2611 4915 sermones
2629 4860 3076 4926 videantur,non
3102 4859 3302 4915 aliena)
3327 4854 3759 4928 linguannus-

300 4946 429 4999 teri
470 4944 586 5015 legi
619 4945 1042 5003 administratae
1074 4966 1176 5021 per
1203 4968 1454 5007 servum.
1834 4970 1837 4971 '

384 5033 539 5089 Caeli
561 5043 830 5089 enarrant
855 5037 1091 5105 gloriam
1124 5040 1237 5093 Dei.
1273 5044 1344 5095 Ac
1376 5043 1423 5096 si
1450 5043 1603 5098 dicat
1627 5064 1644 5098 :
1667 5046 1991 5104 Exteriores

300 5122 461 5177 caeli
497 5129 1187 5196 enarraverunt,quando
1220 5134 1356 5184 nato
1380 5131 1627 5188 Domino
1654 5152 1799 5190 nova
1822 5137 1993 5192 stella

297 5210 611 5285 apparuit
640 5213 844 5283 (Matth.
885 5216 971 5285 II),
1004 5221 1060 5270 et
1090 5218 1323 5287 quando
1355 5221 1480 5274 cceli
1514 5224 1696 5292 aperti
1730 5230 1869 5279 sunt
1901 5243 1993 5281 su-

296 5317 424 5372 per
460 5316 623 5366 eum,
657 5307 712 5355 et
742 5320 849 5357 vox
880 5304 1081 5359 audita
1109 5312 1233 5371 est;
1267 5308 1364 5361 Hic
1391 5312 1470 5363 est
1486 5311 1660 5365 Filius
1692 5329 1841 5367 meus
1863 5315 1993 5369 dile-

295 5394 442 5446 ctus
486 5389 692 5455 (Matth.
727 5394 814 5463 ιιι)
842 5418 855 5457 ;
888 5394 1050 5449 vobis
1078 5395 1300 5450 Judaeis
1323 5406 1741 5454 enarraverunt
1759 5404 1995 5471 gloriam

291 5481 445 5546 Dei,
488 5477 546 5531 id
577 5483 666 5534 est
696 5481 903 5537 Filium
936 5482 1057 5549 Dei,
1093 5483 1149 5537 in
1182 5500 1296 5554 quo
1329 5489 1480 5539 Deus
1508 5490 1677 5543 Pater
1705 5490 1997 5553 gloriosus

290 5566 706 5641 apparuitEt
736 5587 850 5626 non
871 5571 1062 5627 solum
1096 5572 1178 5626 illi
1200 5572 1512 5629 exteriores
1531 5575 1794 5643 cmli,sed
1820 5581 1997 5637 etiam

303 5655 589 5732 quidam
610 5657 915 5719 interiores
947 5678 1197 5737 quorum
1224 5662 1422 5720 anima
1443 5666 1612 5723 sedes
1643 5668 1738 5726 Dei
1762 5673 1871 5738 est,
1896 5673 1997 5745 qui

2100 4951 2350 5022 quisque
2383 4949 2778 5019 apostolorum
2812 4949 3016 5004 habuit
3048 4965 3255 5003 omnes
3288 4946 3561 5016 linguas;
3600 4941 3755 5012 quod

2103 5040 2409 5111 ﬁgurabat,
2445 5039 2599 5109 quod
2635 5038 2731 5092 ille
2764 5055 2934 5109 quem
2974 5036 3368 5108 praedicabant
3389 5050 3455 5087 ex
3478 5030 3759 5087 omnibus

2102 5129 2367 5184 omnium
2404 5126 2736 5198 linguarum
2789 5144 2942 5181 unus
2990 5125 3257 5180 Christus
3309 5118 3757 5193 congregandus

2102 5218 2319 5274 erat.Et
2351 5216 2489 5287 quia
2513 5233 2716 5271 omnes
2743 5216 2973 5286 linguas
2997 5212 3435 5277 noverunt,ideo
3460 5212 3518 5265 in
3541 5222 3759 5263 omnem

2103 5316 2307 5363 terram
2337 5306 2507 5360 exivit
2532 5304 2779 5367 sonus,id
2814 5308 2902 5357 est
2934 5301 3286 5373 praedicatio,
3318 5315 3525 5365 eorum,
3560 5296 3615 5350 id
3647 5298 3757 5361 est,

2104 5404 2163 5457 in
2197 5419 2431 5458 omnem
2450 5400 2740 5455 ambitum
2762 5399 3106 5455 terraeBene
3129 5398 3323 5464 exivit,
3349 5396 3487 5467 quia
3510 5390 3755 5466 prius'in

2106 5493 2303 5547 Judaea
2334 5491 2834 5562 praedicaverunt;
2869 5490 3022 5543 unde
3056 5486 3199 5541 illud
3234 5504 3247 5541 :
3309 5483 3656 5555 Incipientes
3687 5480 3761 5536 ab

2107 5580 2431 5635 Jerusalem
2456 5594 2580 5650 quas
2610 5582 2699 5633 est
2731 5578 2789 5632 in
2823 5577 3015 5633 medio
3046 5582 3211 5632 terrae
3243 5579 3396 5643 (Luc.
3449 5570 3600 5643 xx1v)
3635 5587 3652 5629 ι
3682 5568 3766 5627 ibi

2109 5669 2265 5728 enim
2295 5670 2489 5740 natus,
2522 5668 2603 5725 ibi
2629 5684 2865 5743 passus,
2899 5667 2977 5724 ibi
3011 5666 3174 5741 prius
3203 5662 3577 5738 preedicatus.
3613 5660 3677 5717 Et
3700 5660 3765 5721 in
