4016 6192
287 355 404 416 239

858 356 1156 420 REMIGII
1202 355 1946 420 ANTISSIODORENSIS
1991 357 2161 418 OPP.
2208 358 2411 419 PARS
2456 357 2503 416 Ι.
2537 388 2615 402 -
2644 356 3102 418 EXEGETICA.

3561 351 3679 415 240

284 490 420 558 ﬁnes
448 487 598 546 orbis
627 497 816 558 terrm,
845 489 906 544 id
937 495 1038 558 est,
1075 491 1132 545 in
1156 492 1490 563 adjacentes
1519 490 1743 546 insulas
1765 490 1928 545 verba
1955 492 2011 556 Α
2041 489 2152 545 sibi
2184 491 2714 561 occurreret,id,est
2741 490 2961 561 aequale
2984 491 3684 564 esset,praetersummum

287 593 495 634 eorum.
527 577 741 634 Aliter:
801 579 924 634 Non
951 589 1080 636 sunt
1137 582 1390 652 loquelae,
1439 597 1610 652 neque
1657 595 1933 635 sermones

285 681 523 737 quorum
550 683 660 723 non
680 685 753 723 au
765 668 1150 724 dianturvoces
1170 685 1376 725 eorum.
1406 668 1581 732 Quasi
1607 668 1788 724 dicat:
1819 669 1932 722 Nec

283 753 366 809 ibi
395 761 626 811 tantum
658 763 1074 814 enarraverunt
1112 758 1241 814 illas
1272 757 1525 830 linguas,
1567 757 1653 811 vel
1686 756 1930 829 gloriam

284 840 387 898 Dei
416 843 535 900 illis
557 845 773 918 linguis
804 846 902 900 ubi
935 864 1031 902 eas
1060 846 1389 902 didicerunt
1419 864 1452 901 a
1482 847 1702 918 Spiritu
1728 849 1930 900 sancto

285 932 458 1004 docti,
480 935 579 1006 qui
603 934 685 990 eis
717 935 1056 1007 apparuitin
1089 935 1473 1007 specieignis,
1498 935 1715 989 frenum
1740 933 1931 988 carnis

285 1038 486 1078 eorum
517 1029 997 1097 consumpturus,
1057 1042 1269 1080 aurum
1301 1041 1504 1080 eorum
1537 1024 1888 1095 probaturus
1915 1040 1928 1090 ;

284 1111 385 1167 sed
416 1111 473 1166 in
495 1128 728 1168 omnem
760 1119 974 1170 terram
998 1114 1171 1170 exivit
1195 1131 1376 1170 sonus
1400 1129 1622 1168 eorum.
1642 1111 1822 1167 Aliter
1841 1129 1853 1166 :
1871 1111 1932 1165 In

283 1215 498 1256 omnem
522 1204 751 1270 terram,
785 1201 842 1256 id
875 1208 984 1270 est,
1033 1203 1092 1256 in
1124 1219 1327 1258 omnes
1364 1207 1594 1257 vocatos
1651 1207 1708 1256 et
1736 1217 1928 1257 sacra-

282 1289 497 1345 mentis
529 1290 940 1348 ecclesiasticis
972 1291 1249 1346 initiatos.
1311 1293 1496 1346 Exivit
1522 1307 1686 1346 sonus
1723 1305 1926 1356 eorum,

279 1378 338 1434 id
363 1383 453 1435 est
473 1379 827 1450 praedicatio,
857 1396 984 1450 quae
1012 1378 1128 1434 illis
1155 1380 1456 1435 fuitsonus
1483 1398 1495 1434 :
1521 1380 1658 1451 quia
1681 1394 1820 1432 aure
1842 1393 1932 1431 so-

278 1466 404 1524 lum
435 1467 694 1539 corporis
723 1472 1084 1540 receperunt,
1115 1471 1172 1523 et
1218 1486 1334 1524 non
1366 1485 1506 1524 aure
1557 1466 1772 1532 cordis,
1806 1483 1930 1537 qua:

279 1560 369 1613 est
389 1556 551 1612 auris
577 1557 888 1612 audiendit
913 1556 1058 1614 tales
1087 1557 1466 1613 nominantur
1487 1561 1718 1612 tantum
1744 1560 1924 1610 terrea.

278 1655 349 1710 Et
377 1671 492 1710 non
525 1659 754 1709 tantum
788 1655 846 1709 in
877 1656 1078 1710 orbem
1096 1659 1286 1724 terrae,
1311 1655 1366 1708 id
1386 1658 1495 1723 est,
1522 1655 1808 1726 perfectos
1829 1651 1929 1723 qui

280 1761 342 1798 se
363 1744 490 1815 jam
523 1747 716 1798 mente
749 1747 1165 1798 contraxerunt
1197 1761 1230 1798 a
1251 1742 1519 1809 terrenis,
1547 1743 1647 1798 sed
1673 1731 1846 1797 etiam
1871 1742 1927 1795 in

277 1834 414 1904 ﬁnes
446 1832 592 1887 orbis
623 1835 805 1900 terrae,
859 1832 915 1886 id
948 1836 1054 1902 est,
1088 1831 1526 1887 excellentiores
1557 1829 1927 1885 excellentio-
1960 1864 2006 1924 Β

280 1922 463 1978 ribus.
497 1921 687 1976 Verba
715 1937 917 1976 eorum
957 1921 1071 1976 illis
1098 1922 1335 1975 fuerunt
1356 1921 1551 1986 verba,
1582 1919 1682 1990 qui
1703 1923 1762 1973 et
1791 1934 1929 1974 aure

283 2011 475 2066 cordis
501 2013 902 2082 perceperunt,
936 2014 992 2065 et
1023 2024 1194 2082 opere
1223 2008 1677 2080 compleverunt.
1716 2007 1928 2061 Eorum

283 2100 432 2168 dico,
488 2100 806 2156 dicentium
833 2117 846 2154 :
896 2099 1049 2153 Deus
1081 2101 1141 2152 in
1168 2098 1282 2152 sole
1310 2100 1490 2160 posuit
1517 2097 1931 2153 tabernaculum

279 2209 462 2259 suum,
493 2192 550 2246 id
580 2194 669 2246 est
716 2205 948 2244 carnem
981 2204 1171 2253 suam,
1211 2187 1270 2242 in
1303 2204 1422 2258 qua
1450 2187 1520 2242 ad
1551 2192 1784 2258 tempus
1816 2186 1930 2241 Deo

280 2281 439 2338 Patri
471 2279 773 2347 militavit,
801 2279 986 2351 posuit
1010 2279 1068 2332 in
1086 2277 1216 2344 sole,
1249 2277 1308 2331 id
1330 2281 1436 2348 est,
1462 2276 1931 2332 manifestatione

277 2372 568 2427 bonorum
588 2385 851 2441 operum,
904 2366 1040 2440 quia
1069 2367 1335 2422 inﬁrmos
1367 2366 1613 2434 curavit,
1665 2370 1929 2420 mortuos

282 2457 608 2523 suscitavit,
641 2460 972 2528 peccatores
993 2455 1359 2524 justiﬁcavit.
1385 2454 1547 2509 Unde
1573 2471 1675 2525 per
1699 2456 1928 2508 contra-

283 2547 474 2602 rium:
509 2543 616 2608 Qui
647 2549 805 2599 amat
835 2543 1124 2605 tenebras,
1155 2543 1278 2596 odit
1318 2541 1532 2611 lucem,
1563 2540 1673 2607 vel,
1707 2543 1768 2594 in
1796 2542 1929 2606 sole,

281 2644 338 2698 id
372 2646 461 2698 est
491 2641 550 2696 in
583 2639 800 2706 labore,
829 2641 900 2695 ad
931 2638 1261 2710 exemplum
1287 2654 1551 2694 suorum.
1576 2636 1756 2692 Aliter
1782 2655 1792 2690 :
1832 2638 1930 2691 Ta-

283 2731 660 2792 bernaculum,
692 2729 747 2784 id
780 2733 868 2784 est
897 2727 1150 2782 Ecclesia
1181 2728 1240 2782 in
1271 2744 1388 2798 qua
1418 2727 1633 2783 militat
1654 2727 1844 2797 posuit
1869 2727 1928 2780 in

282 2822 414 2896 sole,
451 2826 515 2876 ut
546 2836 746 2892 supra.
777 2819 865 2885 Et,
898 2822 963 2872 ut
993 2834 1110 2872 suae
1133 2815 1397 2871 Ecclesiae
1431 2816 1710 2888 praeberet
1732 2833 1928 2870 exem-

279 2911 448 2986 plum
479 2910 643 2965 bonae
661 2907 1014 2981 operationis
1028 2910 1085 2962 et
1104 2905 1338 2972 laboris,
1360 2908 1472 2978 ipse
1495 2914 1756 2976 tanquam
1775 2922 1932 2977 spon-

286 3019 378 3057 sus
427 3000 724 3072 procedens
754 2996 820 3052 de
875 2996 1127 3052 thalamo
1173 3010 1310 3062 suo;
1353 2995 1423 3049 ad
1482 2993 1931 3049 similitudinem

289 3090 514 3164 sponsi,
544 3088 644 3160 qui
665 3087 861 3144 exiens
886 3085 956 3140 de
986 3083 1264 3151 thalamo,
1297 3084 1354 3139 id
1378 3091 1466 3140 est
1488 3082 1733 3153 nuptiali
1761 3081 1930 3149 lecto,

288 3179 507 3234 incedit
533 3177 710 3233 variis
736 3175 1095 3232 ornamentis
1118 3179 1360 3229 ornatus
1385 3191 1397 3227 :
1433 3173 1511 3228 ita
1559 3172 1829 3228 Christus
1860 3172 1931 3227 de

294 3272 458 3324 utero
476 3267 658 3323 beatae
689 3264 900 3330 Mariae,
933 3264 991 3318 in
1025 3279 1139 3335 quo
1171 3261 1282 3317 sibi
1305 3277 1603 3332 sponsam,
1638 3260 1694 3315 id
1721 3265 1810 3316 est
1831 3260 1935 3315 Ec-

291 3357 532 3414 clesiam
562 3372 754 3420 suam,
786 3353 1140 3410 assumendo
1163 3355 1422 3406 nostram
1453 3367 1685 3405 carnem
1709 3348 1944 3421 copula-

292 3447 396 3517 vit,
428 3444 702 3501 omnihus
730 3441 1045 3498 virtutibus
1062 3445 1302 3495 ornatus
1337 3439 1544 3508 exivit;
1579 3444 1634 3494 et
1657 3438 1944 3511 praecipue

293 3533 769 3604 humilitate,qua
784 3530 1120 3602 superbiam
1137 3528 1493 3584 inimicierat
1515 3528 1939 3584 destructurus.

295 3633 422 3704 Ipse
452 3630 647 3688 taliter
684 3633 926 3685 ornatus
955 3628 1281 3696 exsultavit,
1332 3626 1389 3680 id
1420 3631 1525 3691 est,
1587 3625 1945 3680 exsultantcr

291 3722 414 3788 ivit,
445 3725 503 3777 ut
529 3721 705 3791 gigas,
739 3718 796 3772 id
829 3721 918 3772 est
970 3721 1035 3772 ut
1069 3715 1257 3781 fortis,
1317 3715 1389 3770 ad
1415 3714 1742 3769 currendum
1772 3716 1940 3779 viam,

292 3829 408 3868 non
440 3816 504 3866 ut
523 3810 886 3865 detineretur
906 3805 966 3860 in
998 3805 1092 3862 via
1117 3822 1128 3858 :
1162 3803 1496 3858 humilitate
1518 3803 1673 3857 enim
1689 3819 1791 3874 per
1811 3802 1945 3856 cha-

292 3900 523 3956 ritatem
546 3899 654 3952 fuit
680 3896 833 3951 infra
861 3912 1085 3959 omnes,
1122 3894 1424 3964 majestate
1447 3908 1576 3946 vero
1609 3908 1789 3962 supra
1819 3907 1941 3944 om-

294 4005 418 4044 nes.
451 3987 592 4057 Ejus
622 3985 876 4040 charitas
907 3988 963 4039 et
993 3981 1296 4037 humilitas
1326 3998 1440 4036 non
1485 3985 1575 4035 est
1605 3997 1780 4052 passa
1808 3995 1940 4034 eum

295 4076 600 4141 retardari,
633 4079 696 4129 ut
716 4074 1132 4144 dedignaretur
1162 4072 1280 4144 pati
1313 4071 1556 4140 indigna
1581 4069 1839 4141 corporis
1886 4073 1944 4124 et

297 4167 540 4237 abjecta.
568 4163 830 4219 Potentia
859 4177 994 4216 vero
1019 4162 1148 4231 ejus
1169 4159 1493 4214 divinitatis
1530 4175 1642 4213 non
1675 4157 1940 4230 permisit

297 4253 529 4310 attineri
549 4253 606 4307 in
649 4255 856 4318 morte,
888 4267 992 4304 nec
1024 4248 1145 4304 ulla
1174 4248 1416 4303 adversa
1441 4248 1773 4303 formidare.
1808 4247 1939 4302 Ideo

295 4346 354 4400 in
386 4343 480 4398 via
501 4329 789 4408 cucurrit;
815 4356 931 4395 non
954 4341 1043 4393 est
1063 4337 1334 4392 detentus
1360 4337 1419 4391 in
1441 4336 1550 4391 via.
1584 4339 1768 4401 Quam
1787 4337 1938 4391 viam

294 4434 420 4506 ipse
449 4430 774 4502 subjungit.
806 4429 846 4482 A
876 4443 1095 4483 summo
1123 4427 1250 4481 caelo
1271 4427 1507 4496 egressio
1534 4441 1670 4497 ejus,
1696 4425 1752 4480 id
1775 4429 1884 4492 est,
1908 4442 1941 4480 a

296 4521 463 4576 Patre
491 4518 752 4591 procedit
780 4516 1058 4581 Verbum,
1091 4513 1193 4585 qui
1250 4530 1551 4568 summurn
1583 4512 1790 4568 ccelum
1824 4513 1939 4568 dici

2041 578 2170 649 ejus
2203 595 2236 632 a
2264 596 2374 649 quo
2433 596 2666 634 summo
2712 595 2985 651 egressus
3033 585 3142 654 est,
3203 577 3262 632 id
3292 582 3382 633 est
3428 577 3615 632 Patre.
3644 577 3683 631 Α

2039 684 2254 723 summo
2282 668 2434 733 caelo,
2466 667 2520 721 id
2555 673 2642 723 est
2663 685 2694 722 a
2726 672 2916 732 Patre,
2943 667 3200 739 egressio
3229 667 3378 738 ejus,
3402 672 3461 721 et
3488 682 3690 721 occur-

2041 774 2144 811 sus
2164 759 2291 827 ejus
2324 773 2511 827 usque
2535 757 2605 811 ad
2634 774 2933 811 summum
2967 756 3180 828 ejus,id
3213 761 3444 821 est,non
3472 754 3696 810 invenit

2041 847 2192 918 quod
2222 846 2333 900 sibi
2366 851 2694 900 occurreret
2721 862 2906 916 usque
2927 847 3000 900 ad
3029 862 3330 900 summum
3353 845 3502 915 ejus,
3528 844 3585 897 id
3606 847 3697 898 est

2041 952 2227 1006 usque
2241 935 2377 990 dum
2402 935 2571 989 rediit
2586 935 2654 988 ad
2674 933 3068 1005 aequalitatem
3084 933 3476 999 Patris,rediit
3494 938 3691 987 tamen

2040 1028 2437 1095 competenter
2454 1029 2712 1094 accepto.
2737 1023 2954 1078 Aliter:
2992 1022 3130 1078 Certi
3158 1025 3421 1078 enarrant
3445 1023 3691 1093 gloriam

2041 1114 2154 1167 Dei.
2189 1113 2373 1176 Quam
2421 1112 2716 1184 gloriam?
2769 1115 2829 1166 In
2869 1111 2988 1167 sole
3038 1114 3221 1180 posuit
3261 1112 3692 1166 tabernaculum

2037 1217 2217 1256 suum.
2243 1206 2437 1256 Potest
2459 1207 2515 1257 et
2540 1200 2623 1256 sic
2648 1201 3004 1256 continuari:
3031 1203 3090 1256 In
3115 1217 3334 1256 omnem
3353 1205 3561 1255 terram
3575 1201 3692 1254 exi-

2040 1293 2116 1344 vit
2145 1307 2306 1346 sonus
2334 1307 2546 1355 eorum,
2579 1294 2630 1344 et
2660 1293 2719 1344 in
2747 1291 2883 1360 ﬁnes
2913 1291 3058 1345 orbis
3090 1293 3256 1346 terrae
3284 1290 3446 1345 verba
3477 1305 3686 1346 eorum.

2041 1388 2109 1441 Et
2139 1386 2268 1441 ideo
2301 1393 2458 1460 patet
2479 1389 2635 1459 quod
2669 1390 2728 1442 in
2756 1389 2952 1454 sole,id
2983 1389 3154 1458 est,in
3180 1393 3380 1460 aperto
3408 1393 3466 1443 et
3489 1387 3547 1442 in
3570 1404 3691 1443 am-

2041 1475 2463 1546 plitudine,non
2490 1478 2548 1530 in
2568 1476 2782 1548 angulo
2806 1477 3004 1548 aliquo
3027 1482 3335 1542 terrae,non
3360 1476 3417 1531 in
3439 1475 3690 1545 occulto,

2042 1573 2101 1618 ut
2133 1564 2374 1636 quidam
2405 1565 2660 1621 haeretici
2691 1566 2914 1633 dicunt,
2947 1564 3370 1621 tabernaculum
3398 1582 3579 1631 suum,
3630 1565 3690 1620 id

2040 1657 2129 1708 est
2157 1653 2413 1709 Ecclesia
2443 1671 2551 1710 sua
2571 1671 2591 1716 ;
2626 1659 2688 1710 ut
2719 1655 2826 1710 hoc
2857 1655 2935 1710 sit
2984 1655 3203 1710 dictum
3236 1658 3438 1709 contra
3463 1653 3690 1709 haereti-

2039 1759 2136 1798 cos
2150 1744 2458 1813 quosdam,
2474 1743 2571 1814 qui
2586 1744 2790 1798 dicunt
2810 1763 2829 1800 :
2844 1745 2984 1798 Ecce
3000 1744 3151 1815 apud
3175 1760 3282 1798 nos
3293 1747 3382 1798 est
3399 1743 3693 1812 Christus,

2039 1831 2280 1886 transite
2312 1832 2382 1885 ad
2415 1836 2669 1887 nos.Hoc
2700 1833 3023 1887 secundum
3053 1832 3585 1902 Angustinum.l\'ec
3610 1836 3694 1888 est

2042 1922 2138 1991 qui
2164 1935 2221 1974 se
2240 1921 2531 1975 abscondat
2554 1922 2777 1976 acalore
2789 1923 3247 1993 ejus.anusque
3260 1920 3497 1976 fuerunt
3520 1921 3695 1977 verba

2042 2008 2441 2080 apostolorum
2469 2027 2480 2064 :
2544 2026 2700 2065 nunc
2732 2011 2879 2064 redit
2935 2010 3222 2081 Propheta
3252 2011 3323 2064 ad
3355 2011 3529 2066 verba
3561 2027 3690 2066 sua.

2041 2107 2212 2170 Quasi
2237 2107 2391 2162 dicat
2416 2124 2427 2162 :
2462 2107 2529 2162 Et
2550 2107 2678 2162 ideo
2702 2106 2839 2179 quia
2862 2112 2980 2162 tam
3002 2113 3207 2179 potens
3225 2112 3313 2162 est
3341 2113 3399 2162 et
3429 2112 3549 2162 tam
3576 2125 3696 2165 ma-

2041 2196 2249 2251 nifeste
2279 2196 2758 2268 praedicatusmon
2800 2201 2876 2251 est
2907 2199 3002 2268 qui
3055 2213 3114 2251 se
3141 2196 3456 2265 abscondat,
3490 2197 3547 2252 id
3580 2203 3692 2266 est,

2041 2301 2319 2340 excusare
2351 2285 2538 2357 possit
2568 2302 2601 2339 (ι
2617 2285 2797 2339 calore
2821 2283 2958 2354 ejus,
2984 2285 3039 2338 id
3058 2289 3165 2352 est,
3201 2302 3234 2338 a
3254 2285 3588 2356 cognitione
3606 2285 3697 2341 vel

2039 2392 2070 2428 a
2095 2391 2354 2429 munere.
2388 2374 2552 2429 Sicut
2580 2374 2738 2428 enim
2772 2390 3018 2446 magnus
3048 2373 3203 2446 ignis
3235 2372 3383 2429 calet
3413 2378 3472 2429 et
3495 2374 3693 2446 splen-

2039 2463 2155 2528 det,
2187 2462 2268 2516 ita
2298 2462 2562 2518 Christus
2593 2462 2777 2531 calet;
2814 2463 2952 2534 quia
2985 2463 3180 2518 nullus
3210 2468 3299 2518 est
3319 2463 3422 2535 qui
3443 2481 3560 2519 non
3592 2463 3696 2519 ha-

2041 2551 2173 2606 beat
2203 2550 2438 2622 aliquod
2472 2569 2689 2606 munus
2749 2568 2868 2606 suae
2921 2549 3123 2624 gratiae
3175 2569 3290 2623 quo
3337 2568 3474 2607 eum
3507 2552 3697 2624 possit
3765 2560 3767 2562 ’

2040 2655 2372 2710 agnoscere,
2401 2656 2504 2694 nec
2527 2641 2703 2695 etiam
2727 2656 2989 2712 paganus
3015 2639 3250 2711 aliquis.
3274 2639 3487 2696 Nullus
3512 2658 3575 2697 se
3595 2658 3695 2696 ex-

2040 2745 2243 2784 cusare
2273 2730 2542 2800 potestde
2556 2728 3052 2801 cognitione,quia
3081 2729 3384 2784 nullusest
3413 2747 3633 2786 vacuus
3661 2747 3696 2785 a

2041 2834 2299 2884 munere,
2313 2817 2632 2874 lnvisihilia
2644 2819 2798 2873 enim
2815 2818 3002 2890 ipsius
3025 2834 3203 2890 perea
3218 2835 3346 2890 quae
3361 2819 3514 2875 facta
3531 2824 3692 2885 sunt,

2040 2905 2614 2978 intellecta,con3pici
2648 2911 3008 2979 possuntper
3039 2907 3322 2962 rationem
3347 2907 3691 2964 hominibus

2041 2996 2234 3050 datam
2267 2995 2439 3066 (Rom.
2473 2999 2532 3066 1).
2590 2997 2657 3050 Et
2694 3013 2804 3052 non
2839 2997 3076 3063 mirum,
3111 2996 3160 3051 si
3191 2995 3388 3052 nullus
3416 3013 3479 3052 se
3508 2997 3694 3069 possit

2039 3100 2316 3140 excusare
2345 3085 2414 3139 de
2433 3084 2540 3138 hac
2561 3083 2745 3156 gloria
2768 3102 2781 3152 ;
2810 3085 2962 3156 quod
2985 3102 3113 3140 eam
3137 3101 3252 3140 non
3274 3085 3458 3156 possit
3478 3085 3696 3140 intelli-

2049 3190 2182 3246 gere
2209 3172 2295 3228 vel
2318 3173 2791 3244 observare,quia
2821 3176 2909 3229 (ea:
2937 3174 3220 3242 Domni,id
3251 3179 3333 3229 est
3356 3173 3442 3227 lex
3460 3173 3694 3243 gratias,

2054 3280 2180 3334 quae
2202 3269 2289 3318 est
2317 3263 2586 3318 Christus
2608 3267 2664 3316 et
2685 3263 2813 3333 ejus
2835 3263 3251 3318 mandata.Lex
3269 3264 3412 3318 enim
3432 3278 3528 3332 per
3550 3261 3696 3333 Moy-

2050 3368 2144 3407 sen
2172 3352 2301 3406 data
2355 3357 2452 3423 est,
2504 3354 2692 3423 gratia
2736 3360 2787 3406 et
2814 3353 3017 3408 veritas
3041 3368 3148 3422 per
3196 3354 3383 3408 Jesum
3414 3350 3701 3406 Christum

2051 3445 2198 3509 [acta
2229 3443 2305 3495 est
2363 3442 2542 3512 (Joan.
2571 3443 2630 3512 1).
2691 3441 2796 3496 Illa
2825 3441 2915 3495 lex
2947 3441 3177 3496 Domini
3226 3441 3606 3508 immaculata,
3641 3441 3698 3495 id

2062 3533 2172 3596 est,
2204 3527 2614 3585 immaculatos
2643 3529 2880 3595 faciens,
2914 3529 3052 3601 quia
3080 3529 3169 3585 lex
3198 3529 3346 3585 servi
3381 3529 3695 3596 maculata,

2052 3623 2290 3690 propter
2308 3617 2712 3674 difﬁcultatem
2737 3619 3205 3690 praevaricatores
3229 3617 3468 3673 faciens.
3488 3618 3518 3673 J
3528 3619 3703 3674 ubere

2051 3707 2207 3762 enim
2239 3707 2448 3778 potuit,
2480 3724 2592 3762 non
2651 3708 2924 3777 adjuvare
2956 3712 3021 3762 ut
3078 3705 3442 3778 impleretur.
3475 3706 3578 3762 Hic
3605 3723 3706 3779 per

2051 3797 2290 3852 auxesin
2312 3813 2518 3851 novam
2541 3795 2725 3868 legem
2752 3797 3140 3866 commendat,
3157 3797 3554 3868 comparando
3577 3812 3702 3852 eam

2049 3885 2250 3941 veteri.
2285 3885 2427 3940 Vere
2457 3885 2854 3953 immaculata,
2903 3886 3040 3957 quia
3068 3896 3383 3941 convertens
3423 3888 3642 3941 animas
3671 3903 3704 3940 a

2051 3975 2329 4030 servitute
2356 3974 2414 4028 in
2471 3972 2835 4028 libertatem:
2893 3974 3165 4029 atimore
3224 3975 3282 4029 in
3333 3974 3698 4030 charitatem.

2049 4075 2168 4129 Jam
2200 4088 2309 4127 non
2357 4072 2538 4127 dicam
2588 4088 2680 4127 vos
2707 4087 2909 4138 servos,
2939 4071 3033 4127 sed
3087 4074 3293 4128 amicos
3339 4088 3485 4127 meos
3517 4073 3699 4143 (Joan.

2050 4164 2160 4234 xv).
2194 4161 2295 4217 Vel
2326 4161 2416 4216 lex
2475 4161 2622 4215 servi
2655 4163 3024 4217 convertebat
3071 4178 3313 4216 manum
3344 4161 3433 4216 vel
3464 4162 3700 4217 oculum

2050 4253 2288 4320 timore;
2350 4250 2469 4305 haec
2524 4250 2752 4304 animus
2811 4249 3092 4305 convertit
3133 4250 3205 4304 ab
3265 4248 3452 4305 illiciti
3483 4266 3701 4306 amore.

2051 4342 2430 4396 Testimonium
2487 4340 2707 4394 Domini
2755 4338 2933 4407 ﬁdele,
2968 4339 3103 4410 quia
3163 4356 3275 4394 non
3307 4338 3498 4394 fallit:
3557 4337 3704 4396 nihil

2049 4430 2204 4483 enim
2242 4433 2486 4496 testatur
2517 4427 2674 4499 quod
2736 4444 2851 4482 non
2882 4427 2958 4482 sit
3014 4444 3236 4483 verum.
3271 4427 3707 4484 Testimonium

2052 4518 2198 4573 servi
2233 4515 2486 4581 inﬁdele,
2520 4516 2656 4586 quia
2687 4532 2837 4586 saepe
2880 4515 3080 4570 fefellit
3109 4534 3120 4571 :
3183 4516 3334 4571 male
3361 4521 3562 4571 tamen
3620 4518 3711 4573 in-

295 4595 506 4682 potest,
529 4625 644 4662 non
659 4606 915 4661 essentia
930 4603 1278 4674 majestatis,
1301 4603 1730 4674 quaaunaestin
1754 4604 1944 4658 tribus
1975 4595 2020 4658 D
2052 4605 2348 4661 tellectum
2397 4605 2578 4659 Vetus
2613 4605 3083 4673 Testamentum,
3115 4605 3334 4660 scilicet
3363 4606 3699 4676 carnaliter,

296 4695 584 4769 personis,
618 4696 718 4749 sed
750 4695 952 4748 ordine
981 4709 1096 4764 quo
1145 4691 1486 4747 hominibus
1530 4692 1814 4746 notilicari
1843 4709 1941 4747 vo-

294 4785 424 4841 luit.
451 4784 711 4840 Primum
735 4782 945 4837 caelum
973 4787 1061 4838 est
1091 4787 1259 4837 Pater
1287 4787 1344 4836 et
1372 4781 1841 4852 summum,quia
1870 4782 1943 4837 ab

292 4894 359 4934 eo
390 4873 651 4948 procedit
681 4872 885 4940 Filius,
915 4871 972 4925 id
1004 4876 1110 4938 est,
1141 4870 1407 4925 voluntas
1430 4886 1532 4940 per
1553 4885 1726 4939 quam
1747 4870 1945 4924 omnia

294 4969 596 5039 operatur:
628 4978 755 5034 quae
780 4977 894 5015 non
919 4965 1007 5014 est
1027 4959 1184 5014 aliud
1235 4959 1292 5012 in
1324 4957 1581 5014 essentia
1611 4975 1784 5029 quam
1819 4959 1942 5030 ipse

294 5060 384 5111 est
417 5055 600 5113 Pater.
633 5049 771 5122 quia
799 5049 856 5102 in
894 5052 1004 5102 Deo
1036 5046 1198 5101 nulla
1226 5051 1314 5102 est
1351 5047 1677 5114 diversitas,
1712 5048 1941 5102 nullum

295 5152 585 5209 accidens.
617 5148 949 5204 Secundum
1008 5145 1216 5200 coelum
1261 5150 1350 5200 est
1403 5145 1658 5200 Verbum
1691 5163 1725 5200 a
1776 5146 1943 5202 Patre

296 5241 633 5314 procedens.
667 5238 930 5293 Tertium
958 5237 1166 5291 caelum
1198 5239 1287 5290 est
1315 5234 1593 5300 Charitas,
1628 5235 1683 5289 id
1717 5240 1824 5299 est,
1851 5236 1941 5290 di-

295 5330 466 5387 lectio
497 5331 554 5383 et
581 5327 890 5382 concordia
919 5324 1234 5381 voluntatis
1255 5324 1353 5379 Dei
1380 5323 1566 5379 Patris
1589 5341 1600 5378 :
1636 5325 1772 5395 quia
1794 5341 1942 5380 nun-

297 5435 473 5494 quam
498 5418 622 5488 ejus
647 5415 920 5471 voluntas
955 5420 1235 5480 mutatur,
1269 5413 1355 5468 vel
1380 5413 1450 5468 ab
1482 5429 1548 5467 eo
1571 5413 1945 5470 dissentit.Et

295 5523 547 5567 occursus
577 5508 692 5578 ejus
713 5519 880 5576 usque
908 5504 977 5558 ad
1006 5520 1283 5558 summum
1313 5504 1451 5574 ejus.
1474 5501 1563 5556 Sic
1583 5501 1777 5573 ipsum
1804 5502 1943 5557 Ver-

296 5601 437 5658 bum
461 5593 893 5669 quodammodo
906 5591 1674 5664 processitaPatre,quando
1693 5590 1751 5646 in
1773 5607 1945 5646 carne

297 5689 602 5758 assumpta
631 5699 692 5742 se
749 5681 1167 5751 manifestavit,
1199 5684 1265 5737 ut
1296 5679 1442 5736 nihil
1474 5679 1756 5738 inveniret
1785 5681 1942 5755 quod

2056 4696 2175 4750 haec
2202 4695 2416 4750 dicitur
2449 4693 2693 4766 operari.
2725 4692 2870 4748 Nam
2926 4711 3027 4764 per
3057 4711 3118 4750 se
3149 4693 3236 4750 lex
3287 4694 3388 4750 illa
3417 4700 3476 4750 et
3533 4713 3567 4751 a
3595 4695 3708 4752 Do-

2054 4784 2211 4840 mino
2241 4789 2348 4848 est,
2381 4787 2438 4837 et
2465 4786 2747 4847 sancta,et
2772 4783 3150 4837 immaculata
3180 4787 3236 4838 et
3265 4801 3378 4838 non
3412 4783 3709 4856 fallit.Tib;i

2050 4873 2185 4929 dabo
2213 4876 2418 4928 terram
2433 4872 2574 4926 hanc
2596 4875 2648 4926 et
2669 4873 2872 4926 semini
2885 4872 3575 4944 tuo(Gen.xv),carnaliter
3593 4873 3707 4930 hoc

2052 4966 2418 5033 acceperunt,
2453 4965 2509 5015 et
2536 4960 2666 5015 ideo
2699 4961 2924 5032 decepti
2952 4967 3111 5027 sunt,
3144 4961 3314 5016 multi
3333 4963 3489 5018 enim
3542 4962 3707 5019 illam

2053 5079 2169 5116 non
2182 5060 2472 5124 viderunt,
2495 5063 2552 5112 et
2583 5057 2690 5112 alia
2715 5057 3055 5128 hujusmodi
3080 5059 3285 5115 multa.
3304 5060 3516 5132 Legem
3537 5065 3708 5116 vocat

2041 5145 2206 5205 idem
2238 5148 2392 5219 quod
2424 5145 2823 5201 testimonium
2851 5163 2863 5200 :
2898 5145 2989 5201 lex
3019 5153 3128 5213 est,
3164 5149 3302 5219 quia
3321 5154 3566 5205 coercet.
3598 5154 3706 5205 Te-

2053 5237 2393 5294 stimonium
2427 5235 2481 5288 in
2501 5234 2946 5306 promissis,hoc
2969 5238 3140 5292 modo
3165 5237 3708 5309 fidele:Sapientiam

2049 5329 2322 5399 prxstans
2349 5324 2622 5394 parvulis,
2654 5323 2710 5377 id
2743 5328 2854 5391 est,
2889 5325 3184 5396 sapienter
3213 5326 3362 5381 scire
3389 5332 3448 5382 et
3472 5327 3705 5399 operari

2053 5416 2249 5472 omnia
2279 5429 2406 5485 quae
2439 5411 2632 5467 audivi
2669 5429 2701 5466 a
2729 5415 2898 5468 Patre
2932 5430 3080 5482 meo,
3115 5419 3250 5469 nota
3283 5415 3389 5469 feci
3420 5415 3704 5474 eis.Nemo

2051 5507 2202 5560 novit
2233 5505 2453 5558 Putrem
2497 5503 2611 5556 nisi
2639 5503 2681 5555 F
2683 5503 2814 5556 ilius
2841 5505 2891 5556 et
2933 5505 3025 5557 cui
3053 5503 3288 5559 voluerit
3329 5505 3510 5560 Filius
3552 5520 3710 5562 reue-

2054 5595 2170 5648 lare
2199 5591 2406 5663 (Matth.
2438 5596 2554 5659 x1):
2619 5589 2898 5660 parvulis,
2933 5591 2989 5644 id
3022 5597 3112 5647 est
3137 5591 3487 5649 humilibus.
3526 5592 3714 5666 Conﬁ-

2051 5685 2166 5762 teor
2191 5680 2317 5752 tibi,
2350 5680 2572 5738 Domine
2592 5679 2779 5749 Pater,
2810 5680 2939 5752 quia
2955 5681 3288 5740 abscondisti
3308 5680 3426 5744 haec
3439 5698 3474 5740 α
3491 5683 3714 5757 sapien-
