4016 6192
377 309 491 375 241

1509 305 2118 376 ENARRATIONES
2163 306 2241 372 ΙΝ
2284 307 2662 376 PSALMOS.

3662 312 3781 376 ΞΒ

378 445 543 514 tibus,
576 449 629 502 et
658 446 913 503 ravelasti
942 463 1003 503 ea
1035 447 1285 519 parvulis
1315 446 1463 517 (Luc.
1496 446 1574 517 Χ).
1596 444 2022 501 Testimonium
2057 443 2111 509 Α
2142 449 2261 499 tuo.
2314 445 2526 501 Etenim
2578 462 2761 502 servus
2812 454 2936 503 tuus
2984 442 3213 503 custodit
3239 460 3323 517 ea,
3358 443 3413 500 id
3447 448 3555 511 est,
3583 446 3781 517 justus

379 536 526 591 servi
552 536 660 591 fuit
680 536 934 606 infidele,
950 538 1087 609 quia
1105 536 1225 592 hinc
1249 536 1553 591 abscondit
1574 535 1849 607 parvulis.
1868 534 2028 589 Unde

380 624 668 680 Dominus
694 642 705 680 :
747 630 837 680 Vae
866 628 1034 689 vobis,
1068 626 1272 681 Scriba?
1300 630 1351 680 et
1380 626 1674 691 Pharisaei,
1700 627 1797 696 qui
1825 624 2030 679 habetis

376 714 551 768 claves
592 714 916 784 sapientiae;
968 732 1069 769 nec
1096 731 1186 770 vos
1218 716 1467 779 intratis,
1520 731 1619 768 nec
1657 716 1797 769 alios
1828 715 2031 767 intrari

370 803 694 874 permittitis
717 803 926 870 (Matth.
953 804 1138 874 XXIII).
1168 806 1409 859 histilia:
1433 805 1652 858 Domini
1680 813 1877 859 rectae:
1902 804 2028 873 ejus

367 891 999 963 justificationes,quas
1018 893 1143 963 ipse
1157 893 1484 959 docet,sunt
1505 896 1699 958 rectm;
1720 891 2025 963 quiaquod

369 980 539 1051 jubet
569 980 784 1045 facere,
838 980 961 1051 ipse
992 981 1156 1046 facit;
1183 982 1355 1050 jubet
1382 982 1591 1045 verbo,
1644 981 1795 1052 quod
1833 984 2029 1035 monet

374 1068 673 1139 exemplo;
709 1085 905 1124 servos
936 1075 1129 1124 autem
1154 1087 1305 1141 saepe
1337 1070 1521 1134 docet,
1548 1070 1701 1141 quod
1729 1070 1913 1124 facere
1938 1069 2024 1123 vel

375 1173 491 1211 non
526 1162 715 1227 potest
738 1156 824 1211 vel
855 1174 966 1212 non
993 1157 1138 1212 vult.
1170 1158 1405 1229 Aligant
1435 1159 1590 1213 enim
1624 1175 1799 1212 onera
1831 1157 2027 1229 gravia

376 1251 431 1301 et
454 1245 865 1317 importabilia,
891 1252 947 1301 et
977 1248 1289 1319 imponunt
1312 1248 1367 1301 in
1393 1248 1670 1302 humeros
1696 1247 2022 1311 hominum,

376 1342 559 1414 digito
584 1346 776 1397 autem
801 1361 907 1399 suo
933 1343 1137 1398 nolunt
1159 1361 1223 1398 ea
1247 1361 1473 1399 movere
1498 1344 1699 1416 (Ibid).
1726 1345 2026 1414 Ltrtiﬁcun-

377 1440 451 1488 tes
481 1432 647 1486 corda
678 1451 697 1486 :
752 1433 891 1503 quia
939 1450 1040 1503 per
1078 1432 1443 1488 dilectionem
1478 1434 1631 1488 bona
1660 1433 1883 1503 operari
1920 1434 2023 1488 d0-

377 1525 526 1583 cent,
557 1537 673 1575 non
705 1537 808 1593 per
836 1522 1127 1577 timorem.
1166 1526 1509 1594 Prmreptum
1538 1525 1787 1591 Domini,
1822 1522 1876 1576 id
1914 1525 2020 1587 est,

374 1610 599 1665 Novum
620 1611 1085 1678 Testamentum,
1113 1611 1374 1677 lucidum,
1401 1612 1525 1665 sine
1552 1611 1877 1666 velamento
1899 1628 2022 1665 car-

376 1698 598 1753 nalium
641 1699 1134 1754 Observationum.
1192 1699 1350 1754 Unde
1397 1698 1539 1754 illud
1579 1717 1591 1753 :
1642 1702 1703 1755 Et
1742 1717 1846 1754 non
1884 1702 2025 1753 sicut

375 1788 576 1859 Moyses
597 1788 846 1843 velatam
871 1788 1047 1843 habet
1066 1790 1268 1858 faciem
1288 1790 1363 1859 (II
1386 1789 1504 1845 Cor.
1532 1790 1648 1856 1n):
1674 1790 2021 1844 iltluminans
2056 1811 2102 1875 B

375 1878 560 1932 oculos
586 1876 881 1933 interioris
908 1877 1184 1932 hominis.
1213 1879 1391 1932 Timor
1412 1881 1646 1945 Domini,
1671 1884 1888 1943 castus,
1913 1879 2024 1933 sci-

374 1964 508 2021 licet
538 1983 651 2021 non
685 1966 903 2021 timens
943 1967 1214 2021 accedere
1266 1971 1329 2021 ut
1378 1984 1609 2033 servus,
1660 1968 1761 2023 sed
1812 1967 2025 2022 timens

374 2055 639 2110 recedere
658 2059 722 2109 ut
749 2054 937 2119 ﬁlius;
962 2065 1202 2121 sanctus,
1221 2056 1277 2109 id
1301 2060 1389 2110 est
1408 2056 1799 2111 sanctificans.
1826 2056 2028 2111 Timor

374 2149 572 2198 autem
605 2143 775 2207 servi,
800 2160 969 2214 pmna
990 2144 1252 2198 ailiciens
1278 2162 1289 2198 :
1326 2150 1661 2200 Permanens
1683 2148 1739 2199 in
1760 2147 2027 2201 saxulum

374 2232 594 2299 saeculi,
627 2248 743 2287 non
776 2232 924 2302 perit
958 2237 1021 2286 ut
1051 2232 1146 2287 ille
1179 2232 1424 2303 pmnalis
1456 2250 1628 2303 quem
1662 2235 1815 2288 foras
1848 2234 2028 2287 mittit

379 2319 657 2374 charitas.
688 2321 910 2375 Iudicia
941 2321 1166 2374 Domini
1192 2338 1341 2386 vera,
1376 2321 1686 2376 tribuendo
1708 2322 1917 2392 cuique
1944 2338 2028 2377 se-

376 2408 637 2462 cundum
686 2425 860 2479 opera
910 2426 1053 2474 sua;
1106 2412 1261 2479 quod
1308 2410 1462 2464 enim
1498 2410 1673 2464 semel
1706 2412 1858 2481 apud
1892 2426 2025 2465 eum

362 2506 598 2576 justum
631 2508 738 2569 est,
772 2522 1078 2577 nunquam
1115 2510 1379 2560 mutatur
1408 2524 1419 2561 :
1454 2511 1509 2561 et
1540 2523 1834 2574 converso,
1870 2508 2022 2577 quod

372 2592 552 2648 semel
590 2593 881 2663 injustum
916 2611 1213 2663 nunquam
1245 2596 1581 2663 titjustum.
1622 2596 1749 2650 Ideo
1782 2612 1934 2660 vera,
1966 2596 2022 2650 id

370 2686 457 2737 est
477 2680 553 2734 im
566 2681 893 2746 mutabilia,
914 2682 1371 2752 quiajustiticata
1394 2684 1449 2736 in
1469 2686 1769 2755 semetipsa.
1795 2684 2025 2740 Judicia

369 2769 679 2825 hominum
704 2771 832 2826 ideo
856 2788 1006 2842 smpe
1029 2775 1167 2824 sunt
1189 2771 1431 2841 iniusta,
1452 2772 1588 2843 quia
1606 2772 1840 2827 aliunde
1856 2774 2023 2841 justi-

374 2859 661 2927 licantur;
696 2876 847 2931 saepe
879 2860 1033 2930 quod
1058 2877 1212 2914 unus
1238 2860 1456 2930 injuste
1479 2861 1726 2930 judicat,
1752 2861 1896 2915 alter
1919 2862 2018 2933 qui

372 2949 583 3004 melius
614 2949 755 3015 scit,
808 2948 948 3003 illud
985 2949 1259 3019 corrigit;
1320 2949 1541 3003 Domini
1576 2955 1769 3005 autem
1794 2950 2021 3021 judicia

372 3054 604 3109 semper
631 3054 796 3106 vera,
846 3038 985 3108 quia
1027 3036 1262 3091 aliunde
1294 3055 1405 3092 non
1430 3038 1852 3108 justificantur.
1890 3041 2020 3107 Quis

373 3130 520 3183 enim
547 3128 799 3196 cognovit
826 3143 1042 3182 sensum
1088 3128 1350 3181 Domini?
1381 3132 1474 3181 aut
1518 3129 1641 3198 quis
1667 3129 2021 3183 consiliarius

372 3220 496 3287 ejus
522 3219 632 3287 fuit
660 3216 832 3287 (Rom.
864 3215 983 3283 x1)?
1014 3216 1145 3283 Quis
1171 3216 1329 3285 prior
1356 3216 1500 3269 dedit
1529 3217 1637 3280 illi,
1670 3226 1723 3271 et
1752 3218 2017 3272 retribue-

375 3312 473 3360 tur
502 3305 592 3361 ei?
622 3304 1013 3359 Desiderabilia
1042 3308 1183 3357 sunt
1214 3303 1312 3358 illa
1332 3304 1557 3373 judicia
1586 3322 1745 3375 super
1769 3305 2019 3359 multum

376 3412 576 3448 aurum
594 3393 911 3465 pretiosum
926 3402 977 3447 et
992 3410 1169 3463 super
1182 3391 1433 3445 multum
1456 3392 1688 3462 lapidem
1702 3396 2020 3462 pretiosum,

374 3482 463 3537 vel
488 3500 665 3554 super
684 3484 923 3537 multum
946 3479 1373 3550 desiderabilia,
1400 3484 1449 3534 et
1470 3479 1717 3534 dulciora
1738 3497 1899 3550 super
1920 3480 2026 3534 mel

376 3581 428 3626 et
456 3574 668 3640 farum,
702 3571 758 3625 id
790 3575 897 3635 est,
934 3569 1177 3624 meliora
1197 3573 1335 3624 sunt
1358 3584 1535 3639 quam
1558 3569 1756 3622 omnia
1778 3567 2029 3639 pretiosa

374 3660 555 3730 hujus
590 3658 783 3714 saeculi
817 3660 1180 3729 etjucunda.
1214 3657 1425 3726 Aliter,
1470 3656 1517 3711 si
1550 3657 1728 3711 altius
1759 3657 2027 3712 insistere

372 3749 648 3805 volumus
675 3766 687 3804 :
722 3748 871 3803 Dicit
903 3749 963 3802 B.
998 3748 1216 3803 Paulus
1246 3765 1257 3801 :
1300 3748 1359 3801 Si
1388 3749 1509 3818 quis
1541 3746 1841 3801 aediﬁcavit
1868 3763 2030 3818 super

374 3837 797 3911 fundamentum
830 3837 957 3901 hoc,
1007 3852 1237 3904 aurum,
1280 3836 1490 3907 lapides
1514 3837 1814 3906 pretiosos,
1847 3837 2029 3890 salvus

374 3929 481 3983 erit
512 3926 555 3996 (Ι
587 3926 706 3981 Cor.
742 3928 849 3996 ιιι).
884 3924 972 3979 11Ιί
1005 3930 1145 3979 sunt
1176 3941 1386 3979 aurum
1418 3928 1474 3978 et
1504 3923 1726 3995 lapides
1758 3924 2029 3994 pretiosi,

378 4023 477 4095 qui
512 4022 745 4095 purgati
774 4028 832 4077 et
863 4021 1123 4093 probati,
1159 4025 1467 4093 expectant
1500 4025 1564 4074 ut
1595 4021 1653 4074 in
1688 4021 2029 4075 thesaurum

379 4112 481 4167 Dei
513 4112 871 4166 deferantur.
918 4111 987 4164 Et
1017 4110 1076 4163 hi
1110 4109 1447 4165 desiderant
1469 4108 1694 4179 judicia
1726 4109 1824 4163 Dei
1859 4125 2035 4181 super

382 4217 591 4256 aurum
626 4205 683 4255 et
710 4199 965 4271 lapidem
1001 4199 1349 4270 pretiosum,
1383 4198 1439 4251 id
1468 4202 1585 4262 est,
1617 4196 1752 4267 plus
1783 4197 2036 4270 diligunt

381 4288 743 4345 voluntatem
778 4288 875 4343 Dei
913 4305 1089 4359 quam
1120 4303 1286 4342 suam
1306 4327 1319 4351 ,
1350 4287 1490 4358 quia
1518 4287 1647 4356 ejus
1675 4285 2034 4341 voluntatem

384 4395 504 4434 sua;
536 4376 817 4432 voluntati
853 4378 1219 4449 praeponunt.
1267 4374 1353 4429 Illi
1386 4377 1523 4429 sunt
1554 4374 1698 4440 mei,
1734 4374 1830 4444 qui
1864 4375 2034 4430 soluti

382 4467 632 4522 vinculis
664 4466 885 4532 carnis,
920 4483 1035 4520 non
1079 4482 1137 4520 re
1169 4465 1268 4519 sed
1303 4468 1525 4526 mente,
1558 4468 1621 4517 ut
1651 4463 1790 4518 illud
1822 4483 1831 4518 :
1869 4466 2037 4535 Cupio

2050 3175 2092 3240 C

2145 532 2243 602 qui
2278 551 2391 587 non
2426 540 2636 601 servat,
2660 553 2772 591 non
2806 536 2994 609 diligit
3022 554 3034 591 :
3066 536 3124 591 Si
3151 536 3386 606 diligitis
3416 552 3522 601 me,
3552 535 3782 593 manda-

2136 622 2266 676 data
2315 639 2439 678 mea
2486 631 2691 681 servate
2745 628 2933 697 (Joan.
2985 627 3124 695 xw).
3180 626 3248 681 Et
3292 625 3519 691 merito,
3556 624 3693 696 quia
3722 628 3782 679 in

2136 712 2513 767 custodiendis
2543 714 2659 767 illis
2686 716 2973 770 retributio
3001 716 3201 781 multa,
3238 730 3348 769 non
3384 712 3575 768 solum
3608 714 3663 767 in
3699 714 3783 768 fu-

2136 804 2287 869 turo,
2322 800 2418 855 sed
2454 801 2627 855 etiam
2662 802 2718 855 in
2754 804 3045 873 praesenti.
3074 804 3388 875 Nunquam
3418 802 3571 856 enim
3596 802 3782 857 virtus

2136 893 2226 942 est
2258 888 2383 943 sine
2414 889 2671 960 praemio,
2705 890 2855 945 sicut
2885 909 2989 946 nec
3019 893 3221 947 vitium
3256 892 3381 947 sine
3428 908 3598 963 poena
3626 907 3638 944 :
3674 890 3781 945 ha-

2138 977 2231 1031 bet
2263 978 2418 1032 enim
2446 978 2541 1033 hic
2563 979 2867 1049 praemium
2900 981 3063 1035 bonaa
3097 980 3486 1049 conscientia,
3521 978 3615 1033 ille
3644 995 3781 1035 vero

2137 1064 2493 1137 supplicium
2544 1070 2613 1122 de
2645 1069 2880 1139 praemio
2937 1070 3255 1137 vitiorum;
3310 1074 3409 1124 aut
3460 1070 3646 1124 virtus
3694 1071 3783 1124 est

2135 1155 2307 1209 inane
2338 1173 2549 1211 nomen
2570 1200 2582 1222 ,
2617 1163 2715 1212 aut
2748 1162 2900 1212 recte
2932 1158 3074 1229 petit
3104 1160 3238 1214 inde
3269 1159 3575 1230 praemium
3608 1176 3781 1231 expe-

2136 1243 2290 1298 riens
2320 1244 2425 1297 vir.
2453 1246 2519 1299 Et
2545 1246 2857 1317 Apostolus
2887 1264 2898 1300 :
2936 1248 3352 1318 Cogitationum
3382 1250 3783 1315 accusantium,

2133 1337 2225 1387 aut
2247 1336 2413 1388 etiam.
2439 1335 2851 1404 defendentium
2872 1336 3045 1403 (Rom.
3078 1336 3159 1407 ιι).
3186 1336 3365 1392 Multa
3384 1342 3473 1393 est
3498 1338 3597 1393 illa
3619 1337 3782 1392 retri-

2134 1421 2319 1492 butio,
2338 1439 2463 1492 qua
2478 1426 2533 1476 et
2554 1422 2647 1477 hic
2669 1427 2726 1478 et
2742 1423 2798 1477 in
2819 1423 3255 1480 futuro.Servus
3272 1430 3410 1480 tuus
3427 1443 3494 1481 ea
3509 1426 3782 1481 custodit.

2137 1518 2200 1572 Et
2224 1520 2451 1574 merito.
2479 1521 2623 1575 Nam
2648 1522 2841 1576 delicta
2864 1525 2986 1593 quis
3010 1523 3311 1591 intelligit?
3338 1523 3560 1578 scilicet
3588 1528 3783 1579 custo-

2133 1607 2934 1681 dienda.Nullus,quiaetiam
2953 1612 3049 1667 ille
3064 1613 3161 1683 qui
3180 1630 3293 1669 non
3308 1618 3396 1669 est
3412 1616 3783 1668 servustuus.

2132 1696 2337 1751 Aliter:
2367 1698 2561 1753 Servus
2579 1704 2705 1753 tuus
2720 1701 2952 1756 custodit
2973 1718 3034 1756 ea
3047 1747 3059 1766 ,
3074 1701 3212 1773 quia
3230 1700 3522 1773 intelligit.
3538 1700 3681 1757 Nam
3696 1703 3795 1758 de-

2134 1787 2261 1841 licta
2296 1790 2417 1858 quis
2447 1788 2750 1858 intelligit?
2781 1789 3009 1845 Nullus.
3042 1791 3097 1845 Si
3132 1792 3380 1846 tenebraa
3412 1790 3701 1859 videntur,
3730 1788 3789 1847 et

2137 1875 2348 1930 delicta
2366 1876 2794 1949 intelliguntur.
2811 1878 3037 1947 Videre,
3054 1884 3141 1934 est
3157 1897 3189 1934 a
3211 1880 3467 1935 tenebris
3486 1880 3781 1935 recedere:

2136 1969 2193 2019 et
2224 1964 2567 2037 intelligere,
2600 1983 2631 2021 a
2663 1966 2875 2023 delicto
2908 1968 3180 2037 recidere,
3216 1970 3286 2023 de
3316 1968 3411 2023 his
3441 1969 3568 2023 dico
3599 1969 3701 2041 qui
3724 1971 3781 2023 in

2136 2054 2365 2109 delictis
2395 2059 2534 2109 sunt
2566 2056 2717 2111 sicut
2747 2056 2816 2111 de
2847 2056 2963 2112 illis
2995 2058 3094 2129 qui
3127 2058 3186 2112 in
3218 2058 3479 2113 tenebris
3527 2059 3781 2113 fuerunt.

2137 2152 2353 2206 Aliter:
2388 2153 2582 2207 Servus
2612 2161 2735 2207 tuus
2765 2155 2995 2209 custodit
3026 2171 3109 2209 ea.
3165 2155 3273 2209 Sed
3310 2154 3389 2209 illi
3422 2159 3561 2209 sunt
3592 2154 3782 2226 pauci,

2138 2240 2236 2312 qui
2262 2240 2584 2312 intelligere
2609 2242 2835 2313 possint
2859 2242 3087 2308 delicta,
3117 2248 3174 2298 et
3194 2242 3487 2298 custodire
3510 2243 3783 2313 tuajudi-

2136 2330 2244 2383 cia.
2278 2329 2422 2383 Nam
2456 2329 2664 2384 delicta
2692 2331 2825 2401 quis
2858 2330 3163 2403 intelligit,
3196 2331 3279 2386 ita
3311 2339 3373 2386 ut
3402 2337 3541 2387 sunt
3566 2330 3783 2386 intelli-

2138 2418 2365 2489 genda?
2396 2416 2616 2472 scilicet
2649 2423 2710 2473 ut
2736 2418 2872 2473 vitet
2902 2424 3003 2474 ea?
3032 2420 3229 2486 Pauci,
3266 2420 3381 2473 imo
3404 2437 3507 2492 per
3533 2436 3593 2475 se
3618 2418 3783 2475 nulli.

2139 2506 2271 2560 Ideo
2303 2507 2370 2560 ab
2400 2508 2629 2561 occultis
2658 2509 2793 2561 meis
2824 2510 3027 2563 munda
3058 2525 3159 2563 me.
3183 2508 3397 2563 Aliter:
3428 2508 3575 2573 Quia
3602 2525 3787 2564 servus

2135 2599 2259 2649 tuus
2306 2595 2532 2650 custodit
2573 2612 2657 2657 ea,
2710 2596 2794 2651 vel
2839 2596 2977 2666 quia
3025 2596 3081 2651 in
3116 2597 3514 2653 custodiendis
3548 2598 3665 2653 illis
3698 2600 3789 2653 est

2134 2683 2437 2738 retributio
2489 2684 2695 2749 multa,
2750 2684 2878 2739 ideo
2912 2686 2984 2739 ab
3016 2685 3199 2741 oculis
3232 2686 3379 2742 meis
3412 2687 3634 2743 munda
3666 2702 3781 2753 me,

2132 2773 2188 2827 id
2208 2779 2315 2840 est,
2332 2772 2719 2844 originalibus
2738 2773 2986 2845 delictis,
3004 2792 3129 2846 quin
3148 2774 3375 2831 occulte
3393 2794 3426 2831 a
3446 2776 3787 2848 parentibus

2134 2862 2298 2932 quasi
2351 2861 2715 2916 haereditario
2761 2862 2895 2931 jure
2947 2863 3350 2919 descendunt:
3384 2868 3435 2919 et
3463 2867 3531 2919 ab
3560 2866 3785 2931 alienis,

2131 2949 2187 3003 id
2206 2955 2313 3013 est,
2338 2950 2408 3005 ab
2436 2949 2527 3005 his
2556 2968 2683 3021 quae
2706 2968 2821 3005 non
2847 2968 2879 3005 a
2900 2952 3242 3022 parentibus
3263 2953 3547 3019 contraxi,
3563 2952 3786 3008 scilicet

2131 3039 2204 3093 ab
2238 3039 2330 3093 his
2362 3056 2487 3109 quas
2520 3045 2724 3110 postea
2755 3038 2975 3105 addidi,
3006 3056 3173 3109 parce
3200 3056 3356 3095 servo
3387 3048 3501 3110 tuo,
3535 3039 3635 3111 qui
3668 3054 3781 3095 non

2132 3127 2440 3199 pepercisti
2471 3126 2676 3181 liberto
2707 3132 2830 3182 tuo.
2856 3127 3069 3183 Aliter:
3104 3128 3409 3184 Occultum
3444 3126 3551 3183 fuit
3580 3145 3781 3201 pecca-

2130 3220 2254 3270 tum
2288 3216 2522 3285 quando
2566 3215 2833 3270 diabolus
2865 3216 3141 3286 peccavit,
3175 3218 3313 3287 quia
3346 3218 3683 3289 superbiam
3717 3216 3778 3272 in

2132 3303 2355 3358 occulto
2377 3309 2433 3357 et
2454 3320 2487 3357 a
2509 3320 2570 3358 se
2592 3304 2815 3357 habuit.
2850 3304 3119 3359 Alienum
3144 3305 3274 3373 fuit,
3296 3321 3399 3377 per
3420 3306 3573 3376 quod
3594 3307 3776 3360 Adam

2134 3390 2377 3445 cecidit:
2413 3391 2551 3461 quia
2582 3408 2614 3444 a
2639 3391 2871 3446 diabolo
2895 3392 3122 3446 alienus
3149 3397 3293 3446 erat.
3319 3393 3469 3447 Dicit
3499 3408 3672 3465 ergo:
3706 3393 3781 3447 Ab

2134 3480 2329 3534 ocultis
2360 3481 2515 3543 meis,
2555 3479 2611 3533 id
2653 3487 2761 3545 est,
2797 3498 2829 3533 a
2861 3480 3033 3535 malis
3065 3480 3538 3551 cogitationibus,
3570 3481 3783 3535 munda

2135 3584 2240 3633 me,
2276 3568 2331 3621 id
2364 3571 2471 3635 est,
2506 3568 2725 3621 munda
2757 3585 2855 3623 cor
2886 3587 3105 3624 meum.
3138 3570 3208 3623 Et
3236 3571 3302 3624 ab
3332 3571 3553 3641 alienis,
3588 3570 3644 3625 id
3676 3574 3784 3638 est,

2137 3675 2170 3711 a
2202 3656 2373 3711 malis
2405 3656 2885 3727 persuasionibus
2934 3658 3183 3712 aliorum
3233 3675 3404 3729 parce
3435 3675 3506 3713 ne
3537 3675 3788 3713 consen-

2137 3747 2301 3802 tiam.
2354 3746 2519 3801 Servo
2569 3753 2681 3810 tuo,
2734 3745 2790 3800 id
2840 3750 2928 3803 est
2975 3746 3143 3814 meis,
3185 3747 3283 3818 qui
3319 3762 3422 3818 per
3450 3745 3789 3817 superbiam

2138 3840 2246 3891 ate
2274 3835 2538 3890 recedere
2561 3834 2789 3903 nolunt,
2814 3836 2915 3891 sed
2940 3852 3044 3908 per
3066 3834 3463 3890 humilitatem
3484 3833 3589 3889 tibi
3614 3833 3787 3889 subdi

2138 3925 2360 3980 volunt.
2415 3926 2546 3979 Ideo
2591 3941 2755 3995 parce
2800 3942 2954 3981 servo
3004 3934 3115 3997 tuo,
3152 3924 3290 3993 quia
3321 3940 3435 3979 non
3483 3923 3792 3997 pepercisti

2138 4014 2345 4069 liberto
2376 4018 2497 4079 tuo,
2532 4014 2588 4068 id
2623 4020 2711 4069 est
2740 4015 2873 4069 Adae
2906 4016 2977 4070 ab
3010 4014 3201 4069 aliena
3250 4013 3651 4087 persuasione,
3693 4011 3795 4085 qui

2143 4102 2442 4173 praeceptis
2491 4101 2611 4155 tuis
2659 4102 2892 4158 obedire
2939 4104 3146 4170 noluit,
3196 4103 3395 4159 volens
3442 4118 3572 4159 esse
3602 4100 3793 4158 liber:

2145 4199 2313 4254 Erilis
2361 4199 2504 4252 sicut
2555 4198 2637 4252 dii
2685 4199 2837 4270 (Gen.
2867 4204 2972 4268 ιιι).
3012 4200 3142 4255 Ideo
3190 4216 3329 4272 rogo
3379 4205 3444 4256 ut
3484 4218 3517 4256 a
3550 4198 3800 4272 propriis

2146 4287 2415 4351 mundes,
2453 4290 2508 4341 et
2538 4287 2609 4341 ab
2642 4286 2849 4343 alienis
2880 4306 3107 4360 parcas,
3142 4289 3280 4360 quia
3308 4291 3360 4344 si
3388 4290 3503 4343 mei
3533 4304 3645 4343 non
3673 4290 3798 4357 fue-

2148 4378 2261 4431 rint
2312 4376 2605 4442 dominati,
2641 4384 2766 4432 tunc
2794 4378 3183 4432 immaculatus
3211 4393 3324 4442 ero,
3355 4376 3413 4429 id
3445 4379 3553 4444 est,
3606 4374 3799 4429 crimi-

2150 4463 2262 4519 nali
2316 4468 2549 4534 peccato
2599 4466 2753 4533 quod
2803 4466 3073 4520 maculat.
3125 4466 3271 4519 Nota
3303 4462 3458 4535 quod
3490 4479 3605 4517 non
3638 4462 3801 4529 dicit,

385 4557 611 4612 dissolvi
652 4560 701 4611 et
745 4572 857 4611 esse
886 4572 1012 4610 cum
1045 4555 1256 4610 Christo
1306 4553 1540 4623 (Philip.
1574 4553 1651 4621 ι),
1703 4534 2041 4625 exspectant
2075 4534 2119 4598 D
2150 4555 2211 4609 Si
2240 4555 2348 4607 mei
2378 4567 2464 4605 me
2490 4569 2595 4606 non
2628 4554 2841 4621 fuerint
2871 4570 2888 4605 :
2938 4554 3039 4607 sed
3093 4552 3276 4618 addit,
3325 4552 3620 4607 dominati.
3677 4550 3801 4606 Non

386 4645 541 4702 diem
574 4644 734 4700 illam
765 4644 825 4699 in
849 4662 963 4715 qua
986 4644 1322 4699 deferantur
1342 4642 1399 4696 in
1426 4640 1616 4713 epulis
1639 4641 1759 4697 Dei.
1792 4643 1877 4696 llli
1903 4648 2041 4698 sunt

388 4735 584 4802 favus,
619 4734 718 4806 qui
751 4734 1093 4789 circumdati
1127 4749 1329 4796 carne,
1364 4748 1476 4786 non
1509 4732 1793 4795 concreti,
1840 4748 2041 4803 exspe-

390 4827 551 4879 ctant
595 4823 1027 4895 expressionem
1078 4837 1290 4875 manus
1336 4836 1451 4875 non
1499 4820 1908 4891 opprimentis,
1941 4820 2039 4875 sed

390 4912 771 4984 exprimentis
801 4912 926 4977 Dei,
980 4915 1045 4965 ut
1073 4910 1408 4981 eliquentur
1439 4925 1471 4963 a
1502 4908 1808 4977 temporali
1837 4910 1957 4963 vita
1986 4910 2045 4963 in

392 5007 699 5068 aeternam;
722 4999 820 5055 isti
844 5004 1003 5068 sunt,
1020 4998 1118 5071 qui
1142 4997 1425 5068 adeojam
1451 5002 1589 5051 sunt
1612 4998 1843 5069 purgati
1866 4997 2047 5065 intus,

394 5099 552 5172 quod
581 5098 716 5153 licet
737 5098 792 5152 in
820 5097 1040 5152 mundo
1073 5096 1262 5150 adhuc
1291 5100 1620 5161 versantur,
1656 5099 1852 5149 tamen
1886 5094 2052 5149 facile

394 5188 470 5244 ab
502 5189 630 5257 ejus
657 5203 853 5242 amore
881 5186 1137 5255 separari
1170 5188 1451 5256 possunt;
1477 5200 1581 5239 nec
1614 5200 1761 5255 opus
1794 5188 1883 5238 est
1907 5189 1970 5237 ut
1991 5182 2053 5238 in

392 5276 695 5345 torculari,
746 5275 804 5329 id
855 5279 943 5329 est
973 5274 1129 5345 gravi
1163 5289 1439 5345 pressura
1470 5278 1835 5343 premantur,
1869 5277 1933 5326 ut
1963 5272 2055 5327 di-

393 5370 565 5422 scant
596 5364 885 5419 mundum
920 5364 1208 5418 deserere.
1254 5362 1320 5415 Et
1362 5360 1419 5414 hi
1451 5361 1787 5415 desiderant
1823 5360 2058 5415 Domini

394 5455 618 5528 judicia
664 5470 834 5526 super
876 5454 983 5508 mel
1012 5460 1063 5506 et
1089 5453 1331 5521 faveum,
1364 5450 1419 5503 id
1454 5454 1563 5511 est,
1598 5449 1728 5519 plus
1759 5466 1937 5519 quam
1975 5466 2058 5504 se.

397 5544 505 5599 Vel
540 5544 881 5599 desiderant
914 5546 977 5598 ut
1008 5557 1188 5612 supra
1216 5555 1275 5594 se
1306 5538 1563 5602 veniant,
1596 5537 1734 5608 quia
1784 5539 2065 5610 intrepidi

402 5635 747 5706 exspectant
758 5632 1043 5704 judicem.
1064 5626 1484 5685 Desiderabilia
1507 5632 1646 5682 sunt
1670 5631 1880 5683 natura
1901 5644 2066 5683 servo

2152 4643 2305 4699 enim
2332 4644 2520 4711 potest
2537 4657 2684 4709 esse,
2706 4642 2967 4711 quandiu
2992 4657 3203 4695 sumus
3224 4640 3284 4695 in
3307 4639 3417 4696 hoc
3439 4638 3805 4713 corruptibili

2154 4746 2411 4801 corpore,
2466 4732 2530 4782 ut
2564 4744 2676 4782 non
2710 4728 2786 4783 sit
2817 4728 2875 4781 in
2913 4728 3081 4784 nobis
3111 4733 3410 4800 peccatum
3440 4748 3453 4797 ;
3505 4730 3606 4786 sed
3662 4733 3804 4785 tunc

2156 4819 2492 4874 dominatur
2515 4833 2647 4871 cum
2667 4816 3070 4873 consentimus
3090 4822 3147 4873 et
3162 4817 3522 4874 voluntatem
3544 4823 3807 4873 nostram

2156 4907 2207 4963 ei
2241 4906 2571 4962 subdimus.
2608 4905 2769 4960 Unde
2800 4906 3117 4977 Apostolus
3146 4924 3158 4963 :
3194 4909 3312 4963 Non
3340 4922 3465 4977 ergo
3491 4910 3677 4977 regnet
3692 4920 3812 4976 pec-

2158 5005 2339 5052 catum
2364 4998 2423 5049 in
2446 4998 2623 5049 vestro
2644 4996 2868 5051 mortali
2896 5011 3116 5066 corpore
3148 4996 3323 5065 (Rom.
3352 4996 3450 5061 vx).
3484 4994 3553 5048 Et
3581 4996 3809 5064 propte-

2163 5102 2259 5140 rea
2278 5084 2483 5138 munda
2510 5101 2593 5137 me
2624 5088 2681 5139 et
2705 5100 2885 5155 parce,
2918 5084 3139 5139 scilicet
3160 5088 3225 5138 ut
3250 5099 3354 5138 nec
3378 5080 3631 5154 prepriis
3653 5080 3812 5153 cogi-

2164 5173 2485 5229 tationibus
2504 5172 2695 5243 pravis
2715 5174 2946 5242 subdat,
2966 5188 3070 5226 nec
3084 5170 3293 5226 alienis
3311 5168 3812 5243 persuasionibus.

2168 5273 2230 5327 Et
2269 5270 2607 5327 emundahor
2654 5287 2688 5324 a
2724 5270 2918 5323 delicto
2947 5270 3212 5332 maxime,
3245 5269 3303 5323 id
3333 5276 3443 5334 est,
3475 5285 3509 5322 a
3540 5264 3819 5338 superbia

2170 5377 2296 5432 quas
2326 5366 2412 5413 est
2444 5357 2763 5411 maximum
2800 5355 3077 5410 delictum
3108 5372 3121 5409 :
3170 5357 3270 5427 qui
3300 5373 3435 5412 cum
3467 5359 3672 5411 caetera
3701 5354 3823 5410 sint

2171 5447 2433 5504 timenda
2456 5449 2682 5500 tantum
2717 5445 2774 5497 in
2797 5443 2948 5499 male
2972 5445 3160 5511 factis,
3183 5445 3339 5500 istud
3364 5445 3539 5501 etiam
3567 5444 3623 5498 in
3644 5444 3821 5499 bene-

2176 5536 2342 5591 factis
2373 5540 2460 5589 est
2490 5534 2829 5588 cavendum.
2865 5537 2981 5589 Hoc
3011 5534 3269 5605 primum
3301 5532 3545 5603 ingessit
3577 5548 3639 5587 se
3660 5547 3823 5586 rece-

2178 5624 2474 5692 dentibus,
2499 5622 2607 5679 hoc
2628 5621 2803 5677 etiam
2835 5622 3047 5695 ingerit
3067 5638 3128 5678 se
3152 5621 3551 5679 redeuntibus.
3576 5621 3639 5678 Et
3658 5622 3822 5678 erunt
