4016 6192
260 253 378 317 243

830 253 1139 321 REMIGII
1183 258 1936 327 ANTISSIODORENSIS
1979 262 2153 328 OPP.
2196 262 2398 327 PARS
2443 261 2488 327 Ι.
2519 298 2597 310 -
2624 261 3090 328 EXEGETICA.

3540 258 3657 324 244

259 389 323 442 ut
349 388 718 459 complaceant
744 391 962 464 eloquia
991 394 1100 449 oris
1127 396 1256 456 mei.
1292 395 1512 451 scilicet
1539 412 1673 451 cum
1696 412 1900 452 emun-
1933 400 1990 467 Α
2017 399 2194 455 Mittat
2221 399 2325 455 tibi
2351 401 2631 456 auxilium
2660 399 2728 455 de
2752 407 2955 456 sancto.
2987 399 3121 464 Tibi,
3155 398 3214 454 id
3243 400 3332 455 est
3358 396 3502 464 tuis,
3531 397 3631 452 mit

260 476 436 533 datus
466 477 629 535 fuero
661 496 696 535 a
726 481 1023 553 superbia,
1046 487 1186 538 tunc
1209 483 1315 539 tibi
1336 484 1564 556 placere
1585 486 1830 541 studebo
1853 489 1911 541 et

260 561 359 622 ore
380 573 436 623 et
454 568 719 636 corde,et
739 586 855 625 non
876 569 1235 629 hominibus.
1257 573 1601 645 Superbiam
1625 575 1779 630 enim
1803 575 1904 630 ho-

260 655 490 711 minum
541 656 788 729 gloriam
827 660 1052 732 quaerit.
1098 661 1161 715 Et
1192 661 1300 717 hoc
1330 670 1417 718 est
1447 664 1599 735 quod
1631 664 1807 719 dicit:
1842 665 1908 720 Et

259 745 557 801 meditatio
604 747 786 803 cordis
824 750 934 804 mei
962 749 1022 804 in
1050 760 1330 823 conspectu
1358 755 1447 807 tuo
1475 769 1718 823 semper;
1749 756 1815 808 ut
1844 761 1906 809 tu

257 835 479 907 videas,
527 835 632 892 tibi
681 836 906 909 placeat
953 838 1084 895 soli.
1134 841 1383 909 Domine,
1430 841 1649 913 adjutor
1675 858 1828 897 meus
1859 849 1911 897 et

262 924 579 996 Redemptor
616 942 783 982 meus.
833 927 952 982 Hoc
980 944 1183 983 versus
1215 947 1348 984 cum
1379 928 1479 985 illo
1502 931 1796 1003 jungitur,
1828 931 1907 987 Ab

260 1012 489 1070 occultis
518 1016 653 1070 meis
682 1015 890 1071 munda
917 1034 1028 1084 me,
1061 1017 1318 1090 Domine,
1346 1018 1562 1091 adjutor
1577 1036 1729 1075 meus
1750 1038 1768 1074 :
1800 1037 1904 1076 ca:-

257 1106 383 1159 tera
399 1107 537 1158 sunt
552 1103 914 1173 interposita.
930 1106 1180 1178 Adjutor,
1196 1107 1255 1161 in
1273 1106 1441 1163 bonis
1455 1123 1467 1164 :
1494 1108 1830 1181 Redemptor,
1846 1109 1905 1164 in

207 1202 224 1218 '
259 1190 560 1248 malis.Vel
577 1193 896 1265 Redemptor
915 1210 1020 1267 per
1034 1195 1208 1251 fidem
1227 1215 1239 1251 :
1258 1197 1903 1269 adjutor,justiﬂcando.

827 1301 1053 1356 PSALM
1063 1302 1149 1357 US
1189 1296 1335 1358 XIX;

674 1407 731 1446 ΙΝ
774 1407 951 1446 FINEM
991 1407 1255 1449 PSALMUS
1293 1409 1487 1448 DAVID.

329 1502 357 1531 α
392 1479 680 1536 Exaudiat
709 1482 767 1534 te
797 1480 1082 1536 Dominus
1112 1480 1172 1536 in
1206 1482 1299 1537 die
1329 1481 1744 1550 tribulationis,
1773 1499 1906 1555 prn-

258 1589 287 1619 ‹‹
319 1571 479 1641 tegat
508 1571 560 1623 te
591 1582 804 1623 nomen
839 1567 935 1624 Dei
965 1568 1164 1624 Jacob.
1189 1569 1381 1624 Mittat
1400 1569 1503 1626 tibi
1529 1571 1810 1626 auxilium
1835 1571 1906 1627 de

260 1678 289 1706 ιι
320 1661 541 1728 sancto,
564 1660 622 1712 et
643 1656 714 1712 de
736 1656 872 1712 Sion
895 1661 1129 1713 tueatur
1149 1662 1225 1713 te.
1251 1658 1472 1715 Memor
1492 1659 1572 1715 sit
1596 1659 1790 1716 omnis
1813 1676 1903 1716 sa-

2017 491 2097 543 tat
2119 488 2399 544 auxilium
2421 488 2486 545 de
2510 494 2566 544 te
2585 492 2792 544 sancto.
2823 487 2926 544 Vel
2955 487 3061 544 tibi
3091 486 3267 560 capiti
3296 489 3484 543 mittat.
3503 487 3664 541 auxi-

2017 577 2158 633 lium
2187 578 2254 633 de
2282 587 2488 649 sancto,
2522 578 2581 633 id
2612 582 2701 633 est
2738 577 2808 633 de
2837 577 2953 633 tuis
2984 577 3248 632 faciendo
3279 593 3379 632 eos
3408 581 3667 641 sanctos,

2017 666 2436 722 sanctificando
2458 665 2724 722 membra
2742 670 2863 737 tua,
2884 670 3096 739 augeat
3116 665 3492 722 auxiliatores
3512 669 3664 733 tuos,

2016 764 2517 834 quemadmodum
2535 780 2746 819 manus
2762 768 2821 819 et
2840 762 2953 819 alia
2975 763 3242 819 membra
3256 762 3432 835 capiti
3451 761 3667 818 auxilio

2014 855 2172 906 sunt.
2225 856 2291 909 Et
2318 852 2381 908 de
2410 852 2573 924 Sion,
2604 851 2663 906 iui
2694 856 2783 907 est
2814 852 2884 907 de
2915 852 3182 924 specula,
3215 850 3436 908 scilicet
3463 852 3534 906 de
3564 868 3669 924 spe

2014 940 2334 996 cmlestium
2360 941 2730 1014 gaudiorum,
2765 944 2985 996 tueatur
3021 944 3090 1006 te,
3122 939 3182 995 id
3210 943 3300 995 est
3320 939 3665 1011 circumspi-

2014 1028 2129 1083 ciat
2152 1029 2280 1100 tibi,
2302 1028 2359 1084 id
2383 1033 2471 1085 est
2490 1029 2626 1085 tuis.
2658 1029 2814 1084 Sicut
2834 1029 2892 1083 in
2924 1028 3059 1085 Sion
3082 1033 3249 1084 erant
3267 1028 3666 1101 speculatores

2012 1116 2360 1185 Jerusalem,
2414 1117 2498 1174 ita
2538 1134 2673 1189 spes
2704 1117 3027 1173 caelestium
3060 1117 3410 1190 gaudiorum
3441 1117 3519 1173 sit
3547 1118 3667 1173 tuis

2017 1206 2286 1275 munitio,
2320 1207 2391 1262 de
2428 1223 2546 1278 qua
2574 1206 2686 1262 sibi
2737 1205 3099 1277 provideant.
3151 1211 3358 1263 Memor
3383 1207 3457 1261 sit
3485 1208 3667 1261 omnis

2012 1295 2280 1366 sacriﬁcii
2293 1297 2398 1363 tui,
2420 1295 2478 1350 id
2505 1299 2613 1362 est,
2640 1310 2930 1351 memores
2951 1294 3128 1350 faciat
3150 1299 3283 1350 tuos
3300 1294 3567 1350 omnium
3587 1295 3669 1350 in-

2005 1383 2299 1456 juriarum
2328 1389 2590 1451 tuarum,
2624 1400 2772 1456 quas
2802 1400 3013 1455 passus
3041 1401 3104 1439 es
3134 1387 3271 1439 ante
3297 1384 3491 1439 crucis
3517 1383 3666 1452 pati-

2014 1471 2223 1528 bulum
2256 1489 2269 1528 :
2326 1489 2454 1545 quae
2500 1472 2617 1527 Deo
2657 1470 3011 1527 sacriﬁcium
3044 1470 3398 1544 acceptabile
3431 1470 3671 1528 fuerunt

2014 1578 2118 1633 pro
2149 1561 2376 1618 delictis
2406 1561 2737 1617 hominum.
2771 1561 2836 1617 Et
2867 1560 3243 1617 holocaustum
3264 1568 3442 1633 tuum,
3466 1577 3583 1632 quo
3604 1567 3667 1616 tu

2011 1649 2244 1706 voluisti
2274 1655 2330 1706 te
2360 1654 2547 1706 totum
2579 1649 2785 1706 offerre
2817 1656 2924 1706 Deo
2958 1650 3020 1704 in
3065 1666 3167 1705 ara
3211 1649 3425 1717 crucis,
3452 1651 3670 1723 pingue

260 1769 290 1797 «
322 1745 523 1802 criﬁcii
554 1745 662 1814 tui,
683 1749 740 1801 et
760 1745 1169 1802 holocaustum
1192 1751 1359 1802 tuum
1385 1747 1601 1820 pingue
1624 1748 1744 1804 fiat.
1778 1749 1905 1804 Tri-

2015 1740 2128 1809 ﬁat,
2162 1739 2221 1795 id
2253 1744 2361 1806 est,
2391 1742 2650 1796 vertatur
2677 1739 2737 1823 in
2768 1738 3030 1794 laetitiam
3064 1738 3508 1795 resurrectionis
3537 1757 3551 1806 ;
3602 1742 3669 1794 ut

260 1856 289 1885 ‹‹
320 1835 464 1890 buat
490 1833 595 1889 tibi
628 1835 955 1890 secundum
988 1851 1087 1890 cor
1107 1840 1298 1905 tuum,
1321 1840 1377 1890 et
1398 1852 1490 1892 om
1502 1853 1572 1892 ne
1592 1835 1906 1892 consilium

259 1945 288 1974 «
321 1927 489 1978 tuum
520 1922 847 1978 confirmet.
881 1923 1235 1979 Laetabimur
1264 1923 1322 1978 in
1353 1924 1599 1981 salutari
1626 1929 1747 1994 tuo,
1770 1929 1828 1981 et
1848 1924 1906 1981 in

260 2034 290 2063 «
322 2011 561 2067 nomine
575 2011 671 2066 Dei
695 2011 880 2067 nostri
903 2011 1379 2083 magniﬁcabiniu
1390 2030 1435 2067 r.
1454 2012 1700 2086 Impleat
1712 2014 1907 2070 Domi-

261 2123 290 2152 ‹‹
321 2118 435 2158 nus
447 2117 652 2157 omnes
670 2101 981 2173 petitiones
994 2106 1157 2157 tuas:
1179 2118 1334 2157 nunc
1351 2102 1613 2175 cognovi,
1630 2103 1906 2174 quoniam

260 2211 289 2239 α
320 2189 549 2245 salvum
582 2189 717 2246 fecit
745 2189 1030 2246 Dominus
1062 2189 1361 2245 Christum
1393 2208 1592 2247 suum.
1629 2191 1909 2247 Exaudiet

259 2301 289 2331 «
319 2278 487 2334 illum
520 2280 591 2335 de
621 2278 764 2334 caelo
796 2283 996 2334 sancto
1027 2284 1148 2348 tuo,
1198 2280 1258 2335 in
1299 2280 1696 2352 potentatibus
1744 2280 1908 2338 salus

257 2390 286 2419 «
317 2368 563 2424 dexteras
594 2369 742 2439 ejus.
777 2368 845 2423 Hi
878 2368 935 2423 in
967 2369 1258 2436 curribus,
1292 2376 1348 2424 et
1379 2369 1438 2424 hi
1470 2369 1531 2425 in
1563 2370 1768 2442 equis:
1800 2388 1908 2427 nos

258 2479 286 2507 «
319 2462 514 2512 autem
544 2456 605 2511 in
639 2457 873 2512 nomine
898 2458 1131 2513 Domini
1155 2458 1253 2513 Dei
1276 2459 1458 2513 nostri
1481 2458 1904 2515 invocabimus.

257 2568 287 2595 «
322 2544 441 2617 Ipsi
460 2544 700 2617 obligati
723 2548 781 2600 et
801 2546 1168 2614 ceciderunt;
1194 2564 1300 2602 nos
1328 2551 1521 2601 autem
1545 2547 1908 2603 surreximus

259 2658 288 2684 (ι
323 2637 382 2688 et
411 2632 584 2688 erecti
617 2648 849 2688 sumus.
908 2634 1173 2701 Domine,
1226 2634 1453 2690 salvum
1488 2635 1574 2689 fac
1605 2651 1822 2707 regem,
1853 2640 1911 2692 et

260 2744 291 2773 «
325 2720 534 2778 exaudi
565 2737 672 2776 nos
703 2720 763 2776 in
795 2720 888 2777 die
917 2738 1037 2797 qua
1062 2722 1531 2779 invocaverimus
1559 2726 1634 2777 te.
1667 2744 1695 2772 ››

886 2829 1016 2884 ENA
1025 2829 1282 2886 RRATIO.

333 2920 395 2975 In
423 2918 591 2989 ﬁnem
619 2916 862 2987 psalmus
888 2917 1082 2973 David.
1117 2922 1181 2972 In
1204 2916 1490 2989 superiori
1515 2917 1741 2990 psalmo
1770 2922 1909 2974 Pro-

263 3008 440 3081 pheta
452 3007 1223 3078 commendavitpassionem
1238 3005 1598 3079 Christi,qua
1610 3007 1912 3063 credentes

265 3095 588 3154 salvantur.
599 3097 659 3151 In
678 3095 790 3151 isto
807 3100 998 3169 autem
1010 3138 1023 3163 ,
1038 3095 1412 3152 commendat
1428 3096 1910 3152 resurrectionem

270 3185 506 3253 Christi,
557 3201 675 3257 qua
716 3185 1014 3241 credentes
1035 3185 1459 3256 justiﬁcantur.
1494 3185 1554 3240 In
1586 3183 1686 3241 illo
1715 3189 1912 3241 osten-

269 3274 428 3331 ditur
472 3275 613 3348 quid
665 3274 834 3331 nobis
884 3274 1169 3346 profuerit
1200 3273 1523 3330 mortalitas
1554 3274 1911 3330 divinitatis:

267 3363 328 3420 in
358 3364 470 3420 isto
499 3380 632 3420 vero
681 3363 821 3436 quid
872 3363 1153 3436 profuerit
1203 3362 1473 3419 divinitas
1521 3363 1911 3420 mortalitatis.

261 3452 438 3510 Jesus
468 3452 731 3508 Christus
761 3452 915 3507 enim
945 3461 1192 3508 mortuus
1219 3457 1303 3508 est
1328 3456 1549 3525 propter
1574 3452 1770 3507 delicta
1787 3468 1913 3509 nos-

262 3545 378 3613 tra,
430 3544 480 3597 et
535 3543 843 3597 resurrexit
891 3545 1117 3613 propter
1171 3542 1619 3610 iustiﬁcatzonem
1670 3549 1916 3597 nostram

262 3630 437 3703 (Rom.
463 3631 560 3697 Iv).
594 3630 908 3686 Providens
929 3629 1219 3702 Propheta
1240 3647 1341 3702 per
1363 3630 1638 3701 spiritum
1665 3628 1913 3702 gloriam

258 3718 702 3776 resurreclionis
758 3719 973 3776 Christi
1033 3720 1317 3784 futuram,
1376 3724 1432 3773 et
1491 3735 1626 3773 cum
1685 3718 1912 3773 Christo

258 3824 464 3865 omnes
515 3809 816 3865 credentes
869 3812 1359 3872 resurrrecturos,
1411 3807 1665 3878 optando
1720 3806 1915 3862 fundit

257 3913 458 3969 preces
478 3897 549 3952 ad
574 3897 759 3952 Deum
792 3897 1043 3961 Patrem,
1076 3913 1191 3951 non
1216 3912 1284 3950 ex
1308 3894 1503 3966 aliqua
1526 3894 1908 3962 dubitatione,

258 3986 357 4040 sed
391 4001 460 4040 ex
489 3984 671 4039 nimio
700 3984 989 4040 desiderio
1022 3985 1108 4040 sic
1140 3984 1382 4039 dicens:

329 4071 613 4128 Exaudiat
640 4080 691 4126 te
718 4073 997 4136 Dominus,
1032 4072 1277 4137 scilicet,
1309 4089 1342 4127 ο
1371 4071 1614 4139 Christe,
1659 4072 1801 4142 quia
1846 4077 1907 4128 tu

259 4175 322 4216 es
353 4159 588 4230 adjutor
616 4176 780 4216 meus
808 4164 867 4215 et
896 4160 1270 4232 Redemptor,
1303 4159 1584 4216 Dominus
1616 4164 1786 4216 Pater
1814 4161 1910 4217 cui

259 4264 495 4305 omnem
527 4248 767 4329 exhibes
808 4248 1237 4315 obedientiam,
1288 4249 1561 4304 exaudiat
1606 4254 1693 4318 te,
1743 4267 1908 4306 resu-

259 4338 522 4394 scitando
573 4339 635 4393 in
684 4338 778 4394 die
822 4338 1215 4405 tribulationis,
1248 4337 1306 4392 id
1339 4341 1427 4393 est
1456 4337 1515 4392 in
1545 4342 1804 4411 tempore
1834 4340 1904 4396 ad

257 4427 589 4500 passionem
612 4426 921 4499 disposito.
955 4431 1210 4497 Protegat
1236 4435 1309 4494 te,
1334 4426 1392 4481 id
1414 4431 1503 4482 est
1528 4433 1681 4497 tuos,
1707 4445 1906 4485 nomen

2015 1828 2170 1883 sicut
2198 1832 2466 1885 mortuus
2496 1843 2559 1884 es
2591 1818 2827 1900 propter
2856 1831 3097 1901 peccata
3125 1832 3343 1896 nostra,
3375 1828 3457 1884 ita
3487 1832 3544 1884 et
3573 1845 3662 1885 re-

2015 1933 2224 1990 surges
2254 1920 2489 1989 propter
2510 1914 2996 1987 justiﬁcationem
3028 1919 3289 1972 nostram
3315 1935 3333 1970 :
3364 1915 3548 1988 holon,
3577 1920 3665 1972 to-

2013 2010 2138 2061 tum
2166 2023 2179 2072 ;
2210 2013 2460 2075 causton,
2490 2004 2830 2073 incensum;
2855 2004 2989 2061 inde
3014 2004 3423 2061 holocaustum
3445 2004 3673 2061 diceba-

2015 2094 2243 2150 tur-illa
2273 2093 2465 2150 hostia
2495 2110 2623 2166 quae
2655 2098 2775 2150 tota
2805 2093 3247 2150 incendebatur.
3312 2094 3541 2150 Tribuat
3570 2095 3673 2150 tibi

2012 2183 2311 2240 secundum
2329 2200 2422 2240 cor
2440 2186 2617 2253 tuum,
2648 2183 2707 2238 id
2734 2188 2826 2239 est
2852 2182 3238 2250 voluntatem,
3262 2185 3328 2238 ut
3348 2183 3540 2254 possis
3564 2200 3666 2255 po-

2015 2289 2172 2341 nere,
2196 2290 2331 2329 cum
2354 2272 2517 2341 velis,
2544 2271 2804 2327 animam
2827 2275 3013 2339 tuam,
3035 2277 3093 2327 et
3112 2271 3324 2328 iterum
3347 2288 3476 2327 eam
3506 2289 3673 2329 resu-

2017 2379 2175 2418 mere
2203 2379 2338 2418 cum
2369 2361 2532 2429 velis,
2574 2365 2630 2417 et
2660 2378 2775 2417 non
2808 2362 3136 2417 secundum
3169 2378 3268 2418 cor
3296 2360 3670 2418 inimicorum

2017 2457 2276 2508 tuorum.
2309 2454 2374 2507 Et
2402 2467 2559 2507 omne
2586 2451 2883 2507 consilium
2910 2454 3064 2506 tuum
3090 2451 3398 2522 conﬁrmet,
3444 2455 3566 2507 tam
3598 2452 3671 2508 de

2018 2541 2400 2612 reprobandis
2445 2540 2665 2596 Judais
2711 2556 2887 2610 quam
2930 2540 3002 2595 de
3049 2538 3346 2595 salvandis
3374 2541 3670 2613 gentibus.

2019 2628 2197 2693 Quasi
2228 2629 2441 2701 aliquis
2471 2629 2625 2684 dicat
2651 2644 2664 2683 :
2701 2628 2817 2684 Cur
2837 2632 3139 2700 tantopere
3160 2644 3333 2701 rogas
3355 2645 3458 2701 pro
3482 2629 3671 2685 salva-

2019 2718 2176 2774 tione
2201 2717 2457 2774 Christi?
2485 2717 2570 2772 Ad
2602 2716 2748 2772 hoc:
2801 2717 3134 2774 Lmtabimur
3158 2719 3236 2796 lin
3284 2717 3532 2774 salutari
3556 2721 3668 2774 tuo.

2019 2807 2135 2879 Ego
2185 2810 2242 2863 et
2289 2804 2403 2862 mei
2453 2804 2677 2861 similes
2714 2805 3044 2862 laetabimur
3085 2805 3147 2860 in
3189 2807 3319 2877 ejus
3350 2806 3673 2863 salvatione

2019 2894 2230 2951 Christi
2276 2894 2385 2966 tui,
2427 2894 2580 2965 quod
2614 2911 2771 2950 mors
2801 2893 2883 2950 illi
2917 2894 3071 2950 ultra
3101 2911 3214 2950 non
3251 2895 3671 2952 dominabitur.

2026 2992 2377 3047 Laetabimur
2423 2991 2519 3047 hic
2558 2992 2617 3047 in
2649 3009 2751 3064 spe
2781 2993 3048 3064 ejusdem
3080 2992 3522 3049 resurrectionis
3543 2995 3673 3065 jam

2022 3081 2185 3136 intus
2216 3081 2417 3137 salvati
2450 3098 2552 3154 per
2582 3082 2778 3137 ﬁdem.
2810 3084 2876 3137 Et
2906 3082 3380 3153 Magniﬁcabimur
3405 3080 3673 3154 plenaria

2025 3169 2364 3237 salvatione,
2401 3186 2536 3226 cum
2569 3170 2813 3227 mortale
2838 3169 2951 3239 hoc
2981 3170 3241 3227 induerit
3271 3169 3667 3226 immortalita-

2025 3264 2141 3315 tem
2170 3275 2182 3315 :
2216 3263 2411 3315 tamen
2443 3259 2607 3331 prius
2638 3261 2694 3314 in
2716 3261 2941 3315 nomine
2959 3260 3195 3315 Domini
3218 3261 3317 3316 Dei
3333 3260 3524 3325 nostri,
3549 3260 3665 3315 sci-

2023 3346 2157 3404 licet
2204 3348 2548 3405 conformati
2599 3347 2651 3404 ei
2698 3348 2922 3405 scilicet
2950 3366 2984 3405 a
3013 3348 3243 3405 Christo
3271 3348 3585 3405 Christiani
3614 3353 3675 3404 et

2023 3437 2183 3506 dicti,
2217 3442 2273 3493 et
2303 3436 2437 3493 lacti
2468 3438 2596 3509 ejus
2628 3454 2858 3509 corpus.
2904 3438 3134 3510 Impleat
3181 3438 3442 3494 Dominus
3483 3453 3675 3494 omnes

2022 3529 2313 3596 petitiones
2342 3534 2485 3582 tuas.
2517 3526 2855 3582 Praecedens
2890 3543 3093 3582 versus
3123 3526 3506 3599 interpositus
3537 3527 3672 3583 fuit.

2022 3615 2188 3670 Nunc
2218 3615 2481 3670 continet
2518 3613 2863 3685 optationes.
2911 3616 3139 3686 Impleat
3182 3617 3450 3671 Dominus
3490 3632 3675 3672 omnes

2018 3705 2308 3775 petitiones
2333 3707 2476 3771 tuas,
2511 3707 2632 3757 tam
2656 3719 2802 3775 quas
2823 3703 3087 3760 mortalis
3115 3704 3322 3760 fundes
3350 3721 3455 3776 pro
3482 3705 3671 3775 nobis,

2023 3808 2201 3863 quam
2228 3791 2360 3847 illas
2383 3808 2531 3862 quas
2558 3791 2769 3849 fundes
2793 3790 3145 3849 immortalis
3157 3792 3366 3861 factus,
3387 3793 3461 3848 ad
3484 3794 3675 3850 dexte-

2019 3896 2145 3936 ram
2167 3879 2357 3936 Patris
2377 3879 2607 3936 sedens.
2625 3880 2693 3935 Et
2709 3896 2906 3936 revera
2924 3879 3213 3954 implebit,
3228 3881 3369 3953 quia
3384 3881 3670 3938 Dominus

2016 3969 2278 4025 exaudiet
2328 3969 2492 4024 illum
2539 3985 2643 4041 pro
2695 3984 2757 4025 se
2804 3974 2862 4025 et
2910 3986 3013 4042 pro
3052 3970 3178 4026 suis
3215 3970 3281 4027 de
3323 3972 3454 4027 cxlo
3482 3976 3670 4029 sancto

2016 4073 2133 4126 suo,
2168 4057 2226 4113 id
2257 4061 2365 4124 est,
2399 4057 2470 4113 de
2492 4057 2750 4131 potentia
2779 4057 3102 4114 divinitatis
3122 4057 3307 4126 illius,
3331 4060 3432 4132 qui
3454 4068 3538 4116 es!
3561 4076 3666 4116 caa-

2016 4153 2143 4211 lum
2176 4161 2447 4212 sanctum
2477 4172 2675 4223 suum,
2708 4156 2766 4211 id
2797 4159 2907 4223 est,
2941 4156 3011 4213 de
3042 4155 3344 4212 divinitate
3374 4156 3571 4214 Verbi.
3599 4161 3668 4213 Et

2016 4260 2214 4300 revera
2258 4244 2529 4300 exaudiet
2557 4244 2694 4316 quia
2724 4244 2951 4301 salvum
2984 4244 3158 4302 faciet
3186 4245 3472 4303 Dominus
3500 4245 3669 4302 Chri-

2015 4336 2174 4388 stum
2199 4349 2394 4389 suum.
2410 4337 2477 4388 Et
2496 4348 2696 4388 revera
2712 4332 2820 4387 hoc
2841 4334 2969 4401 erit,
2987 4333 3125 4407 quia
3139 4351 3245 4408 ego
3265 4351 3431 4403 nunc,
3446 4333 3670 4391 scilicet

2014 4420 2185 4493 longe
2216 4427 2533 4493 antequam
2566 4421 2690 4486 fiat,
2743 4423 2970 4492 cognovi
3011 4425 3270 4494 quoniam
3299 4424 3512 4479 salvum
3538 4423 3670 4495 fecit

254 4518 354 4573 Dei
381 4517 570 4583 Iacob,
601 4516 658 4572 id
689 4520 806 4584 est,
839 4515 1123 4572 invocatio
1155 4516 1414 4572 nominis
1454 4515 1555 4571 Dei
1584 4516 1793 4585 Jacob,
1845 4517 1904 4572 id
1936 4505 1983 4569 D
2013 4512 2274 4568 Dominus
2304 4510 2580 4566 Christum
2609 4527 2791 4566 suum.
2825 4511 2896 4566 Et
2914 4511 3023 4568 hoc
3045 4512 3182 4568 inde
3207 4518 3383 4585 patet,
3407 4513 3546 4586 quia
3571 4530 3664 4569 sa-

253 4611 341 4661 est
353 4606 609 4676 junioris
630 4604 847 4678 populi,
872 4606 1096 4662 scilicet
1115 4604 1419 4661 luctatoris
1439 4610 1497 4662 et
1519 4606 1906 4678 praeripientis

254 4693 648 4766 primogenita
677 4694 886 4764 prioris
919 4692 1139 4767 populi,
1186 4694 1243 4749 id
1276 4699 1365 4750 est
1390 4693 1644 4760 Judaici,
1687 4693 1908 4750 scilicet

253 4781 599 4852 dignitatem
621 4787 679 4837 et
698 4780 977 4838 honorem
997 4782 1165 4839 illum
1188 4782 1291 4854 qui
1313 4782 1640 4854 promissus
1664 4782 1772 4838 fuit
1798 4783 1903 4838 Ju-

254 4870 419 4927 daico
467 4869 704 4944 populo,
758 4871 858 4943 qui
905 4870 1345 4942 promogenitus
1393 4870 1503 4926 fuit
1551 4870 1689 4943 quia
1736 4872 1904 4944 prius

251 4960 473 5018 electus
502 4964 593 5016 est
622 4977 800 5033 quam
835 4958 1093 5033 gentilis.
1125 4961 1332 5017 Nomen
1363 4966 1463 5016 De:
1490 4962 1671 5033 Jacob,
1703 4960 1759 5016 id
1792 4966 1902 5029 est,

252 5047 543 5105 invocatio
573 5047 835 5104 nominis
862 5046 965 5103 Dei
995 5047 1198 5113 Jacob,
1230 5052 1288 5102 et
1316 5063 1431 5102 non
1463 5046 1565 5103 Dei
1597 5047 1767 5116 Esau,
1800 5047 1903 5120 qui

252 5136 443 5193 dixit:
489 5138 663 5195 Jacob
712 5135 913 5205 dilexi,
958 5138 1107 5193 Esau
1153 5135 1274 5191 odio
1321 5136 1528 5198 habui;
1581 5140 1680 5192 et:
1734 5137 1904 5210 Major

249 5227 450 5281 serviet
480 5228 688 5281 minori
712 5226 864 5298 (Gen.
899 5244 1042 5294 xxv;
1077 5227 1225 5282 Rom.
1262 5225 1377 5296 ix):
1412 5224 1513 5297 qui
1544 5226 1780 5297 deponit
1799 5244 1900 5299 po-

251 5318 439 5370 tentes
464 5320 521 5370 et
545 5314 764 5371 exaltat
795 5314 1048 5371 humiles
1068 5315 1220 5387 (Luc.
1248 5314 1309 5387 ι),
1339 5318 1604 5386 protegat
1626 5318 1680 5369 te
1705 5314 1900 5372 humi-

251 5402 390 5471 lem,
423 5407 478 5458 et
509 5404 638 5475 ejus
669 5420 879 5459 nomen
914 5404 1302 5469 invocantem,
1330 5420 1363 5458 a
1384 5404 1785 5475 persecutione
1808 5424 1902 5462 su-

250 5492 564 5565 perborum
586 5492 950 5550 Judzeorum:
977 5493 1131 5548 sicut
1152 5494 1398 5564 protexit
1416 5493 1591 5548 Jacob
1614 5492 1898 5551 humilem

249 5583 307 5637 et
334 5580 462 5653 ejus
512 5598 724 5639 nomen
772 5582 1168 5647 invocantem,
1224 5597 1259 5636 a
1305 5584 1671 5653 persecutore
1721 5584 1895 5641 Esau.

2015 4601 2102 4655 lus
2131 4599 2374 4657 dexterae
2397 4601 2536 4672 ejus,
2563 4599 2622 4655 id
2650 4604 2761 4670 est,
2784 4599 2946 4656 salus
2969 4601 3165 4656 danda
3188 4601 3540 4657 humanitati
3564 4619 3667 4675 per

2015 4690 2305 4745 dexteram
2341 4678 2491 4759 ejus,
2524 4688 2581 4744 id
2615 4693 2704 4745 est
2726 4705 2826 4759 per
2847 4688 3233 4757 divinitatem,
3265 4691 3376 4747 erit
3395 4692 3455 4746 in
3471 4693 3663 4763 poten-

2013 4778 2238 4839 tatibus.
2253 4776 2311 4832 id
2330 4780 2439 4845 est,
2454 4775 2619 4833 valde
2643 4782 2867 4849 potens,
2884 4795 3187 4850 nunquam
3209 4784 3581 4836 convertatur
3601 4780 3659 4836 in

2012 4866 2436 4923 inﬁrmitatem.
2490 4866 2557 4921 Et
2599 4883 2707 4923 nos
2735 4866 2845 4923 hoc
2876 4867 3049 4924 modo
3078 4868 3283 4925 salvati
3316 4869 3661 4943 magniﬁca-

2009 4955 2287 5011 bimurin
2314 4955 2549 5011 nomine
2569 4954 2802 5011 Domini
2837 4955 2935 5011 Dei
2968 4957 3172 5012 nostri.
3210 4956 3297 5013 llli
3330 4963 3524 5014 autem
3557 4957 3660 5031 qui

2010 5044 2310 5101 salvantur
2327 5061 2428 5117 per
2444 5043 2745 5100 sinistram
2762 5048 2993 5101 tantum
3014 5044 3342 5117 gloriantur
3362 5047 3420 5102 in
3438 5047 3657 5104 divitiis

2009 5146 2067 5198 et
2097 5141 2372 5213 potentiis
2402 5140 2582 5213 hujus
2614 5140 2808 5196 saeculi
2835 5160 2848 5198 :
2894 5142 3043 5210 ideo,
3076 5143 3218 5215 quia
3245 5142 3490 5218 obligati
3519 5148 3660 5201 sunt

2010 5230 2069 5286 in
2102 5229 2262 5286 illius
2289 5229 2629 5301 cupiditate.
2652 5230 2834 5286 Aliter
2855 5232 3180 5287 secundum
3212 5232 3477 5289 ordinem
3504 5250 3517 5288 :
3548 5235 3656 5290 Im-

2007 5320 2155 5391 pleat
2212 5319 2472 5374 Dominus
2526 5332 2709 5373 omnes
2758 5321 3054 5391 petitiones
3120 5324 3261 5377 tuas.
3327 5322 3399 5377 Et
3463 5338 3659 5379 revera

2009 5406 2297 5479 implebit,
2330 5406 2468 5479 quia
2498 5421 2603 5479 ego
2624 5423 2772 5462 nunc
2790 5411 3034 5480 cognovi,
3066 5414 3383 5482 antequam
3405 5409 3527 5475 ﬁat,
3556 5427 3659 5483 per

2009 5496 2283 5570 spiritum
2309 5512 2323 5550 :
2375 5494 2463 5552 vel
2492 5512 2658 5567 nunc,
2692 5512 2826 5552 cum
2859 5498 3109 5555 maxime
3140 5516 3287 5572 opus
3317 5502 3442 5556 erat
3469 5500 3532 5555 in
3563 5499 3656 5556 die

1981 5583 2429 5665 tribulationis,
2461 5600 2723 5657 quoniam
2761 5587 2976 5644 salvum
3011 5588 3147 5661 fecit
3190 5590 3465 5648 Dominus
3496 5588 3652 5646 Chri-
