4016 6192
183 253 291 318 253

1290 254 1906 321 ENARHATIONES
1950 254 2029 319 ΙΝ
2072 254 2462 322 PSALMOS.

3462 254 3585 331 254

185 406 308 447 sum
328 390 400 447 ad
419 390 739 465 imaginem
757 396 815 449 et
832 392 1283 450 similitudinem
1302 397 1487 461 tuam,
1501 395 1568 447 ut
1583 390 1663 447 ait
1674 392 1821 464 Apo-
1848 391 1904 458 Α
1933 390 2104 446 dente
2127 390 2262 464 igne
2286 391 2598 463 passionis.
2631 393 2695 447 Et
2717 391 2910 463 lingua
2927 406 3050 447 mea
3069 388 3299 447 adhaesit
3325 391 3580 461 faucibus

183 479 359 538 stolus
384 496 397 535 :
429 482 654 538 Induite
682 499 878 539 novum
899 484 1174 541 hominem
1203 484 1296 554 qui
1323 483 1630 539 secundum
1653 482 1820 536 Deum

182 577 392 627 meatus
429 574 507 626 est
526 571 742 642 (Ephes.
758 572 857 644 ιν).
897 572 963 627 Et
984 589 1182 628 revera
1202 573 1261 627 in
1283 576 1357 639 te,
1380 572 1517 641 quia
1537 575 1595 626 tu
1610 588 1663 627 es
1686 572 1825 626 Deus

184 675 347 727 meus,
382 675 496 714 non
529 676 656 731 ego,
690 666 753 716 ut
797 660 998 717 infelix
1026 662 1236 716 Adam.
1271 662 1337 716 Et
1368 660 1522 732 quod
1555 666 1608 714 te
1642 665 1823 714 Deum

185 746 385 818 habeo,
415 747 481 803 de
510 752 695 804 ventre
725 753 921 805 matris
949 768 1080 806 mea:
1111 755 1199 805 est
1228 750 1356 819 hoc,
1398 750 1454 804 id
1487 753 1596 817 est,
1627 767 1695 804 ex
1724 747 1825 803 illa

187 838 388 891 natura
416 852 593 908 quam
626 841 819 910 accepi
853 838 910 893 in
938 844 1099 894 utero
1122 838 1345 894 matris.
1371 838 1515 893 Nam
1541 838 1611 892 de
1632 842 1687 895 te
1710 854 1823 891 non

186 950 242 989 es
261 938 325 989 tu
354 938 504 990 Deus
526 951 713 1005 meus,
738 936 841 992 sed
866 937 1035 992 Pater
1056 954 1241 992 meus.
1273 936 1473 1002 Aliter,
1498 935 1825 991 secundum

188 1022 479 1078 ordinem:
509 1024 829 1080 Deriserunt
847 1040 952 1079 me.
986 1025 1058 1079 Et
1085 1025 1196 1079 hoc
1225 1025 1375 1091 ideo,
1399 1026 1661 1097 quoniam
1692 1029 1752 1079 tu
1772 1040 1829 1078 es

187 1113 278 1184 qui
287 1113 590 1167 extruxisti
598 1113 757 1168 mede
769 1118 972 1180 ventre,
986 1114 1044 1167 id
1058 1114 1384 1185 est,quiatu
1395 1113 1627 1169 voluisti
1645 1118 1707 1168 ut
1726 1130 1827 1183 pro

187 1200 267 1256 eis
289 1200 554 1257 mortalis
574 1205 631 1256 et
648 1200 947 1273 passibilis
964 1201 1256 1272 ﬁerem,et
1276 1201 1409 1258 talis
1433 1203 1489 1257 in
1512 1219 1683 1275 quem
1710 1203 1830 1256 haec

188 1287 385 1344 omnia
416 1288 540 1344 fieri
571 1293 831 1360 possent,
865 1289 965 1361 qui
994 1290 1052 1346 in
1084 1291 1386 1348 divinitate
1414 1289 1655 1363 aequalis
1686 1291 1831 1345 mihi

185 1376 370 1433 factus
387 1393 450 1432 es
463 1392 584 1443 spes
598 1393 721 1433 mea
742 1394 811 1433 ex
824 1378 1209 1434 humanitate.
1228 1380 1296 1434 Et
1313 1380 1475 1453 quia,
1492 1396 1583 1434 me
1603 1384 1830 1435 tantum

182 1463 649 1535 humiliasti,noli
667 1483 760 1522 me
780 1467 1268 1523 deserere.Aliter:
1287 1469 1420 1524 Ideo
1434 1484 1527 1524 me
1541 1467 1831 1540 persecuti

183 1552 486 1622 sunt,ideo
500 1554 997 1627 deriserunt,quia
1016 1556 1323 1612 dissimilis
1342 1556 1459 1612 illis
1471 1574 1652 1623 eram,
1672 1555 1837 1611 nulla

183 1640 297 1697 alia
318 1643 390 1697 de
407 1658 605 1699 causa.
621 1644 691 1698 Et
710 1643 820 1699 hoc
842 1649 930 1699 est
948 1645 1106 1715 quod
1129 1645 1293 1712 dixit,
1309 1646 1582 1714 Quoniam
1596 1650 1657 1701 tu
1670 1663 1725 1702 es
1741 1646 1838 1716 qui

1932 481 2108 536 meis:
2140 497 2343 536 omnes
2376 482 2489 537 mei
2520 483 2689 554 quasi
2720 482 2867 537 muti
2902 480 3036 537 facti
3085 484 3225 535 sunt
3272 480 3371 551 qui
3416 480 3582 552 prius

1932 573 2098 625 erant
2126 567 2329 641 lingua
2360 586 2509 636 mea,
2544 571 2600 625 id
2632 576 2740 640 est,
2793 570 3201 643 praedicatores
3233 568 3370 623 mei.
3428 569 3490 623 Et
3524 570 3583 623 in

1929 660 2211 730 pulverem
2254 660 2449 715 mortis
2490 659 2771 715 deduxisti
2798 677 2904 726 me,
2939 659 2993 714 id
3025 662 3112 715 est
3142 656 3455 731 permisisti
3490 673 3583 713 me

1936 747 1994 802 in
2026 746 2293 819 sepulcro
2323 745 2566 813 includi,
2602 749 2769 819 quasi
2808 748 3152 804 solvendum
3178 747 3236 802 in
3262 746 3585 820 pulverem.

1935 843 2146 899 Aliter:
2172 844 2255 899 llli
2276 861 2369 900 me
2385 845 2918 913 circumdederunt,
2934 846 3015 901 illi
3041 844 3360 901 sententias
3382 844 3588 900 mortis

1935 934 1995 989 in
2029 950 2120 989 me
2151 934 2455 1004 dederunt,
2482 939 2539 989 et
2568 935 2628 989 in
2660 934 2927 1006 sep'ulcro
2960 935 3316 1001 clauserunt,
3341 933 3440 989 sed
3466 934 3585 988 fru-

1938 1027 2080 1091 stra,
2104 1022 2240 1094 quia
2255 1024 2457 1094 eﬂusus
2477 1040 2598 1079 sum
2619 1040 2722 1095 per
2740 1029 2925 1079 totum
2947 1024 3235 1078 mundum
3259 1025 3402 1079 sicut
3419 1040 3586 1097 aqua,

1940 1110 2161 1167 scilicet
2191 1112 2323 1167 aliis
2353 1111 2412 1166 in
2442 1112 2699 1179 ruinam,
2732 1111 2865 1167 aliis
2896 1112 2953 1166 in
2986 1112 3239 1167 salutem
3266 1128 3278 1166 :
3315 1129 3431 1168 non
3464 1129 3593 1168 cre-

1940 1199 2235 1270 dentibus,
2289 1200 2348 1254 in
2398 1203 2650 1268 ruinam,
2701 1201 3073 1257 credentibus
3118 1202 3179 1255 in
3234 1200 3591 1257 ablutionem

1941 1289 2276 1345 criminum.
2335 1289 2497 1345 Unde
2526 1289 2669 1344 illud
2697 1307 2710 1345 :
2744 1291 2872 1345 Ecce
2902 1290 2992 1344 hic
3019 1291 3224 1358 positus
3270 1294 3353 1343 est
3384 1292 3441 1344 in
3472 1292 3595 1345 rui-

1940 1393 2077 1431 nam
2109 1378 2157 1431 et
2190 1378 2250 1431 in
2282 1378 2741 1431 resurrectionem
2770 1377 3073 1431 multorum
3122 1377 3270 1446 (Luc.
3308 1376 3389 1447 ιι).
3438 1377 3507 1432 Et
3534 1382 3599 1432 ut

1944 1464 2288 1531 el‘funderer,
2341 1465 2585 1537 dispersa
2636 1474 2763 1520 sunt
2810 1466 2998 1521 omnia
3044 1482 3168 1521 ossa
3214 1480 3358 1531 mea,
3398 1465 3454 1519 id
3488 1470 3596 1531 est,

1945 1551 2351 1624 praedicatores
2380 1553 2492 1607 mei
2516 1552 2730 1608 ﬁrmati
2758 1570 2792 1608 a
2811 1552 3028 1625 Spiritu
3063 1558 3286 1621 sancto,
3318 1556 3382 1608 ut
3402 1557 3601 1608 essent

1946 1641 2115 1713 quasi
2167 1657 2302 1696 ossa
2348 1646 2404 1697 et
2432 1643 2610 1697 robur
2637 1642 2897 1713 corporis
2930 1642 3041 1697 mei
3074 1641 3325 1713 dispersi
3358 1646 3499 1697 sunt
3527 1642 3600 1699 ad

178 1722 475 1786 extruxisti
503 1747 587 1787 me
614 1732 679 1787 de
708 1736 911 1802 ventre,
957 1731 1015 1787 id
1059 1738 1166 1802 est,
1200 1733 1272 1789 de
1302 1734 1512 1790 umbra
1544 1739 1602 1791 et
1629 1736 1837 1791 obscu-
1866 1759 1915 1825 B
1947 1730 2381 1802 praedicandum
2414 1729 2474 1785 in
2508 1730 2847 1786 universum
2880 1733 3102 1787 orbem.
3152 1734 3377 1788 Factum
3407 1740 3486 1787 est
3510 1746 3603 1787 cor

180 1818 356 1875 ritate
405 1819 552 1893 legis
598 1836 726 1892 quae
773 1825 863 1877 est
909 1822 1078 1893 quasi
1118 1828 1316 1878 venter
1344 1824 1684 1897 Synagogai.
1718 1825 1835 1880 Hoc

181 1917 362 1973 modo
383 1917 702 1988 extraxisti,
736 1918 924 1975 factus
953 1935 1072 1991 spes
1101 1936 1224 1976 mea
1253 1921 1323 1975 ab
1350 1921 1610 1976 uberibus
1638 1923 1838 1977 matris

180 2021 343 2076 mese,
376 2005 432 2060 id
463 2009 571 2075 est,
607 2023 641 2061 a
668 2007 1002 2062 carnalibus
1052 2008 1557 2064 observationibus
1602 2009 1747 2082 legis
1777 2012 1836 2066 in

178 2111 307 2167 qua
339 2099 516 2151 natus
546 2112 701 2165 sum,
737 2101 801 2150 ut
831 2096 891 2150 in
922 2100 1025 2151 tua
1050 2096 1285 2167 justitia
1315 2098 1689 2166 confiderem,
1723 2117 1838 2155 non

174 2182 237 2237 in
257 2182 506 2254 justitia
523 2182 690 2255 legis,
717 2184 859 2255 quia
878 2199 946 2239 ex
971 2184 1246 2256 operibus
1276 2184 1425 2257 legis
1457 2185 1656 2242 nullus
1671 2186 1843 2257 justi-

169 2269 425 2336 ﬁcatur,
449 2271 549 2325 sed
574 2287 677 2341 per
705 2271 953 2342 gratiam
985 2276 1147 2327 tuam
1181 2273 1354 2342 (Rom.
1383 2274 1489 2345 Ill).
1525 2278 1674 2329 Data:
1708 2280 1847 2330 sunt

170 2357 356 2414 enim
401 2358 665 2414 carnales
709 2359 1163 2426 observationes,
1198 2377 1312 2416 non
1347 2366 1409 2416 ut
1430 2363 1845 2433 justificarent,

169 2446 283 2503 sed
328 2449 395 2500 ut
423 2447 629 2501 rudem
662 2446 830 2502 illum
864 2447 1148 2519 pepulum
1180 2451 1350 2520 quasi
1382 2451 1687 2507 elementis
1717 2452 1844 2524 qui-

170 2533 444 2589 busdam
477 2533 798 2600 erudirent,
830 2539 894 2589 ut
924 2536 1163 2591 tandem
1195 2553 1230 2591 a
1260 2537 1600 2594 carnalibus
1629 2541 1700 2594 ad
1732 2541 1846 2611 spi-

174 2620 432 2677 ritualia
458 2621 798 2678 transirent.
836 2623 903 2677 Et
946 2623 1153 2679 merito
1183 2629 1248 2680 tu
1280 2641 1342 2681 es
1371 2642 1492 2697 spes
1521 2643 1665 2693 mea,
1708 2630 1846 2699 quia

176 2712 240 2765 in
261 2718 319 2766 te
338 2709 616 2781 proiectus
636 2726 760 2765 sum
787 2727 859 2766 ea:
878 2714 1052 2778 utero,
1075 2711 1134 2766 in
1170 2717 1226 2768 te
1256 2712 1446 2768 solum
1477 2716 1645 2786 posui
1680 2733 1844 2786 spem

174 2814 393 2855 meam
445 2798 645 2854 exiens
690 2799 760 2855 de
790 2806 975 2871 utero,
1027 2799 1084 2855 id
1116 2806 1226 2869 est,
1272 2802 1343 2857 de
1373 2804 1582 2859 umbra
1609 2803 1754 2877 legis
1785 2806 1845 2861 in

175 2887 316 2961 lege
359 2888 580 2959 gratias.
610 2889 678 2943 Et
706 2889 842 2960 quia
870 2890 932 2943 in
961 2896 1011 2944 te
1036 2891 1311 2961 projectus
1337 2908 1484 2961 sum,
1528 2893 1658 2950 ideo
1688 2898 1752 2949 tu
1783 2911 1848 2950 es

172 2977 357 3033 Deus
393 2993 585 3044 meus,
612 2976 833 3033 scilicet
859 2994 982 3050 spes
1010 2994 1132 3034 mea
1161 2979 1228 3035 de
1254 2989 1438 3037 ventre
1466 2984 1663 3038 matris
1692 3000 1844 3051 mem,

171 3066 429 3122 scilicet
454 3082 524 3121 ex
552 3082 669 3138 quo
700 3082 794 3121 me
823 3065 959 3122 inde
1007 3069 1326 3125 extruxisti.
1372 3070 1521 3142 Ergo
1550 3087 1621 3126 ne
1649 3071 1848 3128 disces-

568 3122 589 3138 ι
1373 3122 1514 3142 ΜΟ,

166 3157 321 3212 seris
368 3172 401 3209 a
430 3171 535 3210 me.
569 3154 820 3210 Ostende
850 3156 1023 3212 modo
1058 3158 1211 3228 quod
1246 3174 1480 3213 mecum
1510 3159 1615 3225 sis,
1648 3176 1741 3215 me
1771 3178 1851 3216 re-
1881 3122 1924 3189 Ο

172 3244 541 3301 suscitando
571 3260 606 3299 a
637 3244 905 3310 mortuis,
937 3245 1092 3300 sicut
1119 3250 1260 3301 tunc
1290 3262 1423 3301 cum
1457 3248 1750 3303 extruxisti
1780 3249 1852 3302 de

174 3337 357 3389 utero
386 3332 617 3388 matris.
649 3333 719 3387 Et
738 3351 887 3405 opus
917 3341 1006 3390 est
1036 3338 1101 3388 ut
1132 3351 1247 3389 non
1279 3334 1569 3395 discedas.
1595 3338 1854 3406 quoniam

174 3422 488 3478 tribulatio
514 3423 775 3492 proxima
804 3426 913 3485 est,
948 3422 1213 3493 quoniam
1241 3437 1351 3477 non
1381 3425 1462 3477 est
1490 3422 1589 3493 qui
1616 3421 1851 3492 adjuvet,

173 3510 296 3566 nisi
331 3514 428 3566 tu.
465 3509 715 3565 Ostende
737 3510 1031 3582 quomodo
1057 3510 1135 3566 sit
1157 3510 1443 3581 proxima,
1478 3508 1855 3564 Circumdede—

173 3603 318 3654 runt
347 3615 451 3655 me
480 3599 643 3654 vituli
674 3600 854 3666 multi,
903 3599 1126 3655 scilicet
1173 3598 1481 3655 lasciviens
1533 3598 1699 3670 plebs
1743 3598 1853 3653 Ju-

175 3687 381 3760 daica,
419 3704 539 3744 non
569 3688 641 3743 ad
673 3688 1048 3755 imitandum,
1104 3689 1205 3743 sed
1250 3688 1323 3742 ad
1355 3687 1849 3760 persequendum.

181 3787 378 3842 Tauri
400 3787 648 3859 pingues
676 3786 1001 3842 obsederunt
1028 3803 1135 3841 me.
1170 3786 1465 3859 Principes
1490 3786 1850 3856 Judaeorum,

176 3875 339 3931 tauri
397 3880 641 3948 propter
688 3874 1048 3948 superbiam,
1099 3874 1371 3949 pingues,
1404 3877 1458 3932 id
1492 3879 1599 3943 est,
1633 3876 1853 3948 adipati

174 3962 454 4031 malitia,
502 3963 850 4034 Aperuerunt
893 3979 1059 4035 super
1102 3980 1193 4018 me
1241 3980 1298 4018 os
1340 3980 1518 4034 suum,
1571 3964 1851 4034 dicentes,

171 4050 478 4123 Cruci/Ege
505 4050 684 4122 (Joan.
718 4051 834 4124 x1x)
862 4069 875 4119 ;
906 4051 1024 4119 vel,
1052 4050 1257 4107 mortis
1289 4051 1612 4108 sententias
1656 4053 1715 4107 in
1761 4068 1855 4109 me

171 4139 512 4207 dederunt,
565 4157 691 4212 qum
746 4139 1046 4196 sententiae
1093 4157 1212 4196 suae
1262 4140 1521 4208 fuerunt,
1557 4140 1615 4196 id
1647 4146 1754 4208 est,
1788 4158 1854 4196 ex

172 4227 533 4296 mendacio,
558 4245 673 4285 non
696 4245 766 4285 ex
787 4228 1051 4297 veritate,
1082 4231 1228 4286 sicut
1260 4230 1341 4286 leo
1370 4232 1589 4301 rapiens
1618 4232 1855 4302 quando

165 4334 314 4374 cum
338 4316 571 4392 gladiis
590 4322 647 4374 et
668 4317 923 4375 fustibus
944 4319 1514 4391 comprehenderunt
1532 4320 1737 4392 (Matth.
1752 4322 1854 4388 v1),

161 4416 217 4462 et
246 4408 514 4479 rugiens
542 4406 910 4462 vociferando
941 4407 1001 4462 in
1030 4424 1144 4463 me.
1179 4407 1328 4463 Sicut
1352 4423 1493 4479 aqua
1513 4408 1714 4479 effusus
1734 4424 1857 4463 sum

1944 1835 2131 1875 meum
2160 1824 2431 1890 tanquam
2453 1836 2577 1874 cera
2607 1821 2909 1891 liquescens
2942 1822 3005 1876 in
3032 1820 3210 1876 medio
3239 1821 3448 1876 ventris
3466 1822 3598 1889 mei,

1947 1917 2006 1972 id
2028 1921 2136 1984 est,
2154 1921 2287 1989 post
2305 1917 2500 1989 ignem
2521 1917 2814 1990 passionis
2834 1921 3033 1990 aperta
3052 1921 3214 1973 estet
3229 1917 3605 1974 manifestata

1948 2006 2382 2077 Scripturarum
2407 2006 2627 2061 duritia
2653 2007 2711 2061 in
2734 2007 2910 2063 medio
2930 2008 3144 2062 ventris
3165 2006 3377 2077 mei,.id
3400 2010 3510 2076 est,
3542 2006 3604 2061 in

1951 2094 2233 2151 memoria
2249 2112 2512 2151 meorum
2530 2095 2796 2161 firma,ad
2813 2095 3433 2166 similitudinem,quia
3449 2095 3604 2166 quod

1950 2183 2012 2239 in
2046 2185 2237 2239 medio
2268 2189 2359 2239 est
2387 2183 2536 2239 solet
2565 2184 2798 2240 firmius
2827 2184 3131 2240 inherere.
3159 2183 3440 2240 Memoria
3463 2183 3608 2239 acci-

1953 2272 2114 2345 pitur
2160 2289 2264 2343 pro
2319 2276 2518 2328 ventre
2574 2289 2642 2327 ea
2693 2272 3114 2343 similitudine,
3165 2273 3304 2344 quia
3351 2272 3503 2327 sicut
3546 2271 3607 2327 in

1953 2366 2155 2416 ventre
2188 2362 2372 2416 multa
2402 2362 2798 2416 reconduntur
2828 2362 2910 2416 ita
2938 2366 2995 2416 et
3024 2360 3085 2415 in
3122 2362 3424 2416 memoria.
3450 2361 3611 2415 Aruit

1954 2458 2226 2521 tanquam
2257 2454 2397 2505 testa
2419 2452 2594 2505 virtus
2613 2465 2755 2505 mea.
2790 2450 2852 2506 In
2885 2449 3019 2522 igne
3048 2449 3342 2521 passionis
3374 2466 3489 2504 non
3520 2452 3611 2504 est

1954 2538 2250 2593 inﬁrmata
2292 2538 2479 2593 virtus
2529 2555 2682 2605 mea,
2726 2542 2791 2593 ut
2824 2537 2907 2593 illi
2940 2538 3247 2610 putabant,
3282 2538 3382 2593 sed
3428 2537 3605 2603 aruit,

1954 2626 2013 2682 id
2044 2630 2155 2693 est,
2205 2626 2439 2682 ﬁrmata
2484 2632 2575 2683 est
2623 2627 2778 2682 sicut
2822 2631 3010 2683 testa:
3045 2627 3184 2699 quia
3223 2627 3295 2682 de
3342 2625 3608 2699 passibili

1956 2714 2145 2770 factus
2200 2731 2333 2770 sum
2386 2714 2796 2787 impassibilis,
2847 2717 2919 2772 de
2967 2716 3199 2772 mortali
3231 2714 3608 2783 immortalis,

1954 2807 2238 2875 tauquam
2286 2808 2435 2860 testa
2484 2803 2647 2877 prius
2698 2804 2946 2860 humida
2975 2810 3033 2860 et
3066 2802 3311 2877 fragilis,
3344 2802 3614 2876 apposita

1956 2892 2028 2947 ad
2060 2892 2256 2966 ignem
2288 2893 2627 2949 indurescit.
2653 2894 2724 2948 Et
2745 2900 2877 2965 post
2897 2894 3231 2966 passionem
3253 2894 3447 2963 lingua
3470 2908 3610 2959 mea,

1955 2981 2015 3037 id
2048 2970 2173 3047 'est,
2224 2980 2422 3051 lingua
2470 2999 2758 3047 meorum,
2810 2983 3045 3040 adhaesit
3083 2982 3338 3053 faucibus
3365 2982 3521 3046 meis,
3552 2980 3609 3035 id

1963 3075 2079 3137 est,
2134 3086 2246 3125 non
2299 3075 2674 3127 cessaverunt
2722 3071 2836 3127 mei
2885 3088 2919 3126 a
2966 3070 3397 3143 praedicatione.
3448 3071 3614 3126 Tunc

1962 3158 2119 3214 enim
2169 3158 2397 3213 videtur
2441 3159 2645 3230 lingua
2695 3160 2962 3215 faucibus
2994 3160 3296 3225 inhaerere,
3328 3174 3461 3214 cum
3498 3158 3613 3213 fre-

1962 3261 2149 3317 quens
2196 3249 2284 3300 est
2337 3245 2394 3299 in
2446 3245 2756 3303 locutione.
2808 3249 2877 3302 Et
2907 3264 3009 3319 per
3038 3246 3191 3314 illos,
3241 3249 3302 3301 in
3339 3247 3615 3317 pulverem

1963 3336 2156 3389 mortis
2203 3332 2483 3387 deduxisti
2535 3352 2652 3405 me,
2703 3334 2761 3389 id
2792 3341 2909 3405 est,
2972 3335 3031 3389 in
3080 3335 3259 3389 corda
3308 3332 3616 3407 gentilium

1963 3420 2181 3476 duxisti
2224 3420 2325 3492 qui
2358 3421 2522 3491 prius
2553 3427 2721 3477 erant
2751 3423 2943 3494 pulvis
2974 3423 3202 3491 mortis,
3233 3422 3291 3477 id
3323 3426 3433 3490 est,
3468 3421 3616 3478 aridi

1963 3514 2021 3565 et
2051 3510 2177 3565 sine
2207 3509 2451 3564 humore
2482 3510 2641 3565 verbi
2673 3511 2792 3566 Dei.
2828 3511 2929 3567 Ille
2958 3512 3175 3568 dicitur
3198 3516 3467 3567 mortuus
3488 3510 3615 3582 pul-

1964 3598 2051 3653 vis
2095 3598 2193 3670 qui
2239 3598 2365 3653 sine
2398 3598 2644 3654 humore
2673 3604 2782 3667 est,
2815 3604 2873 3655 et
2902 3600 3071 3656 facile
3101 3616 3136 3654 a
3164 3603 3334 3654 vento
3366 3599 3612 3669 rapitur.

1962 3694 2183 3751 Aliter:
2237 3696 2321 3751 Tu
2374 3699 2569 3751 autem
2604 3695 2663 3750 in
2698 3712 2791 3752 me
2822 3700 3026 3752 sancto
3058 3693 3310 3761 habitas,
3344 3691 3500 3764 quod
3532 3691 3615 3746 illi

1963 3801 2078 3840 non
2101 3785 2349 3840 credunt
2379 3785 2478 3857 qui
2503 3786 2588 3841 sic
2609 3786 2852 3841 dicunt:
2886 3787 2945 3841 In
2976 3787 3029 3839 te
3062 3789 3415 3856 speraverant
3434 3788 3618 3853 patres

1962 3876 2154 3941 nostri,
2169 3879 2558 3946 speraverant,
2572 3881 2625 3930 et
2648 3876 2897 3931 tiberasti
2914 3890 3020 3930 eos.
3038 3872 3139 3927 Hic
3161 3870 3307 3927 nihil
3328 3873 3613 3939 mutatur,

1962 3961 2079 4018 nisi
2110 3964 2262 4035 quod
2295 3962 2355 4017 in
2391 3979 2642 4034 persona
2674 3962 3155 4036 persequentium
3190 3960 3310 4016 haec
3343 3959 3618 4016 dicuntur

1964 4067 2168 4121 usque,
2188 4053 2299 4119 Ego
2314 4055 2519 4122 autem,
2540 4049 2764 4107 scilicet
2785 4070 2901 4110 non
2924 4052 3121 4108 videor
3141 4049 3259 4106 illis
3281 4051 3498 4124 dignus
3516 4055 3619 4108 tua

1962 4138 2304 4207 salvatione,
2339 4140 2477 4211 quia
2503 4157 2626 4195 sum
2656 4140 2739 4197 ita
2768 4141 2918 4213 vilis,
2961 4146 3019 4198 et
3049 4141 3130 4195 ita
3157 4140 3357 4195 videor
3380 4140 3614 4195 concul-

1962 4228 2189 4283 candus
2221 4232 2285 4282 ut
2312 4231 2536 4295 vermis,
2568 4235 2625 4284 et
2655 4247 2769 4285 non
2821 4231 3021 4286 videor
3049 4229 3169 4283 illis
3198 4227 3373 4283 homo
3403 4230 3462 4281 et
3488 4227 3618 4282 ideo

1962 4316 2320 4388 approbrium
2349 4318 2653 4383 hominum,
2687 4323 2754 4374 ut
2783 4335 2961 4390 supra
2986 4334 2999 4371 :
3032 4317 3223 4372 Locuti
3250 4322 3375 4368 sunt
3409 4313 3618 4375 labiis;

1969 4405 2078 4461 Vah
2106 4406 2204 4477 qui
2230 4403 2465 4459 destruis
2493 4406 2755 4476 templum
2795 4408 2893 4461 Dei
2942 4404 3150 4476 (Matth.
3182 4402 3376 4473 xxvn).
3407 4403 3473 4457 Et
3502 4418 3619 4457 mo-

157 4497 383 4553 viliter
417 4497 480 4551 et
508 4494 635 4550 sine
669 4494 789 4551 ulla
825 4496 1083 4567 jactura,
1132 4500 1198 4550 ut
1241 4494 1362 4551 illis
1410 4493 1738 4551 videbatur.
1786 4499 1859 4553 Et
1889 4488 1936 4554 D
1965 4498 2162 4551 verunt
2189 4497 2377 4564 caput,
2408 4492 2769 4549 insultando.
2802 4494 2870 4548 Et
2899 4492 3106 4548 merito
3138 4490 3278 4545 foris
3323 4499 3619 4547 moverunt

160 4585 458 4658 dispersa
486 4592 613 4638 sunt
640 4586 831 4640 omnia
861 4600 981 4640 ossa
1026 4600 1168 4653 mea,
1221 4583 1279 4639 id
1330 4590 1438 4653 est,
1487 4584 1667 4639 fortes
1716 4584 1849 4649 mei,
1968 4586 2150 4655 caput,
2184 4582 2322 4655 quia
2353 4586 2718 4638 removerant
2743 4582 2901 4637 intus
2924 4582 2981 4637 in
3007 4580 3283 4637 cordibus
3305 4581 3429 4637 suis
3451 4580 3621 4638 Chri-

158 4679 455 4755 apostoli
487 4679 728 4747 scilicet,
761 4680 900 4754 quia
930 4683 1082 4737 sicut
1110 4698 1242 4737 caro
1272 4681 1329 4737 in
1358 4681 1595 4737 ossibus
1624 4683 1859 4739 robora-
1968 4676 2127 4727 stum
2156 4688 2357 4729 verum
2389 4676 2584 4744 caput.
2606 4676 2662 4726 el-
2683 4674 3130 4743 ειεευωρεθτεωι
3152 4669 3263 4726 Sibi
3294 4669 3482 4728 millia
3502 4671 3619 4728 ίιιὶ-

157 4776 297 4839 tur,
332 4770 438 4825 ita
467 4774 524 4825 et
553 4785 766 4843 corpus
794 4769 1009 4827 Christi
1041 4771 1193 4842 quod
1227 4775 1317 4827 est
1345 4770 1603 4827 Ecclesia
1630 4771 1690 4827 in
1721 4787 1859 4844 apo-
1898 4837 1902 4841 ,
1969 4762 2255 4817 micorum
2288 4761 2499 4834 (περίιθι
2550 4762 2619 4817 Et
2665 4764 2876 4816 caetera
2906 4764 2971 4815 Ut
3000 4776 3199 4832 supra,
3241 4776 3445 4833 usque.
3478 4764 3531 4817 ει
3561 4763 3619 4816 in

159 4859 361 4916 stolis
398 4857 736 4927 roboratur,
768 4857 1037 4930 dispersa
1066 4863 1227 4927 sunt,
1259 4859 1320 4914 id
1362 4864 1471 4927 est,
1512 4860 1572 4914 in
1602 4859 1861 4916 diversas
1968 4859 2254 4929 pulverem
2283 4861 2475 4915 mortis
2502 4858 2787 4914 deduxisti
2804 4875 2908 4914 me.
2945 4859 3005 4913 Et
3028 4858 3158 4914 bene
3179 4857 3480 4924 deduxisti,
3503 4873 3619 4912 non

162 4952 395 5020 partes
434 4945 734 5019 fugerunt.
765 4948 989 5003 Factum
1017 4955 1097 5004 est
1123 4964 1218 5004 cor
1243 4963 1425 5004 meum
1453 4956 1717 5019 tanquam
1736 4964 1864 5004 cera
1969 4947 2126 5003 enim
2144 4950 2464 5018 potuerunt
2479 4946 2739 5003 occidere
2758 4946 2867 5003 nisi
2891 4947 3181 5018 permissi.
3197 4946 3343 5001 Hinc
3361 4945 3423 5000 ﬁt
3437 4949 3623 5000 trans-

1968 5038 2089 5095 itus
2119 5037 2190 5093 ad
2222 5034 2388 5091 illum
2420 5053 2687 5102 versum,
2721 5038 2793 5092 Tu
2822 5046 3037 5102 autem,
3068 5036 3323 5101 Domine,
3368 5050 3440 5088 ne
3467 5033 3621 5088 elon-

1972 5129 2201 5202 gaveris
2230 5124 2520 5181 auxilium
2548 5128 2705 5180 tuum
2733 5143 2769 5181 a
2796 5142 2903 5195 me,
2929 5125 3065 5195 quia
3087 5121 3261 5178 morti
3283 5137 3375 5177 me
3396 5121 3624 5177 tradere

1974 5213 2286 5289 permittis,
2300 5212 2418 5268 nuli
2435 5212 2706 5285 elongare
2722 5230 2912 5269 meum
2932 5209 3418 5266 resurrectionem
3436 5225 3624 5280 usque

1975 5307 2046 5363 ad
2080 5318 2453 5361 communem
2486 5301 2997 5367 resurrectionem,
3031 5300 3128 5355 sed
3157 5298 3229 5354 ad
3255 5297 3626 5369 defensionem

1973 5410 2152 5451 meam
2179 5392 2430 5462 conspice
2453 5408 2472 5445 :
2501 5389 2724 5446 scilicet
2752 5389 2876 5444 visa
2907 5393 3095 5443 morte
3142 5403 3290 5455 mea,
3333 5384 3524 5457 cogita
3552 5384 3624 5441 de

1979 5481 2400 5540 resurrectione
2431 5496 2580 5550 mea,
2612 5478 2723 5545 vel,
2756 5479 2825 5533 ad
2850 5477 3246 5534 defensionem
3270 5490 3485 5541 meam,
3511 5474 3622 5531 sci-

1978 5574 2115 5631 licet
2143 5569 2333 5628 dando
2364 5569 2561 5638 robur,
2594 5585 2667 5626 ne
2699 5569 2759 5629 in
2780 5567 3087 5626 tormentis
3110 5566 3364 5624 devocet.
3387 5563 3457 5621 Et
3475 5579 3623 5646 opus

163 5038 515 5110 liquescens
543 5036 601 5090 in
632 5035 811 5092 medio
839 5039 1043 5093 ventris
1083 5038 1227 5109 mei,
1271 5037 1330 5092 id
1381 5042 1497 5108 est,
1546 5036 1862 5110 Scripturae

162 5142 400 5194 sacrae,
461 5121 521 5177 in
566 5124 785 5196 quibus
814 5125 1033 5182 latebat
1059 5125 1327 5183 voluntas
1357 5143 1510 5194 mea,
1556 5126 1864 5184 infirmatae

159 5218 324 5271 sunt
357 5212 439 5268 in
474 5213 668 5270 medio
696 5214 918 5271 ventris
946 5214 1081 5283 mei,
1113 5215 1170 5271 id
1193 5220 1303 5282 est,
1326 5215 1384 5271 in
1407 5216 1579 5272 corde
1602 5217 1864 5272 inﬁrmo-

160 5320 314 5359 rum
376 5316 683 5357 meorum.
733 5304 895 5360 Aruit
940 5313 1205 5376 tanquam
1245 5309 1381 5360 testa
1425 5308 1598 5361 virtus
1630 5323 1774 5374 mea,
1806 5307 1865 5362 id

155 5398 284 5461 est,
345 5389 557 5446 virtus
609 5407 873 5450 meorum
921 5394 1078 5449 aruit
1127 5394 1186 5449 in
1229 5392 1367 5461 illis,
1398 5394 1457 5448 id
1488 5399 1596 5463 est,
1632 5395 1863 5465 defecit,

156 5482 338 5540 sicut
376 5480 613 5535 humor
641 5480 837 5538 deficit
864 5499 999 5539 cum
1030 5482 1355 5539 exsiccatur
1382 5486 1532 5556 testa
1551 5482 1623 5536 ad
1646 5481 1862 5556 ignem,

158 5572 248 5631 ita
279 5571 513 5631 virtus
541 5585 805 5629 meorum
836 5572 1120 5646 paulatim
1143 5571 1316 5646 coepit
1338 5587 1679 5630 evanescere
1703 5589 1866 5631 acce-
