4016 6192
405 290 530 362 255
768 318 771 321 '
982 294 1288 364 REMIGII
1334 295 2087 366 ANTIBSIODORENSIS
2130 297 2304 365 OPP.
2350 292 2551 364 PARS
2595 295 2643 364 I.
2675 333 2755 348 -
2782 295 3246 365 EXEGETICA.
3694 297 3826 365 256

407 435 498 490 est
519 436 619 488 tua
639 424 998 503 defensione,
1021 436 1285 505 quoniam
1302 434 1773 491 circumdederunt
1795 450 1880 490 me
1900 450 2062 491 canes
2090 440 2145 507 Α
2177 437 2446 490 contexta
2475 434 2706 503 dicitur,
2740 433 2879 506 quia
2906 433 3181 505 prmeedit
3214 431 3470 491 charitas
3495 429 3597 489 Dei
3629 432 3822 489 chari-

408 522 597 590 multi,
630 520 868 576 inimico
896 520 1286 588 blandientes,
1309 528 1514 579 contra
1534 528 1832 579 auctorem
1856 523 2060 579 salutis
2170 527 2349 580 tatem
2378 529 2658 591 nostram,
2678 527 2744 578 ut
2763 522 2931 589 illud,
2959 522 3307 591 Charissimi,
3326 524 3628 595 diligamus
3646 524 3822 580 Deum

409 610 770 667 oblatrantes
799 627 812 667 :
863 610 980 666 Non
1010 609 1174 683 hunc,
1205 612 1296 667 sed
1325 613 1635 667 Barrabam
1663 612 1840 684 (Joan.
1877 612 2056 682 xvm).
2168 614 2432 685 quoniam
2464 613 2598 668 Deus
2637 614 2797 683 prior
2841 612 3038 667 dilexit
3069 627 3187 677 nos,
3219 616 3271 667 et
3298 613 3440 668 Deus
3467 611 3713 667 charitas
3740 616 3823 668 est

408 699 683 756 Foderunt
716 712 917 754 manus
944 715 1101 755 meas
1129 709 1180 755 et
1218 700 1378 771 pedes
1424 717 1590 767 meos,
1642 701 1834 756 erucis
1883 700 2060 756 clavis
2168 701 2219 772 (Ι
2246 703 2403 758 Joan.
2438 702 2532 772 ιν).
2572 703 2647 757 Tu
2675 709 2879 767 autem,
2911 703 3157 768 Domine,
3187 717 3257 756 ne
3280 702 3619 772 elongaveris
3648 703 3820 756 auxi-

410 789 737 862 atiigentes.
796 789 1290 844 Dinumeraverunt
1316 792 1504 846 omnia
1534 806 1652 846 ossa
1680 807 1822 857 mea,
1858 789 1913 845 id
1948 794 2057 855 est,
2168 790 2305 845 lium
2359 800 2516 845 tuum
2562 808 2595 846 a
2640 807 2728 846 me
2756 808 2775 844 :
2823 791 2892 845 ad
2920 790 3292 862 defensionem
3319 806 3498 846 meam
3543 793 3817 862 conspice.

410 878 575 935 sicin
599 894 770 933 cruce
791 878 1197 946 extenderunt,
1218 884 1282 933 ut
1303 879 1500 934 omnia
1516 895 1653 935 ossa
1670 896 1799 935 mea
1819 880 2060 934 eommi-
2170 889 2328 944 Istud
2357 905 2472 944 non
2496 888 2566 943 ad
2590 888 2740 943 hanc
2762 887 3108 944 sententiam
3125 888 3529 961 jungam-ﬁed
3564 888 3636 943 ad
3664 889 3824 961 ρι-ίο-

406 972 654 1024 nuerent
695 968 764 1022 ad
816 968 1270 1022 numerandum.
1321 969 1432 1039 Ipsi
1476 984 1631 1037 vero,
1686 967 1906 1023 scilicet
1934 972 2054 1023 tam
2168 993 2311 1032 rem.
2349 981 2464 1032 Hoc
2495 977 2690 1042 modo,
2720 978 2987 1048 conspice,
3037 977 3181 1031 Erue
3227 992 3269 1032 α
3306 977 3544 1047 framea,
3578 975 3636 1031 id
3668 984 3757 1032 est
3788 994 3823 1032 a

405 1056 695 1123 exeaaeati,
722 1061 843 1111 tam
868 1055 1155 1111 crudeles.
1180 1056 1290 1111 Alii
1313 1057 1468 1112 enim
1492 1056 1715 1113 miserti
1738 1061 1897 1112 sunt.
1920 1057 2055 1111 ϐοη-
2167 1071 2373 1134 morte,
2408 1083 2647 1121 causam
2680 1083 2783 1138 pro
2814 1065 3019 1121 effectu
3047 1082 3061 1133 ;
3108 1063 3217 1128 vel,
3271 1064 3341 1120 ad
3375 1065 3819 1121 damnationem

404 1146 788 1203 sideraverunt
836 1161 929 1200 me
976 1144 1326 1200 clamantem
1379 1147 1469 1201 Eli
1502 1147 1591 1201 Eli
1618 1145 1829 1213 (Matth.
1861 1163 1989 1200 xxw

2240 1156 2517 1221 daaorum,
2552 1155 2707 1210 unde
2738 1153 2906 1220 illud,
2940 1154 3132 1225 lingua
3162 1169 3350 1208 eorum
3377 1153 3596 1222 gladius
3623 1158 3821 1210 acutus

404 1247 585 1301 Marc.
616 1249 732 1313 xv),
764 1248 817 1297 et
848 1243 1262 1313 despexerunt.
1295 1242 1479 1298 Aliter
1502 1260 1521 1297 :
1553 1244 1663 1315 ipsi
1696 1259 1811 1298 non
1844 1244 2053 1298 mutati
2166 1243 2252 1314 (P.
2280 1243 2419 1312 LVI);
2447 1245 2694 1298 animam
2714 1260 2895 1299 meam
2917 1243 3093 1297 vitam
3118 1259 3332 1298 meam.
3358 1246 3423 1298 Et
3441 1243 3509 1298 de
3526 1259 3700 1298 manu
3719 1259 3816 1299 ca-

399 1349 519 1389 non
550 1333 622 1388 ad
656 1331 1119 1387 misericordiam
1153 1332 1317 1402 moti,
1349 1333 1851 1398 consideraverunt,
1884 1331 1939 1386 id
1966 1337 2057 1387 est
2161 1334 2274 1399 nis,
2301 1332 2357 1387 id
2384 1336 2472 1387 est
2491 1332 2562 1386 de
2585 1336 2869 1404 potestate
2888 1331 3113 1387 Judaici
3136 1330 3336 1404 populi
3366 1347 3514 1387 caeco
3539 1348 3701 1387 more
3730 1331 3818 1387 la-

400 1421 713 1493 diligenter
742 1423 1091 1476 notaverunt
1122 1420 1323 1475 omnia
1353 1438 1480 1492 quae
1503 1437 1713 1492 passus
1736 1438 1867 1475 sum
1892 1420 2053 1475 nullo
2162 1421 2394 1490 trantis,
2414 1423 2636 1476 unicam
2652 1437 2849 1486 meam,
2867 1420 2924 1475 id
2948 1424 3055 1487 est,
3072 1419 3257 1477 solam
3278 1419 3405 1476 sine
3426 1426 3684 1493 peccato,
3702 1421 3815 1487 vel,

398 1510 798 1566 subveniente.
832 1511 897 1565 Et
926 1510 1287 1579 inspexerunt
1314 1526 1421 1575 me,
1447 1510 1505 1564 id
1537 1514 1626 1565 est
1656 1509 1898 1564 inferius
1925 1512 2052 1563 tan-
2162 1510 2267 1564 tibi
2301 1509 2556 1582 unicam,
2602 1510 2688 1564 vel
2720 1510 2791 1566 dc
2821 1526 2997 1565 manu
3033 1509 3246 1565 interni
3277 1509 3379 1581 qui
3409 1508 3620 1565 canino
3652 1526 3813 1566 more

400 1604 526 1654 tum
547 1603 919 1670 aspexerant,
935 1615 1051 1653 non
1070 1598 1345 1670 superius
1367 1599 1732 1654 attendentes
1755 1615 1847 1653 me
1864 1597 2052 1652 homi-
2162 1615 2366 1654 omnes
2397 1599 2563 1654 avide
2589 1599 2845 1666 devorat,
2880 1597 2966 1653 vel
2997 1615 3135 1654 erue
3168 1615 3262 1654 me
3285 1598 3357 1653 de
3377 1603 3587 1663 morte,
3616 1603 3683 1654 ut
3703 1598 3812 1656 hoc

398 1704 554 1754 nem,
588 1693 643 1744 et
682 1704 796 1744 non
845 1691 1262 1760 cognoscentes
1314 1687 1520 1743 Deum.
1576 1689 1897 1743 Diviserunt
1944 1688 2054 1741 sibi
2162 1687 2335 1743 modo
2368 1687 2541 1742 unica
2571 1703 2721 1758 mea,
2755 1687 2812 1741 id
2845 1691 2952 1754 est,
2975 1685 3235 1742 Ecclesia
3259 1687 3429 1743 unice
3450 1686 3675 1742 delecta
3699 1689 3811 1745 eri-

397 1779 716 1833 veStimenta
745 1790 890 1846 mea,
922 1784 973 1831 et
1000 1791 1172 1844 super
1200 1780 1402 1831 vestem
1426 1793 1608 1831 meam
1634 1778 1909 1831 miserunt
1929 1791 2051 1830 sor—
2082 1810 2129 1875 B
2160 1776 2355 1848 piatur
2382 1776 2453 1831 de
2482 1780 2767 1847 potestate
2797 1773 3033 1830 diaboli.
3083 1773 3248 1831 Salva
3277 1790 3367 1830 me
3393 1791 3466 1830 ex
3490 1791 3585 1831 ore
3610 1777 3812 1843 leonis,

396 1870 527 1924 tem.
585 1865 858 1930 Quasdam
907 1864 1085 1920 vestis
1118 1864 1229 1919 fuit
1257 1864 1411 1920 inter
1438 1864 1787 1920 vestimenta
1817 1862 2045 1919 Domini
2082 1862 2128 1875 “’
2158 1864 2375 1919 diaboli
2406 1864 2493 1920 vel
2514 1870 2757 1920 terrenae
2779 1863 3107 1937 potestatis.
3138 1866 3206 1920 Et
3233 1882 3268 1919 a
3294 1865 3572 1937 cornibus,
3605 1866 3665 1920 id
3698 1871 3808 1932 est,

393 1967 574 2028 quam
599 1953 815 2010 milites
840 1954 993 2009 sicut
1013 1953 1129 2009 alia
1149 1970 1263 2009 non
1287 1953 1634 2020 diviserunt,
1658 1953 1910 2010 interula
1935 1954 2046 2009 sei-
2156 1978 2191 2017 ε,
2212 1962 2487 2033 superbia
2505 1961 2865 2031 Judmorum,
2885 1962 3338 2033 unicamium,in
3356 1960 3482 2035 lege
3497 1962 3812 2036 singulari-

394 2043 548 2101 licet.
577 2045 753 2110 lianc,
781 2042 920 2115 quia
941 2041 1211 2098 consulta
1232 2058 1347 2097 non
1370 2047 1495 2098 erat
1515 2042 1614 2098 sed
1639 2042 1892 2114 desuper
1916 2058 2049 2097 con-
2154 2054 2244 2106 ter
2265 2050 2727 2121 superbientium
2751 2053 2807 2106 et
2827 2049 3090 2122 gentium
3114 2051 3578 2122 assumptione“,
3602 2068 3807 2124 νθερυ-

392 2137 549 2190 texta
595 2132 912 2189 noluerunt
960 2130 1246 2197 scindere,
1279 2132 1379 2187 sed
1413 2136 1599 2187 sortes
1630 2131 1920 2187 miserunt
1951 2130 2045 2186 cui
2155 2138 3643 2211 entiam;vel,ideounicornium,qniannointellectu
3662 2140 3809 2214 legis

394 2230 785 2300 contingeret;
811 2228 924 2301 ipsi
940 2232 1060 2284 tam
1079 2227 1344 2285 crudeles
1366 2228 1423 2283 in
1451 2245 1544 2285 me
1569 2228 1932 2285 exstiterunt.
1972 2230 2047 2283 Tu
2155 2226 2302 2283 alios
2322 2226 2622 2294 ventilant,
2642 2227 2751 2296 vel,
2776 2244 2810 2282 a
2832 2226 3186 2283 satellitibus
3209 2223 3541 2284 daemonum
3575 2230 3808 2285 humili-

393 2324 600 2386 autem,
628 2321 876 2388 Domine,
902 2318 994 2374 cui
1016 2317 1243 2374 obedivi
1267 2319 1327 2374 in
1355 2318 1447 2374 his
1479 2318 1775 2387 omnibus,
1801 2333 1873 2373 ne
1900 2318 2047 2373 elon-
2154 2320 2321 2371 tatem
2348 2333 2544 2372 meam.
2576 2316 2647 2372 Et
2669 2332 2782 2388 qno
2806 2317 2997 2371 fructu
3019 2321 3077 2371 te
3099 2316 3249 2387 petis
3268 2316 3541 2372 liberari?
3559 2318 3805 2373 Narrabo

392 2410 606 2481 gaveris
627 2410 907 2463 auxilium
927 2408 1257 2479 tuum,quia
1280 2407 1532 2462 multum
1551 2407 2046 2479 appropinquabit
2152 2422 2351 2461 nomen
2390 2410 2547 2460 tuum
2571 2406 2847 2476 fratribus
2873 2406 3035 2460 meis.
3088 2405 3399 2478 ﬂuensque
3429 2407 3499 2462 de
3530 2407 3803 2479 passione

393 2488 760 2569 impugnatio
777 2512 976 2552 eorum
988 2537 1000 2549 .
1018 2495 1106 2550 Illi
1125 2500 1551 2567 conspexerunt
1567 2496 1636 2550 ad
1656 2496 1734 2549 im
1742 2495 2045 2567 pugnatio-
2153 2494 2389 2565 Christi,
2403 2494 2613 2550 deinde
2629 2494 2700 2549 de
2715 2496 2844 2567 ejus
2860 2494 3305 2550 resurrectione.
3331 2496 3698 2567 Augustinus
3713 2496 3802 2552 di-

398 2600 533 2642 nem
546 2587 828 2651 meam,tu
842 2588 1039 2638 autem
1052 2582 1323 2653 eonspice
1334 2583 1407 2638 ad
1420 2582 1814 2638 defensionem
1831 2599 2042 2651 meam,
2154 2583 2232 2637 cit
2250 2582 2371 2638 haec
2387 2599 2516 2654 quae
2537 2586 2866 2654 sequuntur
2884 2598 2998 2639 non
3020 2583 3164 2639 adeo
3184 2599 3314 2639 esse
3335 2585 3687 2653 necessaria,
3701 2585 3806 2641 sed

397 2671 624 2730 scilicet
638 2670 922 2727 resnseita
937 2687 1049 2725 me.
1064 2670 1266 2726 Aliter:
1289 2670 1704 2726 Circumderunt
1718 2671 1878 2726 mein
1897 2671 2043 2728 meis
2153 2688 2257 2742 pro
2278 2672 2584 2728 commodo
2605 2688 2794 2728 causa:
2817 2689 2936 2727 suae
2958 2671 3205 2738 inducit,
3232 2677 3471 2745 propter
3501 2674 3809 2731 haereticos

390 2775 554 2818 canes
573 2760 756 2826 multi,
782 2760 1101 2815 lacerantes
1123 2775 1284 2814 meos
1306 2759 1512 2815 canino
1535 2760 1723 2815 dente.
1740 2759 2043 2815 Concilium
2151 2761 2438 2831 quosdam
2463 2761 2690 2817 futuros
2712 2761 2813 2833 qui
2840 2760 3100 2816 dicerent
3120 2760 3439 2817 Ecelesiam
3457 2762 3672 2818 Christi
3690 2779 3809 2820 non

393 2851 831 2922 malignantium
845 2848 1053 2904 obsedit
1072 2863 1181 2915 me,
1211 2847 1269 2902 id
1287 2852 1377 2903 est
1402 2864 1583 2919 meos,
1609 2852 1673 2903 ut
1692 2848 1860 2914 illud,
1890 2849 2039 2904 sede-
2150 2865 2279 2904 esse
2300 2849 2413 2905 nisi
2435 2849 2494 2903 in
2523 2866 2639 2905 una
2660 2854 2822 2921 parte
2842 2853 3156 2918 terrarum,
3189 2853 3255 2905 ut
3274 2851 3594 2907 Donatista:
3620 2852 3723 2924 qni
3747 2853 3809 2908 in

390 2946 528 2996 runt
548 2940 826 3012 principes
845 2943 895 2993 et
911 2937 1198 2993 adversum
1214 2953 1299 2993 me
1319 2938 1803 3009 loquebantur(Ps.
1823 2938 2037 3010 cxvm).
2149 2937 2275 2993 sola
2297 2938 2507 3005 Africa,
2536 2938 2592 2993 id
2616 2944 2723 3008 est,
2750 2938 2905 3010 apud
2948 2954 3009 2994 se
3039 2937 3313 2994 dicebant
3332 2939 3630 2997 Christum
3654 2957 3811 3009 esse,

391 3036 672 3097 Foderunt
699 3050 899 3091 manus
928 3050 1097 3101 meas,
1128 3037 1180 3090 et
1205 3034 1371 3106 pedes
1398 3051 1564 3101 meos,
1595 3035 1655 3090 id
1692 3041 1800 3101 est,
1842 3036 2041 3091 dolose
2147 3026 2447 3083 trahentes
2466 3027 2866 3083 testimonium
2888 3027 2959 3083 de
2978 3026 3236 3084 Canticis
3254 3029 3616 3084 canticorum
3652 3048 3666 3083 :
3702 3031 3813 3087 Ubi

395 3126 795 3199 cogitaverunt
841 3123 1175 3179 subvertere
1223 3139 1399 3195 opera
1445 3139 1576 3179 mea
1619 3127 1676 3179 et
1704 3123 2040 3181 affectiones
2070 3166 2113 3233 Ο
2149 3115 2307 3170 σαίνεις
2335 3116 2395 3169 in
2423 3117 2702 3171 meridie-9
2742 3116 2896 3188 (σαηο
2933 3116 2995 3187 ιο)
3028 3115 3273 3172 Narrabo
3299 3131 3492 3171 nomen
3518 3122 3708 3184 ταωνι,
3742 3116 3809 3174 id

398 3231 442 3233 κη
462 3230 478 3233 _
502 3232 511 3233 κ
534 3231 551 3233 μ
582 3219 641 3233 Δι
669 3212 811 3233 211--.1
867 3212 1086 3233 ἣ,---.·---
1139 3212 1407 3233 _._----J_n:
1433 3228 1614 3233 ---u_-_A
1643 3214 1766 3233 μυξη
1796 3213 2041 3233 -AJLJ,“
2151 3208 2237 3233 ιιι-4
2292 3203 2535 3233 ηΙΑ-ἶηννι
2564 3210 2725 3233 δηρηη
2781 3203 3054 3233 (θυι-ἐι..-
3075 3207 3211 3233 ..ι-Αἰ.-
3258 3203 3524 3233 ..ν-Αηϐηηη
3545 3204 3784 3233 ..-ειεηλι

395 3230 556 3271 meas
580 3219 647 3270 ut
668 3212 837 3278 illud,
860 3212 1106 3281 Domine,
1136 3212 1407 3268 recordati
1424 3228 1615 3268 sumus
1632 3214 1771 3285 quia
1792 3213 2042 3269 seductor
2070 3203 2113 3233 υ
2150 3208 2259 3271 est,
2291 3203 2538 3277 gloriam
2564 3210 2750 3272 tuam,
2773 3203 3054 3276 fratribus
3074 3207 3229 3275 meis,
3257 3203 3525 3277 apostolis
3545 3204 3808 3262 scilicet.

391 3298 489 3361 ille
516 3303 680 3370 dixit,
715 3306 843 3358 Post
871 3306 981 3358 tres
1010 3300 1125 3358 dies
1153 3317 1436 3373 resurgam
1464 3321 1483 3356 :
1519 3302 1654 3373 jube
1698 3318 1823 3373 ergo
1862 3311 2040 3358 custo-
2147 3302 2218 3357 Et
2248 3318 2352 3374 per
2378 3300 2509 3357 illos
2540 3304 2601 3357 in
2627 3302 2810 3357 medio
2829 3302 3082 3358 Ecclesia
3110 3303 3354 3358 laudabo
3380 3307 3435 3358 te
3460 3319 3577 3358 non
3608 3303 3674 3359 in
3701 3305 3811 3361 Ju-

391 3393 503 3449 dirt
530 3391 844 3464 sepulcrum
874 3391 1086 3463 (Matth.
1110 3391 1304 3462 xxvn).
1339 3389 1621 3446 Similiter
1650 3408 1824 3462 opera
1852 3396 1910 3447 et
1936 3408 2038 3448 vo-
2149 3391 2271 3447 daea
2286 3394 2541 3457 tantum,
2564 3391 2666 3447 sed
2686 3389 2747 3446 in
2769 3391 3070 3447 communi
3092 3391 3349 3447 Ecclesia
3368 3406 3496 3465 qua:
3524 3392 3639 3448 erit
3668 3409 3807 3449 con-

389 3478 646 3535 luntates
678 3496 943 3536 meorum
980 3479 1258 3551 foderunt,
1304 3494 1439 3534 eum
1490 3496 1589 3535 eos
1635 3480 2038 3536 interficiendo
2139 3481 2349 3553 juncta
2369 3497 2438 3535 ex
2462 3485 2709 3552 utroque
2730 3479 2948 3551 pariete
2978 3479 3206 3535 Judaici
3234 3480 3432 3553 populi
3454 3486 3511 3537 et
3533 3481 3802 3554 gentilis;

394 3568 645 3625 salutem
675 3568 983 3625 hominum
1016 3584 1194 3641 quam
1235 3568 1627 3640 operabantur
1653 3574 1710 3624 et
1738 3568 2039 3625 desidera-
2146 3569 2254 3637 vel,
2279 3569 2340 3624 in
2363 3568 2663 3625 communi
2686 3567 2981 3624 catholicae
3010 3568 3294 3639 Ecclesiae,
3322 3586 3441 3626 non
3462 3570 3524 3625 in
3546 3571 3804 3641 quadam

387 3657 534 3714 bant
581 3658 882 3714 destruere
930 3657 1261 3714 voluerunt.
1310 3658 1807 3713 Dinumeraverunt
1851 3659 2039 3713 omnia
2147 3662 2344 3729 parte,
2374 3657 2576 3712 dicens
2607 3673 2619 3711 :
2655 3658 2763 3727 Qui
2789 3658 3000 3713 timetis
3030 3659 3351 3730 Dominum,
3386 3658 3617 3715 laudate
3646 3676 3805 3731 eum,

388 3758 509 3803 ossa
535 3762 657 3803 mea
687 3747 839 3803 sicut
870 3746 1181 3819 diligenter
1210 3761 1372 3800 meos
1402 3744 1810 3817 praedicatores
1834 3745 2039 3818 qnassi-
2147 3760 2263 3801 non
2297 3745 2487 3818 pauci,
2521 3746 2622 3802 sed
2654 3762 2883 3813 omnes,
2918 3745 3099 3802 nolite
3122 3763 3382 3819 quaerere
3399 3751 3657 3804 vestram
3684 3748 3807 3805 lan-

386 3838 562 3891 erunt
587 3836 659 3891 ad
694 3835 1120 3906 damnandum,
1154 3839 1221 3889 ut
1248 3838 1473 3889 certum
1500 3850 1811 3889 numerum
1833 3850 2036 3890 eorum
2146 3836 2303 3901 dem,
2337 3835 2439 3890 sed
2469 3835 2755 3891 Creatoris
2786 3836 2991 3891 nostri.
3026 3834 3296 3891 Ostendit
3325 3852 3429 3908 per
3458 3841 3660 3909 partes
3702 3840 3803 3909 qui

388 3923 627 3979 scirent.
664 3925 777 3994 Ipsi
808 3940 936 3980 vero
967 3923 1454 3980 consideraverunt
1475 3925 1525 3977 et
1555 3923 1912 3993 inspexerunt
1930 3939 2035 3987 me,
2147 3922 2264 3980 sint
2286 3921 2560 3978 timentes
2583 3922 2897 3978 Dominum
2919 3924 3246 3979 universum
3264 3940 3451 3980 semen
3468 3926 3662 3994 Iacob,
3680 3926 3803 3997 glo-

388 4011 445 4065 id
478 4014 586 4078 est,
621 4027 782 4067 meos
814 4013 874 4067 in
906 4010 1306 4084 spectaculum
1330 4011 1443 4067 sibi
1469 4011 1727 4067 fecerunt
1754 4015 2037 4084 tanquam
2145 4011 2362 4081 riﬁcate
2382 4027 2524 4077 eum,
2551 4010 2609 4066 id
2630 4017 2739 4082 est,
2763 4028 2968 4068 omnes
2990 4012 3346 4084 pertinentes
3367 4013 3439 4069 ad
3459 4013 3666 4082 Jacoh,
3684 4015 3804 4071 sive

388 4112 594 4155 eorum
626 4098 971 4168 ludibrium,
1004 4105 1070 4155 ut
1096 4099 1264 4167 illud,
1287 4099 1669 4173 Spectaculum
1693 4102 1833 4173 facti
1849 4117 2038 4156 sumus
2143 4100 2485 4167 Judaei,sive
2500 4105 2703 4172 gentes
2721 4100 2915 4157 dando
2932 4101 3502 4170 terrena,mercando
3520 4102 3800 4174 caalestia,

385 4184 438 4260 (Ι
465 4186 586 4243 Cor.
621 4188 728 4259 ιν),
777 4191 840 4243 ut
868 4188 1077 4261 captivi
1108 4188 1209 4260 qui
1242 4188 1603 4244 ducebantur
1631 4189 1702 4244 ad
1737 4188 2035 4260 publicum
2146 4205 2275 4262 quas
2301 4193 2453 4245 retro
2477 4194 2617 4245 sunt
2635 4188 3066 4257 obliviscentes,
3088 4190 3147 4245 in
3173 4191 3466 4247 anteriora
3485 4207 3587 4249 vos
3607 4197 3806 4249 exten-

384 4276 818 4349 ‘speetaculum.
849 4279 1172 4333 Diviserunt
1198 4277 1308 4333 sibi
1333 4278 1653 4333 vestimenta
1677 4294 1822 4344 mea,
1855 4277 2037 4350 aliqui
2146 4280 2370 4334 dentes.
2387 4279 2601 4334 Timent
2618 4294 2747 4335 eum
2765 4294 2925 4334 omne
2941 4294 3123 4335 semen
3142 4279 3571 4336 Israel.Enntes
3586 4279 3648 4335 in
3667 4296 3805 4354 pro-

384 4367 458 4422 de
488 4358 587 4423 illo
619 4365 834 4441 populo
865 4365 1162 4440 apostolos
1194 4381 1356 4422 meos
1387 4366 1486 4438 qui
1532 4370 1672 4421 sunt
1715 4369 2039 4424 vestimenta
2147 4367 3093 4440 fectu,velsemper1netantes,qui
3113 4367 3370 4424 minores
3383 4373 3520 4424 sunt
3533 4367 3807 4425 hortatur

383 4468 528 4523 mea,
579 4460 646 4511 ut
691 4455 862 4524 illud,
917 4457 1040 4512 Vivo
1069 4472 1192 4529 ego,
1242 4454 1376 4511 dicit
1407 4458 1673 4512 Dominus
1703 4456 1828 4527 (Isa.
1860 4458 2033 4528 xmx),
2145 4454 2520 4528 glorificare:
2574 4454 2894 4522 Israelitas,
2945 4456 3047 4527 qui
3097 4460 3238 4512 sunt
3267 4457 3523 4528 majores
3550 4457 3796 4525 timere;

385 4545 528 4617 quia
554 4544 649 4601 his
679 4545 955 4602 omnibus
978 4543 1136 4601 velut
1154 4545 1499 4601 vestimento
1519 4543 1802 4600 vestieris.
1834 4546 2038 4602 Partiti
2068 4538 2113 4602 D
2145 4544 2370 4600 scilicet
2397 4543 2514 4600 illis
2544 4561 2694 4618 opus
2723 4560 2853 4601 esse
2883 4544 3056 4601 laude
3084 4550 3142 4602 et
3170 4545 3506 4619 operatione
3534 4546 3638 4619 qui
3662 4550 3805 4603 sunt

387 4635 535 4703 sunt,
566 4637 842 4705 putantes
874 4635 1165 4692 diversam
1200 4634 1374 4689 fidem
1407 4649 1536 4689 esse
1565 4634 1626 4688 in
1656 4633 1741 4689 eis
1775 4639 1839 4689 ut
1867 4632 2033 4701 illud,
2148 4634 2207 4690 in
2239 4634 2521 4707 profectu,
2556 4650 2628 4689 ne
2657 4634 2932 4690 deficiant
2961 4634 3094 4690 istis
3124 4652 3273 4708 opus
3303 4651 3431 4692 esse
3460 4634 3697 4704 timore,
3729 4651 3807 4692 ne

381 4722 495 4793 Ego
524 4735 646 4776 sum
687 4723 884 4794 Pauli,
930 4739 1026 4794 ego
1072 4727 1258 4779 autem
1303 4721 1506 4794 Cephea
1550 4721 1860 4793 (ICor.1):
1914 4723 2036 4792 vel,
2144 4739 2250 4796 per
2295 4723 2607 4780 elationem
2658 4724 2888 4779 cadant.
2935 4724 3069 4780 Ideo
3120 4723 3329 4781 timeat
3372 4724 3585 4780 timore
3616 4728 3805 4791 casto,

386 4813 713 4867 vestimenta
740 4826 883 4880 mea,
916 4813 973 4867 id
1006 4816 1116 4882 est,
1140 4815 1508 4868 sacramenta
1529 4809 1797 4866 Ecclesiae
1818 4812 2035 4883 quibus
2144 4815 2409 4886 quoniam
2434 4827 2548 4868 non
2588 4814 2796 4882 sprevit
2823 4812 3265 4885 deprecationem
3290 4814 3574 4887 pauperis,
3607 4829 3808 4870 meam

381 4899 621 4956 vastior.
645 4898 759 4955 Alii
780 4899 937 4957 enim
961 4899 1394 4973 putaveruntin
1417 4899 1707 4972 baptismo
1724 4915 1900 4956 unam
1924 4901 2034 4956 im-
2143 4901 2368 4959 scilicet
2409 4902 2509 4973 qui
2558 4917 2692 4957 cum
2738 4901 2900 4958 dives
2944 4914 3136 4959 essem
3185 4902 3376 4959 factus
3405 4919 3542 4959 sum
3574 4916 3811 4976 pauper

387 4988 743 5045 mersionem
764 4988 976 5045 debere
995 4987 1417 5056 fieri,aliidnas
1438 4989 1572 5043 etin
1591 4987 1721 5044 aliis
1741 4988 2032 5046 similiter.
2142 4993 2215 5065 (ll
2243 4990 2365 5048 Cor.
2396 4990 2524 5063 vni)
2548 5008 2563 5060 ;
2595 5006 2712 5046 non
2742 4989 2959 5062 sprevit
2988 5007 3082 5047 me
3111 4990 3520 5064 deprecantem
3551 5007 3659 5064 pro
3680 5007 3808 5065 me,

381 5089 449 5144 Et
473 5094 637 5160 super
664 5090 861 5143 vestem
891 5102 1071 5143 meam
1100 5087 1370 5142 miserunt
1396 5091 1611 5157 sortem,
1644 5086 1714 5141 ad
1753 5086 2032 5144 similitu-
2141 5096 2315 5152 neque
2343 5079 2591 5152 despexit
2616 5079 3025 5151 deprecantem
3056 5095 3161 5153 pro
3192 5079 3369 5149 meis,
3402 5079 3812 5153 quemadmod-

384 5176 584 5232 dinem
616 5175 872 5233 militum
905 5177 1004 5250 qni
1030 5180 1252 5233 vestem
1275 5176 1525 5247 desuper
1544 5178 1894 5243 contextam,
1917 5193 2033 5234 non
2140 5170 2285 5225 dum
2307 5166 2528 5223 inimici
2555 5167 2835 5223 fecerunt
2857 5169 2967 5224 Nec
2994 5171 3199 5226 avertit
3217 5171 3422 5241 faciem
3441 5180 3606 5226 suam
3623 5184 3660 5225 α
3686 5183 3809 5240 me,

384 5264 661 5320 manibus
692 5270 1024 5333 consutam,
1049 5282 1166 5321 non
1190 5264 1536 5333 diviserunt,
1558 5264 1659 5320 sed
1682 5264 1872 5321 sortiti
1896 5284 1962 5322 sn

2231 5257 2367 5313 licet
2394 5271 2670 5329 paupere,
2693 5257 2796 5329 qui
2820 5257 2986 5329 prius
3008 5261 3296 5315 averterat
3324 5268 3360 5315 a
3390 5258 3566 5315 divite
3587 5256 3813 5328 Adam,

380 5352 625 5426 quidam
680 5353 1026 5411 charitatem
1075 5372 1189 5412 non
1240 5353 1500 5410 valentes
1530 5353 1797 5409 scindere
1825 5357 1891 5409 ut
1919 5354 2035 5411 alia
2143 5356 2244 5430 qui
2289 5372 2401 5412 non
2445 5356 2714 5426 rapinam
2766 5355 3080 5412 arbitratus
3125 5361 3210 5413 est
3255 5372 3370 5413 esse
3414 5371 3473 5413 se
3517 5354 3822 5430 aequalem

382 5450 769 5513 sacramenta,
796 5444 896 5516 qui
920 5444 1040 5500 haec
1063 5461 1179 5500 non
1202 5459 1387 5499 unum
1410 5442 1469 5497 in
1493 5441 1662 5515 plura
1682 5441 1904 5515 dividit,
1930 5445 2029 5500 sed
2140 5447 2250 5503 Deo
2280 5444 2455 5518 (Phil.
2486 5443 2570 5514 11).
2622 5446 2689 5500 Et
2717 5443 2775 5498 in
2810 5442 2919 5500 hoc
2949 5449 3190 5517 apparet
3220 5444 3378 5518 quia,
3427 5460 3554 5502 cum
3579 5444 3819 5501 clama-

382 5530 633 5604 plurain
656 5547 840 5587 unum
860 5532 1098 5604 colligit,
1124 5532 1314 5588 sortiti
1335 5530 1573 5599 sunt,id
1596 5536 1704 5601 est,
1724 5532 2033 5604 gratiaDei
2139 5551 2260 5592 rem
2305 5536 2386 5591 ad
2422 5550 2568 5601 eum,
2616 5533 2916 5589 exaudivit
2961 5550 3068 5591 me.
3122 5535 3443 5606 Glariﬁcavi
3488 5537 3539 5591 et
3591 5536 3826 5592 iterum

380 5618 2034 5697 velutsOrtecontingereintellexeruntﬂharitasdesnper
2140 5624 2455 5695 clariﬁcabo
2506 5622 2689 5695 (Joan.
2736 5621 2858 5694 xu).
2905 5621 2976 5679 Et
3020 5623 3151 5682 ideo
3198 5624 3358 5698 apud
3394 5628 3446 5682 te
3486 5620 3615 5681 laus
3648 5632 3825 5699 mea,

2974 5942 3005 5963 ο
