4016 6192
238 334 359 399 257

1363 334 1976 397 ENARRATIONES
2025 335 2100 394 IN
2146 329 2530 397 PSALMOS.

3532 334 3655 397 988

241 469 301 524 id
329 471 437 534 est,
494 483 759 522 meorum
818 466 971 538 apud
1017 470 1074 521 te
1131 471 1196 520 ut
1254 484 1368 521 non
1417 466 1579 521 solus
1642 467 1883 521 Judaaus
1916 467 1968 531 Α
1998 480 2172 536 peres,
2206 465 2428 520 scilicet
2460 481 2741 537 pauperes
2791 468 2847 520 et
2902 480 2963 519 re
2991 466 3049 519 et
3076 460 3319 534 spiritu:
3355 463 3441 518 illi
3496 465 3653 521 edent

240 556 348 612 tibi
407 554 517 611 soli
574 555 817 627 placeat.
874 560 940 612 In
997 557 1237 611 Ecclesia
1282 573 1501 626 magna,
1557 556 1708 610 facta
1764 572 1891 609 ma-

240 662 360 717 gna
389 650 447 700 et
468 650 637 699 aucta
666 644 982 699 virtutibus
1014 660 1116 716 per
1158 645 1644 700 resurrectionem
1679 660 1892 709 meam,

240 751 374 805 quas
406 732 569 804 prius
587 738 1099 804 parvaeratmorte
1128 750 1282 801 mea;
1301 733 1388 787 vel
1413 733 1469 787 in
1494 733 1729 787 Ecclesia
1774 748 1891 785 ma-

237 822 446 894 gna,id
480 828 586 886 est,
618 826 737 876 toto
764 823 900 877 orbe
932 822 1165 891 diffusa,
1189 827 1391 877 contra
1420 820 1741 875 haereticos.
1770 821 1895 875 Vota

240 928 369 965 mea
402 909 625 964 reddam
654 911 717 964 in
774 914 1062 982 conspectu
1118 912 1433 965 timentium
1473 926 1619 977 eum,
1665 908 1720 961 id
1783 912 1891 972 est,

243 1000 593 1071 mysterium
609 999 867 1070 corporis
880 1000 1253 1071 etsanguinis
1273 999 1383 1053 mei
1399 998 1634 1053 offeram
1655 1013 1787 1050 cum
1806 996 1896 1051 his

243 1088 348 1160 qui
375 1093 474 1142 tuo
491 1087 699 1142 timore
722 1087 827 1142 hoc
844 1087 1155 1143 celebrant.
1180 1088 1250 1142 Et
1271 1087 1565 1142 reddendo
1582 1091 1711 1140 vota
1730 1085 1897 1139 edent

236 1193 531 1249 pauperes,
564 1176 620 1230 id
641 1181 749 1245 est,
783 1175 1056 1241 humiles,
1090 1176 1287 1230 omnia
1318 1175 1895 1230 Dominoattribuen-

238 1270 330 1321 tes
360 1270 419 1321 et
449 1263 593 1319 nihil
625 1266 695 1319 de
720 1280 781 1319 se
810 1272 1250 1336 praesumentes,
1310 1265 1473 1319 edent
1523 1280 1635 1329 me,
1671 1263 1727 1318 id
1787 1266 1895 1330 est,

241 1358 688 1410 sacramentum
721 1354 981 1424 corporis
1012 1358 1070 1408 et
1100 1353 1407 1424 sanguinis
1440 1352 1551 1406 mei
1583 1355 1899 1417 sument,et

238 1445 644 1499 saturabuntur
670 1442 953 1497 imitando
980 1459 1069 1497 me
1104 1447 1160 1497 et
1182 1442 1699 1514 seipsostradendo
1727 1439 1899 1511 :quia

240 1534 415 1590 edere
447 1533 784 1597 Dominum,
822 1531 930 1587 hoc
953 1536 1203 1597 est,eum
1226 1531 1285 1585 in
1300 1531 1584 1586 omnibus
1599 1529 1899 1584 velleimi-

240 1622 353 1678 tari
384 1624 442 1676 et
465 1619 549 1674 illi
584 1619 757 1675 uniri.
793 1621 857 1674 Et
878 1620 936 1673 in
968 1618 1069 1674 illa
1100 1620 1409 1675 saturitate
1458 1618 1763 1674 laudabunt
1794 1618 1897 1670 Do-

245 1713 479 1776 minum,
513 1708 649 1781 quia
680 1710 799 1763 haec
826 1714 913 1764 est
942 1726 1077 1763 vera
1110 1707 1237 1763 laus
1272 1708 1367 1763 Dei
1404 1708 1461 1762 in
1487 1707 1762 1762 omnibus
1796 1719 1898 1775 pro

246 1816 421 1872 posse
449 1799 745 1854 Christum
778 1798 1017 1853 imitari.
1058 1797 1146 1852 Illi
1190 1796 1518 1851 laudabunt
1579 1798 1676 1867 qui
1735 1793 1897 1866 prius

2002 555 2338 622 Dominum,
2374 555 2511 624 quia
2542 554 2721 609 alium
2756 555 2951 609 cibum
2998 552 3205 607 animm
3262 567 3381 608 sua:
3434 553 3491 607 in
3544 553 3653 609 hoc

2005 644 2222 697 mundo
2253 643 2691 698 desiderabunt.
2712 645 2780 698 Et
2810 643 2891 698 illi
2925 644 3020 713 qui
3046 642 3138 697 hic
3166 658 3301 697 eum
3323 641 3657 705 edent,satu-

2004 733 2292 799 rabuntur,
2322 734 2463 802 quia
2484 733 2568 785 sic
2592 749 2793 786 eorum
2826 733 3082 787 animam
3106 747 3270 786 amor
3291 730 3392 785 Dei
3437 729 3657 786 reliciet

2008 824 2069 873 ut
2100 819 2253 873 ultra
2285 819 2429 873 nihil
2462 820 2814 884 desiderent,
2839 820 3223 891 quiatandem
3256 820 3365 873 erit
3384 821 3654 874 omniain

2003 910 2255 963 omnibus
2290 910 2333 976 (Ι
2365 914 2485 961 (.‘or.
2522 910 2634 979 xv).
2672 910 2739 963 Et
2770 926 2883 964 non
2916 908 3021 964 soli
3044 925 3331 980 pauperes,
3357 909 3457 963 sed
3479 908 3653 964 etiam

2004 1013 2209 1051 omnes
2231 997 2477 1068 pingues
2502 996 2749 1063 terrae,id
2768 997 3158 1061 est,omnibus
3176 998 3363 1053 modis
3384 997 3655 1069 pingues,

2006 1084 2226 1140 scilicet
2256 1087 2343 1140 vel
2384 1085 2592 1140 divites
2624 1086 2679 1139 in
2714 1087 2981 1155 terrenis,
3014 1086 3099 1140 vel
3134 1086 3359 1141 malitia
3379 1085 3653 1158 saginati.

2004 1183 2192 1236 Etiam
2216 1182 2359 1237 tales
2381 1182 2848 1237 manducaverunt
2878 1182 3191 1237 Dominum
3214 1199 3330 1237 non
3351 1184 3655 1249 corde,sed

2006 1287 2123 1336 ore,
2147 1276 2202 1324 et
2235 1272 2597 1325 adoraverunt
2630 1272 2789 1340 foris,
2825 1287 2937 1324 non
2965 1271 3147 1324 intus.
3190 1271 3259 1324 Et
3315 1288 3655 1343 quanquam

2011 1358 2153 1414 tales
2189 1360 2325 1412 foris
2350 1360 2702 1413 manducent
2726 1364 2780 1413 et
2794 1360 3034 1412 adorent
3062 1359 3118 1412 in
3143 1366 3454 1429 conspectu
3481 1361 3666 1415 bomi-

2012 1464 2175 1515 num,
2210 1453 2265 1501 et
2296 1464 2394 1519 pcr
2424 1448 2531 1502 hoc
2563 1465 2624 1503 se
2656 1453 2808 1502 stare
2841 1452 3050 1518 putent
3080 1447 3139 1501 in
3172 1447 3436 1511 Domino,
3464 1453 3660 1504 tamen

2008 1554 2069 1591 in
2104 1546 2385 1607 conspectu
2410 1538 2528 1606 ejus
2559 1537 2771 1599 cadent,
2806 1535 3025 1591 scilicet
3054 1535 3215 1589 intus
3245 1535 3304 1589 in
3336 1536 3534 1591 anima
3562 1537 3663 1591 ubi

2009 1626 2132 1696 ipse
2156 1626 2316 1679 solus
2340 1626 2513 1692 videt,
2538 1642 2720 1680 omnes
2744 1625 2825 1679 illi
2850 1627 2945 1696 qui
2964 1625 3293 1680 descendunt
3311 1627 3370 1679 in
3408 1629 3621 1680 terram
3646 1641 3659 1680 :

2008 1730 2255 1784 quorum
2293 1730 2391 1768 cor
2418 1713 2516 1767 illo
2534 1731 2679 1785 pane
2696 1731 2934 1769 sursum
2952 1731 3064 1768 non
3087 1714 3330 1784 erigitur
3346 1714 3653 1781 desiderio,

2010 1803 2109 1856 sed
2144 1803 2212 1856 ad
2229 1807 2457 1858 terrena
2470 1804 2948 1873 descenduntper
2970 1802 3233 1857 illicitam
3259 1802 3637 1873 cupiditatem
3654 1845 3666 1856 .

246 1891 537 1962 requirunt
568 1904 700 1942 eum
735 1904 837 1958 Per
868 1887 1039 1942 ﬁdem
1064 1892 1119 1941 θί
1141 1903 1305 1957 Spem
1323 1885 1727 1955 νθῙννθίΙηίναηί
1742 1900 1889 1950 eum»
1922 1859 1970 1922 B
2013 1900 2121 1966 Qui
2148 1902 2299 1955 enim
2320 1917 2512 1971 corpus
2555 1911 2604 1955 et
2625 1903 2949 1971 sanguinem
2967 1902 3184 1955 Domini
3202 1900 3385 1954 sumit
3407 1902 3663 1968 indigne:

246 1976 334 2032 illl
358 1978 513 2032 enim
534 1975 934 2046 requiruntqui
958 1974 1189 2045 quaesiti
1213 1992 1247 2029 a
1270 1975 1516 2029 Domino
1541 1979 1598 2029 et
1613 1972 1902 2043 radempti

245 2081 384 2120 eum
398 2069 519 2119 toto
534 2062 822 2118 desiderio
838 2060 1270 2133 petunt,omnia
1281 2060 1395 2115 alia
1408 2064 1823 2131 postponentes
1839 2062 1904 2112 ut

243 2153 331 2207 illi
348 2153 781 2207 adhaereant.Et
795 2152 999 2205 merito
1020 2150 1319 2205 laudabunt
1334 2150 1470 2218 quia
1492 2149 1663 2203 corda
1690 2164 1901 2210 eorum,

244 2243 308 2297 id
324 2239 727 2311 est,desideria
741 2239 932 2293 cordis
946 2240 1358 2302 eorum,vivent
1370 2239 1430 2291 in
1441 2238 1701 2291 saeculum
1711 2236 1905 2291 amuli

250 2334 326 2385 Et
357 2346 473 2383 non
496 2327 688 2383 solum
713 2342 994 2397 pauperes
1010 2328 1079 2381 de
1106 2326 1349 2381 Judaico
1364 2325 1711 2396 populo,sed
1729 2322 1901 2377 etiam

246 2416 502 2489 gentiles
525 2417 951 2471 reminiscentur
972 2414 1334 2485 Domini,qui
1351 2415 1512 2484 prius
1534 2410 1696 2467 obliti
1720 2415 1903 2467 erant.

248 2512 996 2569 EteonvertenturadDomin
1007 2531 1095 2567 um
1108 2512 1205 2583 qui
1222 2512 1386 2583 prius
1399 2510 1577 2566 aversi
1592 2516 1758 2565 erant
1771 2511 1907 2565 dan-

251 2607 342 2658 tes
365 2601 645 2657 honorem
674 2601 956 2656 creaturis
978 2618 1153 2672 quem
1180 2601 1458 2655 deberent
1479 2598 1731 2654 Creatori
1749 2617 1761 2664 ;
1777 2601 1905 2652 uni-

252 2694 398 2748 versi
409 2691 542 2761 ﬁnes
554 2694 730 2760 terra,
748 2690 804 2745 id
821 2691 1006 2761 est,de
1020 2695 1136 2745 tota
1156 2694 1329 2744 terra.
1347 2690 1410 2743 Et
1428 2688 1693 2742 conversi
1716 2687 1907 2741 adora-

259 2782 392 2836 bunt
422 2784 482 2837 in
500 2784 783 2851 conspectu
805 2779 1005 2850 ejus,id
1024 2779 1197 2846 est,in
1212 2779 1384 2833 corde
1399 2793 1542 2849 puro
1558 2776 1655 2830 ubi
1672 2776 1905 2847 ipseso-

258 2870 352 2926 lus
372 2870 672 2941 conspicit,
705 2868 791 2923 vel
825 2869 884 2922 in
909 2873 1219 2939 conspectu
1232 2867 1360 2937 ejus
1389 2867 1575 2921 nonin
1592 2870 1903 2937 conspectu

264 2959 595 3025 hominum,
629 2960 901 3013 universa
929 2957 1162 3028 familiae
1183 2958 1451 3026 gentium,
1486 2955 1665 3024 idest,
1700 2954 1769 3008 de
1786 2954 1910 3007 uni-

260 3048 445 3105 versis
460 3046 695 3102 familiis
717 3046 1123 3118 gentium.Hoc
1136 3044 1347 3099 iterum
1363 3049 1566 3099 contra
1580 3044 1903 3098 haereticos.

262 3150 466 3201 Potest
496 3150 552 3200 et
582 3145 692 3199 hoc
722 3149 906 3199 totum
940 3145 1009 3198 de
1039 3144 1314 3216 gentibus
1339 3144 1471 3210 dici,
1506 3142 1723 3198 utillud
1748 3144 1909 3213 prius

2002 1988 2279 2059 judicium
2310 1991 2416 2043 sibi
2442 1989 2740 2045 mandueat
2769 1993 2821 2044 et
2870 1989 3026 2043 bibit.
3088 1989 3287 2043 Probet
3339 1992 3523 2042 autem
3579 2004 3659 2043 se-

2013 2078 2193 2146 ipsum
2228 2079 2384 2131 homo
2436 2078 2553 2132 Cor.
2586 2079 2687 2146 x1).
2742 2080 2979 2147 Pingues
3013 2086 3177 2133 terra?
3220 2077 3663 2131 manducabunt

2013 2172 2069 2219 et
2100 2183 2212 2219 non
2237 2168 2661 2221 saturabuntur
2687 2185 2699 2231 ;
2723 2166 2843 2225 imo
2859 2166 3135 2236 perillam
3154 2166 3665 2220 manducationcm

2014 2254 2240 2321 cadent,
2273 2254 2328 2307 id
2362 2261 2449 2309 est
2479 2256 2938 2319 damnabuntur,
2998 2254 3136 2324 quia
3194 2253 3383 2324 magis
3439 2258 3667 2308 tcrrena

2015 2358 2193 2413 quam
2227 2343 2407 2397 Deum
2442 2342 2875 2398 desiderabant.
2908 2344 2972 2397 Et
2999 2344 3192 2397 anima
3229 2358 3378 2405 mea,
3437 2341 3493 2395 id
3554 2346 3665 2407 est,

2015 2432 2202 2485 anima
2227 2448 2511 2497 meorum,
2538 2432 2629 2485 illi
2645 2430 2865 2486 scilicet
2881 2430 3374 2499 adhaerendo,non
3393 2430 3663 2498 terrenis,

2015 2522 2174 2574 vivet.
2200 2525 2335 2576 lla’c
2346 2524 2423 2574 est
2437 2522 2585 2574 enim
2610 2523 2721 2574 vita
2736 2523 2946 2574 eterna
2970 2522 3027 2573 ut
3047 2527 3369 2589 cognoscant
3394 2526 3443 2573 te
3470 2534 3663 2572 verum

2016 2611 2183 2664 Deum
2200 2611 2550 2676 (Joan.xv11).
2578 2608 2661 2663 Illi
2704 2612 2953 2679 possunt
2975 2608 3087 2661 dici
3113 2607 3312 2661 anima
3329 2606 3541 2661 Christi
3563 2606 3663 2677 qui

2016 2698 2213 2752 omnia
2235 2697 2600 2767 reliquerunt
2620 2700 2676 2751 et
2697 2696 2879 2750 secuti
2906 2700 3045 2749 sunt
3064 2696 3193 2764 ejus
3214 2695 3671 2761 voluntatem,ut

2015 2784 2261 2856 apostoli
2286 2790 2343 2839 et
2371 2784 2467 2839 alii
2498 2784 2734 2856 perfecti
2766 2784 2894 2838 viri.
2930 2786 2991 2839 Et
3013 2799 3195 2839 semen
3216 2799 3419 2847 meum,
3473 2783 3528 2837 id
3557 2787 3665 2849 est,

2016 2874 2339 2929 imitatores
2373 2875 2506 2943 mei,
2536 2877 2732 2929 serviet
2759 2875 2887 2945 ipsi,
2915 2872 3514 2943 scilicetimperfecte,
3538 2875 3604 2926 ut
3633 2888 3666 2926 a

2017 2963 2293 3017 servitute
2324 2965 2558 3018 tandem
2576 2965 2771 3018 veniat
2792 2963 2852 3016 in
2874 2960 3441 3017 libertatem.Aliter:
3466 2961 3667 3014 Anima

2016 3068 2155 3119 mea,
2191 3052 2248 3104 id
2280 3057 2387 3118 est,
2418 3053 2803 3122 perfectorum
2836 3066 3102 3105 meorum
3134 3048 3218 3103 illi
3252 3049 3402 3103 vivet
3442 3053 3672 3103 mortua

2019 3139 2252 3205 saeculo,
2284 3142 2426 3194 vivet
2457 3139 2564 3195 soli
2598 3141 2753 3197 Deo;
2788 3139 2881 3193 illi
2937 3138 3046 3195 soli
3104 3146 3321 3193 serviet.
3364 3139 3430 3192 Et
3488 3152 3671 3193 semen

263 3236 485 3290 dictum
514 3207 1124 3300 estdeJudais,idest,
1161 3207 1907 3303 apostolisetaliiscreden-
1940 3207 1982 3272 C
2019 3245 2222 3289 meum,
2256 3228 2310 3280 id
2346 3233 2453 3295 est,
2489 3228 2813 3282 imitatores
2846 3244 3132 3297 meorum,
3165 3227 3265 3297 qui
3295 3232 3491 3280 tamen
3525 3225 3665 3281 mihi

264 3324 448 3380 tibus.
470 3328 605 3379 Vola
623 3321 826 3389 mea,id
843 3322 1224 3384 est.eamdem
1239 3325 1368 3375 vota
1382 3337 1507 3391 quae
1521 3336 1625 3391 ego
1639 3319 1909 3391 persolvi.

266 3411 493 3468 scilicet
522 3417 652 3467 vota
682 3411 943 3466 omnium
979 3410 1228 3481 pretium
1260 3409 1913 3480 redemptionisecrum,

266 3502 424 3573 quod
456 3517 561 3573 ego
592 3500 838 3572 persolvi
870 3504 1056 3554 morte
1082 3515 1230 3568 mea,
1264 3498 1464 3553 eadem
1497 3497 1747 3563 reddam,
1798 3513 1913 3550 non

265 3607 373 3662 ego
408 3590 532 3662 ipse
561 3589 619 3643 in
654 3606 768 3655 me,
801 3590 901 3644 sed
934 3590 994 3643 in
1024 3594 1311 3659 conspectu
1339 3588 1651 3642 timentium
1681 3601 1824 3652 eum,
1858 3585 1915 3639 id

262 3683 376 3747 est,
410 3680 469 3734 in
502 3677 793 3733 intellectu
826 3694 1029 3733 eorum
1071 3676 1170 3748 qui
1203 3680 1562 3747 cognoscunt
1584 3674 1914 3729 misericor-

262 3769 429 3823 diam
462 3768 562 3822 Dei
593 3784 694 3839 per
726 3782 816 3821 me
848 3766 1191 3830 exbibitam,
1226 3770 1283 3820 et
1312 3782 1445 3819 eum
1487 3763 1915 3819 timenttimore

264 3864 449 3911 casto.
484 3856 553 3909 Et
575 3872 689 3909 non
721 3852 913 3909 solum
941 3853 1141 3907 ﬁdeles
1170 3851 1359 3906 Judaei
1392 3851 1490 3922 qui
1519 3851 1682 3922 prius
1703 3850 1915 3905 divites

264 3943 505 3999 erantin
540 3942 867 4014 cognitione
899 3942 1311 3996 mandatorum
1332 3941 1552 4007 Dei,sed
1570 3939 1744 3994 etiam
1773 3956 1912 4010 pau-

260 4050 445 4106 peres,
478 4032 538 4086 id
569 4036 676 4097 est,
709 4030 956 4103 gentiles
987 4032 1189 4101 inopes
1231 4034 1443 4095 mente,
1504 4032 1790 4098 quantum
1840 4027 1913 4082 ad

266 4122 663 4194 cognitionem
698 4121 817 4185 Dei,
842 4119 999 4174 edent
1023 4122 1073 4173 et
1103 4119 1518 4183 saturabuntur,
1550 4121 1600 4171 et
1654 4118 1734 4170 sic
1792 4117 1914 4169 lau-

263 4212 486 4266 dabunt
506 4211 798 4264 Dominum
827 4211 923 4279 qui
956 4210 1245 4277 requirunt
1274 4222 1416 4261 eum.
1480 4205 1580 4259 Isti
1632 4210 1772 4259 sunt
1830 4204 1917 4260 illi

261 4308 538 4372 pauperes
569 4300 669 4370 qui
690 4298 1023 4361 comedent,
1071 4295 1291 4351 scilicet
1340 4294 1699 4365 requirentes
1749 4310 1912 4348 eum:

265 4399 381 4453 hoc
414 4396 584 4451 modo
612 4396 929 4467 requirent.
968 4396 1403 4449 Reminiseentur
1434 4397 1486 4446 et
1538 4401 1919 4447 convertentur

266 4487 341 4542 ad
372 4487 680 4541 Domznum.
716 4486 908 4539 Etnon
943 4483 1216 4538 so'umde
1247 4481 1532 4536 universis
1549 4482 1765 4535 ﬁnibus
1806 4485 1915 4536 ter-

2023 3317 2398 3386 deputantur,
2431 3319 2626 3370 serviet
2656 3315 2767 3386 ipsi
2794 3332 2907 3369 non
2939 3315 3296 3370 hominibus.
3320 3319 3385 3367 Et
3415 3315 3523 3368 hoc
3554 3330 3669 3368 non

2024 3404 2081 3457 in
2117 3404 2292 3470 brevi,
2314 3404 2746 3458 annuntiabitur
2772 3406 2919 3457 enim
2951 3404 3177 3457 Domino
3206 3404 3485 3470 generatio
3545 3418 3669 3456 ven-

2024 3492 2398 3561 lura.Tangit
2419 3492 2568 3561 quod
2610 3492 2666 3543 in
2688 3490 2880 3545 Veteri
2910 3491 3282 3545 Testamento
3328 3489 3663 3561 praefigura-

2026 3587 2149 3637 tum
2185 3586 2291 3648 est,
2327 3580 2561 3650 quando
2592 3580 2813 3633 dictum
2845 3584 2966 3634 est:
3002 3579 3061 3632 Si
3092 3579 3263 3648 cujus
3320 3578 3497 3633 frater
3546 3579 3671 3634 sine

2025 3670 2252 3725 herede
2281 3674 2547 3724 mortuus
2587 3668 2779 3737 fuerit,
2813 3670 3111 3737 superstes
3135 3668 3311 3719 frater
3348 3668 3521 3721 ducat
3542 3668 3671 3738 ejus

2024 3758 2257 3813 viduam
2278 3764 2333 3812 et
2354 3757 2601 3813 suscitat
2631 3773 2831 3811 semen
2866 3754 3026 3809 fratri
3060 3770 3166 3808 suo
3198 3754 3376 3822 (Deut.
3401 3755 3553 3824 xxv).
3586 3755 3673 3808 Ita

2023 3849 2248 3903 Christo
2282 3847 2548 3902 Ecclesiae
2581 3862 2795 3917 sponso
2811 3850 3042 3899 mortuo
3066 3842 3389 3898 secundum
3413 3858 3669 3906 carnem,

2023 3951 2079 4001 et
2112 3950 2259 4017 post,
2300 3946 2372 3999 ab
2398 3944 2582 3999 oculis
2616 3944 2861 3998 fratrum
2895 3941 3147 4010 sublato,
3180 3939 3345 4010 quasi
3377 3938 3503 3994 sine
3554 3938 3669 3994 hai-

2025 4036 2180 4101 rede,
2217 4035 2353 4104 quia
2380 4034 2523 4088 adeo
2554 4032 2721 4103 pauci
2745 4032 3041 4096 erantsui,
3068 4034 3134 4084 ut
3159 4028 3489 4100 quasinulli
3515 4028 3668 4083 vide-

2027 4126 2261 4188 rentur;
2300 4123 2503 4176 fratres
2534 4121 2811 4187 defuncti,
2847 4120 2902 4173 id
2935 4125 3023 4174 est
3085 4117 3355 4189 apostoli,
3391 4135 3515 4172 eam
3575 4134 3669 4173 as-

2027 4216 2406 4282 sumpserunt
2436 4215 2490 4265 et
2521 4211 2690 4264 verbo
2724 4210 2855 4263 ﬁdei
2889 4208 3106 4263 multos
3138 4207 3288 4261 filios
3322 4213 3670 4279 genuerunt,

2028 4317 2141 4355 non
2172 4299 2305 4366 sibi,
2340 4300 2439 4353 sed
2463 4299 2722 4354 Domino.
2749 4298 2910 4352 Unde
2946 4296 3160 4351 dicitur
3184 4296 3670 4360 :Aununtiabitur,

2025 4389 2081 4443 id
2118 4395 2227 4452 est,
2260 4388 2572 4442 ascribitur
2604 4388 2870 4451 Domino,
2896 4402 3010 4440 non
3035 4383 3513 4454 praedicatoribus
3532 4382 3671 4436 Novi

2028 4477 2406 4539 Testamenti,
2438 4478 2715 4545 generatio
2747 4479 2997 4529 ventura.
3022 4474 3131 4540 Ego
3162 4472 3440 4538 plantavi,
3486 4470 3673 4540 Apollo

267 4593 369 4640 ras,
403 4574 504 4630 sed
537 4575 711 4629 etiam
734 4574 1041 4628 adorabunt
1068 4574 1125 4626 in
1146 4575 1432 4643 conspectu
1461 4572 1595 4639 eius,
1622 4570 1677 4624 id
1694 4576 1802 4635 est,
1830 4571 1916 4625 di-
1948 4571 1995 4634 D
2026 4568 2248 4637 rigavit,
2283 4566 2421 4620 Deus
2451 4573 2631 4618 autem
2659 4565 3061 4617 incrementum
3091 4558 3240 4613 dedit
3294 4558 3339 4626 (Ι
3396 4556 3513 4612 Cor.
3566 4558 3672 4627 ni).

268 4682 389 4735 gna
409 4665 537 4733 ejus
569 4663 922 4735 acceptione,
956 4664 1232 4717 universa
1261 4661 1499 4732 [amitis
1537 4662 1803 4728 gentium,
1862 4660 1919 4715 id

268 4759 382 4815 est.
414 4754 667 4823 majores
700 4757 757 4808 et
789 4751 1069 4806 minores.
1103 4751 1169 4805 Et
1228 4749 1457 4814 merito,
1506 4751 1765 4820 quoniam
1819 4750 1923 4804 Do-

264 4845 411 4897 mim
442 4851 519 4897 est
550 4858 797 4912 regnum,
831 4841 888 4894 id
922 4845 1029 4907 est,
1058 4840 1194 4911 quia
1217 4840 1342 4909 jam
1369 4838 1502 4893 facti
1521 4844 1658 4893 sunt
1678 4854 1921 4910 regnum

267 4932 505 4988 DO'nini
538 4932 595 4985 in
629 4930 871 4985 victoria
902 4930 1092 4985 crucis
1124 4930 1223 5000 qui
1256 4928 1417 4998 prius
1459 4932 1626 4982 erant
1675 4944 1921 4999 regnum

268 5019 516 5075 inimici.
553 5021 614 5075 Et
642 5022 777 5091 ipse,
806 5018 1031 5074 scilicet
1074 5017 1169 5087 qui
1225 5017 1508 5071 Dominus
1539 5020 1644 5080 est,
1689 5033 1804 5070 non
1834 5020 1923 5087 ty-

269 5125 517 5175 rannus,
550 5109 921 5165 dominabitur
947 5110 1216 5178 gentium,
1250 5106 1607 5160 misericordi
1640 5104 1923 5171 dominio,

265 5206 375 5278 qui
395 5206 560 5278 prius
592 5208 824 5261 fuerant
854 5206 963 5261 sub
997 5204 1217 5259 crudeli
1250 5210 1515 5276 tyranno.
1557 5203 1923 5258 Manducave-

267 5305 409 5351 runt
439 5299 489 5350 et
509 5296 1076 5351 adoraveruntomnes
1108 5296 1338 5364 pingues
1370 5300 1549 5348 terrae.
1573 5293 1690 5347 Hoc
1737 5296 1927 5364 potest

269 5386 361 5441 sic
385 5384 497 5457 legi
529 5389 593 5439 ut
624 5386 907 5440 referatur
928 5384 999 5438 ad
1019 5382 1310 5452 hoc'quod
1334 5380 1500 5446 dixit,
1530 5382 1809 5437 universae
1836 5386 1924 5451 [a-

267 5476 456 5530 miliée
474 5476 738 5543 gentium,
775 5478 831 5528 et
860 5489 1057 5527 revera
1078 5471 1369 5535 universa,
1406 5469 1543 5540 quia
1574 5486 1857 5540 pauperes
1871 5476 1927 5525 et

269 5562 506 5620 divites.
543 5568 618 5619 De
642 5562 1000 5636 pauperibus
1033 5560 1255 5614 dictum
1288 5563 1395 5626 est,
1430 5574 1585 5612 nunc
1617 5560 1927 5633 subjungit

274 5654 351 5713 de
382 5650 681 5711 divitibus.
714 5650 927 5709 Aliter:
962 5649 1192 5709 Dictum
1249 5651 1335 5705 est
1393 5645 1531 5721 quia
1583 5646 1745 5709 edent
1779 5665 1926 5725 pau-

2030 4659 2095 4712 Et
2126 4656 2233 4710 hoc
2266 4656 2457 4719 modo,
2491 4652 2630 4722 quia
2656 4649 3063 4705 annuntiabunt
3086 4646 3229 4713 cadi,
3249 4646 3305 4700 id
3330 4650 3440 4711 est,
3466 4645 3675 4716 praedi-

2032 4751 2253 4801 catores
2284 4743 2383 4798 alti
2414 4741 2727 4795 virtutibus
2766 4744 2823 4792 et
2871 4735 3170 4791 miraculis
3204 4736 3495 4807 justitiam
3536 4736 3674 4806 ejus,

2032 4851 2147 4889 non
2180 4849 2348 4888 suam
2377 4830 2575 4902 papula
2598 4830 2693 4899 qui
2713 4834 2999 4881 nascetuor
3020 4842 3122 4897 per
3149 4823 3575 4897 gratiam.Quis
3590 4828 3679 4877 est

2031 4922 2175 4977 ille?
2207 4938 2364 4992 quem
2391 4922 2520 4988 fecit
2550 4918 2814 4971 Dominus
2872 4915 3141 4970 Veterem
3200 4912 3482 4985 populum
3544 4909 3681 4964 fecit

2035 5011 2219 5065 Adam
2250 5006 2840 5073 suiconformatione,
2883 5003 3103 5059 scilicet
3161 5016 3399 5056 servus:
3460 5012 3675 5052 novum

2032 5116 2166 5154 vero
2198 5096 2480 5169 populum
2516 5095 2647 5149 fecit
2669 5084 3680 5162 Dominus.quiagratisjustificavit

2034 5188 2159 5244 sine
2193 5184 2652 5257 praecedentibus
2682 5182 2926 5237 meritis.
2962 5184 3298 5234 Peccatores
3356 5175 3512 5231 enim
3571 5189 3679 5227 nos

2034 5279 2192 5349 ipsos
2226 5274 2487 5343 fecimus,
2514 5273 2709 5343 justos
2742 5276 2936 5326 autem
2968 5268 3092 5323 sola
3120 5267 3220 5321 Dei
3254 5262 3676 5320 misericordia.

2033 5376 2249 5432 Aliter:
2285 5374 2554 5441 Quoniam
2583 5370 2874 5424 tribulatio
2902 5367 3160 5437 proxima
3190 5368 3287 5433 est,
3320 5362 3375 5417 id
3401 5364 3508 5425 est,
3543 5358 3682 5430 quia

2037 5482 2149 5520 non
2169 5464 2227 5517 in
2247 5462 2417 5516 rebus
2441 5459 2747 5524 extraneis,
2783 5457 2883 5511 sed
2916 5457 2973 5509 in
3009 5454 3232 5525 meipso
3256 5468 3348 5507 res
3371 5448 3586 5520 agitur,
3621 5453 3678 5503 et

2034 5555 2162 5609 ideo
2194 5552 2404 5621 adjuva
2435 5550 2491 5602 in
2528 5548 2797 5619 passione
2829 5562 2899 5600 ne
2930 5543 3217 5599 deﬁciam.
3254 5541 3526 5609 Quoniam
3572 5552 3684 5592 non

2034 5648 2111 5704 est
2131 5642 2231 5719 qui
2259 5639 2495 5715 adjuvet,
2527 5636 2752 5696 inimici
2775 5632 3305 5704 circumdederunt,
3328 5626 3503 5689 amici
3520 5626 3680 5715 fuge-
