4016 6192
380 334 502 395 259

963 336 1267 401 REMIGII
1316 332 2073 400 ANTISSIODORENSIS
2118 334 2290 400 OPP.
2339 338 2534 400 PABS
2578 332 2738 399 1.-
2766 329 3232 398 EXEGETICA.

3674 328 3810 390 260

375 482 439 520 ru
453 470 534 521 ut.
569 467 938 525 Obsederunt
968 486 1060 525 me
1091 471 1330 527 consilis
1361 475 1417 526 et
1448 472 1939 527 accusationibus.
1967 476 2033 526 Et
2059 475 2113 540 Α
2144 473 2433 529 cultorum
2468 472 2663 528 labore
2695 474 3064 543 cooperante,
3087 468 3485 540 procreantur.
3509 465 3593 519 Ita
3613 468 3672 519 et
3691 478 3804 519 nos

380 572 494 610 non
524 557 715 612 solum
749 557 878 623 hoc,
911 559 1011 613 sed
1044 559 1220 614 etiam
1254 564 1608 632 aperuerunt
1638 577 1816 631 super
1846 577 1937 615 me
1968 578 2033 616 os

379 661 576 700 suum.
609 646 877 701 Ostendit
905 649 1199 718 quomodo
1233 664 1245 702 :
1279 650 1431 703 Sicut
1468 649 1550 705 leo
1578 652 1803 720 rapiens
1832 659 1883 705 et
1938 668 2032 704 ra-

370 735 557 803 giens:
584 732 873 805 Cruciﬁge,
893 736 1157 808 cruciﬁge
1174 736 1344 807 (Joan
1379 739 1689 804 x1x).Sicut
1722 754 1875 809 aqua
1892 740 2031 809 effu-

374 838 469 877 sus
492 839 640 889 sum,
676 823 731 877 id
764 828 870 893 est,
905 828 1026 878 tam
1047 825 1239 880 viliter
1259 826 1593 882 occisus.ut
1618 842 1771 897 aqua
1791 826 2035 881 effundi-

371 915 487 967 tur.
524 914 587 966 Et
616 928 772 966 nunc
802 912 1046 983 dispersa
1072 920 1200 968 sunt
1228 916 1414 968 omnia
1442 931 1561 969 ossa
1604 931 1744 978 mea,
1808 914 1865 968 id
1922 919 2031 979 est,

375 999 671 1071 discipuli,
710 1000 809 1072 qui
825 1001 1116 1057 debebant
1135 1018 1263 1057 esse
1281 1003 1501 1057 robusti
1520 1004 1575 1057 in
1594 1002 2030 1075 ﬁde,fugerunt.

367 1089 539 1159 juxta
569 1087 715 1144 illud
748 1090 1041 1161 prophetae
1068 1108 1080 1144 :
1121 1091 1432 1147 Percutiam
1459 1096 1733 1163 pastorem
1751 1097 1802 1146 et
1819 1092 2031 1162 disper-

370 1186 572 1248 gentur
600 1194 721 1233 oves
758 1180 1151 1249 gregisilach.
1184 1196 1331 1241 xm;
1383 1181 1569 1235 Matth.
1623 1181 1798 1246 xxxx),
1862 1180 2031 1244 Dicit,

372 1282 543 1337 quare
570 1267 856 1336 fugerunt.
882 1269 1105 1323 Factum
1142 1272 1238 1339 est,
1290 1274 1424 1333 etc.,
1486 1270 1542 1323 id
1596 1274 1707 1330 est,
1764 1269 2035 1324 doctrina

378 1370 507 1409 mea
538 1354 862 1410 annihilata
891 1361 980 1411 est
1009 1357 1067 1411 in
1093 1356 1231 1423 illis,
1259 1357 1512 1429 quicum
1538 1358 1883 1411 debuissent
1903 1373 2033 1412 csse

377 1442 554 1507 ﬁrmi,
588 1448 798 1514 venter,
830 1445 886 1499 id
922 1450 1011 1499 est
1068 1445 1309 1515 debiles,
1370 1447 1500 1501 lacti
1561 1452 1717 1501 sunt.
1781 1447 1849 1501 Et
1916 1462 2029 1501 non

379 1533 617 1597 mirum,
649 1532 788 1604 quia
815 1536 992 1588 virtus
1022 1550 1163 1597 mea,
1198 1535 1252 1589 id
1284 1540 1374 1590 est
1404 1536 1665 1606 potentia
1695 1552 1825 1590 mea
1880 1536 2033 1589 aruit

380 1624 645 1693 tanquam
674 1626 815 1677 testa
844 1622 900 1676 id
934 1627 1023 1678 est
1054 1623 1276 1696 fragilis
1317 1623 1401 1678 eis
1432 1623 1555 1679 visa
1612 1628 1719 1678 est.
1780 1624 1846 1677 Et
1903 1622 2063 1701 ideo.

380 1708 854 1779 desperaverunt,
884 1711 1023 1782 quia
1076 1712 1270 1782 lingua
1329 1728 1452 1767 mea
1498 1713 1733 1769 adhxvsit
1777 1713 2031 1781 faucibus

382 1800 537 1863 meis,
572 1798 711 1869 quia
742 1798 886 1853 nihil
916 1800 1285 1855 contradixit.
1321 1802 1390 1855 Et
1422 1801 1549 1856 ideo
1580 1801 1719 1872 quia
1746 1802 2030 1856 deduxisti

379 1903 466 1943 me
496 1888 555 1941 in
584 1888 866 1958 pulverem
888 1890 1101 1955 mortis,
1164 1889 1220 1943 id
1247 1893 1357 1956 est,
1390 1894 1739 1960 putaverunt
1797 1906 1889 1944 me
1951 1889 2032 1945 ita

382 1976 588 2031 deduci
619 1976 679 2030 in
694 1981 963 2045 mortem,
989 1980 1053 2031 ut
1074 1977 1269 2032 fierem
1290 1976 1481 2047 pulvis
1504 1978 1657 2032 sicut
1676 1977 1797 2047 alii,
1823 1979 2033 2048 Lingua

378 2081 523 2131 mea,
554 2064 609 2118 id
641 2070 730 2120 est
762 2081 1050 2130 meorum,
1085 2065 1319 2121 adhaesit
1346 2066 1600 2135 faucibus
1628 2068 1784 2129 meis,
1819 2067 1873 2120 id
1917 2071 2029 2132 est,

382 2152 764 2208 adhaerebunt
790 2153 1099 2225 Scriptura:
1132 2170 1260 2224 quas
1292 2160 1383 2209 est
1402 2171 1466 2209 os
1492 2171 1709 2210 meum.
1735 2156 1804 2210 Et
1824 2155 1907 2210 sic
1931 2171 2033 2226 per

381 2258 479 2297 eos
508 2243 761 2298 deduces
795 2230 886 2298 me
926 2243 997 2297 ad
1022 2243 1411 2313 cognitionem
1444 2260 1645 2299 eorum
1706 2244 1805 2315 qui
1868 2248 2033 2299 erant

382 2330 571 2403 pulvis
603 2330 826 2394 mortis,
860 2331 916 2385 id
942 2336 1051 2396 est,
1080 2331 1227 2387 aridi
1259 2350 1272 2397 ;
1305 2336 1569 2387 carentes
1600 2348 1729 2387 rore
1776 2332 2030 2402 Spiritus

382 2418 589 2474 sancti.
618 2419 785 2491 Apud
803 2424 859 2474 te
880 2418 1008 2474 laus
1044 2436 1173 2475 mea
1212 2420 1271 2475 in
1294 2419 1551 2476 Ecclesia
1571 2436 1813 2492 magna:
1844 2421 1943 2476 ubi
1967 2424 2029 2474 tu

314 2548 319 2553 .
383 2507 717 2562 laudaberis
737 2508 1021 2563 laudabor
1040 2513 1096 2563 et
1112 2525 1238 2577 ego.
1257 2511 1366 2576 Ego
1386 2509 1541 2564 enim
1565 2514 1617 2564 et
1659 2514 1830 2564 Pater
1857 2526 2032 2564 unum

380 2610 574 2648 sumus
604 2596 781 2665 (Joan.
806 2595 884 2665 x),
914 2595 1030 2650 Hoc
1057 2596 1187 2651 ideo
1237 2596 1402 2660 dicit,
1435 2613 1506 2651 ne
1537 2595 1752 2666 aliquis
1797 2602 2033 2668 propter

386 2681 720 2754 praedictam
752 2682 880 2752 ejus
907 2682 1304 2739 humilitatem
1337 2700 1470 2739 eum
1492 2684 1648 2753 Patri
1680 2684 2031 2756 coaequalem

382 2786 511 2826 esse
542 2769 853 2825 dubitaret.
888 2771 1005 2826 Hoc
1033 2773 1207 2827 modo
1234 2771 1411 2827 lauda
1435 2797 1448 2838 ;
1472 2780 1594 2827 vota
1623 2789 1767 2840 mea,
1830 2774 1887 2828 id
1945 2778 2035 2829 est

381 2858 946 2931 meipsum,reddam
997 2860 1220 2916 scilicet
1276 2860 1430 2916 sicut
1485 2878 1617 2915 cum
1679 2862 1846 2917 Patre
1900 2867 2033 2917 ante

381 2948 597 3004 saecula
629 2949 1015 3020 praeordinavi
1050 2967 1063 3017 ;
1100 2954 1157 3005 et
1198 2949 1307 3005 hoc
1368 2950 1576 3005 faciam
1634 2952 1694 3005 in
1750 2957 2035 3021 conspectu

380 3038 701 3093 timentium
731 3053 888 3105 eum,
923 3037 979 3092 id
1012 3041 1121 3104 est,
1152 3038 1233 3092 ita
1265 3043 1329 3094 ut
1358 3038 1631 3093 timentes
1659 3054 1792 3093 eum
1816 3037 2031 3094 intelli-

381 3128 525 3197 gant
556 3125 698 3197 quid
732 3124 854 3180 sint
880 3124 984 3180 illa
1012 3129 1163 3197 vota,
1197 3130 1254 3181 et
1282 3130 1517 3199 prOptcr
1556 3128 1712 3198 quod
1771 3127 1847 3182 sit
1878 3132 2029 3196 vota,

2145 562 2587 634 praedicatorum
2622 559 2851 616 cultura
2878 558 2939 613 in
2971 558 3085 613 ﬁde
3103 555 3357 629 generati
3381 550 3801 624 conspersione

2145 649 2536 723 baptismatis,
2572 653 2772 721 postea
2796 664 2934 702 vero
2965 646 3135 701 bonis
3175 642 3452 716 operibus
3500 640 3707 705 dediti,
3743 643 3804 694 et

2144 739 2528 796 afflictionum
2558 736 2832 793 exercitio
2865 734 3069 803 attriti,
3102 733 3274 788 multi
3332 746 3518 787 unum
3578 744 3801 801 corpus

2142 829 2450 884 efficimur.
2486 827 2648 882 Unde
2671 824 2981 898 Apostolus
3011 840 3023 878 :
3057 825 3139 878 Ita
3169 823 3334 876 multi
3363 836 3540 876 unum
3602 833 3804 889 corpus

2140 933 2330 971 sumus
2378 918 2439 970 in
2498 915 2714 969 Christo
2771 914 2943 985 (Rom.
3004 911 3129 980 xn).
3188 911 3355 981 Aqua
3434 923 3594 974 vero,
3671 922 3801 976 quae

2142 1006 2403 1060 defluens
2450 1010 2558 1067 est,
2602 1003 2711 1058 hoc
2742 1002 2809 1056 ad
2871 1004 3304 1056 sacramentum
3361 996 3798 1052 conficiendum

2142 1094 2213 1149 ad
2230 1095 2476 1163 ﬁguram
2505 1092 2688 1147 nostri
2719 1091 2851 1145 vino
2882 1087 3346 1145 admiscetur:ita
3374 1089 3432 1141 et
3449 1102 3555 1141 nos
3577 1086 3651 1139 ad
3674 1101 3798 1139 mo-

2143 1184 2286 1238 dum
2322 1199 2483 1254 aquaa
2508 1180 2762 1246 ﬂuentis,
2789 1180 2846 1234 in
2877 1183 3094 1235 mortes
3115 1177 3457 1243 deﬂuentes,
3497 1173 3798 1247 passionis

2142 1271 2455 1327 Dominicis
2474 1269 2750 1341 mysterio
2772 1266 3313 1334 efficiente,Christo
3332 1262 3798 1334 copulamurgra

2141 1360 2234 1414 tia:
2267 1358 2593 1430 adoptione.
2615 1357 2756 1411 Cum
2780 1373 2913 1412 vero
2938 1371 3149 1427 corpus
3171 1354 3281 1409 hoc
3310 1351 3632 1407 aﬁdelihus
3652 1351 3796 1405 acci-

2142 1449 2300 1521 pitur
2328 1448 2563 1520 signum
2597 1452 2685 1501 est
2702 1462 2941 1516 corpora
2965 1448 3166 1500 nostra
3189 1441 3380 1497 adhuc
3400 1439 3673 1496 mortalia
3693 1456 3792 1513 per

2141 1537 2353 1593 Christi
2376 1536 2707 1608 passionem
2729 1551 2858 1590 esse
2880 1533 3217 1606 reparanda.
3236 1531 3343 1587 Per
3363 1529 3673 1601 sanguinis
3689 1546 3789 1584 an-

2141 1631 2258 1681 tem
2282 1623 3036 1698 acceptionem,animarum
3061 1618 3448 1692 intelligimus
3469 1618 3792 1691 reparatio—

2143 1730 2296 1769 nem:
2318 1714 2470 1768 circa
2483 1712 2831 1784 sanguinem
2851 1711 3045 1783 potius
3079 1708 3277 1765 anima
3301 1706 3792 1763 commoratur-Et

2141 1802 2408 1873 quamvis
2420 1801 2530 1856 hoc
2544 1804 2977 1857 sacramentum
2993 1816 3025 1854 a
3040 1797 3308 1869 pluribus
3322 1795 3789 1868 accipiatur,non

2140 1894 2331 1945 tamen
2352 1889 2769 1960 (utvidetur)in
2786 1892 2948 1959 parte
2961 1892 3050 1943 est
3078 1886 3362 1952 divisum;
3396 1884 3497 1940 sed
3520 1889 3710 1939 totum
3733 1884 3790 1939 in

2141 1977 2393 2048 singulis
2411 1983 2498 2032 est
2510 1977 2922 2043 etindivisum,
2941 1973 3450 2046 Andreaapostolo
3468 1973 3786 2028 sictestan-

2138 2070 2425 2137 tezAgnus
2441 2072 2579 2137 tanq
2590 2082 2722 2121 uam
2737 2065 3098 2121 sacrificatus
3111 2064 3451 2134 est,integer
3461 2065 3788 2133 perseverat

2139 2159 2197 2211 et
2227 2156 2411 2210 vivus.
2440 2155 2772 2226 Suscipitur
2803 2158 2994 2209 autem
3017 2157 3253 2225 propter
3280 2150 3787 2207 sustentatiomem

2140 2248 2197 2299 et
2224 2242 2609 2298 imitationem
2644 2244 2702 2297 in
2737 2242 3027 2314 praesenti,
3070 2244 3307 2313 propter
3362 2238 3787 2294 remuneratio—

2140 2349 2273 2388 nem
2304 2333 2542 2387 tandem
2567 2332 2846 2386 t‘uturam.
2872 2329 3034 2385 Unde
3056 2330 3229 2385 etiam
3253 2326 3529 2383 viaticum
3553 2327 3782 2382 dicitur.

2140 2421 2209 2476 Et
2238 2437 2525 2493 pauperes
2555 2419 2767 2475 Christi
2799 2419 2909 2474 hoc
2949 2418 3121 2473 modo
3159 2415 3557 2488 intelligentes
3611 2416 3782 2471 edent

2141 2508 2361 2565 scilicet
2378 2508 2517 2563 illud
2543 2508 2893 2564 sacriﬁcium
2911 2511 2967 2562 et
2987 2505 3535 2575 saturabuuntur,id
3558 2509 3649 2560 est
3666 2504 3786 2560 imi-

2140 2598 2443 2663 tabuntur,
2470 2598 2518 2652 si
2550 2596 2888 2669 oportuerit.
2921 2596 2988 2650 Et
3015 2594 3123 2651 hoc
3146 2594 3319 2650 modo
3341 2592 3671 2650 laudabunt
3689 2594 3784 2666 qui

2142 2685 2484 2755 requierant
2512 2702 2667 2755 eum,
2701 2701 2815 2740 non
2844 2683 3027 2749 aliud,
3060 2699 3164 2755 per
3209 2681 3353 2737 illud
3387 2683 3741 2739 sacriﬁcium
3769 2698 3782 2737 :

2140 2778 2197 2828 et
2220 2773 2453 2828 tandem
2484 2773 2678 2828 vivent
2706 2772 2881 2828 corda
2910 2788 3134 2838 eorum,
3176 2771 3232 2826 id
3267 2775 3359 2826 est
3389 2771 3626 2840 animas,
3654 2771 3787 2843 quia

2142 2862 2201 2916 in
2233 2862 2404 2917 corde
2434 2860 2622 2932 magis
2657 2860 3018 2932 priucipatur
3046 2859 3261 2915 anima.
3295 2859 3368 2914 Et
3424 2876 3539 2915 non
3598 2860 3784 2916 solum

2144 2950 2554 3022 pauperes,sed
2574 2949 2896 3003 etiamillud
2914 2948 3266 3004 sacriﬁcium
3282 2948 3788 3003 manducahuntet

2142 3039 2619 3109 adorabunt(quo
2637 3043 2696 3093 et
2713 3038 3154 3105 saturabuntur)
3174 3036 3381 3092 divites
3404 3036 3657 3092 terras.Si
3678 3034 3787 3092 soli

2142 3143 2427 3199 pauperes
2456 3126 2751 3182 adoraturi
2782 3130 2839 3181 et
2870 3125 3134 3181 salvandi
3164 3130 3374 3190 essent,
3406 3140 3518 3179 non
3577 3125 3786 3195 utiq‘ue

384 3230 498 3269 non
533 3218 768 3285 propter
796 3214 1215 3283 diversitatem,
1244 3216 1342 3270 sed
1366 3214 1747 3286 propterloca
1763 3220 1819 3269 et
1839 3231 2037 3287 perso-
2068 3202 2110 3267 C
2151 3214 2371 3271 Paulus
2402 3216 2472 3269 ad
2506 3215 2921 3270 instruendum
2967 3231 3066 3270 eos
3095 3211 3443 3286 discipulum
3474 3228 3649 3267 suum
3697 3211 3781 3267 sic

385 3318 517 3358 nas.
557 3301 704 3368 Quid
739 3301 857 3357 sint
885 3301 1235 3375 intelligent,
1270 3303 1495 3358 scilicet
1518 3303 1881 3358 Dominicum
1904 3320 2029 3360 cor-

383 3408 493 3463 pus
515 3406 666 3459 esse,
701 3408 814 3447 non
839 3390 1027 3447 solum
1052 3391 1689 3458 commemorationem,
1706 3396 1771 3447 ut
1791 3392 2031 3464 quidam

385 3478 635 3534 haeretici
672 3478 1000 3545 voluerunt,
1049 3496 1183 3534 cum
1244 3485 1437 3534 tamen
1492 3480 1777 3535 Dominus
1835 3485 2034 3552 aperte

380 3566 663 3622 dixisset:
698 3571 815 3623 Hoc
845 3572 925 3623 est
953 3582 1149 3639 corpus
1179 3584 1381 3634 meum,
1408 3570 1557 3639 quod
1572 3584 1673 3640 pro
1704 3570 1853 3624 vobis
1909 3571 2031 3623 tra-

377 3655 537 3711 detur
566 3656 770 3727 (Matth.
798 3668 967 3724 xxv1).
1020 3657 1115 3711 Et:
1167 3658 1264 3712 Hic
1318 3665 1398 3713 est
1453 3660 1681 3725 sanguis
1738 3673 1890 3713 meus
1933 3659 2034 3729 qui

374 3760 474 3817 pro
494 3744 657 3801 vobis
676 3745 1153 3815 fundctur(Marc.
1177 3747 1291 3816 xw)
1318 3770 1332 3812 ;
1364 3749 1420 3800 et
1448 3745 1532 3801 sic
1571 3746 1869 3801 sententia:
1903 3763 2031 3817 quas

376 3833 685 3905 sequitur:
738 3834 843 3888 Hoc
898 3835 1073 3904 [acite
1122 3835 1180 3888 in
1239 3849 1419 3887 meam
1454 3836 2033 3890 commemorationem

377 3923 532 3992 (Luc.
563 3921 725 3986 xxiii,
762 3920 926 3976 nulla
954 3921 1245 3977 dubitatio
1286 3920 1660 3992 relinquitur.
1720 3922 1796 3993 (a)
1858 3922 2030 3978 Panis

377 4014 575 4064 autem
608 4013 665 4063 et
686 4008 887 4063 vinum
919 4026 952 4064 a
981 4009 1311 4065 Christiana
1341 4009 1583 4065 veritate
1612 4009 2029 4081 dicuntur,non

378 4096 539 4167 quod
572 4100 842 4150 naturam
871 4097 1041 4165 panis
1072 4103 1130 4152 et
1159 4097 1276 4153 vini
1312 4098 1949 4170 postconsecrationcm
1969 4101 2029 4155 in

378 4200 442 4239 se
472 4183 899 4248 retineant,nisi
924 4190 1211 4255 quantum
1243 4188 1315 4240 ad
1347 4186 1598 4259 speciem
1621 4192 1959 4259 etsaporem
1974 4194 2032 4245 et
2058 4188 2063 4191 ’

380 4273 640 4329 odorem.
667 4271 755 4328 Illi
786 4288 1042 4344 namque
1072 4273 1174 4344 qui
1205 4290 1437 4329 carnem
1470 4274 1529 4329 in
1564 4281 1726 4332 utero
1770 4276 2027 4347 Virginis

377 4366 745 4435 assumptum
779 4361 968 4417 Verbo
999 4378 1106 4417 suo
1137 4362 1521 4434 personaliter
1568 4368 1625 4419 et
1664 4364 2030 4422 inetl'abiliter

377 4450 544 4507 unire
571 4452 781 4523 potuit,
818 4449 916 4523 qui
966 4449 1143 4507 etiam
1202 4450 1475 4507 mortalia
1530 4469 1772 4526 corpora
1831 4459 2029 4527 postra

2142 3306 2518 3360 admoneret:
2553 3304 2794 3374 Praecipe
2822 3302 3085 3358 divitibus
3115 3302 3279 3375 hujus
3306 3301 3493 3357 saeculi
3522 3315 3632 3356 non
3686 3316 3783 3355 su-

2138 3394 2302 3464 perbe
2329 3409 2517 3465 sapere
2541 3393 2586 3461 (Ι
2623 3393 2756 3447 Tim.
2791 3394 2888 3460 v1).

2695 3496 3030 3553 PSALMUS
3071 3497 3238 3552 XXII.

2666 3584 2671 3589 ’
2713 3586 2813 3624 PSA
2822 3586 2971 3624 LMUS
3025 3585 3192 3624 DAVID
3202 3610 3214 3623 .

2219 3681 2245 3713 ι
2276 3660 2561 3715 Dominus
2591 3657 2740 3729 regit
2769 3673 2881 3723 me,
2904 3663 2962 3713 et
2982 3656 3126 3712 nihil
3149 3657 3293 3712 mihi
3314 3657 3529 3712 deerit:
3573 3656 3632 3712 in
3664 3656 3785 3713 loco

2143 3770 2169 3797 ‹‹
2205 3764 2431 3820 pascuae
2463 3746 2541 3801 ibi
2593 3762 2685 3801 me
2743 3744 3065 3801 collocavit.
3125 3745 3313 3817 Super
3371 3760 3589 3816 aquam
3646 3744 3786 3800 refe-

2141 3859 2169 3886 ‹‹
2193 3835 2403 3891 ctionis
2423 3834 2691 3890 educavit
2712 3833 3085 3905 me,animam
3111 3849 3303 3888 meam
3343 3833 3645 3889 convertit.
3678 3832 3787 3888 De-

2144 3948 2172 3975 ‹‹
2202 3924 2368 3980 duxit
2399 3940 2490 3978 me
2520 3940 2694 3995 super
2725 3922 2967 3978 semitas
2989 3921 3240 3993 justitiae
3275 3925 3512 3994 propter
3567 3937 3781 3978 nomen

2141 4038 2169 4065 «
2197 4012 2548 4069 suum.Nam
2569 4011 2679 4067 etsi
2698 4011 3073 4067 ambulavero
3092 4010 3153 4066 in
3175 4010 3366 4067 medio
3393 4011 3616 4066 umbrae
3641 4027 3789 4066 mor-

2139 4127 2166 4154 ‹‹
2201 4103 2298 4174 tis,
2332 4119 2447 4159 non
2478 4102 2695 4157 timebo
2729 4103 2907 4169 mala,
2964 4100 3243 4173 quoniam
3264 4104 3358 4156 ,tu
3417 4115 3652 4156 mecum
3703 4116 3785 4156 es.

2143 4214 2165 4242 ﬂ
2200 4192 2378 4264 Virga
2407 4197 2508 4247 tua
2535 4194 2592 4246 et
2635 4189 2881 4246 baculus
2938 4195 3099 4261 tuus,
3162 4190 3289 4261 ipsa
3347 4205 3439 4246 me
3487 4188 3791 4245 consolata

2142 4302 2170 4331 ‹‹
2201 4284 2359 4337 sunt.
2393 4278 2614 4335 Parasti
2647 4278 2704 4333 in
2737 4282 3046 4351 conspectu
3080 4293 3211 4333 meo
3257 4294 3525 4333 mensam
3580 4278 3790 4333 adver—

2142 4392 2163 4419 «ι
2200 4386 2301 4425 sus
2333 4384 2432 4425 eos
2453 4368 2553 4440 qui
2584 4366 2869 4422 tribulant
2926 4382 3038 4422 me.
3100 4365 3489 4439 Impinguasti
3545 4366 3608 4421 in
3664 4364 3790 4421 oleo

2137 4482 2164 4508 ‹‹
2200 4462 2376 4529 caput
2405 4471 2624 4511 meum.
2659 4460 2718 4510 et
2748 4453 2898 4510 calix
2928 4470 3097 4512 meus
3126 4452 3427 4510 inebrians
3444 4470 3624 4526 quam
3644 4469 3792 4525 pre-

376 4539 608 4612 imperii
640 4539 732 4595 sui
763 4539 1022 4612 potentia
1053 4539 1611 4609 facietimmortalia,
1636 4543 1804 4613 panis
1835 4548 1891 4599 et
1908 4543 2027 4598 vini
2059 4564 2105 4628 D
2138 4571 2164 4596 α
2199 4545 2392 4601 clarus
2421 4549 2529 4599 est.
2562 4544 2631 4598 Et
2670 4542 3070 4598 misericordia
3099 4547 3199 4598 tua
3246 4544 3648 4615 subsequatur
3698 4558 3792 4598 me

377 4627 679 4683 materiam
694 4628 752 4683 in
776 4630 869 4684 sui
884 4628 1141 4701 corporis
1154 4629 1530 4701 etsonguinis
1545 4637 1815 4686 naturam
1840 4636 2028 4688 trans-

378 4716 524 4770 ferre
574 4716 852 4786 possibile
884 4722 990 4772 est.
1051 4717 1228 4789 Signa
1277 4718 1452 4773 etiam
1484 4723 1853 4774 sacramenta
1907 4718 2029 4775 haec

377 4802 624 4875 mystica
651 4804 874 4858 ratione
904 4811 1203 4874 vocantur,
1240 4822 1357 4861 non
1387 4804 1619 4874 Christi,
1660 4808 1761 4862 sed
1820 4807 2025 4864 nostri.

375 4892 584 4965 Magna
618 4891 774 4947 enim
810 4892 868 4946 in
899 4892 983 4947 eis
1013 4893 1184 4964 signa
1211 4899 1268 4949 et
1302 4895 1579 4966 mysteria
1635 4895 2026 4953 continentur.

374 4985 521 5037 Nam
550 4981 792 5035 materia
809 4978 928 5051 illa,
958 4981 1125 5052 panis
1148 4981 1370 5038 scilicet
1390 4998 1458 5037 ex
1482 5000 1598 5054 qua
1617 4986 2029 5056 corpusDomi-

377 5069 438 5125 ni
467 5085 601 5124 cum
633 5067 978 5125 sacerdotali
1010 5068 1413 5126 benedictione
1460 5077 1516 5126 et
1541 5073 1650 5128 Deo
1682 5079 2030 5145 cooperante

373 5157 700 5223 conﬁcitur,
725 5174 794 5213 ex
808 5156 1007 5230 granis
1021 5156 1290 5229 plurimis
1313 5158 1468 5214 mola
1488 5161 1721 5232 attritis,
1757 5178 2027 5235 consper-

374 5245 537 5302 sione
568 5262 733 5318 aqua:
764 5246 1383 5319 conjungitur.Vinum
1416 5248 1571 5319 quod
1598 5249 1655 5303 in
1681 5251 2027 5321 sanguinem

380 5333 734 5391 transfertur
762 5352 831 5390 ex
862 5334 1047 5391 acinis
1073 5334 1274 5393 multis
1307 5336 1616 5392 torcularis
1648 5342 1750 5393 aut
1778 5337 2028 5411 alicujus

375 5422 651 5497 ponderis
678 5422 1064 5496 impressione
1088 5424 1618 5482 conﬁcitur.Grana
1636 5441 1772 5481 vero
1793 5430 1850 5483 et
1862 5427 2031 5485 acina

449 5637 526 5719 (a)
558 5638 769 5698 Contra
798 5636 1122 5710 haareticos,
1155 5638 1443 5715 praecipue
1472 5638 1997 5703 Saoramentarios.
2054 5714 2073 5737 .

2140 4657 2168 4685 ‹‹
2195 4634 2471 4689 omnibus
2502 4632 2710 4687 diebus
2737 4631 2863 4686 vitae
2896 4648 3055 4687 meas.
3089 4632 3159 4686 Et
3218 4636 3283 4686 ut
3339 4630 3670 4688 inhabitem
3725 4631 3786 4686 in

2137 4746 2165 4773 ‹‹
2198 4723 2371 4778 domo
2401 4719 2632 4776 Domini
2658 4719 2717 4774 in
2748 4718 3175 4791 longitudinem
3202 4719 3455 4776 dierum.
3493 4742 3521 4770 »

2757 4825 3159 4882 ENARRATIO.

2210 4916 2467 4972 Psalmus
2501 4913 2696 4969 David.
2731 4913 2793 4969 In
2833 4913 2942 4968 hoc
2972 4913 3201 4985 psalmo
3233 4930 3342 4970 vox
3384 4919 3474 4971 est
3521 4912 3795 4969 Ecclesiae

2139 5003 2515 5077 recogitantis
2547 5002 2846 5058 miseriam
2880 5018 3047 5057 suam
3078 5019 3259 5074 quam
3290 5003 3498 5059 incidit
3518 5019 3589 5059 ex
3616 5002 3797 5076 culpa

2140 5093 2313 5166 primi
2348 5091 2626 5163 parentis,
2660 5107 2817 5146 nunc
2873 5094 3069 5146 autem
3101 5091 3474 5163 cognocentis
3512 5090 3794 5167 salvatio-

2139 5196 2272 5236 nem
2307 5195 2475 5234 suam
2504 5178 2715 5233 factam
2739 5177 3141 5249 perChristum
3165 5177 3225 5233 in
3258 5179 3667 5251 assumptione
3692 5177 3800 5235 illa

2140 5266 2446 5324 matutina.
2477 5267 2609 5340 Agit
2636 5267 2833 5338 itaque
2863 5272 3059 5338 grates
3090 5266 3205 5323 Deo
3253 5268 3654 5324 enumerando
3687 5268 3800 5324 be-

2139 5356 2348 5412 neﬁcia
2377 5356 2527 5427 ejus,
2550 5359 2607 5411 et
2639 5354 2911 5412 hortatur
2941 5354 3087 5413 alios
3118 5355 3189 5412 ad
3223 5372 3482 5414 amorem
3506 5352 3799 5414 Dei.Dicit

2137 5445 2336 5518 itaque
2360 5462 2373 5501 :
