4016 6192
227 320 339 378 265

1352 323 1956 384 ENARRATIONES
2004 324 2080 383 ΙΝ
2126 324 2513 387 PSALMOS.

227 454 345 505 Hoc
370 451 543 506 modo
570 468 581 505 :
614 452 733 507 Dixi
757 454 907 524 quod
960 454 1118 510 orbis
1167 459 1456 510 terrarum
1510 456 1586 509 sit
1626 456 1876 522 Domini,
1908 460 1962 522 Α
1991 454 2106 511 lius
2139 457 2354 524 delicti,
2385 474 2489 514 nec
2524 458 2721 513 animo
2752 471 2879 510 suo.
2903 453 2971 508 Et
2991 454 3297 524 prepterea
3342 451 3639 507 etiamm

227 539 448 595 scilicet
468 542 716 596 universi
739 545 837 613 qui
864 544 1115 598 habitant
1171 561 1233 599 in
1291 562 1375 608 eo,
1435 562 1551 599 non
1584 546 1683 617 qui
1716 545 1879 599 inha-

224 628 488 684 bitantur
527 631 626 701 qui
670 633 955 687 mundum
979 633 1088 687 sibi
1113 634 1599 705 subjugaverunt,
1629 651 1742 688 non
1768 634 1877 706 ipsi

226 718 447 773 mundo
479 719 726 789 subjecti
758 726 916 775 sunt.
968 726 1165 777 Potest
1226 727 1281 777 et
1311 722 1394 777 sic
1460 722 1594 793 legi,
1631 728 1693 777 ut
1722 723 1879 777 orbis

224 811 512 862 terrarum
538 808 1191 880 sitexpositivumillius
1222 813 1375 882 quod
1410 811 1574 876 dixit,
1598 811 1879 881 plenitudo

220 897 358 959 eius.
385 896 560 961 Quasi
583 897 739 952 dicat
764 916 776 953 :
803 900 914 953 Hoc
936 905 1024 953 est
1046 898 1348 970 plenitudo
1372 904 1535 954 terrae
1558 900 1717 954 illius
1749 918 1877 971 quae

221 986 375 1039 facta
411 990 500 1039 est
530 986 785 1051 Domini,
829 988 989 1042 orbis
1023 994 1337 1054 terrarum,
1404 988 1459 1042 id
1494 992 1604 1053 est,
1637 988 1876 1059 perfecti

222 1072 309 1127 illi
338 1074 439 1145 qui
465 1080 711 1144 possunt
741 1075 853 1130 dici
886 1076 1063 1146 orbis,
1094 1076 1148 1130 id
1176 1082 1281 1146 est,
1335 1077 1671 1131 extremitas
1695 1080 1877 1132 terra-

222 1179 383 1232 rum,
414 1162 552 1234 quia
584 1168 997 1219 contraxerunt
1026 1182 1087 1220 se
1136 1166 1374 1220 omnino
1406 1184 1439 1220 a
1466 1166 1623 1221 vitiis
1654 1170 1709 1220 et
1740 1182 1875 1221 con-

222 1250 601 1320 cupiscentiis
632 1251 811 1321 hujus
843 1252 1064 1320 saeculi,
1097 1270 1346 1325 quorum
1406 1254 1765 1310 conversatio
1816 1254 1873 1308 in

221 1338 384 1393 ccelis
405 1344 511 1394 est.
536 1341 603 1394 Et
634 1340 889 1395 universi
920 1342 1020 1412 qui
1053 1342 1319 1398 habitant
1347 1343 1406 1397 in
1440 1343 1619 1410 coelis,
1654 1344 1712 1398 id
1764 1348 1873 1407 est,

220 1444 426 1482 omnes
447 1427 532 1483 illi
555 1429 652 1499 qui
678 1446 781 1500 per
801 1429 1188 1486 imitationem
1222 1432 1279 1486 in
1330 1432 1444 1488 illis
1476 1432 1744 1504 perfectis
1777 1433 1873 1486 fir-

219 1515 397 1569 miter
427 1522 684 1572 manent.
715 1520 795 1573 Ac
826 1520 876 1573 si
908 1520 1055 1573 dicat
1092 1538 1102 1573 :
1138 1520 1379 1575 Perfecti
1411 1520 1515 1574 viri
1574 1525 1632 1576 et
1670 1537 1871 1576 eorum

216 1603 541 1661 imitatores
599 1610 739 1661 sunt
796 1605 1116 1678 plenitudo,
1160 1614 1216 1663 et
1280 1609 1402 1663 hrec
1455 1608 1754 1681 plenitudo
1786 1614 1875 1665 est

215 1691 470 1747 Domini.
523 1695 590 1749 Et
635 1696 840 1750 merito
899 1696 1058 1753 orbis
1115 1702 1403 1753 terrarum
1463 1704 1553 1753 est
1599 1698 1869 1753 Domini:

1980 545 2193 615 juravit
2214 549 2466 618 proximo
2501 563 2599 602 suo
2644 548 2703 600 in
2734 545 2875 609 dolo,
2906 542 2963 596 id
2990 542 3077 596 est
3107 540 3177 595 ad
3211 538 3635 611 deceptionem.

1989 634 2151 706 Saepe
2182 636 2337 689 enim
2369 635 2469 706 qui
2500 652 2649 691 vana
2670 634 2850 705 hujus
2880 629 3073 687 seculi
3105 631 3272 702 grata
3302 626 3499 683 animo
3531 643 3638 683 suo

1988 722 2231 789 faciunt,
2261 728 2325 778 ut
2346 740 2412 777 ea
2443 723 2764 787 obtineant,
2796 722 2855 776 in
2884 718 3210 792 perjurium
3263 716 3500 772 cadunt.
3532 717 3641 771 Hic

1989 811 2226 879 scilicet,
2262 828 2375 866 non
2399 810 2805 881 alius,accipiet
2853 808 3275 865 benedictionem
3313 821 3345 860 a
3384 804 3635 871 Domino,

1987 898 2043 953 id
2067 905 2174 964 est,
2201 899 2333 954 talis
2348 901 2435 954 vir
2455 900 2563 953 erit
2585 903 2737 954 terra
2762 898 2859 953 illa
2880 898 2970 952 cui
2996 894 3298 951 benedicet
3327 893 3637 961 Dominus,

1978 987 2149 1058 juxta
2171 989 2314 1043 illud
2335 987 2592 1061 Apostoli
2619 1006 2631 1043 :
2664 989 2825 1043 Terra
2857 992 3052 1042 autem
3086 982 3377 1056 accipiens
3406 983 3639 1038 imbrem

1984 1086 2036 1132 et
2054 1078 2357 1149 proferans
2376 1077 2599 1133 herbam
2622 1081 2983 1148 Opportunum
3003 1075 3121 1129 illis
3140 1090 3177 1128 a
3197 1074 3395 1144 quibus
3420 1074 3641 1139 colitur,

1985 1166 2045 1220 in
2070 1165 2468 1221 benedictione
2493 1165 2601 1221 erit
2630 1166 2819 1235 (Hebr.
2852 1168 2951 1233 v1),
2983 1163 3041 1217 id
3075 1163 3252 1227 est,in
3278 1161 3643 1219 incremento

1984 1254 2291 1309 virtutum.
2316 1258 2378 1309 Et
2410 1256 2537 1310 ideo
2568 1253 2701 1309 talis
2730 1254 2818 1308 vir
2850 1252 2959 1309 erit
2990 1250 3047 1305 in
3078 1250 3438 1306 incremento
3460 1248 3642 1306 virtu-

1983 1355 2133 1407 tum,
2154 1343 2291 1415 quia
2316 1344 2559 1415 accipiet
2587 1342 3028 1399 misericordiam
3072 1356 3107 1394 a
3164 1340 3292 1406 Deo,
3328 1338 3427 1410 qui
3466 1338 3567 1395 dat
3594 1344 3647 1396 et

1981 1434 2120 1488 velle
2149 1440 2198 1488 ct
2230 1433 2492 1504 perﬁcere
2514 1449 2619 1504 pro
2653 1433 2799 1488 bona
2833 1431 3107 1486 voluntate
3134 1426 3310 1499 (Phil.
3370 1429 3455 1495 ιι).
3480 1426 3642 1483 Salu-

1983 1524 2095 1577 tari
2119 1538 2236 1588 suo,
2270 1522 2327 1576 id
2360 1527 2466 1589 est,
2497 1539 2529 1576 a
2559 1538 2674 1593 quo
2706 1520 2827 1576 solo
2887 1518 3097 1576 salvari
3159 1517 3471 1575 desiderat.
3522 1518 3645 1571 Hec

1980 1616 2059 1666 est
2086 1613 2387 1682 generatio.
2422 1610 2596 1675 Quasi
2626 1610 2783 1665 dicat
2808 1628 2819 1665 :
2852 1609 2971 1665 Ista
3008 1608 3134 1665 sola
3163 1624 3290 1680 quae
3318 1609 3440 1661 tam
3472 1604 3641 1661 inno-

1980 1705 2177 1756 center
2196 1700 2357 1771 vivit,
2392 1704 2448 1755 et
2479 1716 2595 1755 non
2624 1698 2759 1766 alia,
2793 1703 2881 1754 est
2938 1697 3236 1770 generatio
3267 1696 3641 1767 quaerentium

226 1793 361 1860 quia
384 1794 500 1862 ipse
517 1810 681 1864 super
731 1796 919 1849 maria
947 1794 1209 1867 fundavit
1257 1812 1400 1863 cum,
1448 1796 1503 1850 id
1538 1801 1648 1866 est,
1683 1797 1737 1851 in
1780 1796 1871 1851 his
1908 1826 1955 1890 B
1984 1788 2300 1844 Dominum
2334 1805 2437 1860 per
2467 1789 2640 1845 fidem
2672 1792 2730 1843 et
2761 1788 2974 1842 bonam
3002 1784 3402 1859 operationem
3440 1782 3500 1838 in
3531 1780 3642 1837 hac

216 1896 345 1949 quae
378 1880 537 1950 prius
572 1897 732 1936 mare
763 1884 1017 1951 fuerunt,
1052 1882 1109 1937 id
1152 1888 1262 1949 est,
1305 1885 1543 1939 omnino
1584 1884 1877 1941 secularcs

215 1972 273 2021 et
303 1968 632 2038 procellosi,
694 1970 870 2024 variis
926 1970 1107 2024 animi
1172 1972 1433 2027 motibus
1465 1988 1697 2044 semper
1752 1972 1875 2044 agi-

215 2056 348 2120 tati,
419 2056 688 2111 fundavit
748 2060 901 2112 hunc
958 2060 1158 2113 orbem
1220 2060 1481 2115 faciendo
1514 2061 1583 2115 de
1623 2060 1876 2115 inﬁdeli-

213 2142 328 2198 bus
360 2144 583 2211 tideles,
653 2146 726 2199 de
778 2147 1254 2217 persecutoribus
1295 2149 1639 2220 discipulos,
1672 2166 1875 2220 quem-

213 2232 542 2286 admodum
576 2233 647 2287 de
676 2233 853 2288 Saulo
884 2232 1155 2301 Paulum,
1186 2240 1251 2290 ut
1290 2253 1391 2306 per
1417 2238 1605 2292 maria
1634 2238 1880 2309 accipia-

213 2336 356 2373 mus
378 2320 633 2389 majores
657 2321 973 2393 principes,
1002 2323 1223 2378 scilicet
1255 2341 1418 2397 reges
1450 2330 1505 2380 et
1534 2327 1879 2381 tetrarchas.

208 2417 281 2469 Et
302 2432 466 2486 super
482 2418 722 2485 ﬂumina
735 2421 1077 2489 praeparavit
1104 2436 1248 2488 eum,
1281 2421 1338 2476 id
1372 2426 1483 2487 est,
1534 2424 1604 2477 de
1632 2422 1751 2477 illis
1780 2423 1878 2494 qui

208 2503 503 2559 satellites
534 2506 890 2577 principium
925 2507 1103 2577 hujus
1132 2509 1326 2564 saeculi
1381 2514 1548 2565 erant
1578 2528 1716 2566 suos
1746 2512 1882 2567 fecit

210 2594 627 2648 convertendo.
654 2593 837 2649 Aliter
862 2621 874 2650 ε
899 2600 1021 2666 Ipse
1048 2613 1216 2668 super
1242 2600 1421 2653 maria
1449 2600 1705 2669 fundavit
1729 2617 1876 2665 eum,

206 2682 263 2735 id
302 2685 412 2749 est,
446 2698 627 2753 super
659 2683 1035 2739 fluctuatione
1067 2685 1246 2756 hujus
1279 2687 1504 2752 mundi,
1540 2688 1754 2760 quibus
1788 2690 1877 2742 in-

206 2770 554 2825 volvebatur
577 2771 648 2825 ab
672 2772 1149 2833 initio.stabilivit
1164 2775 1475 2831 Ecclesium
1490 2794 1658 2832 suam
1680 2777 1739 2831 in
1765 2778 1877 2834 ﬁde

207 2861 415 2930 utjam
446 2859 820 2915 conculcetur
846 2862 939 2916 hic
967 2863 1227 2917 mundus
1260 2869 1315 2919 et
1346 2870 1763 2921 contemnatur
1801 2868 1873 2922 ab

205 2966 294 3005 ea.
326 2949 503 3004 Fides
526 2949 681 3004 enim
707 2950 923 3005 Christi
948 2952 1119 3022 quasi
1152 2969 1321 3008 mons
1350 2958 1457 3022 est,
1492 2972 1669 3027 super
1699 2973 1873 3028 quem

205 3038 463 3093 fundata
493 3044 670 3094 estut
709 3040 970 3111 procellae
1012 3041 1193 3111 hujus
1251 3044 1445 3098 saeculi
1488 3061 1602 3099 non
1644 3046 1875 3116 possint

204 3144 335 3183 eam
362 3144 617 3194 movere,
646 3129 814 3198 quasi
838 3128 1070 3184 inﬁrmo
1097 3135 1153 3184 et
1174 3131 1361 3186 altiori
1386 3133 1508 3187 loco
1540 3134 1864 3189 fundatam.

203 3218 265 3271 Et
294 3234 471 3288 super
498 3218 733 3286 ﬂumina
760 3222 1099 3289 praeparavit
1130 3236 1274 3285 eum,
1309 3221 1365 3275 id
1399 3227 1506 3289 est,
1560 3240 1736 3293 super
1767 3240 1865 3294 po-

203 3310 406 3361 tentes
434 3305 520 3361 vel
545 3306 787 3377 cupidos
819 3306 995 3377 hujus
1027 3308 1247 3373 seaculi,
1300 3314 1365 3363 ut
1419 3309 1498 3363 ait
1550 3310 1828 3366 Salomon
1851 3329 1869 3365 :

206 3405 420 3459 Omnia
446 3405 687 3473 ﬂumina
716 3407 933 3460 intrant
989 3423 1142 3460 mare
1187 3415 1239 3460 et
1286 3423 1441 3461 mare
1468 3424 1574 3462 non
1607 3408 1874 3463 redundat

206 3495 415 3563 (Eccle.
449 3494 529 3564 1);
563 3494 641 3549 ita
679 3498 735 3550 et
766 3498 1031 3565 potentes
1062 3496 1244 3565 hujus
1300 3496 1496 3551 saeculi
1540 3513 1873 3568 quanquam

208 3583 415 3638 multa
444 3584 772 3654 acquirant,
806 3601 1111 3655 nunquam
1172 3590 1367 3639 tamen
1423 3586 1732 3641 satiantur.
1768 3587 1874 3641 Su-

210 3688 311 3742 per
342 3673 478 3727 hazc
518 3672 764 3728 flumina
793 3677 881 3729 est
946 3679 1267 3745 praeparata
1326 3673 1596 3739 Ecclesia,
1654 3680 1716 3728 ut
1747 3674 1879 3730 illos

210 3761 501 3833 praedicet
540 3766 596 3815 et
626 3766 939 3816 convertat.
966 3763 1032 3815 Et
1080 3762 1219 3833 quia
1248 3762 1467 3817 dictum
1500 3768 1625 3818 est:
1658 3764 1882 3818 Domini

211 3855 287 3904 est
317 3860 504 3916 terra,
539 3866 610 3905 ne
643 3851 775 3921 quis
833 3850 945 3905 sibi
1014 3853 1233 3905 frustra
1285 3852 1623 3923 applaudat,
1666 3858 1879 3924 putans

212 3955 271 3993 se
303 3955 447 3994 esse
480 3939 607 4009 ejus
665 3945 900 4008 terram,
964 3956 1097 3993 cum
1157 3957 1273 3994 non
1328 3942 1424 4007 sit,
1473 3941 1750 3996 describit
1781 3941 1879 4013 qui

217 4034 360 4083 sunt
396 4029 531 4099 ejus
562 4032 736 4092 terra,
762 4029 1119 4099 praemittens
1159 4028 1693 4101 interrogationem.
1727 4035 1880 4094 Qua-

220 4118 269 4172 si
304 4119 506 4173 dicat:
542 4118 660 4189 Ego
693 4118 808 4171 dixi
858 4124 1071 4172 terram
1123 4117 1353 4172 Domini
1423 4118 1726 4173 fundatam
1757 4136 1885 4174 esse

219 4223 413 4279 super
436 4206 625 4261 maria
642 4211 699 4261 et
754 4206 1058 4261 elevatam.
1095 4208 1229 4274 Quis
1285 4207 1535 4261 ascendet
1567 4209 1625 4261 in
1648 4212 1887 4263 montem

216 4296 479 4360 Domini,
512 4294 597 4350 vel
631 4296 700 4350 ad
731 4294 1024 4350 Christum
1058 4296 1157 4366 qui
1188 4300 1277 4350 est
1330 4313 1497 4350 mons
1530 4302 1888 4367 prteparatus

216 4384 278 4439 in
314 4384 541 4441 vertice
575 4385 861 4441 montium
885 4384 911 4438 ?
941 4388 1063 4456 quis
1094 4385 1341 4440 ascendet
1396 4384 1675 4457 gradibus
1706 4386 1887 4440 virtu-

221 4477 381 4539 tum,
420 4480 489 4528 ut
516 4474 592 4528 sit
620 4479 774 4529 terra
803 4476 929 4545 ejus
950 4480 975 4527 .9
1003 4473 1103 4529 Vel
1128 4476 1186 4529 in
1212 4480 1467 4543 montem,
1493 4474 1547 4528 id
1572 4479 1678 4541 est,
1711 4474 1769 4529 in
1792 4477 1891 4529 Ec-

1983 1878 2118 1932 vita.
2151 1877 2220 1932 Et
2249 1882 2381 1949 post
2409 1877 2777 1949 quaerentium
2804 1876 3022 1945 faciem,
3055 1874 3113 1929 id
3136 1878 3226 1930 est
3246 1870 3639 1945 praesentiam.

1985 1969 2084 2022 Dei
2104 1968 2286 2033 Iacob,
2322 1967 2376 2021 id
2410 1969 2519 2031 est,
2551 1965 2786 2020 illorum
2809 1964 2910 2037 qui
2933 1964 3411 2020 suntimitatores
3437 1959 3641 2026 Jacob,

1985 2055 2333 2128 temporalia
2364 2058 2731 2127 spernentes,
2762 2058 2820 2110 et
2844 2057 3058 2109 aeterna
3077 2051 3478 2108 desiderantes
3504 2066 3517 2118 ;
3541 2047 3645 2120 qu‘i

1987 2160 2105 2198 non
2132 2143 2292 2199 aliud
2326 2144 2637 2215 praemium
2669 2159 2789 2198 sua!
2818 2140 3163 2197 innocentiae
3201 2143 3499 2211 quaerunt,
3523 2136 3639 2193 nisi

1987 2233 2214 2287 vultum
2237 2232 2360 2287 Dei.
2391 2230 2511 2299 Vel,
2537 2234 2654 2287 haec
2674 2234 2750 2286 est
2768 2232 3045 2302 generatio
3062 2229 3434 2301 quaerentium
3453 2225 3644 2282 Domi-

1990 2339 2154 2388 num,
2188 2322 2244 2375 id
2277 2325 2384 2386 est,
2416 2320 2526 2375 hoc
2556 2320 2730 2375 modo
2760 2324 2825 2375 ut
2854 2318 2992 2387 dixi,
3022 2320 3380 2391 generantur
3406 2313 3495 2369 illi
3542 2313 3647 2386 qui

1991 2414 2263 2483 quaerunt
2286 2408 2623 2465 Dominum.

2531 2569 2764 2625 PSALM
2775 2569 2857 2625 US
2896 2566 3090 2622 XXIV.

2574 2690 2833 2730 PSALMUS
2874 2690 3063 2729 DAVID.

2058 2824 2083 2847 ‹‹
2119 2800 2203 2855 Ad
2227 2798 2768 2867 te,Domine,levavi
2789 2799 3051 2854 animam
3067 2801 3439 2863 meam,Deus
3452 2812 3641 2864 meus,

1986 2914 2011 2938 ‹‹
2040 2890 2097 2944 in
2120 2894 2175 2943 te
2201 2890 2449 2957 confido,
2478 2906 2590 2944 non
2614 2889 2977 2944 erubescam.
3011 2886 3208 2959 Neque
3237 2886 3518 2942 irrideant
3548 2900 3642 2939 me

1984 3002 2011 3028 ‹‹
2038 2978 2261 3033 inimici
2284 2978 2433 3033 mei:
2458 2978 2675 3033 etenim
2700 2977 2954 3033 universi
2978 2976 3078 3048 qui
3102 2976 3397 3032 sustinent
3420 2979 3497 3041 te,
3523 2989 3637 3028 non

1986 3089 2014 3115 «
2046 3063 3382 3136 contundentur.Cont‘undanturomnesiniqua
3397 3066 3636 3135 agentes

1987 3180 2014 3205 «
2050 3173 2426 3228 supervacue.
2458 3155 2598 3210 Vias
2628 3159 2781 3222 tuas,
2816 3155 3081 3217 Domine,
3108 3154 3448 3209 demonstra
3465 3148 3636 3217 mihi,

1985 3267 2013 3294 «
2045 3248 2101 3299 et
2128 3244 2367 3299 semitas
2388 3248 2521 3298 tuas
2540 3243 2681 3298 doce
2700 3259 2812 3297 me.
2834 3242 3023 3315 Dirige
3042 3259 3135 3297 me
3165 3242 3223 3296 in
3254 3241 3495 3295 veritate
3525 3242 3628 3293 tua

1984 3351 2013 3381 «
2042 3336 2101 3385 et
2129 3332 2269 3385 doce
2301 3347 2413 3397 me,
2448 3330 2586 3401 quia
2614 3335 2673 3384 tu
2708 3345 2771 3385 es
2824 3331 2977 3385 Deus
2999 3329 3253 3385 salvator
3292 3343 3459 3381 meus
3491 3329 3547 3380 et
3573 3330 3632 3379 te

1984 3418 2291 3473 «sustinui
2324 3422 2444 3472 tota
2472 3417 2988 3473 die.Reminiscere
3019 3415 3467 3471 miserationum
3498 3416 3630 3467 tua-

1986 3530 2013 3556 ‹‹
2048 3522 2201 3569 rum,
2224 3505 2490 3571 Domine,
2524 3510 2581 3559 et
2611 3505 3146 3561 misericordiarum
3176 3507 3412 3559 tuarum
3442 3518 3570 3573 quae
3601 3516 3637 3556 ι

1988 3618 2015 3644 ‹‹
2040 3593 2251 3650 saeculo
2273 3598 2431 3649 sunt.
2457 3592 3020 3663 Delictajuventutis
3043 3608 3182 3647 mea:
3201 3595 3259 3646 et
3277 3590 3639 3662 ignorantiae

1988 3708 2015 3734 «
2052 3700 2213 3738 meas
2244 3699 2315 3738 ne
2356 3680 2712 3737 memineris.
2770 3681 3108 3736 Secundum
3178 3677 3640 3732 misericordiam

1990 3796 2017 3822 ‹‹
2050 3777 2212 3828 tuam
2248 3775 2543 3826 memento
2577 3770 2689 3826 mei
2721 3774 2807 3836 tu,
2840 3773 3075 3841 propter
3105 3765 3427 3821 bonitatem
3457 3767 3642 3830 tuam,

1991 3888 2017 3913 ‹‹
2052 3861 2315 3917 Domine.
2351 3860 2545 3916 Dulcis
2577 3865 2633 3915 et
2663 3864 2856 3916 rectus
2911 3856 3215 3925 Dominus,
3270 3856 3508 3925 propter
3535 3850 3646 3906 hoc

1992 3975 2019 4001 ‹‹
2054 3951 2240 4024 legem
2263 3948 2918 4021 dabitdelinquentibus
2936 3947 2995 4001 in
3016 3945 3127 4000 via.
3150 3943 3649 4015 Dirigetmansue—

1994 4065 2021 4090 ‹‹
2055 4044 2147 4093 tos
2175 4040 2231 4092 in
2257 4037 2503 4108 judicio,
2536 4038 2769 4093 docebit
2800 4036 2970 4091 mites
3000 4035 3125 4090 vias
3156 4049 3315 4089 suas.
3350 4030 3645 4087 Universa)

1996 4150 2025 4178 ‹‹
2054 4127 2155 4182 viae
2186 4126 2419 4181 Domini
2452 4125 2854 4181 misericordia
2875 4128 2931 4180 et
2954 4124 3189 4186 veritas,
3213 4118 3651 4192 requirentibus

1998 4240 2025 4267 ‹‹
2059 4219 2477 4270 testamentum
2512 4214 2639 4284 ejus
2670 4219 2728 4268 et
2749 4211 3087 4269 testimonia
3109 4211 3257 4282 ejus.
3282 4213 3528 4280 Propter
3551 4216 3651 4262 no-

1999 4328 2025 4353 ‹‹
2061 4320 2194 4357 men
2227 4308 2420 4365 tuum.
2454 4302 2722 4367 Domine,
2754 4300 3163 4374 propitiaberis
3210 4302 3444 4369 peccato
3476 4308 3645 4349 meo:

2001 4414 2027 4440 ‹‹
2062 4388 2316 4445 multum
2348 4396 2436 4444 est
2458 4389 2781 4454 enim.Quis
2812 4394 2901 4445 est
2931 4388 3108 4443 homo
3139 4386 3240 4457 qui
3269 4386 3439 4439 timet
3460 4380 3652 4437 Domi-

2003 4501 2031 4529 «
2061 4494 2203 4533 num
2232 4480 2254 4532 ?
2284 4477 2472 4549 legem
2504 4478 2713 4533 statuit
2738 4476 2789 4531 ei
2822 4477 2880 4531 in
2909 4477 3003 4529 via
3031 4490 3208 4545 quam
3231 4470 3423 4543 elegit.
3444 4469 3654 4526 Anima

224 4563 479 4619 clesiam
514 4563 794 4617 elevatam
829 4580 862 4617 a
893 4562 1139 4617 terrenis
1172 4563 1243 4617 ad
1266 4564 1519 4617 coelestia
1548 4564 1659 4617 fide
1678 4568 1736 4618 et
1765 4580 1887 4634 spe.
1924 4558 1967 4621 D
2002 4591 2029 4617 ‹‹
2063 4568 2191 4637 ejus
2220 4567 2275 4621 in
2310 4566 2479 4621 bonis
2511 4564 2933 4629 demorabitur,
2959 4568 3016 4617 et
3047 4576 3246 4616 semen
3268 4561 3397 4630 ejus
3418 4556 3658 4613 haeredi-

222 4664 347 4734 Ego
373 4660 523 4725 dixi,
543 4661 665 4731 quis
695 4660 988 4714 ascendet?
1013 4668 1111 4714 aut
1158 4661 1353 4731 potius
1383 4660 1533 4724 dico,
1566 4663 1688 4732 quis
1724 4661 1897 4717 stabit

224 4751 282 4803 in
314 4756 439 4804 loco
471 4754 655 4804 sancto
687 4750 806 4819 cjus
833 4749 860 4801 ἱ)
892 4748 947 4802 id
969 4753 1079 4817 est,
1131 4748 1263 4819 quis
1304 4750 1691 4820 perseverabit
1717 4768 1729 4817 ;
1759 4749 1897 4821 quia

226 4838 409 4893 multi
433 4838 778 4906 ascendunt,
805 4842 861 4891 et
879 4852 994 4891 non
1020 4844 1390 4908 perseverant
1414 4864 1427 4904 ;
1451 4839 1521 4893 ad
1543 4840 1715 4893 fidem
1739 4839 1895 4893 enim

208 4912 551 4991 accedunt,
583 4943 711 4998 qua:
742 4931 830 4981 est
866 4926 1030 4981 locus
1063 4932 1320 4992 sanctus,
1354 4928 1724 4982 sanctiﬁcans
1746 4932 1898 4983 recte

212 5018 573 5087 credentes,
592 5016 693 5087 qui
721 5033 837 5070 non
862 5021 1020 5071 stant
1043 5017 1100 5070 in
1132 5033 1201 5071 ea
1232 5018 1415 5071 otiose
1444 5017 1737 5084 viventes;
1769 5016 1901 5086 ﬁdes

224 5107 395 5161 enim
442 5106 562 5161 sine
583 5107 835 5176 operibus
855 5111 1073 5161 mortua
1094 5114 1173 5161 est
1203 5106 1333 5177 (Jac.
1386 5106 1469 5175 ιι).
1528 5107 1581 5160 Is
1614 5105 1899 5171 ascendit,

227 5194 327 5250 hic
356 5195 584 5249 stabit:
616 5196 877 5250 lnnocens
904 5198 1183 5257 manibus,
1247 5196 1301 5249 id
1330 5201 1416 5251 est
1472 5196 1769 5267 operibus,
1802 5194 1903 5267 qui

229 5302 340 5339 nec
375 5283 496 5339 sibi
534 5289 700 5338 nocet
724 5284 876 5339 mala
901 5286 1214 5356 operando,
1266 5301 1368 5339 nec
1392 5285 1577 5339 alteri.
1609 5286 1672 5339 Et
1701 5284 1904 5339 mundo

229 5374 427 5437 corde,
455 5372 510 5425 id
536 5377 644 5439 est,
679 5375 750 5427 ab
781 5374 940 5429 omni
965 5372 1121 5428 mala
1141 5372 1782 5443 cogitationeﬂstendit
1803 5373 1902 5444 qui

232 5464 315 5519 sit
344 5462 579 5518 mundo
602 5464 772 5518 corde
799 5481 811 5518 :
834 5465 943 5531 Qui
962 5478 1071 5518 non
1098 5464 1317 5532 accepit,
1352 5463 1407 5516 id
1441 5467 1549 5529 est,
1585 5479 1699 5516 non
1741 5478 1903 5517 acce-

231 5556 415 5625 ptam
454 5554 510 5604 et
536 5556 761 5623 gratam
804 5552 938 5607 fecit
959 5554 1018 5606 in
1051 5567 1208 5618 vano,
1232 5549 1289 5604 id
1322 5556 1412 5605 est
1445 5551 1499 5604 in
1533 5550 1904 5617 transitoriis,

210 5644 507 5715 [animam
529 5656 710 5711 suam,
733 5640 957 5697 scilicet
1002 5640 1103 5711 qui
1127 5640 1240 5695 sibi
1261 5656 1375 5696 non
1398 5640 1533 5697 fecit
1552 5640 1801 5712 gratiam
1825 5640 1908 5697 ul-

585 5768 849 5834 ΡΑτιιοι..
934 5767 1193 5831 CXXXI.

2003 4680 2031 4706 «
2066 4657 2213 4712 tabit
2238 4652 2950 4710 terram.Firmamentum
2978 4653 3068 4705 est
3094 4648 3377 4703 Dominus
3404 4644 3660 4703 timenti-

2006 4770 2033 4796 ‹‹
2060 4747 2172 4801 bus
2196 4749 2416 4815 eum,et
2432 4746 2850 4798 testamentum
2872 4740 3002 4810 ejus
3025 4734 3658 4793 utmanifesteturillis.

2007 4860 2031 4885 ‹‹
2061 4833 2219 4891 Oculi
2252 4834 2365 4889 mei
2389 4848 2619 4903 semper
2644 4831 2715 4885 ad
2744 4823 3661 4899 Dominum,quoniamipseevel-

2009 4948 2036 4974 ‹‹
2061 4924 2141 4979 let
2155 4924 2223 4979 de
2255 4922 2461 4994 laqueo
2487 4921 2663 4993 pedes
2697 4935 2881 4973 meos.
2916 4918 3159 4989 Respice
3186 4917 3246 4971 in
3278 4931 3370 4970 me
3400 4920 3457 4969 et
3486 4910 3661 4967 mise-

2012 5038 2038 5063 ‹‹
2067 5029 2190 5068 rere
2213 5013 2347 5077 mei,
2374 5010 2512 5081 quia
2532 5010 2741 5064 unicus
2772 5012 2829 5063 et
2845 5024 3066 5080 pauper
3087 5022 3219 5062 sum
3242 5019 3368 5075 ego.
3394 4998 3663 5057 Tribula-

2013 5126 2038 5153 ‹‹
2070 5102 2257 5157 tiones
2279 5100 2470 5154 cordis
2494 5098 2607 5153 mei
2632 5098 3029 5169 multiplicata:
3048 5098 3206 5164 sunt,
3239 5093 3311 5147 de
3344 5088 3663 5146 necessita-

2017 5214 2043 5241 ‹‹
2074 5191 2233 5245 tibus
2266 5189 2411 5243 meis
2442 5205 2579 5243 erue
2610 5204 2721 5243 me.
2754 5186 2897 5241 Vide
2953 5184 3347 5239 humilitatem
3380 5194 3569 5235 meam
3608 5179 3667 5232 et

2017 5306 2043 5331 ‹‹
2071 5280 2331 5335 laborem
2356 5293 2575 5341 meum,
2599 5279 2656 5330 et
2685 5274 2915 5329 dimitte
2944 5272 3217 5327 universa
3272 5267 3484 5324 delicta
3514 5279 3663 5320 mea.

2019 5393 2041 5422 ι
2068 5368 2310 5439 Respice
2332 5366 2601 5420 inimicos
2626 5361 3099 5432 meos,quoniam
3114 5355 3484 5430 multiplicati
3497 5356 3664 5410 sunt:

2017 5483 2042 5508 ‹‹
2070 5463 2126 5513 et
2146 5458 2278 5513 odio
2302 5455 2502 5525 iniquo
2525 5453 2774 5507 oderunt
2793 5448 3151 5504 me.Custodi
3175 5448 3433 5502 animam
3452 5458 3667 5510 meam,

2015 5570 2043 5598 ‹‹
2083 5551 2140 5603 et
2170 5562 2306 5602 erue
2337 5560 2450 5611 me,
2485 5560 2598 5598 non
2630 5540 2994 5606 erubescam,
3045 5536 3325 5611 quoniam
3354 5530 3579 5607 speravi
3608 5530 3670 5588 in

2018 5662 2046 5690 ‹‹
2069 5640 2147 5695 te.
2174 5636 2516 5691 Innocentes
2540 5635 2599 5688 et
2619 5629 2761 5688 recti
2785 5627 3161 5687 adbmssrunt
3180 5623 3346 5698 mihi,
3380 5621 3520 5701 quia
3546 5632 3675 5686 sus-

3316 5752 3355 5836 θ
