4016 6192
356 284 472 355 2'61

929 292 1231 356 REMIGII
1276 286 2028 356 ANTISSIODORENSIS
2073 284 2245 348 OPP.
2291 284 2494 348 PARS
2537 284 2585 347 Ι.
2613 314 2692 333 --
2718 280 3191 347 EXEGETICA.

3642 277 3767 340 268

356 446 387 477 «
418 423 572 481 tinui
599 429 674 482 te.
709 425 936 499 Libera,
963 428 1135 496 Deus,
1157 427 1334 484 Israel
1363 443 1432 484 ex
1462 425 1737 495 omnibus
1764 421 2007 480 tribula-
2032 426 2088 495 Α
2114 417 2361 476 salvator
2388 435 2560 488 meus,
2591 418 2647 474 id
2679 420 2787 484 est,
2820 419 3026 490 potens
3083 430 3178 471 me
3228 412 3470 470 salvare.
3531 412 3600 467 Et
3634 410 3767 468 ideo

358 536 388 565 «
413 513 674 572 tionibus
705 515 849 573 suis.
887 539 915 567 »

984 625 1243 682 ENARRA
1259 625 1382 681 T10.

428 729 691 786 Psalmus
720 731 919 787 David.
954 733 1016 787 In
1048 731 1159 788 hoc
1215 731 1443 804 psalmo
1500 747 1612 785 vox
1659 732 1749 784 est
1775 726 2011 782 illorum

360 819 462 891 qui
493 835 663 875 suam
696 819 989 876 miseriam
1021 821 1349 889 attendunt,
1369 825 1425 876 et
1444 836 1615 876 suam
1637 816 2011 891 fragilitatem

360 908 505 985 adeo
522 924 819 981 magnam,
839 912 903 985 ut
921 910 1096 966 etiam
1121 909 1317 981 quivis
1338 907 1693 965 vermiculus
1722 904 1910 977 possit
1929 903 2012 959 eis

361 983 588 1054 nocere.
619 996 725 1054 Vel
758 983 900 1054 dum
933 999 1005 1054 de
1034 1016 1095 1056 se
1127 999 1376 1054 nimium
1409 998 1583 1053 homo
1615 991 2011 1068 praesumpsit,

360 1093 419 1144 et
438 1088 593 1160 quod
619 1087 818 1144 amisit
837 1104 941 1161 per
961 1088 1297 1161 superbiam
1326 1092 1382 1145 et
1410 1085 1865 1144 inobedientiam
1897 1098 2014 1138 non

358 1193 531 1252 posse
556 1192 900 1251 recuperare
934 1177 1045 1234 nisi
1074 1193 1178 1251 per
1202 1176 1594 1233 humilitatem
1626 1180 1683 1231 et
1737 1172 2016 1231 obedien—

360 1271 525 1339 tiam,
558 1267 841 1324 imitando
898 1266 1214 1324 Christum.
1278 1269 1477 1322 Potest
1533 1264 1645 1337 legi
1677 1264 1736 1318 in
1769 1277 2019 1334 persona

359 1358 577 1414 Christi
609 1356 837 1430 primus
868 1361 925 1412 et
955 1356 1252 1413 secundus
1281 1371 1485 1412 versus
1516 1353 1628 1408 hoc
1660 1351 1834 1407 modo
1862 1369 1875 1406 :

431 1448 1071 1518 Adte,DominejPater,
1120 1446 1299 1501 levavi
1351 1445 1602 1499 animam
1655 1458 1858 1512 meam,
1900 1443 2021 1495 toto

360 1536 753 1609 desideriozad
784 1540 843 1592 te
874 1534 1245 1607 eamtdirexi,
1280 1550 1395 1589 non
1426 1532 1498 1588 ad
1557 1537 1786 1588 terrena
1816 1527 2021 1600 dejeci.

360 1628 703 1698 Deusgmeus,
737 1624 1194 1695 nonﬁerubescam
1222 1639 1340 1678 non
1374 1621 1691 1694 surgendo,
1734 1619 1834 1690 qui
1867 1618 2021 1681 dixi;

2120 513 2190 578 te,
2232 509 2290 563 id
2350 512 2459 575 est,
2519 510 2622 563 tua
2678 506 2958 562 mandata
3013 504 3099 559 vel
3157 506 3210 558 te
3265 504 3768 558 remuneratorem

2118 597 2441 667 sustinui,id
2470 601 2578 666 est,
2612 612 2745 651 cum
2776 593 3058 668 patientia
3081 590 3397 664 expectavi,
3424 593 3537 648 tota
3564 590 3678 658 die,
3711 588 3771 644 id

2120 692 2210 744 est
2237 686 2471 743 assidue
2495 704 2508 743 :
2539 685 2629 741 vel
2660 685 2719 741 in
2741 683 3036 757 prosperis
3057 686 3115 738 et
3137 681 3198 736 in
3215 679 3494 738 adversis.
3517 680 3772 746 Domine,

2116 760 2298 849 dirige
2324 793 2445 832 me:
2479 780 2536 831 et
2560 774 2669 830 hoc
2717 774 2806 830 fac
2862 772 3219 829 recordando
3274 768 3687 826 misericordia:
3717 771 3776 824 et

2122 866 2514 922 obliviscendo
2543 864 2908 920 delictorum.
2940 863 3309 917 Reminiscere
3351 860 3776 916 miserationum

2124 961 2365 1025 tuarum,
2396 955 2642 1019 Domine,
2673 958 2724 1008 et
2781 950 3288 1006 miseriwrdiarum
3333 953 3556 1004 tuarum
3604 964 3779 1019 quea

2122 1050 2321 1111 saeculo
2345 1060 2492 1108 sunt.
2526 1052 2605 1106 Ab
2635 1050 2802 1105 initio
2835 1048 3040 1104 mundi
3072 1046 3405 1103 misericors
3455 1046 3640 1114 fuisti,
3673 1046 3775 1118 qui

2126 1160 2229 1199 nec
2254 1141 2552 1197 hominem
2585 1143 2921 1213 peccantem
2953 1138 3077 1194 sine
3109 1153 3211 1209 spe
3249 1136 3449 1203 veniae,
3480 1136 3540 1191 in
3573 1152 3775 1192 corru-

2129 1232 2384 1304 ptionem
2418 1230 2622 1285 cadere
2651 1232 2707 1285 et
2744 1245 2778 1283 a
2809 1233 2864 1284 te
2894 1227 3164 1282 recedere
3193 1225 3536 1297 permisisti.
3558 1223 3779 1281 Miseri-

2127 1318 2685 1377 corditerhominem
2701 1317 2840 1373 foris
2853 1312 3775 1380 formast1,misericorditerintus

2129 1408 2457 1466 reformasti
2483 1426 2495 1464 :
2530 1408 2629 1480 qui
2661 1423 2754 1463 me
2785 1404 3076 1478 perditum
3108 1403 3412 1470 revocasti,
3447 1408 3776 1460 revocatum

2132 1497 2586 1555 misericorditer
2614 1512 2909 1552 conserva.
2943 1493 3112 1549 Aliud
3144 1496 3234 1549 est
3262 1493 3584 1556 miseratio,
3619 1492 3775 1548 aliud

2133 1585 2553 1643 misericordia.
2588 1584 2883 1640 Miseratio
2904 1588 2993 1639 est
3014 1581 3426 1639 misericordia:
3478 1581 3777 1650 exhibitio,

361 1671 499 1685 μην
534 1671 703 1693 ...ν-υ,
740 1671 1193 1695 "man—"ww..-
1224 1671 1340 1678 --η-
1374 1671 1467 1678 ﬂ-
1877 1671 1896 1672 η
1953 1671 1977 1672 ρ
2009 1671 2021 1681 .
2202 1677 2212 1686 .
2319 1676 2330 1686 .
2481 1675 2493 1686 .
3003 1671 3014 1682 .
3206 1671 3219 1686 .
3370 1673 3380 1683 .
3562 1674 3574 1685 .

361 1671 568 1775 Solvile
587 1716 856 1786 templum
880 1714 1008 1779 hoc,
1025 1721 1077 1768 et
1092 1717 1214 1785 post
1241 1671 1854 1778 triduumorewdificabv
1886 1706 2028 1763 illud
2134 1671 3781 1786 θρίξξξιξίῖκῇ

292 1858 295 1859 ν
361 1804 814 1880 (Joan.n),quia
834 1805 976 1876 inJe
1004 1801 1231 1873 conﬁdo,
1265 1817 1381 1857 non
1411 1800 1472 1855 in
1504 1815 1618 1869 me,
1646 1814 1763 1854 non
1792 1796 1851 1850 in
1883 1794 2016 1853 alio.
2052 1805 2098 1870 Β

360 1894 929 1968 Nequeirrideantme
949 1893 1171 1949 inimici
1190 1892 1299 1945 mei
1328 1887 1536 1955 Judaei,
1560 1893 1625 1942 ut
1644 1887 1872 1942 dicant:
1910 1887 2016 1940 Hic

363 1987 520 2043 homo
536 1987 695 2058 aepit
710 1983 1002 2054 aediﬁcare,
1028 1985 1080 2037 et
1109 1996 1218 2036 non
1242 1980 1422 2051 potuit
1450 1991 1831 2033 consummare
1860 1975 2012 2042 (Luc.

361 2077 499 2140 xlv).
533 2077 604 2132 Et
630 2090 828 2131 revera
884 2088 998 2128 non
1059 2070 1397 2125 erubescam
1456 2070 1513 2121 te
1542 2063 1864 2133 sustinens,
1915 2067 2017 2118 tua

353 2166 643 2223 mandata
663 2163 1017 2220 custodiens.
1043 2161 1259 2216 Etenim
1278 2157 1524 2212 universi
1543 2156 1638 2226 qui
1656 2155 1926 2209 sustinent
1945 2160 2013 2222 te,

354 2272 474 2313 non
501 2253 926 2327 con/nudentur.
958 2255 1273 2321 Hucusque
1303 2247 1362 2302 in
1393 2261 1644 2319 persona
1665 2243 1893 2316 capitis.
1920 2242 2018 2297 Le-

363 2346 522 2419 gitur
550 2348 746 2400 autem
776 2347 937 2398 totus
970 2341 1030 2395 in
1063 2354 1313 2412 persona
1341 2337 1628 2407 cujusque
1687 2332 1898 2400 ﬁdelis,
1933 2330 2017 2387 sic

364 2432 590 2507 agentis
620 2449 754 2487 cum
785 2430 1028 2487 Domino
1063 2435 1174 2484 Deo
1205 2443 1313 2482 suo
1343 2443 1355 2480 :

437 2522 525 2577 Ad
546 2529 619 2592 te,
648 2520 895 2586 Domine,
928 2516 1150 2574 scilicet
1177 2515 1538 2579 habendum,
1562 2513 1737 2567 levavi
1767 2512 2019 2566 animam

366 2627 567 2681 meam,
598 2611 720 2664 toto
751 2605 1039 2662 desiderio
1072 2620 1105 2659 a
1133 2601 1381 2658 terrenis
1412 2616 1541 2656 eam
1598 2599 1778 2654 levavi
1839 2598 1913 2653 ad
1939 2602 2016 2668 te,

366 2717 484 2758 non
517 2701 718 2754 contra
748 2700 826 2761 te,
854 2697 922 2750 ut
946 2690 1149 2747 infelix
1174 2689 1381 2745 Adam.
1413 2690 1482 2743 Et
1529 2687 1758 2758 merito,
1789 2686 1930 2758 quia
1961 2697 2020 2741 tu

367 2805 431 2846 es
461 2791 607 2845 Deus
628 2800 922 2853 meus,non
935 2798 1062 2855 ego,
1086 2796 1199 2836 non
1221 2777 1401 2834 aliud.
1424 2779 1493 2833 Et
1513 2778 1652 2849 quia
1681 2782 1743 2832 tu
1777 2792 1839 2832 es
1868 2775 2021 2831 Deus

369 2895 558 2947 meus,
582 2875 850 2940 Domine,
872 2874 934 2928 in
963 2879 1013 2927 te
1028 2870 1261 2941 conﬁdo,
1281 2883 1513 2929 omnem
1533 2864 1806 2921 ﬁduciam
1830 2880 2021 2920 meam

368 2969 428 3024 in
460 2972 516 3023 te
537 2964 808 3037 conjicio.
833 2960 1155 3020 Maledictus
1178 2959 1335 3014 homo
1360 2958 1458 3028 qui
1472 2954 1697 3027 conﬁdit
1716 2956 1778 3009 in
1799 2954 2023 3009 homine

372 3058 502 3130 (Jer.
533 3054 693 3126 xvn).
726 3053 795 3109 Et
825 3049 1054 3123 quia'in
1084 3052 1141 3104 te
1171 3046 1421 3115 conﬁdo,
1455 3062 1569 3100 non
1599 3044 1659 3098 in
1691 3060 1804 3113 me,
1837 3047 1903 3098 ut
1930 3042 2019 3097 in-

371 3145 508 3202 felix
529 3140 844 3213 Adam,qui
867 3140 1133 3212 rapinam
1157 3137 1475 3192 arbitratus
1488 3136 1576 3190 est
1595 3149 1724 3189 esse
1744 3147 1805 3187 se
1826 3148 2017 3204 aequa-

370 3235 486 3292 lem
512 3239 644 3302 Deo,
667 3247 778 3287 non
794 3231 1126 3294 erubescam,
1162 3231 1224 3282 ut
1252 3240 1439 3296 usque
1469 3223 1640 3279 modo
1671 3221 1800 3291 feci,
1834 3221 2020 3277 factus

372 3343 439 3382 ex
472 3321 929 3396 praesumptione
959 3334 1090 3373 mea
1119 3316 1262 3371 adeo
1292 3314 1585 3383 inﬁrmus,
1607 3316 1670 3367 ut
1698 3309 2020 3366 vilissimus

366 3412 727 3470 vermiculus
760 3427 853 3466 me
882 3408 1141 3479 afﬂigere
1170 3403 1391 3461 valeat:
1427 3403 1600 3457 redde
1630 3400 1774 3455 mihi
1823 3400 2018 3453 humi-

364 3503 504 3559 liato
528 3507 587 3558 et
607 3496 922 3557 conﬁdenti
943 3496 1003 3551 in
1025 3499 1081 3551 te
1102 3493 1262 3549 illam
1279 3490 1867 3560 valitudinexn,quam
1894 3503 2020 3558 per-

366 3591 488 3650 didi
506 3608 611 3665 per
649 3585 1200 3662 superbiamJVeque
1227 3581 1499 3638 irrideant
1527 3595 1613 3633 me
1641 3579 1861 3633 inimici
1887 3576 2017 3643 mei,

370 3664 598 3756 quiaiin
630 3684 686 3735 te
717 3676 944 3734 conﬁdo
964 3694 982 3731 :
1015 3672 1279 3730 carnales
1310 3675 1366 3727 et
1412 3667 1746 3740 spirituales
1772 3664 2018 3731 inimici,

374 3772 473 3846 qui
505 3771 564 3827 in
588 3775 646 3826 te
663 3784 776 3824 non
799 3766 1242 3829 conﬁdunt,non
1267 3758 1549 3815 irrideant
1569 3772 1659 3810 me
1681 3756 2020 3826 superatum

364 3840 423 3921 et
443 3878 478 3917 a
505 3864 562 3916 te
593 3860 956 3915 devocatum.
986 3853 1053 3908 Et
1082 3866 1280 3907 revera
1308 3864 1426 3903 non
1485 3843 1829 3910 confundar,
1887 3840 2022 3910 quia

364 3947 621 4006 sustinui
640 3949 718 4015 te,
741 3944 801 4000 id
818 3938 939 4012 est,
957 3940 1186 4014 pondus
1208 3941 1626 4011 praeceptorum
1651 3938 1885 3987 tuorum
1901 3947 1914 3986 :
1930 3928 2019 3985 vel

362 4053 498 4095 cum
521 4032 801 4108 patientia
820 4029 1143 4104 exspectavi
1163 4033 1219 4084 te
1239 4028 1610 4083 renumeratu
1620 4039 1772 4078 rum.
1802 4020 2020 4076 Etenim

363 4125 616 4183 universi
642 4124 739 4195 qui
775 4120 1047 4177 sustinent
1076 4126 1142 4188 te,
1166 4133 1276 4173 non
1321 4115 1748 4187 confundantur,
1797 4108 2020 4166 scilicet

363 4215 438 4272 ab
467 4210 897 4287 exspectatione
935 4225 1061 4266 sua.
1098 4204 1517 4276 Confundantur
1573 4201 1769 4274 potius
1825 4200 2020 4270 iniqua

360 4314 599 4378 agentes.
626 4301 714 4359 ΙΙΙί
746 4299 942 4374 potius
973 4297 1340 4362 erubescant,
1395 4292 1494 4365 qui
1548 4305 1919 4378 supervacue,
1958 4287 2017 4342 id

364 4376 480 4461 est,
509 4393 689 4450 nimis
713 4388 1092 4447 inefﬁcaciter
1120 4389 1261 4441 sunt
1290 4382 1492 4455 iniqua
1513 4385 1773 4454 agentes,
1801 4376 2020 4435 scilicet

364 4484 496 4542 odio
516 4483 808 4540 habentes
831 4494 1029 4534 servos
1053 4480 1184 4531 tuos
1215 4472 1523 4545 diligentes
1553 4487 1651 4527 eos
1676 4487 1689 4525 :
1718 4468 1768 4525 si
1799 4468 1857 4522 in
1889 4483 2015 4538 per-

2136 1774 2188 1821 ct
2208 1766 2552 1836 ignorantias
2564 1779 2711 1819 meas
2722 1779 2791 1818 ne
2800 1763 3142 1819 memineris.
3161 1761 3370 1817 Delicta
3370 1762 3701 1833 juventutis,
3726 1762 3784 1819 id

2129 1857 2217 1909 est
2235 1852 2433 1925 gravia
2446 1856 2710 1923 peccata;
2726 1851 3116 1923 quiajuvenes
3128 1849 3420 1905 temerarii
3453 1854 3613 1918 sunt,
3629 1855 3688 1906 et
3710 1855 3785 1907 te-

2125 1942 2391 1998 meritate
2410 1940 2647 2013 gravius
2669 1941 2733 1995 ﬁt
2754 1939 3594 2010 commissum.Etignorantias
3610 1956 3780 2010 meas,

2124 2031 2180 2086 id
2204 2035 2312 2100 est,
2330 2030 2549 2085 leviora
2571 2028 2970 2101 peccata,quia
2991 2030 3146 2100 quod
3170 2028 3784 2099 ignorantercommit-

2124 2120 2327 2188 timus,
2361 2121 2556 2175 minus
2587 2134 2928 2191 peccamus;
2952 2116 3061 2184 vel,
3084 2117 3304 2184 delicta,
3331 2117 3387 2172 id
3418 2122 3509 2173 est
3535 2117 3783 2191 origina-

2069 2217 2075 2223 '
2126 2209 2224 2278 lia,
2259 2226 2383 2281 quae
2413 2208 2474 2263 in
2500 2209 2626 2280 ipso
2649 2206 2968 2279 primordio
2989 2206 3248 2262 contraxi
3269 2223 3302 2262 a
3325 2207 3704 2279 parentibus;
3726 2213 3778 2265 et

2126 2307 2546 2379 ignorantias,id
2572 2311 2683 2373 cst,
2706 2303 2975 2372 actualia,
3000 2322 3125 2376 qua:
3147 2304 3485 2377 ignoranter
3506 2306 3773 2362 commisi

2126 2400 2437 2470 postquam
2454 2395 2688 2467 juvenis
2703 2394 3117 2462 factussum,id
3132 2393 3607 2462 est,innovatusa
3621 2400 3774 2451 vetu-

2128 2490 2275 2541 state
2294 2485 2466 2557 primi
2492 2483 2770 2556 parentis.
2804 2488 2872 2540 Et
2902 2484 3247 2554 ignorantias
3277 2499 3461 2539 meas:
3488 2483 3610 2539 haec
3643 2487 3777 2540 sunt

2128 2573 2230 2629 illa
2250 2573 2463 2630 delicta
2475 2574 2498 2643 j
2510 2571 2826 2639 uventutis,
2842 2571 2983 2643 quia
3003 2570 3215 2643 aliquis
3230 2587 3332 2643 per
3345 2571 3521 2628 ﬁdem
3535 2572 3778 2628 innova-

2127 2666 2226 2719 tus
2240 2659 3036 2735 promisit,ﬁdeliterimplere
3049 2659 3246 2715 studet
3260 2660 3527 2717 :cavetde
3544 2660 3779 2727 futuris,

2131 2752 2450 2807 mundatus
2481 2751 2552 2807 de
2583 2750 2910 2823 praeteritis,
2945 2749 3056 2805 nisi
3079 2748 3131 2805 si
3162 2765 3278 2821 qua
3307 2748 3459 2806 levia
3485 2766 3556 2806 ex
3614 2750 3775 2824 igno-

2131 2840 2323 2896 rantia
2345 2840 2676 2908 committit,
2693 2856 2726 2895 a
2747 2838 2961 2912 quibus
2981 2837 3075 2894 vix
3094 2842 3184 2894 est
3205 2836 3363 2895 ullus
3384 2839 3463 2894 ita
3486 2840 3777 2912 perfectus

2132 2929 2232 3000 qui
2255 2928 2364 2985 sibi
2386 2945 2586 2985 cavere
2607 2932 2802 3000 queat.
2834 2932 2967 2983 Haec
2990 2924 3193 2984 delicta
3221 2943 3291 2983 ne
3336 2930 3683 2998 memineris,
3718 2928 3775 2984 id

2130 3023 2238 3085 est,
2271 3035 2342 3073 ne
2372 3034 2564 3074 serves
2593 3018 2828 3073 tandem
2862 3017 2934 3073 ad
2992 3033 3245 3090 poenam,
3304 3018 3401 3073 sed
3442 3018 3781 3075 misericor-

2131 3107 2282 3162 diter
2311 3106 2405 3162 bic
2436 3123 2503 3162 ea
2523 3107 2768 3163 dolendo
2799 3106 3181 3162 obliviscaris.
3216 3109 3277 3160 Et
3308 3109 3370 3160 ut
3397 3122 3462 3160 ea
3501 3123 3615 3161 non
3650 3124 3776 3163 ser-

2051 3173 2094 3239 (ἶ
2130 3213 2228 3252 ves
2259 3197 2328 3251 ad
2352 3196 2668 3267 judicium,
2706 3206 2970 3252 memento
3023 3196 3139 3251 mei
3165 3199 3262 3250 tu:
3319 3194 3453 3266 quia
3506 3210 3613 3266 ego
3654 3197 3773 3251 mei

2130 3303 2260 3341 sum
2295 3286 2531 3357 oblitus,
2551 3302 2682 3341 cum
2707 3302 2740 3341 a
2763 3285 3188 3341 mandatistuis
3213 3284 3444 3340 recessi.
3468 3283 3779 3340 Secundum

2099 3367 2561 3431 'misericordiam
2582 3384 2750 3443 tuam,
2785 3392 2962 3447 quam
2993 3391 3107 3431 non
3140 3373 3353 3437 merui,
3409 3390 3525 3429 non
3571 3389 3779 3429 secun-

2131 3465 2273 3520 dum
2296 3465 2442 3520 iram
2467 3481 2643 3536 quam
2670 3465 2878 3519 merui.
2908 3464 2977 3518 Et
2999 3463 3105 3518 hoc
3129 3479 3242 3518 non
3267 3462 3477 3518 merito
3493 3479 3643 3530 meo,
3678 3463 3777 3519 sed

2122 3556 2647 3625 proptcrbonitatem
2659 3552 3204 3618 tuam,Domine.Sed
3218 3567 3391 3607 nemo
3404 3551 3526 3607 haec
3538 3553 3780 3609 audiens

2130 3649 2238 3704 sibi
2259 3648 2578 3721 applaudat
2607 3648 2667 3702 in
2690 3648 2962 3720 peccatis,
2985 3664 3227 3703 securus
3248 3648 3319 3702 de
3350 3648 3521 3704 venia
3551 3653 3782 3722 pr0pter

2129 3738 2448 3794 bonitatem
2470 3742 2634 3793 tuam
2661 3756 2673 3793 :
2699 3737 2837 3810 quia
2864 3736 3039 3793 dulcis
3083 3739 3170 3792 est
3215 3738 3483 3793 Dominus
3505 3737 3564 3793 in
3598 3738 3776 3795 mise-

2129 3826 2400 3894 ricordia,
2432 3827 2692 3883 vocando
2713 3827 2784 3882 ad
2809 3826 3232 3899 paenitentiam,
3256 3826 3532 3882 donando
3546 3826 3776 3883 delicta.

2129 3915 2197 3969 Et
2226 3917 2359 3987 post
2390 3914 2851 3970 misericordiam
2876 3984 2885 3989 υ
2908 3917 3089 3971 rectus
3118 3917 3227 3984 est,
3260 3905 3408 3986 quia
3436 3914 3625 3971 reddit
3652 3917 3775 3970 uni-

2127 4005 2323 4076 cuique
2337 4004 2512 4073 juazla
2557 4020 2720 4075 opera
2746 4020 2870 4059 sua.
2904 4004 2974 4059 Et
3001 4007 3226 4076 propter
3242 4004 3360 4073 hoc,
3393 4003 3619 4060 scilicet
3648 4003 3782 4077 quia

2130 4092 3004 4166 rectusest,quiaincorruptus,
3038 4097 3170 4166 post
3199 4091 3662 4149 misericordiam
3698 4092 3785 4148 ni-

2127 4181 2209 4237 hil
2232 4182 2488 4238 dimittet
2509 4182 2890 4255 impunitum.
2915 4183 2983 4238 Et
3004 4182 3111 4239 hoc
3132 4187 3222 4239 est
3240 4182 3395 4255 quod
3420 4181 3583 4249 dicit,
3607 4182 3783 4251 legem

2127 4271 2299 4340 dabit,
2324 4271 2381 4325 id
2414 4276 2523 4342 est,
2556 4271 2785 4344 ﬂagella
2815 4274 2873 4326 et
2901 4272 3286 4328 correctiones
3335 4271 3785 4344 delinquentibus

2126 4363 2186 4415 in
2207 4363 2314 4431 via,
2348 4360 2405 4415 id
2436 4365 2543 4432 est,
2579 4361 2637 4417 in
2670 4360 2964 4417 mandatis
2999 4360 3224 4416 Domini
3258 4377 3385 4432 qua:
3416 4364 3557 4416 sunt
3584 4360 3680 4417 via
3709 4360 3783 4416 ad

2126 4449 2303 4505 vitam
2329 4467 2342 4506 :
2375 4449 2461 4504 vel
2492 4451 2550 4503 in
2586 4451 2695 4516 via,
2727 4449 2786 4504 id
2816 4453 2927 4520 est,
2958 4449 3018 4504 in
3048 4449 3278 4507 Christo
3309 4449 3410 4522 qui
3468 4453 3561 4506 est
3587 4451 3682 4505 via
3712 4448 3785 4506 ad

365 4537 759 4641 sonaﬁbristi,
793 4569 996 4640 iniqua
1027 4568 1264 4639 agentes
1281 4537 1601 4633 possumus
1633 4537 2017 4629 accipereiJu-
2048 4545 2093 4608 D
2124 4539 2331 4641 γίῐᾶωξ
2356 4539 2519 4641 de?“
2549 4538 2736 4641 legem
2772 4537 3279 4641 delinquentibus,
3513 4538 3790 4641 Christus

368 4664 547 4731 dteos,
576 4661 631 4715 in
669 4662 848 4715 Deum
870 4661 1167 4713 auctorem
1181 4652 1409 4721 salutis,
1425 4654 1673 4705 mortem
1689 4644 2023 4702 machinan-

369 4757 457 4810 tes
479 4764 855 4823 supervacue,
881 4747 938 4801 id
969 4749 1058 4801 est
1110 4741 1503 4799 inefﬁcaciter.
1538 4739 1607 4792 Et
1637 4744 1698 4791 ut
1728 4751 1842 4791 non
1876 4750 2022 4790 con-

377 4841 609 4910 fundar,
633 4843 830 4895 utnon
880 4831 1415 4898 irrideantinimici,
1452 4831 1567 4885 vias
1598 4830 1741 4894 tuas,
1772 4827 2019 4882 Domine.

369 4933 685 4991 demonstra
734 4924 891 4991 mihi,
923 4923 981 4977 id
1013 4932 1121 4989 est,
1151 4922 1425 4976 mandata
1456 4921 1557 4974 tua
1599 4916 1859 4987 ostende,
1893 4930 2023 4987 qua:

373 5040 467 5083 me
498 5037 612 5077 non
646 5013 991 5090 permittant
1023 5026 1234 5066 errare.
1267 5010 1332 5063 Et
1387 5009 1619 5064 semitas
1649 5014 1789 5073 tuas,
1824 5005 1877 5061 id
1911 5008 2018 5073 est,

370 5116 531 5169 arcta
571 5112 626 5165 et
672 5102 935 5163 difﬁcilia
950 5103 1256 5173 prrecepta,
1288 5097 1444 5153 edoce
1462 5095 1634 5167 me,id
1659 5099 1769 5164 est,
1792 5093 2023 5149 eviden-

371 5206 461 5259 ter
480 5200 646 5265 doce,
681 5200 746 5252 ut
778 5210 894 5249 non
928 5192 986 5247 in
1014 5189 1132 5245 illis
1177 5186 1364 5243 fallar.
1396 5191 1555 5252 Doce,
1604 5184 1756 5252 dico,
1788 5185 1855 5238 ut
1906 5198 2021 5237 non

348 5290 554 5348 sciam
585 5290 835 5351 tantum,
868 5280 968 5338 sed
1002 5284 1066 5335 ut
1095 5291 1264 5351 opere
1308 5274 1667 5347 compleam:
1723 5271 1862 5344 quia
1914 5269 2024 5325 hoc

370 5383 459 5437 est
474 5375 728 5450 perfecta
753 5365 1340 5433 doctrina,scilicetin
1368 5362 1487 5419 illis
1501 5360 1818 5420 mandatis.
1842 5360 2025 5431 Dirige

370 5485 459 5526 me
470 5465 762 5525 inveritate
774 5459 952 5528 tua,id
968 5457 1144 5525 est,in
1165 5453 1456 5511 mandatis
1470 5454 1589 5508 tuis
1602 5468 1728 5523 quae
1742 5466 1876 5506 vera
1888 5451 2026 5505 sunt

338 5618 343 5621 _
373 5557 514 5631 quia
541 5553 720 5628 egoin
734 5547 1036 5608 mendacio
1052 5560 1178 5600 meo
1198 5548 1503 5599 turtuosus
1518 5541 1743 5597 sum.Et
1774 5538 1883 5596 hoc
1905 5553 2025 5594 mo-

374 5628 448 5705 do
477 5645 602 5702 doce
630 5658 737 5700 me.
773 5639 904 5696 Ideo
935 5650 1076 5710 rogo
1107 5637 1172 5691 ut
1199 5635 1264 5690 tu
1302 5631 1511 5689 doceas
1538 5631 1674 5706 quia
1700 5633 1762 5685 tu
1789 5644 1844 5686 es
1885 5628 2024 5685 Deus

2132 4628 2221 4684 lex
2251 4633 2359 4693 est,
2396 4628 2451 4684 id
2483 4632 2574 4684 est
2604 4628 2752 4683 liber
2780 4632 2838 4683 et
2870 4629 3055 4684 forma
3112 4629 3282 4683 bonis
3341 4627 3615 4684 imitandi
3656 4645 3787 4700 qua

2134 4719 2266 4775 fecit
2296 4723 2352 4773 et
2380 4717 2777 4790 docuit,malis
2807 4717 3025 4774 vitandi
3052 4734 3177 4789 quae
3207 4717 3332 4790 ipse
3361 4716 3563 4773 vitavit
3579 4721 3639 4774 et
3664 4734 3792 4790 pro-

2132 4808 2344 4863 hibuit.
2381 4807 2601 4863 Aliter:
2634 4807 2781 4870 Quia
2811 4815 2987 4863 rectus
3014 4811 3122 4879 est,
3154 4806 3307 4862 dabit
3355 4806 3546 4879 legem,
3583 4806 3643 4861 id
3674 4810 3790 4876 est,

2131 4897 2380 4970 ﬂagella,
2410 4896 2852 4969 delinquentibus
2904 4899 2965 4952 in
3012 4899 3120 4962 via,
3153 4896 3211 4953 id
3267 4900 3358 4953 est
3387 4896 3446 4951 in
3503 4895 3613 4951 hac
3644 4895 3790 4967 vita,

2133 5004 2195 5054 ut
2226 4999 2283 5053 in
2307 5014 2373 5053 eo
2400 4997 2553 5069 quod
2576 4994 2974 5068 temporaliter
2991 4995 3155 5067 punit
3179 4992 3576 5066 temporaliter
3596 4992 3791 5050 delin-

2132 5092 2398 5161 quentes,
2442 5085 2712 5142 ostendat
2741 5084 2896 5157 quod
2928 5082 3277 5139 aaternaliter
3305 5083 3509 5156 puniet
3539 5087 3793 5140 aeterna-

2129 5176 2263 5233 liter
2319 5174 2745 5247 delinquentes.
2804 5171 3230 5244 Temporaliter
3272 5176 3490 5244 peccat,
3552 5170 3676 5244 qui,
3741 5171 3795 5229 si

2129 5265 2387 5339 longaeva
2440 5264 2560 5321 vita
2616 5265 2870 5330 daretur,
2929 5265 3220 5317 cessaret:
3276 5259 3631 5339 mternaliter
3652 5276 3795 5317 vero

2135 5331 2353 5427 peccat,
2385 5353 2475 5409 cui
2509 5352 2771 5408 aufertur
2792 5349 3061 5417 facultas,
3094 5365 3209 5404 non
3240 5348 3530 5405 voluntas.
3593 5331 3798 5422 Dirige

2133 5451 2441 5500 mansuetos
2471 5444 2532 5497 in
2555 5441 2803 5514 judicio:
2838 5439 2896 5494 in
2927 5436 3029 5494 tali
3048 5438 3294 5509 judicio,
3337 5437 3394 5493 id
3426 5441 3535 5507 est,
3576 5438 3637 5494 in
3670 5437 3795 5495 hu-

2127 5532 2390 5604 jusmodi
2420 5531 2546 5605 lege
2568 5529 2777 5602 diriget
2798 5531 3155 5585 mansuetos.
3181 5526 3329 5583 Nam
3354 5527 3791 5585 immansuetos

2135 5640 2252 5682 non
2282 5623 2513 5699 diriget,
2539 5621 2658 5680 imo
2688 5615 3080 5679 disturbabit:
3121 5620 3375 5678 tractum
3406 5617 3479 5679 ab
3508 5615 3791 5682 animali-
