4016 6192
286 342 405 409 213

1408 339 2023 408 ENARRATIONES
2066 341 2146 407 IN
2189 338 2573 412 PSALMOS.

3546 314 3549 317 ‘
3583 345 3704 410 ενι

287 480 435 538 tium
469 478 642 537 mala.
677 482 751 536 Et
778 495 902 536 cum
953 478 1157 552 impiis,
1207 479 1266 536 id
1315 485 1423 549 est,
1477 497 1584 536 nec
1617 480 1798 536 Deum
1830 494 1934 534 nec
1962 477 2164 555 Aegit
2185 479 2243 534 in
2272 482 2566 539 mandatis
2587 480 2704 539 tuis
2726 496 2853 554 quae
2877 477 3099 537 directa
3120 479 3279 536 sunt.
3318 476 3421 535 Vel
3450 477 3702 552 injusti-

287 570 619 642 proximum
652 568 1056 639 diligentibus,
1106 586 1217 625 non
1259 569 1468 634 sedebo,
1504 569 1846 624 delectando
1878 568 1937 622 in

286 675 485 715 eorum
508 658 837 730 impietate:
864 658 923 713 hi
946 663 1085 713 sunt
1105 659 1379 715 haeretici.
1402 659 1625 715 Lavabo
1638 662 1854 722 autem,
1878 656 1936 711 id

283 752 369 802 ϐοῒ
394 746 736 817 puriﬁcabo,
772 764 968 801 manus
1009 762 1176 811 meas,
1203 745 1259 801 id
1289 752 1377 802 est
1407 764 1583 819 Opera
1614 764 1762 817 mea,
1796 747 1940 800 inter

281 837 612 900 innocentes,
638 836 694 890 id
718 841 805 891 est
828 835 1113 890 imitando
1135 836 1497 901 innocentes,
1541 841 1597 891 et
1635 836 1742 890 hoc
1766 836 1937 890 modo

280 943 385 981 ens
406 926 562 980 inter
578 942 697 993 eos,
718 925 787 979 ad
814 924 1260 980 similitudinem
1285 926 1624 991 sacerdotis,
1651 924 1749 996 qui
1776 924 1937 996 prius

281 1032 342 1070 se
366 1013 537 1081 lavat,
564 1018 620 1069 et
650 1015 734 1069 sic
752 1015 823 1070 ad
848 1012 1030 1069 altare
1078 1014 1317 1070 accedit.
1344 1016 1412 1069 Et
1436 1019 1564 1085 post
1585 1012 1935 1069 lavationem

282 1120 567 1158 manuum
580 1104 1118 1158 circunutaboaltare
1129 1104 1623 1171 tuum,Domine,id
1638 1108 1744 1169 est,
1763 1102 1935 1157 fidem

280 1196 445 1247 tuam
475 1208 650 1263 quam
676 1191 887 1246 dedisti
911 1191 1078 1258 mihi,
1103 1192 1160 1245 in
1186 1208 1301 1263 qua
1323 1192 1484 1247 locus
1510 1201 1598 1247 est
1619 1191 1733 1245 veri
1757 1190 1935 1245 sacri-

281 1280 373 1335 fici
389 1281 651 1348 i,ornabo
667 1280 836 1335 bonis
850 1280 1662 1352 operibus,utaltareornatur
1675 1279 1868 1352 palliis
1882 1284 1939 1334 et

279 1377 414 1433 aliis
439 1379 821 1433 ornamentis.
882 1378 1004 1445 Vel,
1062 1378 1410 1434 circumdabo
1462 1380 1643 1433 altare
1673 1388 1845 1443 tuum,
1878 1378 1933 1432 id

280 1472 391 1531 est,
406 1482 566 1520 aram
583 1466 776 1521 cordis
792 1466 901 1521 mei
918 1467 1135 1521 ornabo
1148 1466 1647 1521 variisvirtutibus
1663 1484 1675 1520 :
1694 1467 1791 1521 ubi
1806 1469 1938 1520 vota

278 1553 367 1608 vel
392 1554 670 1620 vovenda,
695 1559 835 1608 sunt
856 1559 911 1609 et
932 1553 1223 1610 solvenda.
1254 1554 1385 1609 Ideo
1409 1556 1627 1610 ornabo
1651 1554 1736 1609 vel
1761 1555 1935 1627 fidem

279 1659 473 1699 meam
506 1641 674 1698 bonis
705 1643 982 1713 operibus
1014 1642 1100 1698 vel
1134 1660 1232 1698 cor
1262 1661 1458 1699 meum
1508 1643 1843 1708 virtutibus,
1877 1651 1937 1698 ut

275 1732 528 1797 audiam,
562 1731 784 1788 scilicet
814 1749 848 1787 a
878 1732 1087 1804 spiritu
1122 1732 1180 1786 in
1232 1749 1323 1787 me
1355 1733 1721 1805 praesidente,
1756 1749 1937 1788 vocem

277 1819 459 1875 ιιιιιιίἰδ
484 1837 504 1883 ;
533 1823 591 1875 ut
621 1837 758 1876 aure
791 1821 983 1876 cordis
1040 1821 1284 1886 audiam,
1345 1822 1401 1875 id
1463 1826 1573 1885 est,
1606 1820 1932 1893 intelligam
1962 1853 2011 1917 Β

274 1925 403 1979 qua:
454 1908 531 1965 sit
559 1926 664 1964 vox
692 1908 793 1965 illa
824 1927 951 1981 quae
984 1916 1037 1964 te
1068 1910 1291 1977 laudat,
1323 1909 1545 1966 scilicet
1568 1910 1717 1966 bona
1742 1911 1860 1965 vita
1879 1914 1937 1965 et

272 1996 429 2053 bona
450 1998 832 2053 conversatio.
856 1998 958 2053 Vel
996 1999 1224 2054 audiam
1259 2016 1441 2054 vorem
1488 1999 1690 2066 laudis,
1716 1999 1938 2054 scilicet

270 2101 471 2140 Veram
495 2091 551 2140 et
572 2087 731 2142 cordi
764 2104 1086 2142 consonam
1115 2104 1127 2143 :
1161 2093 1301 2143 tunc
1331 2086 1715 2159 intelligimus
1734 2105 1931 2144 vocem

270 2172 471 2229 laudis
487 2191 621 2229 cum
652 2192 720 2229 ex
744 2192 888 2245 puro
911 2177 1083 2230 corde
1105 2193 1303 2230 vocem
1329 2177 1639 2247 procedere
1662 2175 1935 2248 intelligi-

272 2279 433 2316 mus.
468 2262 600 2326 Quaa
635 2267 723 2316 est
756 2262 856 2317 illa
883 2280 989 2317 vox
1013 2264 1205 2318 laudis
1226 2265 1254 2318 ?
1278 2266 1401 2318 Ηωο
1428 2282 1439 2319 :
1465 2273 1519 2319 et
1537 2281 1789 2320 enarrem
1810 2267 1934 2320 uni-

270 2365 433 2404 versa
463 2350 747 2404 mirabilia
789 2359 899 2417 tua,
962 2352 1237 2407 interiora
1292 2357 1349 2407 et
1405 2352 1721 2408 exteriora:
1776 2355 1931 2424 quod

269 2436 575 2493 hominem
610 2438 957 2495 mirabiliter
988 2457 1148 2495 creas
1179 2441 1339 2508 foris,
1374 2441 1702 2495 mirabilius
1735 2447 1929 2497 autem

263 2515 433 2580 intus
456 2542 701 2581 recreas.
720 2527 910 2597 Majus
927 2529 1083 2582 enim
1099 2530 1167 2583 de
1185 2529 1355 2585 Saule
1379 2534 1743 2601 persecutore
1761 2529 1932 2585 disci-

260 2613 476 2686 pulum
506 2615 690 2669 facere
712 2632 889 2686 quam
905 2616 1183 2671 Lazarum
1202 2619 1271 2672 de
1287 2623 1665 2672 monumento
1679 2619 1927 2673 resusci-

260 2707 411 2772 tare,
442 2703 727 2775 quidquid
756 2704 890 2758 boni
915 2703 1119 2771 habeo,
1145 2704 1248 2759 tibi
1270 2706 1588 2760 attribuam
1608 2724 1619 2760 :
1637 2705 1923 2777 quidquid

262 2791 443 2857 male,
469 2792 633 2846 mihi.
651 2792 753 2846 Vel
772 2791 1091 2864 intelligam
1114 2793 1363 2864 qualiter
1389 2792 1721 2849 laudandus
1745 2793 1847 2864 sis,
1868 2800 1925 2850 et

260 2896 537 2936 enarrem
571 2880 721 2935 aliis.
779 2881 910 2935 ldeo
936 2883 1081 2936 inter
1132 2883 1446 2938 innocentes
1480 2884 1674 2937 lavabo
1702 2901 1919 2938 manus.

253 2978 342 3036 vel
388 2980 515 3035 ideo
548 2979 894 3034 circumdabo
924 2981 1325 3036 altaretuum:
1375 2981 1533 3052 quia,
1585 2998 1617 3037 ο
1666 2983 1918 3049 Domine,

252 3069 446 3123 dilexi
495 3068 744 3123 decorem
799 3068 987 3123 domus
1044 3072 1177 3135 tua},
1238 3070 1292 3123 id
1325 3075 1432 3136 est,
1490 3071 1776 3141 perfectos
1818 3072 1918 3143 qui

253 3160 410 3213 sunt
439 3163 851 3211 ornamentum
873 3156 1133 3211 Ecclesiae
1174 3162 1306 3223 tuae,
1369 3159 1465 3228 qui
1524 3164 1664 3214 sunt
1695 3159 1918 3231 lapides

254 3244 531 3316 pretiosi.
565 3246 627 3299 Et
664 3246 841 3299 locum
896 3245 1259 3301 habitationis
1315 3248 1503 3317 gloria
1556 3258 1686 3313 tum,
1721 3249 1776 3302 id
1811 3253 1919 3317 est,

254 3333 359 3389 illo
379 3333 484 3388 sin
500 3334 715 3405 quibus
734 3333 1024 3388 inhabitat
1044 3333 1227 3404 gloria
1248 3340 1368 3403 tua,
1388 3335 1489 3404 qui
1509 3335 1651 3389 nihil
1672 3336 1807 3400 sibi,
1826 3337 1925 3391 sed

255 3428 463 3478 iitum
498 3422 909 3477 misericordiae
943 3427 1052 3476 tuae
1095 3422 1442 3477 attribuunt.
1495 3423 1561 3477 Et
1606 3422 1756 3489 ideo,
1792 3422 1930 3493 quia

254 3510 348 3566 hic
399 3510 697 3566 moraliter
725 3516 1029 3582 separatus
1062 3528 1193 3566 sum
1247 3511 1318 3565 ab
1377 3510 1597 3582 impiis,
1629 3528 1699 3565 ne
1735 3511 1930 3582 perdas

255 3618 394 3655 eum
426 3601 637 3671 impiis,
670 3602 825 3670 Deus,
861 3602 1109 3655 animam
1135 3616 1353 3661 meam;
1384 3600 1523 3671 quia
1552 3616 1666 3654 non
1695 3601 1932 3655 fuerunt

262 3705 508 3745 mecum
542 3689 599 3744 in
632 3690 1007 3761 generatione
1037 3689 1248 3760 prima,
1282 3706 1396 3745 non
1426 3688 1671 3745 habeam
1705 3693 1929 3761 partem

262 3794 403 3833 cum
440 3777 527 3833 eis
560 3778 619 3832 in
651 3778 1024 3849 generatione
1056 3778 1350 3833 secunda:
1385 3794 1511 3833 eum
1532 3780 1738 3850 impiis,
1763 3778 1820 3833 id
1843 3782 1932 3833 est

262 3883 403 3922 cum
424 3865 549 3922 illis
570 3865 671 3937 qui
697 3866 768 3921 ab
786 3866 1084 3939 impietate
1102 3884 1211 3922 sua
1228 3884 1552 3939 numquam
1573 3868 1851 3923 recedunt
1868 3868 1931 3922 Et

260 3972 395 4011 cum
436 3956 576 4011 viris
603 3958 963 4025 sanguinum,
1000 3955 1057 4010 id
1088 3960 1195 4020 est,
1229 3972 1359 4010 cum
1413 3956 1545 4011 odio
1575 3955 1930 4011 habentibus

260 4043 305 4098 fr
322 4050 515 4100 atrem
540 4061 737 4111 suum,
764 4045 818 4098 id
841 4049 932 4099 est
952 4044 1262 4099 haereticis.
1294 4045 1483 4100 Omnis
1522 4045 1680 4100 enim
1703 4044 1931 4117 quiodit

257 4140 509 4205 fratrem
521 4150 702 4199 suum,
725 4134 1007 4188 homicida
1019 4142 1097 4187 est
1110 4135 1160 4203 (Ι
1170 4135 1326 4189 Joan.
1345 4139 1450 4205 ιιι),
1466 4151 1533 4189 ne
1542 4134 1741 4206 perdas
1757 4136 1927 4189 vitam

260 4241 474 4289 meam,
496 4223 554 4277 id
585 4227 693 4288 est,
729 4239 799 4276 ne
830 4222 1093 4277 damnes.
1126 4222 1211 4276 Illi
1240 4223 1444 4278 merito
1467 4223 1845 4289 damnantur,
1870 4224 1930 4277 in

258 4328 511 4383 quorum
535 4312 817 4379 manibus,
843 4309 899 4364 id
923 4315 1011 4365 est
1030 4311 1326 4383 operibus,
1352 4313 1669 4381 iniquitates
1696 4316 1841 4381 sunt,
1869 4310 1927 4365 id

260 4407 353 4454 est
366 4442 381 4467 ,
398 4400 502 4472 qui
534 4416 837 4471 nunquam
854 4404 1169 4471 operantur
1183 4399 1293 4454 nisi
1312 4399 1930 4469 injustitiamﬂextera

257 4505 487 4556 (mrum,
520 4488 577 4543 id
609 4493 717 4553 est,
751 4488 799 4542 si
830 4505 947 4559 qua
976 4503 1173 4543 eorum
1234 4504 1409 4559 opera
1452 4487 1726 4542 videntur
1756 4490 1925 4557 bona,

2048 566 2148 631 tia,
2171 567 2253 623 vel
2280 571 2340 623 in
2369 569 2659 639 direcl0,id
2683 574 2771 627 est
2794 570 2853 625 in
2877 577 2954 636 te,
3006 568 3147 641 quia
3195 584 3297 641 pes
3319 566 3528 624 animae
3561 585 3703 627 meai

2048 673 2161 711 non
2193 662 2282 712 est
2311 656 2514 730 lapsus
2540 660 2609 715 ad
2637 660 2881 730 malum,
2930 662 3031 715 tua
3078 655 3481 713 misericordia
3502 660 3610 712 est.
3634 657 3705 714 Et

2046 744 2174 801 ideo
2200 746 2524 802 benedicam
2545 752 2616 815 te,
2652 750 2900 819 Domine,
2926 748 2986 802 in
3016 748 3287 814 Ecclesiis,
3326 746 3385 801 id
3425 750 3534 813 est,
3562 761 3705 818 aug-

2047 835 2321 891 mentabo
2354 836 2586 892 laudem
2619 841 2804 904 tuam,
2828 836 3247 895 subinferendo
3271 834 3569 893 dilectioni
3590 839 3703 892 tuas

2046 922 2415 979 dilectionem
2450 925 2723 996 proximi.

2593 1048 2920 1103 PSALMUS
2960 1049 3151 1104 XXVI.

2130 1179 2187 1215 IN
2220 1180 2394 1218 FINEM
2426 1180 2689 1219 PSALMUS
2720 1180 2890 1219 DAVID
2917 1180 3255 1227 PRIUSQUAM
3287 1180 3611 1223 LINIRITUR.

2118 1274 2143 1299 ‹‹
2180 1251 2464 1307 Dominus
2496 1252 2851 1309 illuminatio
2884 1267 3015 1308 mea
3048 1258 3111 1308 et
3142 1252 3306 1310 salus
3339 1271 3489 1323 mea,
3521 1272 3698 1329 quem

2047 1362 2076 1389 ‹‹
2110 1340 2325 1397 timebo
2346 1345 2371 1394 ?
2389 1342 2676 1399 Dominus
2700 1346 2988 1414 protector
3006 1342 3133 1396 vitae
3160 1358 3301 1397 meas
3316 1386 3330 1412 ,
3347 1360 3382 1399 a
3399 1360 3515 1415 quo
3532 1344 3706 1416 trepi-

2045 1450 2073 1477 ‹‹
2109 1429 2297 1484 dabo?
2311 1429 2462 1484 Dum
2476 1430 2825 1503 appropiant
2842 1447 3020 1502 super
3032 1446 3126 1487 me
3140 1434 3435 1499 nocentes,
3451 1432 3707 1488 utedant

2048 1538 2077 1565 «
2108 1534 2312 1573 carnes
2344 1534 2525 1575 meas.
2561 1520 2671 1585 Qui
2702 1519 2991 1574 tribulant
3020 1536 3114 1574 me
3162 1518 3388 1574 inimici
3419 1520 3556 1585 mei,
3586 1520 3701 1593 ipsi

2046 1628 2074 1654 ‹‹
2090 1605 2369 1662 infirmati
2384 1613 2605 1675 suut,et
2617 1608 3037 1665 ceciderunt.Si
3052 1607 3701 1665 consistantadversum

2046 1717 2073 1743 α
2110 1710 2200 1751 me
2218 1701 2431 1763 castra,
2454 1714 2569 1753 non
2592 1697 2826 1753 timebit
2846 1713 2945 1752 cor
2971 1713 3191 1753 meum.
3217 1696 3275 1753 Si
3301 1700 3578 1769 exsurgat
3595 1697 3701 1753 ad-

2044 1805 2072 1831 ‹‹
2101 1800 2333 1841 versum
2362 1803 2455 1841 me
2477 1786 2764 1857 praelium,
2793 1786 2851 1841 in
2876 1785 3703 1859 hocegosperabo.Unampe—

2044 1896 2067 1923 ι
2103 1872 2214 1928 tiia
2234 1874 2500 1945 Domino,
2517 1875 2667 1931 hanc
2683 1874 3005 1947 requiram,
3027 1874 3429 1931 utinhabitem
3448 1874 3508 1930 in
3524 1874 3700 1931 domo

2041 1986 2068 2013 ‹‹
2108 1964 2333 2019 Domini
2352 1965 2631 2020 omnibus
2646 1964 2857 2019 diebus
2871 1965 3003 2020 vitas
3024 1980 3185 2020 meas.
3206 1964 3279 2020 Ut
3295 1965 3523 2020 videam
3539 1962 3701 2019 volu-

2041 2072 2069 2101 «
2097 2056 2314 2123 ptatem
2336 2053 2587 2117 Domini,
2602 2058 2659 2109 et
2676 2052 2908 2109 visitem
2928 2053 3215 2124 templum
3234 2054 3384 2124 ejus.
3408 2053 3699 2119 Quoniam

2040 2162 2067 2189 ‹‹
2102 2141 2409 2196 abscondit
2434 2158 2526 2197 me
2548 2142 2606 2197 in
2629 2141 3007 2197 tabernaculo
3050 2159 3157 2197 suo
3180 2142 3238 2197 in
3267 2142 3361 2198 die
3382 2140 3697 2210 malorum,

2040 2250 2067 2278 ‹‹
2102 2231 2357 2300 protexit
2377 2247 2469 2286 me
2492 2231 2551 2285 in
2575 2231 2917 2286 abscondito
2940 2229 3303 2286 tabernaculi
3322 2230 3439 2285 sui.
3462 2230 3527 2285 In
3542 2234 3702 2302 petra

2039 2340 2069 2365 «
2102 2318 2372 2373 exaltavit
2396 2336 2508 2384 me,
2531 2324 2587 2374 et
2613 2336 2770 2374 nunc
2790 2318 3061 2375 exaltavit
3090 2323 3265 2392 caput
3303 2335 3502 2374 meum
3526 2334 3703 2391 super

2044 2406 2345 2462 .inimicos
2361 2408 2860 2464 meos.Circumivi
2873 2406 3235 2463 etimmolavi
3250 2406 3310 2463 in
3324 2405 3700 2464 tabernaculo

2040 2516 2068 2545 ‹‹
2100 2496 2230 2563 ejus
2260 2495 2510 2552 hostiam
2534 2496 2965 2552 vociferationis
2990 2514 3003 2551 :
3028 2497 3294 2562 cantabo,
3321 2500 3380 2552 et
3400 2495 3697 2568 psalmum

2038 2605 2067 2632 ‹‹
2099 2583 2291 2638 dicam
2311 2585 2571 2639 Domino.
2595 2585 2835 2652 Exaudi,
2862 2585 3125 2655 Domine,
3147 2600 3344 2640 vocem
3368 2600 3559 2641 meam
3576 2601 3698 2657 qua

2038 2695 2065 2721 «
2100 2671 2341 2727 clamavi
2374 2674 2445 2728 ad
2477 2678 2531 2728 te
2559 2692 2572 2740 ;
2607 2673 2882 2729 miseram
2914 2673 3027 2728 mei
3081 2677 3141 2728 et
3187 2673 3398 2729 exaudi
3423 2689 3538 2729 me.
3562 2674 3695 2731 Tibi

2045 2783 2067 2809 ι
2104 2761 2251 2815 dixit
2269 2778 2369 2817 cor
2389 2778 2609 2829 meum,
2659 2762 2972 2833 exquisivit
3011 2768 3066 2818 te
3092 2762 3270 2818 facies
3305 2779 3457 2830 mea,
3492 2762 3695 2820 taciem

2040 2872 2067 2898 «τ
2094 2853 2277 2916 tuam,
2305 2850 2568 2916 Domine,
2584 2851 2900 2921 requiram.
2918 2851 3002 2907 Ne
3014 2856 3241 2907 avertas
3261 2851 3470 2907 faciem
3484 2855 3647 2908 tuam
3660 2868 3697 2907 a

2041 2960 2071 2989 «
2104 2950 2215 3009 me,
2250 2955 2323 2994 ne
2349 2939 2605 2994 declines
2635 2939 2694 2994 in
2725 2940 2813 2994 ira
2835 2957 2870 2994 a
2900 2956 3065 2995 servo
3095 2945 3217 2996 tuo.
3253 2940 3502 3011 Adjutor
3526 2955 3693 2996 meus

2040 3047 2069 3076 «
2102 3033 2250 3093 esto,
2276 3045 2345 3084 ne
2358 3028 2730 3099 derelinquas
2745 3045 2859 3095 me,
2884 3045 3074 3101 neque
3104 3028 3397 3101 despicias
3411 3029 3693 3096 me,Deus

2039 3138 2066 3164 ‹‹
2103 3115 2379 3173 salutaris
2400 3133 2587 3172 meus.
2612 3117 2897 3181 Quoniam
2923 3123 3087 3189 pater
3107 3135 3273 3174 meus
3294 3122 3693 3177 etmatermea

1950 3220 1994 3285 ρ
2037 3227 2065 3255 ‹‹
2096 3205 2536 3277 dereliquerunt
2564 3222 2677 3270 me,
2698 3206 2980 3263 Dominus
3002 3212 3199 3263 autem
3229 3208 3555 3279 assumpsit
3575 3224 3687 3265 me.

2041 3314 2068 3341 ‹‹
2100 3294 2309 3363 Legem
2338 3310 2483 3365 pone
2508 3294 2673 3359 mihi,
2702 3295 2962 3362 Domine,
2982 3295 3041 3350 in
3064 3296 3157 3351 via
3175 3300 3299 3365 tua,
3322 3300 3381 3351 et
3395 3295 3581 3368 dirige
3601 3312 3695 3353 me

2040 3402 2071 3430 «
2104 3382 2161 3434 in
2177 3382 2385 3436 semita
2399 3387 2551 3435 recta
2564 3388 2800 3452 propter
2812 3384 3083 3439 inimicos
3100 3384 3369 3439 meos.Ne
3381 3383 3695 3440 tradideris

2040 3489 2070 3517 «
2104 3485 2195 3522 me
2210 3470 2266 3523 in
2280 3468 2508 3523 animas
2522 3468 2931 3526 tribulantium
2956 3470 3356 3544 me,quoniam
3374 3471 3695 3529 insurrexe-

2043 3577 2071 3605 «
2104 3562 2241 3610 runt
2271 3557 2328 3610 in
2364 3572 2456 3612 me
2485 3561 2664 3612 testes
2696 3558 2905 3630 iniqui,
2939 3565 2996 3615 et
3026 3560 3271 3617 mentita
3300 3564 3390 3616 est
3416 3559 3697 3632 iniquitas

2041 3666 2071 3696 α
2103 3645 2236 3700 sibi.
2265 3645 2445 3700 Credo
2460 3644 2652 3701 videre
2669 3646 2823 3702 bona
2839 3647 3073 3703 Domini
3089 3648 3149 3703 in
3173 3652 3329 3703 terra
3351 3648 3694 3706 viventium.

2042 3755 2073 3784 α
2105 3735 2389 3806 Exspecta
2419 3733 2752 3802 Dominum,
2784 3735 3028 3791 viriliter
3054 3752 3198 3809 age:
3251 3740 3308 3791 et
3336 3736 3697 3792 confortatur

2040 3844 2070 3872 «
2104 3839 2204 3879 cor
2231 3828 2401 3879 tuum
2433 3829 2490 3879 et
2520 3824 2746 3880 sustine
2778 3825 3116 3881 Dominum.
3150 3846 3178 3874 »

2661 3948 3074 4006 ENARRATIO.

2110 4066 2369 4119 Psalmus
2394 4066 2571 4121 David
2586 4068 2917 4137 priusquam
2937 4066 3218 4123 liniretur.
3244 4064 3459 4123 Tribus
3474 4063 3698 4124 vicibus

2039 4156 2251 4207 unctus
2282 4152 2501 4226 legitur
2530 4153 2707 4209 David
2735 4170 2748 4214 :
2782 4155 2948 4227 prius
2978 4155 3038 4211 in
3089 4156 3265 4211 domo
3314 4156 3499 4229 patris
3530 4172 3564 4211 a
3593 4154 3699 4211 Sa-

2040 4242 2231 4297 muele
2264 4244 2443 4298 misso
2484 4261 2517 4298 a
2574 4243 2821 4300 Domino
2874 4249 3007 4317 post
3057 4244 3525 4318 reprobationem
3556 4242 3697 4300 Saul

2038 4333 2088 4400 (I
2121 4336 2254 4401 Reg.
2288 4332 2400 4403 xvi)
2430 4350 2441 4399 ;
2474 4333 2731 4389 secundo
2790 4334 2848 4389 in
2910 4334 3166 4405 Hebron,
3223 4333 3398 4389 tertio
3445 4332 3505 4387 in
3534 4332 3701 4387 Jeru-

2040 4419 2243 4490 salem,
2303 4421 2539 4492 quando
2593 4424 2947 4478 constitutus
3002 4427 3093 4477 est
3153 4438 3251 4477 rex
3304 4436 3483 4493 super
3520 4420 3700 4477 Israel

2041 4511 2121 4581 (II
2149 4510 2277 4579 Reg.
2314 4527 2351 4564 ιι
2386 4514 2439 4565 et
2497 4512 2573 4579 v).
2635 4515 2702 4564 Et
2758 4515 2893 4565 ante
2944 4510 3097 4565 hanc
3153 4508 3426 4564 ultimam
3485 4511 3543 4564 et
3570 4523 3702 4581 per-

260 4579 485 4649 :‘cpleta
522 4581 598 4631 est
648 4577 987 4631 muneribus.
1042 4580 1141 4631 Est
1195 4576 1349 4631 enim
1411 4593 1629 4631 munus
1663 4594 1694 4630 a
1727 4593 1929 4644 manu,

2045 4598 2247 4654 tectam
2280 4598 2613 4653 unctionem
2650 4598 2906 4654 cantavit
2926 4599 3084 4653 hunc
3107 4597 3409 4669 psalmum
3433 4595 3699 4656 Domino.

263 4690 498 4730 munus
520 4690 554 4728 a
574 4672 795 4745 lingua,
821 4690 1039 4728 munus
1062 4674 1131 4727 ab
1154 4672 1364 4727 officio.
1388 4672 1558 4728 Tales
1581 4676 1789 4744 putant
1810 4673 1929 4745 pie-

263 4767 460 4819 tatem
482 4779 610 4818 esse
632 4768 922 4834 quaestum
944 4779 956 4829 ;
978 4761 1185 4816 nolunt
1202 4760 1525 4832 quidquam
1549 4762 1795 4833 operari,
1818 4761 1930 4816 nisi

260 4854 334 4907 ad
362 4852 603 4909 laudem
619 4852 653 4906 h
665 4868 938 4907 umanam
951 4894 963 4906 .
984 4852 1090 4922 Ego
1104 4858 1287 4905 autem
1300 4852 1579 4921 ingressus
1592 4868 1735 4920 sum,
1749 4849 1806 4904 id
1820 4855 1929 4917 est,

257 4940 381 4996 \ixi
404 4942 473 4995 in
492 4942 817 4995 innocentia
836 4956 960 4995 mea
980 4943 1325 5011 praerogata,
1351 4940 1403 4993 id
1451 4944 1539 4994 est
1561 4956 1931 5011 perseveran-

257 5032 355 5084 ter
385 5029 452 5083 in
484 5044 552 5083 ea
570 5028 685 5101 egi,
710 5046 827 5084 non
851 5028 1263 5101 perfunctorie.
1292 5028 1360 5082 Et
1379 5027 1507 5083 ideo
1529 5029 1739 5083 redime
1758 5043 1843 5082 me
1860 5029 1931 5082 ad

260 5117 803 5173 conformationem
833 5134 1035 5173 eorum
1064 5134 1077 5185 ;
1113 5116 1371 5187 quandiu
1430 5116 1586 5172 enim
1619 5116 1677 5170 in
1711 5116 1818 5171 hoc
1848 5120 1934 5170 ta-

259 5207 596 5263 bernaculo
626 5223 781 5277 sum,
815 5206 1137 5278 implicitus
1159 5222 1290 5260 sum
1318 5221 1516 5260 eorum
1543 5204 1935 5278 perplexioni-

261 5297 413 5369 luis,
448 5296 845 5352 conversando
874 5310 1006 5350 cum
1038 5293 1142 5348 eis.
1176 5294 1246 5348 Et
1266 5295 1501 5349 tandem
1522 5296 1782 5350 miserere
1802 5294 1935 5360 mei,

262 5394 327 5449 id
367 5399 484 5461 est,
518 5411 552 5450 a
582 5393 818 5448 miseria
844 5392 1021 5461 hujus
1051 5390 1180 5445 vita:
1205 5406 1297 5444 me
1319 5390 1554 5461 eripias,
1579 5390 1842 5445 faciendo
1867 5389 1938 5444 de

268 5486 951 5551 murtaliimmortalem,
982 5485 1055 5539 de
1088 5483 1355 5556 passibili
1388 5483 1836 5556 impassibilem.
1871 5484 1941 5539 Et

268 5577 467 5631 debes
500 5576 783 5642 misereri,
817 5574 957 5647 quia
976 5590 1069 5646 pes
1098 5589 1269 5640 meus,
1304 5572 1356 5627 id
1391 5578 1500 5643 est,
1550 5577 1671 5627 tota
1706 5572 1937 5643 affectio

267 5665 486 5723 cordis
516 5666 649 5739 mei,
680 5668 825 5723 stetit
856 5667 915 5721 in
971 5664 1192 5732 directo,
1247 5662 1305 5718 id
1364 5668 1473 5735 est,
1506 5667 1940 5735 perseveranter

2041 4687 2420 4760 Ungebantur
2450 4690 2643 4742 autem
2692 4686 2857 4758 prius
2918 4686 3005 4741 has
3038 4686 3167 4741 dum
3197 4702 3481 4760 personas,
3513 4704 3614 4745 rex
3642 4692 3703 4745 et

2041 4777 2313 4833 sacerdos
2338 4795 2350 4832 :
2377 4775 2433 4829 in
2467 4775 2685 4847 quibus
2715 4775 2985 4832 Christus
3015 4776 3508 4850 preeﬂgurabatur
3526 4793 3699 4835 verus

2040 4869 2159 4920 Rex
2181 4870 2239 4920 et
2260 4882 2431 4921 verus
2453 4865 2756 4930 Sacerdos,
2782 4868 2995 4921 unctus
3019 4882 3135 4921 non
3156 4864 3525 4937 corruptibili
3547 4867 3699 4931 oleo,

2042 4954 2143 5010 sed
2178 4954 2347 5026 plena
2378 4953 2565 5026 gratia
2593 4952 2845 5024 Spiritus
2869 4954 3054 5010 sancti
3083 4972 3095 5009 :
3132 4955 3323 5010 factus
3344 4952 3699 5010 immortalis

2043 5043 2181 5109 Rex,
2205 5047 2263 5097 et
2284 5042 2569 5098 assistens
2592 5041 2708 5098 Deo
2734 5042 2887 5098 Patri
2936 5060 3105 5100 verus
3153 5041 3439 5107 Pontifex,
3470 5057 3703 5114 semper

2043 5131 2427 5203 interpellans
2460 5147 2563 5203 pro
2594 5131 2763 5188 nobis
2794 5133 2988 5204 (Hebr.
3022 5134 3124 5200 vn)
3148 5150 3166 5187 :
3188 5132 3359 5203 cujus
3382 5147 3617 5204 corpus,
3640 5130 3699 5187 id

2044 5225 2133 5276 est
2161 5219 2440 5289 Ecclesia,
2469 5220 2635 5292 prius
2666 5237 2820 5275 nunc
2850 5220 3093 5292 ungitur
3139 5223 3275 5275 ante
3311 5219 3699 5292 baptismum,

2046 5314 2103 5364 et
2134 5317 2259 5382 post
2292 5309 2349 5364 in
2401 5308 2716 5380 baptisma,
2776 5308 3139 5380 praesignans
3180 5306 3343 5364 illam
3375 5307 3612 5364 tertiam
3644 5312 3704 5366 et

2045 5414 2240 5453 veram
2266 5397 2624 5460 unctionem,
2646 5412 2774 5468 quae
2812 5396 2871 5450 in
2894 5396 3084 5467 capite
3104 5413 3232 5464 suo,
3256 5396 3313 5451 id
3337 5399 3426 5452 est
3446 5395 3699 5464 Christo,

2040 5488 2165 5559 jam
2199 5485 2488 5557 completa
2534 5489 2659 5553 est;
2717 5489 2775 5539 et
2826 5484 3063 5540 tandem
3112 5485 3170 5539 in
3231 5485 3360 5556 ejus
3418 5485 3701 5543 membris

2049 5574 2438 5647 conplebitur,
2453 5591 2587 5629 cum
2602 5572 2845 5629 mortale
2860 5573 3183 5630 hocinduet
3197 5571 3698 5633 immortalitatem

2049 5667 2106 5721 et
2162 5662 2538 5737 corruptibile
2594 5662 3092 5737 incorruptionem
3136 5664 3185 5737 (Ι
3221 5660 3342 5719 Cor.
3374 5664 3509 5736 xv):
3568 5667 3697 5724 tum
