4016 6192
359 362 480 440 2τῦ

941 368 1244 445 REMIGII
1285 372 2030 443 ANTISSIODORENSIS
2074 374 2244 439 opp.
2293 376 2493 442 PARS
2536 364 2698 441 I.'—
2724 371 3192 444 EXEGETIGA.

3644 376 3787 442 276'

362 514 584 570 erimus
608 512 727 569 veri
753 529 939 587 reges.
973 514 1110 586 quia
1138 519 1277 570 tunc
1307 514 1552 587 spiritus
1598 529 1728 569 vere
1760 516 1919 585 reget
1948 516 2006 567 et
2032 512 2087 577 Α
2116 513 2186 567 Et
2216 530 2332 568 non
2364 514 2555 569 solum
2586 514 2909 584 inhabitem,
2935 516 3036 572 sed
3055 516 3230 571 etiam
3250 519 3313 571 ut
3334 513 3551 571 videam
3569 515 3769 585 volup-

364 603 767 661 dominabitur
790 604 984 660 carni:
1045 609 1102 659 et
1154 604 1272 660 veri
1313 604 1666 670 sacerdotes,
1702 604 2008 657 offerentes

362 710 470 749 nos
499 693 659 766 ipsos
690 698 803 749 Deo
843 693 1092 749 hostiam
1148 694 1360 761 vivam,
1421 697 1708 758 sanctam,
1743 693 1856 747 Deo
1888 691 2009 764 pla-

362 787 586 839 centem
647 782 819 855 (Rom.
874 782 994 853 x11).
1055 782 1157 838 Est
1213 799 1350 857 ergo
1402 782 1460 837 in
1506 781 1616 837 hoc
1646 781 1873 854 psalmo
1903 799 2009 836 vox

364 872 622 944 corporis
653 870 890 937 Christi,
922 870 1244 926 laborantis
1271 875 1325 926 et
1373 869 1614 939 orantis,
1661 870 2003 942 priusquam

356 963 623 1017 veniatur
677 962 749 1016 ad
808 960 969 1016 illam
1014 964 1290 1016 aeternam
1348 960 1704 1026 unctionem,
1735 977 1861 1031 quae
1891 977 2006 1014 non

360 1050 743 1107 sacramentis
789 1049 1189 1121 temporaliter
1247 1053 1747 1123 praemonstratur,
1814 1054 1871 1103 et
1926 1050 2008 1104 ita

357 1138 585 1213 agentis
617 1155 750 1195 cum
782 1139 899 1195 Deo
938 1155 1045 1195 suo
1074 1155 1087 1194 :

425 1266 693 1322 Dominus
721 1264 1060 1321 illuminatio
1096 1280 1237 1319 mea.
1265 1264 1383 1337 Ego
1406 1264 1549 1319 mihi
1592 1264 2004 1334 tenebraefego

355 1353 502 1410 mihi
517 1355 745 1410 caecitas
762 1379 775 1422 ;
793 1354 893 1409 sed
921 1354 1206 1409 Dominus
1220 1353 1575 1409 illuminavit
1588 1369 1679 1408 me
1693 1369 1796 1424 per
1809 1353 2002 1417 fidem,

356 1447 425 1499 ut
453 1444 675 1516 possim
709 1459 841 1499 eum
875 1442 1258 1515 contemplari
1288 1443 1383 1498 hic
1415 1458 1538 1515 spe,
1569 1443 1805 1497 tandem
1835 1440 1894 1495 in
1920 1457 2001 1495 re.

354 1533 460 1589 Hic
488 1532 649 1588 dedit
690 1531 977 1600 notitiam,
1006 1532 1086 1588 ibi
1127 1532 1290 1587 dabit
1309 1530 1856 1603 contemplationem
1889 1530 2001 1586 sui.

355 1623 423 1677 Et
449 1623 599 1677 salus
626 1637 767 1677 mea.
794 1622 909 1695 Ego
932 1621 1076 1676 mihi
1107 1638 1238 1677 sum
1278 1621 1595 1677 inﬁrmitas
1619 1625 1831 1692 praeter
1845 1636 2001 1687 eum,

356 1711 456 1767 sed
481 1710 604 1782 ipse
628 1715 717 1766 est
736 1712 886 1766 salus
904 1727 1046 1780 mea,
1072 1727 1227 1766 nunc
1248 1710 1480 1766 interim
1502 1710 1665 1764 intus
1687 1714 1743 1764 et
1764 1709 2004 1764 tandem

354 1799 515 1865 foris,
549 1816 705 1854 nunc
736 1815 804 1854 ex
833 1804 1016 1871 parte,
1057 1805 1196 1855 tunc
1242 1800 1512 1871 perfecte.
1566 1800 1635 1854 Et
1662 1799 1813 1860 ideo,
1845 1814 2004 1868 quem

2115 604 2277 657 tatem
2308 604 2543 671 Domini,
2576 604 2633 658 id
2663 610 2771 676 est,
2801 605 3078 676 impleam
3107 622 3120 660 :
3153 604 3242 661 vel
3298 605 3526 661 videam
3561 605 3766 661 faciem

2117 691 2348 747 Domini
2372 693 2515 749 facie
2536 709 2685 764 mea,
2710 693 2765 748 id
2790 698 2879 749 est
2901 694 3228 766 praesentia.
3250 693 3372 764 Vel,
3398 693 3537 766 quid
3574 695 3768 750 Domi-

2118 798 2231 837 nus
2252 781 2434 837 voluit
2450 799 2552 854 per
2571 783 2679 838 hoc
2703 784 2857 854 quod
2884 800 2973 838 me
2995 782 3395 838 illuminavit?
3434 789 3494 838 et
3533 784 3677 855 quid
3711 784 3767 838 in

2118 872 2502 926 sacramentis
2515 870 3335 945 ecclesiasticistemporaliter
3351 873 3773 946 praetiguravit?

2115 971 2180 1024 Et
2210 970 2444 1036 visitem,
2469 970 2524 1024 id
2548 974 2637 1025 est
2660 974 2935 1042 perpetuo
2958 970 3214 1038 videam,
3239 969 3507 1042 templum
3543 974 3693 1042 ejus,
3711 971 3769 1026 id

2116 1062 2225 1123 est,
2248 1058 2542 1113 Christum
2558 1058 2683 1129 jam
2704 1062 2947 1113 unctum
2966 1059 3223 1130 perfecta
3236 1059 3770 1130 unctionejamim-

2117 1146 2422 1202 mortalem
2446 1147 2687 1212 factum,
2714 1149 2773 1201 in
2800 1164 2913 1219 quo
2938 1146 3095 1202 velut
3117 1147 3175 1202 in
3217 1148 3470 1203 sacrario
3494 1147 3769 1204 inhabitat

2115 1237 2293 1292 omnis
2319 1236 2602 1308 plenitudo
2624 1236 2935 1291 divinitatis
2961 1237 3326 1309 corporaliter
3355 1238 3509 1308 (σοιμ
3527 1238 3613 1309 n).
3648 1239 3765 1311 Ego

2106 1324 2231 1395 jam
2252 1325 2439 1380 factus
2456 1325 2677 1397 templu
2690 1342 2742 1379 m
2758 1326 2806 1395 ej
2820 1343 2905 1397 us,
2922 1326 2979 1381 id
2995 1330 3103 1390 est,
3120 1326 3521 1397 conﬁguratus
3538 1327 3765 1399 corpori

2115 1413 2400 1470 claritatis
2437 1416 2721 1485 ejus,jam
2739 1414 2929 1470 factus
2943 1431 3144 1470 verum
3159 1432 3371 1487 corpus
3383 1416 3535 1486 ejus.
3550 1415 3732 1472 Aliter
3747 1434 3760 1471 :

2116 1504 2244 1558 Haec
2293 1508 2381 1559 est
2429 1503 2527 1559 illa
2574 1521 2711 1568 una,
2739 1512 2801 1559 ut
2828 1503 3128 1559 inhabilem
3149 1506 3209 1558 in
3238 1503 3625 1559 domoDomini
3650 1521 3761 1559 om-

2112 1593 2276 1648 nibus
2290 1593 2483 1649 diebus
2500 1595 2621 1649 vitae
2640 1609 2797 1661 meae,
2816 1593 2874 1648 id
2892 1596 3000 1662 est,
3022 1596 3087 1647 ut
3107 1593 3166 1647 in
3186 1596 3309 1648 tota
3326 1592 3436 1649 hac
3451 1593 3572 1647 vita
3594 1593 3761 1648 nulla:

2112 1682 2522 1737 tribulationes
2560 1687 2618 1736 et
2648 1681 2821 1737 nullae
2852 1682 3230 1737 adversitates
3273 1681 3543 1737 auferant
3572 1699 3667 1737 me
3696 1683 3767 1739 de

2113 1787 2356 1827 numero
2385 1770 2617 1827 illorum
2650 1770 2750 1843 qui
2792 1774 2993 1826 tenent
3041 1769 3328 1825 unitatem
3377 1775 3436 1825 et
3462 1771 3766 1827 veritatem

353 1858 551 1945 timebo
573 1888 601 1942 εξ
621 1888 761 1955 Quis
782 1858 1149 1961 pdterit'eum
1174 1858 1319 1944 mihi
1342 1888 1608 1944 auferre?
1623 1858 2005 1942 Nullus.‘ldeo
2035 1888 2082 1952 Β
2116 1859 2246 1961 fidei
2269 1860 2513 1961 Cﬁristi.‘
2526 1861 2590 1917 Et
2614 1865 2745 1961 post
2763 1860 2999 1961 siluam,
3020 1859 3077 1913 id
3100 1864 3195 1961 est
3206 1858 3562 1961 intelligam,
3582 1861 3769 1961 volup-

352 1994 595 2034 securus
608 1978 1186 2050 sum,quia‘Domi~nus
1199 1982 1468 2048 protector
1500 1979 1633 2033 vita?
1660 1991 1815 2044 metr,
1836 1993 1869 2029 a
1896 1991 2000 2046 quo

353 2068 639 2139 trepidabo
654 2068 684 2123 Ἰ
707 2068 881 2134 Quasi
899 2067 1088 2122 dicat:
1110 2066 1271 2122 intus
1291 2083 1405 2122 non
1429 2066 1624 2122 timebo
1646 2082 1717 2120 ne
1739 2065 1998 2131 devocer,

353 2157 494 2229 quia
537 2158 802 2213 Dominus
847 2161 929 2212 est
973 2157 1313 2212 illuminatio
1352 2172 1493 2211 mea.
1542 2156 1659 2210 Nec
1689 2153 1999 2209 exteriores

350 2244 551 2302 hostes
576 2247 796 2316 timebo,
829 2246 968 2318 quia
989 2247 1251 2302 Dominus
1281 2248 1359 2300 est
1384 2247 1656 2316 protector
1684 2245 1808 2298 vitae
1827 2258 1960 2297 meae
1980 2259 1999 2296 :

351 2336 604 2408 protegit
619 2334 882 2392 mortalis
904 2334 1232 2401 mortalem,
1255 2338 1311 2390 et
1336 2339 1424 2390 est
1443 2350 1687 2390 securus
1712 2351 1725 2400 ;
1750 2330 2002 2404 protegit

353 2440 446 2479 me
475 2414 782 2480 mortalem
817 2423 1190 2491 Immortalis,
1245 2442 1278 2479 a
1307 2440 1410 2495 quo
1448 2423 1766 2495 trepidabo?
1795 2420 2001 2492 Trepi-

352 2511 530 2577 datio,
553 2512 810 2583 corporis
832 2516 920 2568 est
944 2530 956 2569 :
981 2513 1178 2568 nullus
1198 2513 1365 2568 locus
1382 2511 1618 2568 relictus
1640 2516 1729 2585 est
1744 2510 1998 2582 trepida-

352 2598 519 2655 tioni.
545 2600 700 2664 Ideo,
722 2601 783 2654 in
805 2617 976 2656 carne
997 2618 1113 2655 non
1136 2601 1438 2672 trepidabo,
1459 2600 1599 2671 quia
1626 2600 1756 2654 dum
1787 2615 1998 2670 appro-

353 2687 644 2761 pinquant
662 2704 920 2760 superme
929 2692 1196 2755 nocentes,
1214 2689 1346 2743 facti
1363 2689 1694 2759 superiores
1708 2704 1799 2743 me
1811 2702 2002 2758 quan-

346 2780 477 2832 tum
501 2777 573 2833 ad
596 2776 869 2843 exterius,
894 2777 983 2832 vel
999 2777 1071 2832 ad
1095 2776 1201 2832 hoc
1226 2781 1291 2831 ut
1316 2776 1462 2831 mihi
1492 2776 1861 2848 praevaleant,
1884 2791 2000 2830 non

348 2865 494 2922 mihi
514 2865 851 2939 praevalent,
876 2882 990 2921 non
1016 2865 1159 2921 mihi
1181 2869 1413 2931 nocent,
1433 2864 1571 2938 quia
1587 2865 1658 2920 ad
1680 2865 1790 2920 hoc
1810 2881 2003 2936 appro-

348 2958 532 3027 piant,
563 2961 625 3012 ut
645 2956 810 3013 edant
837 2972 1030 3012 carnes
1055 2972 1224 3021 meas,
1257 2955 1315 3010 id
1349 2959 1455 3025 est,
1483 2959 1549 3009 ut
1578 2953 1842 3010 carnales
1864 2954 2000 3010 affe-

353 3050 482 3102 ctus
503 3046 565 3101 in'
586 3061 679 3101 me
699 3046 1098 3112 absumant,et
1110 3061 1204 3100 me
1217 3048 1282 3100 ut
1297 3061 1508 3099 aurum
1523 3043 1786 3116 probent,
1803 3043 2000 3099 etideo

354 3150 469 3190 non
494 3135 792 3206 trepidabo.
814 3136 931 3207 Qui
948 3134 1217 3189 tribulam
1236 3150 1322 3189 me
1334 3136 1551 3189 inimici
1570 3133 1696 3204 mei,
1712 3136 1999 3204 quantum

354 3224 426 3279 ad
447 3224 721 3291 exterius,
746 3225 855 3296 ipsi
874 3224 1152 3294 inﬁrmati
1169 3227 1315 3290 sunt,
1344 3240 1457 3278 non
1500 3222 1760 3278 valentes
1784 3237 1878 3277 me
1900 3222 1996 3277 de-
2030 3255 2073 3322 ρ

353 3328 579 3369 vocare.
603 3315 668 3369 Et
687 3312 1018 3382 ceciderunt,
1040 3312 1285 3368 interius
1308 3312 1570 3367 damnati
1601 3311 1855 3366 caecitate
1879 3327 1997 3365 cor-

355 3392 464 3458 dis.
502 3402 564 3459 Si
588 3403 745 3458 enim
777 3403 940 3474 prius
969 3402 1133 3457 intus
1164 3402 1442 3457 infirmati
1483 3400 1852 3467 cecidissent,
1885 3416 1999 3455 non

354 3488 655 3561 tantopere
675 3490 747 3544 ad
767 3488 1172 3544 tribulandum
1188 3504 1280 3543 me
1291 3503 1527 3558 operam
1541 3488 1767 3543 darent.
1789 3487 1855 3541 Et
1872 3486 1999 3541 ideo

353 3577 496 3648 quia
523 3576 637 3649 ipsi
666 3578 1063 3644 inﬁrmantur,
1096 3593 1211 3632 non
1243 3592 1386 3648 ego:
1428 3575 1514 3631 vel
1548 3575 1685 3647 quia
1720 3575 2001 3630 Dominus

349 3669 439 3721 est
467 3665 704 3739 clypeus
731 3682 918 3732 meus,
948 3668 1001 3721 si
1024 3668 1321 3721 consistant
1348 3664 1637 3720 adversum
1686 3681 1772 3718 me
1793 3667 1997 3731 castra,

344 3746 692 3812 non'timebit
718 3772 810 3813 cor
829 3772 1028 3820 meum,
1069 3755 1128 3809 id
1160 3759 1272 3823 est,
1304 3754 1352 3808 si
1383 3752 1628 3808 consilia
1656 3752 1995 3823 impiorum,

344 3844 433 3900 vel
447 3847 792 3918 conspirans
805 3842 1323 3900 contradicentium
1340 3840 1999 3911 multitudo(utrumque

344 3932 493 3989 solet
517 3951 646 3989 esse
666 3934 726 3988 in
746 3933 974 4004 castris)
994 3934 1299 3990 consistant
1320 3947 1435 3985 non
1471 3945 1723 3995 mecum,
1769 3929 1870 3984 sed
1892 3929 1994 3984 ad-

344 4037 565 4076 versum
582 4037 689 4089 me,
711 4037 822 4078 non
844 4023 1055 4077 timebit
1074 4037 1168 4076 cor
1189 4035 1394 4086 meum,
1416 4017 1997 4073 etiamsitimeatcor-

344 4125 458 4181 pus
483 4126 678 4164 meum
705 4126 718 4166 :
743 4109 945 4165 Fidelis
968 4112 1123 4175 Deus,
1143 4110 1240 4181 qui
1261 4125 1367 4164 non
1399 4109 1647 4179 patietur
1682 4122 1773 4161 vos
1790 4109 1996 4163 tentari

343 4214 516 4267 supra
537 4198 593 4253 id
614 4199 753 4270 quod
797 4199 1019 4270 potestis
1045 4198 1091 4269 (ι
1121 4197 1240 4252 Cor.
1276 4198 1354 4268 x).
1385 4195 1621 4252 Etiamsi
1654 4197 1704 4250 si
1732 4205 1996 4267 exsurgat

344 4288 644 4344 adversum
661 4303 749 4343 me
770 4287 1057 4360 praelium,
1079 4285 1137 4341 id
1164 4290 1253 4341 est
1278 4284 1624 4357 gravissima
1644 4285 1989 4356 persecutio,

344 4378 406 4433 in
434 4377 645 4449 hocego
668 4377 914 4449 sperabo,
956 4375 1013 4431 id
1043 4379 1150 4444 est,
1184 4374 1378 4446 ipsum
1410 4372 1673 4446 praelium
1706 4373 1816 4429 erit
1845 4374 1991 4429 mihi

342 4484 506 4540 spes:
540 4467 626 4524 vel
652 4466 713 4522 in
745 4466 853 4523 hoc
884 4466 1040 4538 quod
1099 4464 1384 4537 sequitur,
1447 4466 1634 4535 potest
1681 4463 1776 4519 hic
1804 4464 1988 4520 notari

342 4555 669 4612 similitudo
693 4556 764 4610 de
785 4554 1004 4627 aliquo,
1028 4553 1126 4626 qui
1152 4552 1449 4608 invaderet
1466 4556 1681 4607 terram
1705 4551 1985 4622 alicujus:

2112 1952 2275 2004 tatem
2307 1950 2424 2019 Dei,
2459 1949 2518 2004 id
2549 1954 2657 2016 est,
2690 1949 2957 2005 intersim
2992 1947 3252 2004 consiliis
3282 1949 3534 2016 Domini,
3565 1949 3655 2004 vel
3676 1967 3765 2006 vo-

2111 2037 2395 2108 luptatem,
2431 2038 2488 2092 id
2520 2041 2627 2105 est,
2658 2036 3031 2093 dilectionem
3067 2037 3185 2092 Dei.
3220 2039 3283 2092 Et
3308 2038 3544 2108 visitem,
3570 2038 3629 2092 id
3651 2044 3763 2106 est,

2109 2136 2443 2207 frequenter
2462 2136 2687 2192 videam
2712 2152 2724 2191 :
2751 2136 3019 2207 templum
3036 2137 3174 2207 ejus,
3199 2135 3257 2190 id
3283 2141 3392 2200 est,
3416 2134 3613 2191 locum
3635 2154 3764 2193 san-

2109 2229 2294 2290 ctum,
2317 2224 2485 2280 illum
2508 2241 2681 2298 quem
2714 2225 2840 2296 ipse
2874 2225 3224 2297 frequentat.
3261 2225 3489 2281 Dictum
3521 2225 3632 2281 hoc
3663 2242 3761 2299 per

2109 2313 2577 2369 similitudinem.
2599 2317 2873 2386 Magnum
2895 2314 3052 2369 enim
3075 2314 3304 2370 videtur
3324 2313 3384 2368 in
3399 2315 3571 2370 domo
3586 2314 3763 2371 alicu-

2098 2404 2202 2474 jus
2232 2403 2503 2475 potentis,
2537 2404 2821 2460 interesse
2851 2403 3114 2459 consiliis
3139 2403 3287 2474 ejus.
3321 2404 3391 2458 Et
3422 2420 3644 2471 revera,
3678 2405 3761 2460 in-

2109 2492 2406 2563 habitabo,
2441 2492 2580 2566 quia
2607 2497 2829 2548 certum
2852 2495 3065 2565 pignus
3096 2492 3235 2547 inde
3264 2492 3478 2561 habeo,
3498 2496 3759 2566 quoniam

2108 2582 2390 2639 abscondit
2415 2600 2502 2638 me
2533 2585 2591 2638 in
2621 2583 2972 2638 tabernaculo
3017 2598 3133 2648 suo,
3180 2581 3239 2636 id
3289 2586 3401 2649 est,
3443 2583 3759 2640 abscondi-

2109 2674 2227 2725 tam
2278 2671 2534 2727 inimicis
2579 2670 2937 2744 incognitam
2988 2671 3187 2742 posuit
3229 2670 3411 2726 vitam
3463 2688 3659 2728 meam
3704 2676 3762 2729 in

2110 2761 2460 2815 tabernaculo
2489 2776 2609 2827 suo,
2642 2760 2699 2815 id
2729 2766 2818 2816 est
2837 2760 2897 2814 in
2916 2758 3302 2815 sacramentis
3324 2759 3759 2831 ecclesiasticis,

2110 2846 2169 2902 in
2202 2849 2417 2919 quibus
2449 2848 2671 2904 malitia
2727 2866 2835 2905 sua
2890 2852 3208 2904 exercetur.
3242 2853 3309 2905 In
3339 2851 3433 2905 die
3463 2853 3760 2920 malorum,

2110 2936 2166 2991 id
2193 2940 2300 3003 est,
2324 2937 2384 2991 in
2406 2941 2667 3009 tempore
2688 2936 3088 2993 tribulationis
3113 2954 3125 2991 :
3150 2936 3237 2992 vel
3266 2938 3322 2992 in
3351 2938 3611 2996 Ecclesia
3633 2958 3762 3006 sua,

2110 3023 2169 3078 in
2211 3041 2326 3095 qua
2356 3030 2444 3080 est
2469 3025 2682 3081 militia
2710 3025 3080 3095 Christiana,
3116 3025 3387 3081 abscondit
3411 3043 3518 3097 me,
3554 3028 3610 3082 id
3647 3034 3763 3098 est,

2108 3116 2334 3169 tutatus
2363 3118 2454 3169 est
2484 3130 2598 3182 me,
2630 3114 2990 3186 segregando
3024 3131 3058 3170 a
3088 3113 3496 3187 peccatoribus.
3533 3119 3603 3169 Et
3637 3134 3760 3172 non

2111 3199 2301 3257 solum
2334 3202 2660 3268 abscondit,
2694 3204 2795 3258 sed
2829 3207 2893 3257 ut
2921 3202 3112 3258 bonus
3159 3202 3461 3274 imperator
3501 3206 3757 3273 protexit

2109 3306 2197 3345 me
2226 3292 2298 3346 ab
2328 3291 2547 3363 impetu
2580 3290 2973 3347 inimicorum.
3025 3292 3148 3356 Vel,
3182 3294 3241 3347 in
3275 3292 3617 3347 tabernaculo
3645 3308 3750 3349 suo

2104 3379 2407 3446 abscondit,
2432 3380 2487 3436 id
2513 3384 2620 3447 est,
2645 3380 2778 3435 fecit
2800 3397 2892 3436 me
2913 3396 3126 3453 corpus
3161 3380 3394 3449 Christi,
3431 3379 3531 3452 qui
3552 3385 3643 3437 est
3664 3389 3755 3436 ta-

2110 3468 2492 3525 bernaculum
2511 3468 2828 3524 divinitatis
2849 3486 2989 3525 sum.
3014 3470 3075 3525 In
3086 3470 3405 3525 abscondito
3417 3469 3761 3526 tabernaculi

2106 3558 2214 3627 sui,
2238 3558 2294 3613 id
2318 3564 2425 3629 est,
2452 3560 2509 3614 in
2541 3557 2767 3614 Christo
2798 3558 2897 3629 qui
2931 3557 3108 3629 hujus
3130 3558 3493 3614 tabernaculi
3517 3557 3761 3616 abscon-

2108 3645 2294 3701 ditum
2318 3652 2424 3714 est,
2450 3649 2588 3720 quia
2607 3652 2810 3719 raptus
2832 3648 2891 3702 in
2915 3648 3147 3712 ccelum,
3169 3646 3254 3704 vel
3280 3648 3421 3719 quia
3443 3648 3670 3704 occulte
3691 3648 3758 3704 in

2107 3736 2489 3791 sacramentis
2503 3735 2910 3791 ecclesiasticis
2923 3735 3289 3809 intelligitur.
3307 3736 3426 3793 Hoc
3440 3738 3613 3793 modo
3627 3738 3757 3794 abs-

2107 3824 2303 3879 condit
2323 3840 2430 3878 nos
2453 3825 2510 3878 in
2534 3823 2783 3893 Christo,
2808 3825 2948 3896 quia
2968 3829 3237 3880 naturam
3260 3831 3521 3881 nostram
3555 3843 3754 3882 secum

2105 3912 2166 3967 in
2188 3913 2397 3968 coelum
2421 3913 2763 3985 assumpsit.
2789 3913 2858 3968 Et
2877 3914 2973 3968 ubi
2997 3918 3190 3985 caput,
3216 3912 3358 3968 illuc
3382 3919 3439 3969 et
3466 3915 3753 3973 membra.

2103 4009 2279 4065 Juxta
2299 4009 2441 4065 illud
2466 4009 2725 4089 Apostoli
2748 4027 2760 4065 :
2787 4012 2998 4066 Mortui
3023 4012 3170 4066 enim
3188 4013 3342 4079 estis,
3363 4013 3413 4067 et
3438 4014 3556 4067 vita
3580 4020 3758 4069 vestra

2101 4098 2417 4154 abscondita
2448 4103 2523 4154 est
2551 4115 2673 4153 cum
2705 4100 2912 4155 Christo
2945 4101 3006 4155 in
3063 4100 3167 4156 Deo
3211 4099 3347 4171 (Col.
3392 4105 3499 4170 in).
3533 4102 3604 4156 Et
3636 4100 3755 4157 hazc

2103 4204 2236 4259 spes
2267 4204 2481 4260 magna
2520 4187 2689 4243 nobis
2744 4188 3024 4259 protectio
3080 4193 3169 4244 est
3226 4193 3428 4244 contra
3467 4190 3751 4245 saevitiam

2102 4275 2495 4332 inimicorum.
2526 4276 2687 4332 Sicut
2714 4276 2842 4349 ipse
2881 4276 3186 4332 nobiscum
3242 4278 3518 4334 deorsum
3553 4278 3664 4334 fuit
3693 4280 3751 4335 in

2100 4365 2361 4421 humana
2382 4372 2610 4437 natura,
2636 4383 2759 4438 quae
2782 4366 2951 4421 nobis
2973 4366 3316 4421 abscondita
3337 4370 3449 4433 est,
3472 4367 3554 4422 ita
3570 4373 3627 4423 et
3645 4385 3751 4424 nos

2099 4454 2320 4509 erimus
2351 4471 2484 4509 cum
2517 4453 2615 4509 illo
2645 4472 2902 4511 sursum.
2935 4454 3036 4510 Vel
3064 4457 3301 4526 protexit
3329 4456 3503 4510 τηεἰή
3530 4456 3752 4512 abscon-

2099 4544 2218 4601 dito
2250 4544 2592 4599 tabernaculi
2644 4546 2752 4611 sui,
2812 4544 2869 4599 id
2928 4549 3035 4610 est,
3092 4545 3150 4598 in
3181 4544 3353 4599 corde
3383 4545 3645 4600 credenti
3677 4547 3748 4601 ad

341 4644 865 4719 postxinvasionem
882 4623 1139 4716 poneret
1168 4646 1379 4707 castra,
1424 4644 1558 4712 post
1585 4639 1774 4696 locata
1802 4644 1994 4696 castra
2024 4623 2069 4686 D
2092 4632 2386 4703 justitiam
2415 4651 2427 4688 :
2453 4633 2596 4688 adeo
2621 4650 2711 4688 me
2732 4638 3101 4688 constantem
3131 4633 3342 4689 fecitin
3369 4634 3501 4700 ﬁde,
3521 4633 3749 4690 utnihil

337 4732 637 4789 invaderet
654 4749 788 4788 eum
810 4732 1157 4805 gravissimo
1179 4729 1394 4803 praelio.
1416 4729 1517 4784 Ille
1533 4732 1674 4784 tunc
1690 4729 1988 4785 conﬁdens

333 4821 395 4878 in
428 4819 626 4892 aliquo
658 4824 911 4894 potente,
956 4820 1105 4875 nihil
1152 4821 1224 4876 de
1282 4835 1343 4875 se
1404 4822 1652 4874 curaret.
1711 4818 1842 4874 Ideo
1870 4836 1985 4874 non

331 4910 574 4977 timebo,
598 4914 654 4967 et
694 4911 755 4965 in
780 4908 878 4965 hoc
897 4910 1145 4981 sperabo,
1170 4909 1311 4980 quia
1332 4906 1474 4962 illud
1501 4911 1630 4978 peto
1648 4907 1801 4978 quod
1841 4907 1985 4962 mihi

333 5000 547 5056 auferri
576 5016 690 5055 non
714 5002 924 5072 potest.
956 4998 1128 5055 Unam
1145 4999 1288 5069 petii
1308 4997 1616 5053 a'Domino
1640 5012 1662 5049 :
1694 5012 1865 5052 unam
1885 5014 1983 5069 pe-

332 5088 626 5156 titionem,
658 5104 774 5144 non
807 5086 1028 5143 multas
1055 5103 1068 5153 ;
1100 5086 1206 5152 vel,
1240 5102 1412 5139 unam
1444 5100 1565 5140 rem
1600 5101 1725 5156 quae
1757 5102 1987 5158 semper

332 5194 451 5233 una
463 5182 574 5244 est,
587 5192 891 5249 nunquam
907 5175 1167 5230 variatur
1181 5191 1194 5228 :
1210 5173 1352 5228 hanc
1364 5174 1641 5244 requiram
1654 5162 1951 5230 irremisse
1967 5190 1980 5231 :

332 5265 456 5322 haec
484 5260 573 5323 est
599 5266 700 5321 illa
732 5283 869 5335 una,
901 5273 961 5321 ut
992 5264 1293 5320 inhabilem
1323 5264 1384 5317 in
1424 5262 1580 5317 domo
1612 5264 1831 5318 Domini
1858 5281 1982 5318 om-

332 5355 492 5411 nibus
520 5354 715 5410 diebus
738 5356 868 5411 vitae
887 5369 1021 5410 mete
1043 5372 1061 5409 :
1084 5356 1148 5409 ut
1180 5352 1278 5425 qui
1315 5351 1485 5407 modo
1508 5366 1641 5405 sum
1663 5350 1720 5405 in
1745 5351 1901 5406 luctu
1927 5357 1983 5407 et

330 5442 394 5499 in
424 5441 824 5509 tabernaculo,
851 5443 1087 5498 tandem
1119 5441 1442 5497 inbabitem
1474 5438 1533 5494 in
1562 5439 1718 5495 domo
1740 5441 1978 5508 Domini,

330 5531 388 5586 id
411 5537 520 5599 est,
544 5530 763 5588 caelesti
785 5530 1164 5595 beatitudine,
1190 5531 1247 5584 in
1272 5545 1388 5602 qua
1409 5532 1498 5583 est
1535 5528 1764 5600 requies
1785 5534 1841 5584 et
1872 5546 1981 5601 pax

330 5634 463 5675 vera
486 5624 768 5693 tanquam
791 5619 850 5676 in
875 5620 1069 5676 domo.
1095 5619 1353 5674 Omnibus
1384 5618 1574 5674 diebus
1600 5622 1721 5674 vitae
1741 5635 1897 5687 meas,
1920 5619 1976 5674 id

328 5709 419 5765 est
438 5708 498 5764 in
519 5708 619 5764 illa
635 5708 976 5775 aeternitate,
1002 5724 1130 5778 quae
1152 5711 1208 5762 et
1228 5712 1395 5761 nocte
1421 5705 1642 5762 carebit
1685 5712 1740 5762 et
1770 5712 1975 5763 morte.

2099 4737 2362 4776 curarem
2380 4721 2451 4777 de
2473 4723 2801 4778 tormentis.
2828 4722 2991 4788 Quod
3013 4726 3102 4778 est
3124 4721 3265 4777 illud
3291 4721 3705 4778 absconditum
3721 4721 3750 4777 Τ

2094 4823 2279 4875 Petra.
2315 4818 2477 4875 Unde
2526 4820 2878 4892 Apostolus:
2909 4820 3076 4874 Petra
3124 4824 3305 4874 autem
3353 4827 3470 4875 erat
3496 4820 3749 4878 Christus

2096 4908 2142 4972 (I
2173 4906 2293 4963 Cor.
2325 4908 2403 4980 x).
2426 4909 2491 4964 In
2521 4907 2622 4964 illa
2648 4912 2807 4980 petra
2844 4910 3111 4963 exultavit
3141 4924 3224 4963 me
3253 4923 3357 4979 per
3385 4925 3575 4980 spem,
3607 4910 3748 4982 quia

2094 5011 2228 5051 cum
2262 4997 2375 5051 sim
2408 4996 2739 5052 membrum
2773 4995 3032 5067 corporis
3062 4997 3213 5067 ejus,
3247 4995 3346 5051 ubi
3370 4996 3495 5069 ipse
3527 5001 3638 5062 est,
3664 4997 3743 5053 ibi

2094 5085 2446 5156 quandoque
2477 5101 2573 5138 ero
2607 5090 2663 5138 et
2693 5099 2818 5156 ego.
2853 5085 2919 5139 Et
2956 5100 3070 5139 non
3103 5084 3296 5140 solum
3329 5101 3433 5157 per
3462 5101 3628 5157 spem
3653 5102 3744 5142 me

2091 5172 2365 5228 exaltavit
2398 5174 2457 5227 in
2482 5177 2661 5243 petra,
2687 5173 2787 5228 sed
2811 5172 2984 5228 etiam
3025 5190 3174 5227 nunc
3198 5172 3351 5229 inter
3370 5173 3569 5230 hostes
3588 5177 3742 5231 exal-

2091 5261 2228 5317 tavit
2244 5267 2406 5332 caput
2428 5276 2608 5315 meum
2631 5276 2792 5332 super
2814 5263 3070 5317 inimicos
3090 5278 3233 5317 meos
3253 5279 3273 5323 ,·
3296 5267 3360 5317 ut
3398 5280 3741 5335 quanquam

2090 5348 2172 5403 illi
2198 5349 2318 5404 sint
2342 5348 2672 5421 superiores
2697 5348 2756 5404 in
2777 5367 2950 5405 carne
2993 5367 3140 5422 mea,
3166 5368 3272 5423 ego
3294 5356 3433 5407 tunc
3456 5351 3572 5408 illis
3595 5370 3743 5425 prte-

2088 5437 2315 5493 valeam
2343 5438 2401 5494 in
2432 5442 2622 5493 mente
2646 5453 2794 5494 mea.
2847 5438 2941 5493 Vel
2977 5441 3035 5494 in
3078 5449 3238 5510 petra
3263 5440 3531 5497 exaltabit
3551 5457 3661 5509 me,
3682 5442 3741 5497 id

2089 5532 2197 5596 est,
2232 5528 2290 5582 in
2331 5527 2600 5583 Christo:
2634 5532 2690 5584 et
2746 5527 2854 5583 hoc
2907 5529 3081 5583 modo
3137 5530 3423 5598 exaltabit,
3460 5531 3560 5602 qui
3591 5546 3743 5586 nunc

2088 5618 2354 5673 exultavit
2374 5627 2538 5690 caput
2556 5634 2754 5685 meum,
2781 5617 2835 5672 id
2857 5621 2945 5672 est
2963 5618 3257 5674 Christum
3272 5664 3285 5686 ,
3305 5636 3471 5691 super
3486 5620 3739 5676 inimicos

2086 5721 2228 5763 meos
2250 5708 2464 5763 factum
2497 5706 2857 5778 superiorem
2889 5706 3163 5763 omnibus
3212 5706 3468 5766 inimicis
3497 5709 3646 5779 suis,
3679 5709 3739 5765 in
