4016 6192
301 338 415 405 ΞΒΙ

1422 334 2030 407 ENARRATIONES
2076 334 2154 399 IN
2197 332 2582 402 PSALMOS.

302 476 358 530 et
386 488 503 529 non
535 472 995 531 secundumhoc
1028 475 1183 547 quod
1216 479 1275 530 tu
1309 481 1582 547 operatus
1615 492 1695 531 es.
1747 474 1807 529 Si
1839 491 1938 528 au-
1970 472 2023 537 Α
2044 477 2219 546 jutor,
2251 478 2312 528 tu
2342 474 2872 544 protector,salvum
2899 475 2990 546 fac
3013 471 3288 546 peputum
3315 478 3493 541 tuum,
3516 475 3575 531 id
3600 480 3709 534 est,

304 568 419 619 tem
454 564 526 618 de
556 564 775 619 Judaeis
808 565 1277 635 persecutoribus
1309 565 1545 627 Christi,
1579 567 1698 620 ita:
1735 565 1951 619 Secun-

304 653 444 708 dum
480 652 581 707 illa
609 670 920 726 operaquze
952 655 1094 709 adeo
1113 655 1348 709 fuerunt
1370 655 1629 710 crudelia
1652 661 1708 709 et
1733 654 1955 709 nefaria

307 750 367 806 in
393 768 484 805 me
510 758 574 805 ut
595 768 725 807 vere
739 754 967 823 possint
989 758 1224 824 propter
1240 753 1638 809 excellentiam
1657 752 1770 807 dici
1791 769 1957 822 opera

303 857 573 896 manuum
603 856 812 908 eorum,
869 842 923 895 id
955 846 1062 906 est,
1099 844 1355 914 propria,
1406 844 1587 897 tribue
1618 843 1749 898 illis.
1780 841 1956 905 Quasi

307 930 463 985 dicat
496 946 508 983 :
565 930 669 993 Qui
706 930 1165 985 misericordiam
1213 932 1466 1003 recipere
1499 931 1835 1001 noluerunt,
1868 930 1955 984 di-

302 1034 487 1090 gnum
520 1030 609 1072 est
638 1025 703 1072 ut
732 1018 987 1073 sentiant
1008 1020 1322 1090 judicium,
1352 1021 1554 1087 ethoc,
1591 1038 1703 1075 non
1726 1038 1795 1074 ex
1825 1036 1955 1074 cru-

303 1105 561 1175 delitate,
595 1108 695 1162 sed
729 1108 1051 1177 exjustitia
1079 1127 1091 1164 :
1146 1109 1298 1163 mala
1329 1126 1429 1181 pro
1488 1109 1655 1164 bonis
1688 1108 1954 1163 reddide-

303 1201 463 1265 runt,
498 1196 653 1251 mala
677 1196 971 1251 inveniant
992 1197 1049 1251 in
1074 1198 1337 1268 praemio:
1360 1198 1521 1253 redde
1546 1199 1958 1253 retributionem

304 1302 495 1342 eorum
517 1287 671 1356 ipsis,
692 1286 746 1339 id
768 1290 874 1353 cst,
898 1286 1035 1357 quia
1056 1304 1157 1357 pro
1179 1288 1417 1342 veritate
1446 1305 1620 1359 quam
1645 1288 1958 1342 audierunt

303 1375 617 1430 voluerunt
647 1374 935 1429 fallaciam
968 1376 1304 1443 retribuere,
1340 1376 1567 1431 fallacia
1590 1378 1849 1448 ipsorum
1869 1377 1955 1447 ip-

304 1481 403 1520 sos
433 1463 615 1518 fallat.
640 1468 705 1517 Et
726 1463 952 1529 merito,
975 1466 1233 1536 quoniam
1254 1482 1363 1520 non
1382 1467 1772 1521 intellexerunt
1790 1482 1959 1537 opera

306 1554 544 1619 Domini,
566 1553 755 1608 Patris
768 1552 1098 1625 scilicetqui
1122 1555 1440 1626 perFilium
1467 1554 1715 1610 salutem
1739 1555 1958 1609 mundo

303 1642 529 1713 operari
561 1641 833 1711 instituit,
855 1658 963 1697 non
985 1644 1374 1699 intellexerunt
1392 1645 1451 1698 id
1478 1651 1586 1711 est,
1614 1662 1727 1701 non
1749 1644 1960 1701 intelli-

297 1736 504 1803 genter
534 1732 745 1785 ierunt.
774 1732 858 1801 Et,
882 1748 990 1787 non
1024 1734 1487 1788 intellexeruntin
1507 1751 1669 1805 opera
1690 1751 1958 1789 manuum

2064 563 2291 616 custodi
2324 564 2380 617 in
2405 563 2734 620 innocentia
2753 567 3038 637 populum,
3059 582 3233 636 quem
3258 569 3318 619 tu
3344 564 3529 619 fecisti
3555 570 3713 622 tuum

2068 668 2166 721 per
2196 651 2444 722 gratiam
2478 658 2657 709 tuam.
2686 657 2749 709 Et
2795 656 3031 723 benedic,
3058 655 3113 709 id
3138 660 3246 719 est,
3279 654 3706 710 inerementum

2064 740 2344 796 virtutum
2378 742 2450 796 da
2480 743 2791 799 hazreditati
2821 745 3011 811 ευθεήά
3043 748 3149 816 est,
3175 744 3294 799 illis
3325 760 3472 815 quos
3496 744 3708 799 dedisti

2066 830 2209 884 mihi
2240 831 2298 885 in
2331 830 2765 889 heereditatem:
2799 835 2869 889 de
2902 834 3118 905 quibus
3151 834 3381 890 dixisti:
3428 834 3651 889 Postula
3680 852 3715 888 a

2064 936 2169 985 me,
2202 922 2253 974 ei
2280 920 2415 975 dabo
2436 922 2537 975 tibi
2570 932 2752 992 gentes
2776 924 3147 979 haereditatem
3178 928 3326 979 tuam
3347 924 3513 995 (Psal.
3540 925 3623 995 ιι).
3648 926 3712 980 Et

2066 1025 2192 1077 rege
2222 1026 2327 1077 eos,
2362 1010 2417 1063 id
2449 1015 2557 1075 est,
2589 1011 2772 1083 dirige
2798 1013 2856 1067 in
2890 1014 3185 1068 mandatis
3208 1015 3343 1081 tuis,
3377 1018 3432 1069 et
3463 1013 3715 1085 regendo

2065 1100 2262 1153 extolle
2281 1116 2385 1163 eos,
2422 1100 2475 1154 id
2535 1106 2643 1171 est,
2676 1102 3024 1173 magnifica:
3077 1120 3334 1158 crescere
3382 1104 3469 1158 fac
3499 1104 3569 1158 de
3601 1102 3715 1157 vir-

2066 1192 2190 1242 tute
2222 1189 2279 1242 in
2310 1189 2604 1256 virtutem,
2638 1207 2804 1262 usque
2860 1193 2919 1245 in
2946 1200 3237 1256 wtenzum,
3302 1193 3358 1247 id
3389 1197 3497 1262 est,
3530 1210 3715 1265 usque

2067 1275 2208 1329 dum
2241 1276 2310 1330 ad
2345 1276 2724 1333 aeternitatem
2758 1281 3110 1350 perveniant.

2580 1387 2901 1442 PSALMUS
2939 1388 3181 1444 XXVIII.

2140 1490 2394 1529 PSALMUS
2431 1492 2599 1529 DAVID
2632 1494 2689 1531 ΙΝ
2721 1494 3203 1533 CONSUMMATIONE
3229 1496 3643 1535 TABBRNACULI.

2146 1587 2164 1611 α
2201 1564 2416 1619 Afferte
2448 1566 2716 1631 Domino,
2769 1567 2869 1620 ﬁlii
2904 1568 3018 1630 Dei,
3054 1569 3251 1623 afferte
3281 1568 3532 1623 Domino
3566 1569 3716 1625 filios

2074 1676 2101 1704 ι(
2133 1652 2402 1708 arietum.
2437 1656 2648 1711 Afferte
2679 1656 2917 1711 Domino
2948 1656 3191 1729 gloriam
3216 1662 3273 1712 et
3297 1657 3600 1724 honorem,
3635 1659 3718 1713 af-

2072 1766 2100 1794 ι(
2136 1744 2277 1799 ferte
2300 1744 2546 1799 Domino
2564 1744 2809 1817 gloriam
2844 1747 3063 1802 nomini
3089 1749 3234 1819 ejus,
3262 1749 3497 1803 adorate
3524 1746 3720 1803 Domi-

303 1822 443 1892 ejus,
474 1820 529 1873 id
562 1824 669 1885 est,
705 1819 917 1874 Christi
976 1826 1032 1874 et
1063 1822 1507 1892 praedicatorum
1557 1824 1705 1894 ejus,
1739 1822 1957 1878 scilicet

2073 1854 2100 1885 ι(
2131 1851 2272 1890 num
2289 1833 2349 1888 in
2368 1834 2515 1889 atrio
2538 1839 2738 1890 sancto
2757 1836 2904 1905 ejus.
2931 1836 3052 1890 Vox
3082 1836 3313 1891 Domini
3334 1853 3512 1908 super
3533 1853 3718 1908 aquas

308 1907 591 1964 miracula
613 1925 740 1979 quae
761 1907 885 1979 ipse
916 1910 1222 1964 manifeste
1252 1916 1526 1982 cperatus
1548 1918 1654 1981 est,
1679 1916 1735 1967 et
1757 1913 1847 1967 sui
1872 1910 1959 1965 di-

302 1996 673 2069 scipuii,quae
698 1998 749 2051 ei
774 1997 1173 2053 testimonium
1200 1999 1581 2070 perhibebant
1610 2002 1680 2055 de
1698 2002 1868 2057 bono.
1895 2002 1962 2055 Et

301 2088 434 2143 ideo
467 2085 691 2155 merito,
725 2085 962 2140 destrues
1010 2088 1156 2159 illos,
1192 2090 1246 2143 id
1297 2095 1407 2157 est,
1465 2106 1668 2145 eorum
1726 2092 1877 2146 facta
1907 2096 1963 2145 et

300 2174 569 2241 consilia,
602 2191 716 2230 non
746 2179 943 2230 tamen
970 2177 1042 2229 ad
1088 2194 1290 2231 eorum
1321 2177 1724 2245 salvationem,
1774 2185 1823 2235 et
1852 2197 1963 2234 non

302 2264 600 2333 mdiﬁcabis
630 2280 741 2332 eos,
773 2264 1039 2319 destrues
1095 2265 1237 2319 vitia
1266 2282 1490 2334 eorum,
1542 2269 1681 2338 quia
1726 2271 1962 2326 tandem

309 2353 607 2408 auferetur
634 2351 717 2406 eis
750 2351 995 2407 facultas
1023 2353 1177 2408 mala
1198 2356 1496 2426 operandi,
1522 2362 1571 2410 et
1590 2373 1699 2413 non
1721 2359 1959 2429 aediﬁca-

315 2441 402 2495 bis
434 2441 491 2494 in
524 2441 609 2495 eis
639 2442 901 2495 virtutes.
938 2442 999 2496 In
1034 2442 1179 2497 meis
1212 2449 1404 2498 autem
1439 2446 1537 2515 qui
1594 2447 1870 2503 destructi
1903 2450 1962 2504 in

309 2528 470 2582 vitiis
500 2528 947 2583 aadiﬁcabuntur
975 2530 1030 2583 in
1048 2532 1719 2590 virtutibus:Benedictus
1743 2537 1963 2594 scilicet

306 2616 420 2672 erit
449 2618 732 2680 Dominus,
760 2617 818 2671 id
850 2623 958 2684 est,
990 2624 1407 2691 augmentatus
1434 2626 1490 2677 et
1513 2624 1956 2696 multiplicatus,

301 2714 460 2770 sicut
479 2715 669 2769 bonus
701 2731 798 2769 rex
828 2716 884 2769 in
910 2714 1287 2771 multitudine
1302 2720 1589 2774 exercitus
1608 2721 1721 2775 sui.
1749 2723 1816 2777 Et
1839 2740 1957 2778 me-

299 2805 437 2873 rito,
472 2804 733 2875 quoniam
762 2803 982 2859 scilicet
1012 2805 1070 2858 in
1104 2805 1218 2859 illis
1241 2808 1540 2873 exaudivit,
1575 2808 1629 2863 id
1657 2816 1765 2877 est,
1791 2811 1956 2867 valde

298 2891 617 2963 complevit
644 2909 844 2959 vocem,
880 2894 936 2947 id
968 2898 1075 2959 est,
1114 2894 1364 2950 validam
1397 2902 1452 2951 et
1482 2897 1726 2954 liberam
1761 2901 1953 2956 inten-

294 2979 520 3037 tionem
553 2982 955 3052 deprecationis
988 2998 1143 3047 meae,
1182 2984 1238 3037 id
1272 2990 1379 3054 est,
1402 2985 1562 3040 facta:
1584 3004 1685 3058 pro
1709 2992 1957 3059 peccatis

295 3069 541 3124 illorum
574 3071 673 3142 qui
708 3071 888 3125 futuri
921 3076 1085 3126 erant
1116 3072 1251 3126 mei.
1284 3073 1352 3127 Et
1374 3074 1421 3127 si
1449 3075 1620 3145 paloae
1645 3078 1955 3148 projician-

294 3164 418 3226 tur,
457 3176 640 3231 grana
674 3164 863 3214 tamen
920 3166 1241 3215 servantur.
1305 3162 1420 3216 Hoc
1470 3165 1643 3219 modo
1675 3166 1959 3222 exaudivit

294 3249 589 3312 Dominus,
617 3246 782 3302 Pater
800 3246 888 3302 vel
914 3248 1215 3317 Dominus,
1238 3249 1515 3317 Verbum,
1540 3252 1761 3322 adjutor
1786 3271 1955 3324 meus,

294 3336 532 3392 scilicet
561 3335 948 3392 humanitatis
972 3353 1111 3390 meas
1141 3337 1197 3390 in
1225 3338 1517 3407 passione,
1540 3357 1606 3395 ne
1628 3341 1956 3413 deficerem,

295 3429 348 3481 et
376 3429 659 3496 protector
680 3442 851 3491 meus,
878 3426 936 3479 in
962 3429 1167 3490 morte,
1202 3427 1624 3482 resuscitando.
1663 3431 1729 3483 Et
1749 3430 1877 3486 ideo
1902 3435 1961 3487 in

295 3518 415 3587 ipso
449 3517 686 3586 speravit
716 3531 808 3570 cor
854 3531 1053 3584 meum,
1100 3515 1155 3568 id
1190 3520 1295 3579 est,
1332 3532 1621 3580 meorum,
1681 3528 1742 3572 ut
1774 3536 1959 3589 quan-

292 3606 497 3676 doque
523 3608 579 3658 et
606 3603 718 3674 ipsi
753 3608 1184 3658 resurrecturos
1215 3618 1275 3658 se
1306 3604 1640 3659 credant.Et
1670 3605 1777 3660 hoc
1809 3606 1959 3675 ideo,

291 3694 443 3765 quia
476 3709 580 3764 ego
613 3697 786 3763 caput
830 3708 1033 3746 eorum
1066 3691 1287 3763 adjutus
1334 3709 1474 3747 sum.
1511 3692 1813 3755 Quomodo
1863 3696 1960 3751 ad-

278 3783 451 3855 jutus
484 3781 737 3853 exponit,
772 3786 828 3837 et
882 3781 1106 3835 scilicet
1137 3780 1246 3835 hoc
1288 3782 1475 3845 ,modo
1527 3782 1750 3851 adjutus
1798 3801 1953 3840 sum:

285 3874 564 3941 Reﬂoruit
592 3886 723 3925 caro
772 3886 913 3939 mea,
944 3886 1067 3924 mea
1097 3870 1156 3923 in
1217 3887 1295 3934 re,
1331 3887 1595 3927 meorum
1627 3873 1686 3926 in
1714 3890 1837 3945 spe,
1871 3891 1959 3931 re-

286 3962 509 4030 ﬂoruit,
535 3960 595 4014 id
621 3966 729 4024 est,
754 3959 824 4013 ad
857 3958 1359 4013 immortalitatem
1392 3960 1593 4015 rediit:
1627 3978 1752 4032 quae
1776 3980 1958 4033 quan-

288 4055 423 4104 tum
443 4049 517 4104 ad
537 4064 794 4103 massam
813 4046 1164 4102 deﬂoruerat
1176 4048 1412 4118 etquasi
1427 4056 1659 4104 aruerat
1676 4051 1731 4105 in
1749 4052 1954 4107 Adam.

288 4147 361 4201 Et
386 4147 529 4202 ideo
572 4145 863 4213 conﬁtebor
898 4146 955 4199 ei
983 4146 1410 4200 confessionem
1442 4146 1632 4201 laudis
1662 4164 1731 4203 ex
1764 4151 1958 4205 volun-

289 4241 409 4291 tate
464 4250 607 4303 mea,
662 4234 719 4288 id
750 4238 857 4303 est,
891 4249 959 4287 ex
1010 4233 1291 4288 charitate
1323 4235 1510 4289 factus
1558 4236 1685 4305 jam
1718 4236 1959 4293 immor-

289 4324 438 4379 talis
471 4328 527 4378 et
584 4323 709 4378 sine
740 4326 973 4393 peccato
1018 4322 1078 4376 in
1111 4323 1393 4376 membris
1445 4322 1611 4388 meis,
1646 4342 1761 4379 non
1793 4343 1859 4380 ex
1893 4327 1959 4380 ti-

288 4428 468 4470 more
500 4429 674 4484 paanae
708 4429 838 4483 quae
867 4412 1023 4466 venit
1052 4428 1121 4467 ex
1148 4411 1501 4467 conscientia
1532 4414 1773 4484 peccati,
1823 4432 1956 4471 cum

280 4503 416 4574 jam
459 4518 573 4556 non
606 4500 715 4557 erit
744 4500 958 4571 duplex
987 4500 1260 4555 voluntas
1301 4500 1360 4554 in
1391 4501 1560 4566 meis,
1595 4518 1699 4557 nec
1730 4504 1841 4559 erit
1870 4504 1958 4560 lex

288 4572 498 4648 carnis
529 4589 995 4662 repugnanslegi
1026 4589 1259 4655 mentis,
1287 4589 1387 4644 sed
1413 4593 1597 4644 totum
1614 4608 1731 4647 una
1751 4592 1955 4648 volun-
1987 4572 2035 4638 D

286 4685 405 4737 tas.
450 4679 597 4736 Nota
626 4679 782 4751 quod
816 4679 977 4749 dixit,
997 4680 1265 4749 reﬂoruit.
1288 4677 1679 4734 Floruitenim
1702 4681 1759 4734 in
1777 4682 1956 4737 Adam

286 4786 433 4825 caro
486 4768 749 4823 humana
779 4785 882 4839 per
939 4773 1207 4823 naturam
1241 4767 1300 4821 in
1351 4768 1875 4837 immortalitatem,
1907 4772 1957 4826 si

286 4864 595 4915 servasset
622 4856 1037 4921 obedientiam,
1057 4857 1303 4925 reﬂoruit
1328 4872 1427 4926 per
1478 4856 1730 4927 gratiam
1761 4864 1817 4913 et
1847 4858 1955 4914 hu-

285 4946 637 5013 militatem,
672 4948 737 4999 ut
768 4944 1144 5000 fructiﬁcaret
1174 4949 1307 5009 Deo,
1334 4960 1461 5014 quze
1493 4961 1595 5015 per
1624 4945 1956 5003 inobedien-

284 5035 445 5093 tiam
477 5034 769 5099 defloruit,
804 5037 868 5088 ut
898 5032 1115 5089 sterilis
1137 5032 1393 5088 esset.Et
1423 5032 1628 5087 merito
1649 5034 1759 5088 mei
1785 5034 1953 5092 illum

286 5124 631 5181 laudabunt
660 5126 716 5178 et
756 5121 1187 5194 glorificabunt,
1218 5122 1357 5191 quia
1389 5122 1648 5176 Dominus
1679 5126 1766 5177 est
1793 5126 1952 5195 [orti-

282 5214 425 5269 tudo
454 5212 632 5283 plebis
679 5226 817 5277 suae,
850 5210 1075 5267 scilicet
1125 5227 1295 5265 suam
1320 5209 1614 5280 justitiam
1647 5211 1951 5267 destruen-

282 5303 473 5371 tiurn,
506 5304 564 5355 et
592 5300 694 5356 Dei
746 5300 1042 5371 justitiam
1076 5299 1133 5352 in
1167 5315 1229 5354 se
1260 5299 1769 5370 constituentium,
1804 5302 1951 5357 nihil

280 5400 437 5457 boni
474 5399 586 5454 sibi
640 5397 1105 5467 attribuentium,
1156 5396 1257 5451 sed
1315 5395 1449 5451 Deo.
1486 5401 1550 5451 Et
1597 5398 1831 5453 tandem
1864 5403 1952 5456 est

274 5496 567 5561 protector
591 5485 968 5541 satvatzonum
999 5484 1204 5540 Christi
1232 5485 1341 5553 sui,
1384 5483 1442 5537 id
1474 5488 1582 5551 est,
1618 5484 1889 5542 defendet
1917 5505 1951 5543 a

277 5573 655 5641 mortalitate
679 5580 737 5630 et
757 5574 1123 5646 corruptione
1147 5572 1398 5627 salvatos
1420 5576 1472 5626 et
1494 5571 1823 5643 redemptos
1850 5592 1951 5647 per

2078 1946 2098 1972 α
2135 1923 2287 1978 Deus
2346 1924 2668 1993 majestatis
2700 1924 2971 1993 intonuit,
3005 1926 3289 1981 Dominus
3322 1942 3499 1997 super
3528 1942 3714 1997 aquas

2072 2036 2099 2062 ‹‹
2137 2012 2374 2068 multas.
2398 2013 2518 2068 Vox
2554 2014 2775 2068 Domini
2798 2014 2853 2068 in
2873 2014 3102 2081 virtute,
3124 2033 3228 2070 vox
3251 2015 3482 2071 Domini
3511 2015 3569 2069 in
3596 2032 3721 2070 ma-

2077 2125 2097 2150 ι
2135 2102 2490 2173 gnificentia.
2528 2104 2648 2157 Vox
2680 2104 2907 2158 Domini
2940 2104 3359 2173 confringentis
3408 2104 3630 2172 cedros,
3664 2106 3722 2158 et

2074 2213 2100 2240 ‹‹
2137 2191 2461 2262 confringet
2490 2193 2768 2246 Dominus
2790 2192 2990 2247 cedros
3015 2192 3232 2247 Libani.
3266 2192 3335 2245 Et
3365 2190 3726 2246 comminuet

2074 2303 2101 2329 «
2135 2297 2233 2335 eos
2261 2286 2541 2351 tanquam
2565 2281 2815 2335 vitulum
2840 2281 3067 2344 Libani,
3088 2285 3143 2335 et
3163 2280 3410 2334 dilectus
3440 2279 3721 2350 quemad-

2075 2391 2102 2417 ‹‹
2133 2369 2374 2423 modum
2427 2368 2585 2423 filius
2618 2369 3007 2424 unicornium.
3068 2369 3190 2423 Vox
3220 2368 3450 2424 Domini
3484 2366 3718 2422 interci-

2074 2481 2099 2507 ‹‹
2136 2457 2325 2512 dentis
2356 2458 2653 2513 ﬂammam
2700 2459 2873 2527 ignis,
2904 2475 3012 2512 vox
3064 2457 3297 2512 Domini
3341 2455 3723 2512 concutientis

2079 2565 2101 2592 ι
2116 2546 2495 2609 desertum,et
2508 2547 2896 2601 commovebit
2911 2547 3188 2602 Dominus
3206 2547 3500 2603 desertum
3515 2543 3715 2599 Cades.

2071 2658 2099 2685 ‹‹
2131 2636 2253 2689 Vox
2285 2635 2511 2690 Domini
2546 2636 2927 2706 przeparantis
2948 2652 3166 2704 cervos,
3199 2642 3256 2692 et
3276 2634 3552 2691 revelabit
3581 2651 3718 2690 con-

2072 2746 2100 2775 «
2133 2725 2333 2794 densa,
2367 2729 2423 2778 et
2454 2724 2512 2778 in
2550 2724 2767 2796 templo
2816 2726 2942 2795 ejus
2974 2742 3179 2781 omnes
3222 2726 3418 2781 dicent
3445 2725 3714 2798 gloriam.

2069 2838 2095 2863 (ι
2135 2814 2415 2868 Dominus
2445 2813 2727 2869 diluvium
2757 2814 3083 2871 inhabitare
3108 2816 3243 2871 facit
3272 2821 3328 2871 et
3357 2815 3582 2872 sedebit
3614 2818 3720 2871 Do-

2071 2926 2097 2952 ‹‹
2129 2903 2327 2959 minus
2350 2922 2447 2959 rex
2476 2904 2533 2958 in
2568 2909 2869 2959 aeternum.
2896 2906 3175 2959 Dominus
3194 2906 3469 2961 virtutem
3501 2905 3715 2977 populo

2068 3016 2095 3042 «
2124 3011 2229 3048 suo
2260 2994 2442 3061 dabit,
2463 2994 3059 3049 Dominusbenedicet
3073 2995 3285 3066 populo
3308 2994 3486 3051 suoin
3509 3013 3713 3067 pace.»

2704 3102 3095 3159 ENARBATIU.

2141 3191 2395 3245 Psalmus
2428 3189 2595 3243 David
2623 3193 3111 3246 consummationis
3142 3192 3501 3261 tabernaculi,
3531 3192 3617 3248 vel
3660 3196 3720 3249 in

2070 3279 2533 3333 consummatione
2562 3280 3458 3351 tabernaculi.David,postquam
3480 3283 3721 3339 reducta

2070 3367 2158 3417 est
2186 3380 2317 3417 arca
2349 3381 2382 3417 a
2403 3365 2735 3433 captivitate
2757 3366 3204 3420 Philistinorum
3225 3367 3542 3423 etdimissa
3559 3371 3720 3426 estin

2071 3450 2210 3520 Silo,
2246 3451 2548 3505 aedificavit
2576 3453 3018 3508 tabernaculum
3048 3454 3105 3508 in
3127 3472 3241 3526 quo
3266 3455 3610 3513 hortabatur
3628 3475 3724 3529 po-

2072 3538 2275 3610 pulum
2297 3544 2360 3593 ut
2391 3541 2621 3594 offerret
2641 3542 2927 3595 sacrificia
2952 3544 3266 3599 Deo.David
3289 3545 3539 3616 figuram
3560 3547 3722 3603 Chri-

2070 3628 2145 3685 sti
2177 3632 2350 3693 tenet,
2384 3645 2515 3683 arca
2546 3629 2831 3684 Ecclesiae.
2864 3630 3026 3687 Sicut
3060 3633 3233 3687 David
3266 3634 3493 3689 reduxit
3526 3653 3722 3693 arcam

2070 3719 2140 3772 de
2173 3717 2528 3788 captivitate,
2562 3718 2645 3772 ita
2675 3717 2942 3775 Christus
2990 3720 3306 3775 Ecclesium
3338 3723 3409 3776 de
3437 3728 3723 3792 potestate

2070 3806 2305 3862 diaboli.
2333 3808 2430 3862 Est
2459 3824 2596 3879 ergo
2614 3807 2673 3861 in
2698 3806 2806 3862 hoc
2838 3807 3064 3879 psalmo
3091 3825 3198 3863 vox
3232 3810 3405 3864 David
3427 3812 3720 3882 propheta:

2069 3896 2494 3952 considerantis
2509 3913 2610 3968 per
2621 3897 2707 3969 spi
2719 3897 2896 3951 ritum
2920 3897 2976 3951 fu
2986 3902 3045 3952 tu
3056 3914 3177 3953 ram
3207 3897 3609 3955 liberationem
3624 3902 3721 3958 Ec-

2068 3984 2254 4040 clesiae
2287 3986 2357 4039 de
2388 3989 2671 4057 potestate
2699 3985 2935 4052 diaboli,
2968 3990 3024 4042 et
3054 3986 3344 4043 hortantis
3364 3989 3591 4045 fidelem
3622 4008 3724 4062 po—

2068 4073 2274 4143 pulum
2297 4078 2359 4126 ut
2374 4073 2807 4140 consument,id
2821 4079 2908 4130 est
2925 4076 3229 4147 perficiant
3251 4078 3717 4151 tabernaculum,

2066 4162 2123 4215 id
2155 4165 2243 4216 est
2274 4162 2614 4230 Ecclesiam,
2638 4163 2944 4221 offerentes
2958 4166 3197 4238 seipsos
3228 4171 3285 4222 et
3300 4184 3502 4225 eorum
3525 4170 3719 4227 imita-

2066 4254 2222 4305 tores
2252 4249 2311 4303 in
2343 4253 2836 4308 constructionem
2864 4254 3043 4325 hujus
3068 4257 3422 4311 tabernaculi
3447 4267 3720 4330 opportu-

2068 4338 2248 4393 nitate
2279 4344 2515 4411 accepta
2542 4357 2577 4394 a
2604 4342 2852 4409 Christo,
2879 4343 3155 4415 quiajam
3179 4345 3341 4415 prius
3363 4346 3721 4416 computavit

2067 4430 2340 4496 sumptus
2392 4433 2448 4482 et
2476 4444 2604 4497 quae
2636 4432 2966 4485 necessaria
2996 4437 3135 4485 sunt
3163 4432 3234 4486 ad
3264 4432 3711 4505 perliciendum,

2067 4514 2433 4587 praedicando
2463 4520 2519 4569 et
2550 4519 2925 4587 praeparando
2948 4519 3123 4572 corda
3154 4518 3483 4576 hominum.
3514 4524 3577 4577 In
3606 4523 3716 4580 hoc

2068 4603 2223 4673 quod
2255 4619 2362 4657 vox
2391 4602 2623 4658 Domini
2671 4604 2885 4675 septies
2918 4606 3198 4676 repetitur
3249 4615 3497 4679 possunt
3527 4613 3714 4668 notari

2069 4696 2291 4763 septem
2309 4692 2463 4747 dona
2484 4692 2669 4746 sancti
2688 4692 3219 4765 Spiritus,quorum
3244 4698 3456 4755 auxilio
3484 4706 3718 4772 pectora

2068 4780 2329 4835 ﬁdelium
2364 4786 2765 4853 praeparantur
2793 4783 2863 4838 ad
2897 4788 3354 4844 construendum
3387 4790 3494 4846 hoc
3532 4793 3717 4848 aedifi-

2066 4871 2244 4924 cium.
2269 4871 2465 4925 Potest
2484 4870 2746 4941 psalmus
2766 4873 2969 4928 ordine
2990 4873 3120 4946 legi,
3135 4883 3327 4948 potest
3348 4883 3542 4934 autem
3562 4896 3718 4935 com-

2067 4959 2301 5013 modius
2334 4958 2605 5031 ibiincipi
2632 4959 2703 5014 ad
2726 4965 3267 5035 exponendum,vox
3290 4968 3515 5022 Domini
3538 4984 3716 5039 super

2066 5063 2270 5119 aquas,
2303 5051 2360 5101 et
2390 5064 2576 5118 usque
2604 5049 2676 5103 ad
2703 5050 2875 5105 linem
2900 5052 3059 5120 duci,
3090 5058 3157 5109 ut
3186 5071 3220 5109 a
3249 5055 3362 5109 fine
3379 5062 3713 5113 recurratur

2062 5136 2131 5190 ad
2166 5134 2519 5206 principium
2544 5136 2651 5193 hoc
2679 5147 2850 5194 modo
2875 5157 2887 5195 :

2140 5227 2247 5279 Vox
2276 5227 2520 5291 Domini,
2575 5226 2632 5280 id
2688 5232 2777 5281 est
2809 5229 3140 5299 praedicatio
3190 5230 3311 5285 Filii
3348 5233 3445 5289 Dei
3488 5234 3590 5306 qui
3621 5239 3711 5291 est

2063 5314 2182 5369 Rex
2211 5330 2415 5385 regum
2439 5318 2495 5368 et
2516 5314 2794 5370 Dominus
2808 5318 3260 5387 dominantium,
3286 5322 3530 5378 intonuit
3546 5340 3710 5395 super

2060 5419 2251 5473 aquas,
2286 5402 2341 5456 id
2366 5408 2475 5469 est,
2508 5404 2579 5458 de
2613 5405 2767 5459 nube
2799 5407 2990 5462 carnis
3022 5410 3361 5466 terribiliter
3379 5413 3708 5483 pradicavit

2058 5507 2235 5562 super
2266 5489 2512 5562 populos
2538 5491 3131 5563 Judaicos,scilicetin
3155 5499 3707 5565 primisterribiliter

2059 5579 2388 5650 praedicavit
2420 5594 2521 5651 per
2552 5596 2612 5634 se
2643 5584 2699 5635 et
2728 5597 2830 5651 per
2858 5599 2998 5639 suos
3024 5601 3036 5639 :
3101 5586 3274 5652 velut,
3303 5590 3594 5645 Genimina
3623 5594 3705 5647 vi.

277 5683 406 5737 me,
428 5663 729 5720 Christum
760 5680 958 5720 suum.
984 5664 1072 5733 Et,
1095 5663 1392 5726 oDomine,
1416 5660 1555 5733 quia
1576 5664 1639 5715 tu
1664 5661 1825 5725 solus,
1844 5665 1946 5721 ad-
2050 5683 2335 5739 perarum,
2368 5668 2489 5740 quis
2508 5684 2598 5725 vos
2622 5667 2879 5727 liberabit
2900 5686 2940 5725 α
2964 5683 3190 5731 ventura
3221 5677 3307 5733 ira
3328 5680 3355 5730 .9
3380 5679 3559 5737 Facite
3576 5695 3704 5756 ergo
