4016 6192
313 282 428 344 293

1440 272 2048 342 ENARRATIONES
2093 277 2169 337 IN
2216 272 2598 341 PSALMOS.

3600 290 3719 352 394

310 414 637 487 temporali,
672 414 731 470 in
755 410 1030 487 potentia,
1068 414 1125 470 in
1159 413 1479 470 honoribus
1508 428 1863 486 supervacue,
1895 411 1951 466 id
1984 410 2038 476 Α
2070 409 2275 480 defecit
2306 412 2371 465 in
2392 411 2584 467 dolore
2615 412 2731 467 vita
2750 426 2889 468 mea.
2926 413 3054 469 Vita
3083 428 3210 485 quae
3272 415 3414 471 mihi
3473 424 3561 474 est
3613 422 3713 491 ju-

312 510 399 561 est
426 503 731 574 inutiliter,
764 522 879 560 non
911 506 1067 560 enim
1099 504 1525 559 beatitudinem
1554 507 1830 574 praestare
1862 519 1959 557 va-

314 595 452 649 lent.
488 593 589 649 Ille
645 594 824 650 etiam
885 594 1152 650 observat
1194 596 1465 649 vanitates
1500 608 1830 664 supervacue
1860 591 1960 662 qui

314 682 572 738 timendo
604 685 869 750 moritur,
902 683 960 738 id
993 687 1100 751 est,
1136 683 1235 755 qui
1258 682 1518 738 timendo
1540 686 1789 737 mortem
1811 684 1961 735 tem-

321 771 580 844 poralem
617 789 794 844 quam
845 776 1041 828 tamen
1074 772 1327 844 effugere
1357 788 1470 827 non
1512 775 1702 842 potest
1752 769 1960 825 menti-

311 866 431 928 tur,
464 861 649 916 ethoc
681 863 853 917 modo
885 866 1133 916 mortem
1167 861 1380 927 differt,
1414 877 1531 915 non
1561 860 1725 924 vitat,
1758 864 1815 913 et
1870 858 1959 912 fu-

312 950 526 1023 giendo
557 954 803 1006 mortem
831 950 1077 1006 moritur
1132 954 1445 1021 antequam
1492 948 1793 1004 moriatur.
1854 949 1961 1017 Ego

312 1047 495 1095 autem
522 1040 622 1110 qui
655 1056 768 1095 non
802 1042 1043 1095 observo
1072 1041 1337 1095 vanitates
1359 1042 1419 1093 in
1467 1039 1697 1093 Domino
1721 1036 1959 1108 speravi,

309 1137 519 1193 etideo
540 1138 843 1202 exsultabo,
880 1137 1102 1193 scilicet
1122 1153 1380 1209 corpore,
1429 1154 1554 1192 cum
1592 1135 1824 1192 mortale
1861 1134 1963 1189 hoc

310 1227 517 1282 induet
545 1228 1033 1294 inmortalitatem,
1066 1229 1140 1282 Et
1168 1227 1399 1283 (letabor
1463 1225 1684 1281 scilicet
1742 1227 1959 1293 mente,

315 1316 417 1373 Ubi
444 1319 521 1371 est
552 1332 697 1371 mors
727 1318 957 1372 victoria
986 1317 1127 1371 tua?
1160 1318 1258 1373 Ubi
1276 1321 1352 1371 est
1374 1332 1519 1371 mors
1543 1316 1799 1371 stimulus
1838 1319 1961 1367 tuus

314 1406 501 1476 (ICor.
536 1406 668 1476 xv)?
690 1405 1471 1473 Ethocinmisericortliatua,
1499 1422 1613 1461 non
1652 1406 1709 1458 in
1756 1403 1963 1459 merito

315 1511 466 1550 meo.
504 1496 564 1549 In
597 1495 702 1549 hac
742 1497 1121 1550 misericordia
1165 1498 1393 1551 salvasli
1436 1496 1501 1551 tle
1548 1494 1963 1551 necessitatibus

316 1586 564 1639 animum
596 1602 790 1639 meam.
817 1584 1006 1641 Multas
1047 1593 1181 1640 sunt
1222 1584 1599 1641 necessitates
1631 1581 1963 1654 fragilitatis

313 1673 623 1729 humanae:
658 1690 758 1729 cor
786 1672 1028 1729 alterius
1067 1673 1256 1729 videre
1288 1691 1401 1729 non
1447 1677 1658 1745 potest,
1712 1670 1837 1727 vult
1892 1670 1963 1725 ad

312 1762 497 1854 vitam
530 1762 830 1833 pervenire
864 1763 991 1818 sine
1023 1766 1207 1818 morte
1238 1767 1294 1817 et
1324 1779 1439 1817 non
1503 1765 1715 1854 potest,
1774 1758 1965 1854 diligit
1996 1790 2043 1854 Β

313 1850 620 1906 inimicum
655 1868 807 1924 saepe
839 1855 895 1906 et
924 1852 1301 1923 persequitur
1331 1850 1587 1905 amicum
1619 1848 1775 1904 videt
1805 1846 1961 1919 quod

312 1944 405 1995 est
434 1940 745 1995 bonum‘et
770 1944 966 1995 tamen
1002 1940 1138 1995 facit
1170 1938 1413 1995 malum.
1449 1941 1495 1994 A
1524 1939 1743 2011 quibus
1774 1936 1964 1992 omni-

312 2031 429 2085 bus
461 2028 912 2084 nullusliberari
945 2033 1135 2101 potest
1189 2029 1298 2084 nisi
1352 2044 1455 2100 per
1503 2026 1965 2083 misericordiam

313 2118 441 2182 Dei,
471 2118 609 2188 quia
634 2118 838 2172 cadere
867 2117 1167 2188 potuimus
1198 2133 1301 2187 per
1330 2134 1458 2183 nos,
1480 2117 1577 2171 sed
1603 2132 1706 2187 per
1720 2131 1826 2169 nos
1845 2130 1969 2168 sur—

314 2222 455 2277 gere
488 2221 603 2259 non
638 2220 974 2275 possumus.
1008 2205 1171 2260 Unde
1214 2204 1569 2276 Apostolus:
1622 2205 1828 2273 Infelix
1874 2217 1970 2270 ego

316 2303 503 2360 homo,
546 2295 668 2363 quis
721 2308 807 2347 me
852 2293 1104 2347 liberabit
1157 2293 1221 2347 de
1274 2308 1496 2365 corpore
1550 2294 1745 2347 mortis
1766 2290 1971 2361 hujus?

312 2391 521 2447 Gratia
550 2392 650 2445 Dei
673 2407 774 2461 per
816 2392 1112 2446 Dominum
1158 2394 1406 2446 nostrum
1450 2392 1634 2446 Iesum
1694 2390 1970 2445 Christum

309 2481 491 2551 (Rom.
532 2480 648 2549 vn).
669 2480 817 2534 'Ideo
847 2479 1133 2548 sequitur:
1163 2480 1433 2546 Quoniam
1468 2479 1759 2550 respexisti
1786 2480 1969 2533 humi-

310 2568 539 2624 litatem
554 2583 751 2622 meam.
770 2568 877 2632 Qui
910 2583 1002 2621 me
1032 2568 1351 2638 superbum
1384 2569 1439 2621 in
1465 2567 1571 2622 has
1590 2567 1967 2623 necessitates

306 2656 621 2729 conjecisti
652 2652 1031 2711 humiliatum
1064 2657 1136 2710 ab
1157 2656 1250 2711 his
1280 2654 1567 2727 eripuisti.
1592 2657 1703 2710 Nec
1740 2655 1963 2711 conclu-

302 2748 442 2804 sisti
469 2761 555 2801 me
584 2745 643 2799 in
678 2761 888 2799 manus
942 2745 1179 2814 inimici,
1236 2744 1453 2799 scilicet
1495 2760 1566 2799 ne
1611 2742 1966 2815 illaqueatus

302 2840 539 2891 terrore
567 2834 656 2889 vel
688 2851 881 2889 errore
913 2834 970 2889 in
1003 2833 1256 2905 peccatis
1298 2834 1718 2906 perseverando
1777 2850 1964 2889 more-

304 2941 435 2991 rer,
460 2928 517 2979 et
546 2923 628 2978 sic
653 2939 785 2977 cum
818 2939 884 2978 eo
913 2922 1143 2977 vinctus
1176 2924 1233 2977 in
1268 2939 1468 2994 pinnas
1490 2922 1768 2977 traderer.
1834 2922 1963 2976 Ideo

300 3030 437 3069 non
460 3013 799 3077 conclusisti,
826 3010 961 3084 quia
990 3013 1235 3067 statuisti
1263 3013 1322 3065 in
1355 3012 1471 3067 loco
1520 3014 1755 3082 spatioso
1801 3011 1965 3080 pedes

296 3119 484 3169 meos,
512 3103 570 3157 id
600 3107 708 3171 est,
742 3101 1073 3157 affectiones
1106 3118 1267 3157 meas
1300 3102 1356 3155 in
1389 3099 1961 3167 cbaritatedilatasti,

2070 501 2262 555 cunda
2291 500 2351 554 in
2385 502 2631 557 fratrum
2662 503 3148 573 profectudefecit
3178 503 3238 558 in
3271 504 3488 577 dolore,
3522 508 3578 563 id
3602 515 3711 580 est,

2069 597 2311 653 tabescit
2331 597 2581 654 dolendo
2603 600 2674 655 de
2692 617 2895 655 eorum
2918 602 3171 670 defectu,
3189 603 3360 673 juxta
3388 605 3535 660 illud
3562 614 3715 679 Apo-

2069 687 2200 742 stoli
2230 705 2242 741 :
2277 688 2439 741 Tunc
2459 688 2528 741 vi:
2547 689 2709 756 imus,
2733 692 2893 746 sivos
2912 694 3086 746 statis
3105 694 3166 747 in
3191 694 3429 749 Domino
3461 698 3505 764 (Ι
3526 701 3712 753 Thess.

2070 777 2175 846 ιιι).
2212 781 2281 831 Et
2308 777 2668 842 annimei,id
2698 784 2785 833 est
2826 778 3083 851 longaeva
3114 783 3231 837 vita
3274 783 3482 840 defecit
3522 788 3585 841 in
3621 803 3716 857 ge-

2067 866 2323 932 mitibus,
2360 882 2471 920 non
2506 865 2563 919 in
2595 865 2768 920 claris
2798 869 3060 934 vocibus,
3097 870 3298 926 videns
3331 871 3461 929 illos
3500 875 3557 929 in
3584 892 3713 946 per-

2068 970 2301 1009 versum
2334 954 2437 1021 ire,
2471 955 2568 1025 qui
2601 954 2743 1009 mihi
2778 962 2973 1011 essent
3001 960 3308 1028 gaudium,
3342 962 3387 1016 si
3413 965 3716 1021 starentin

2068 1043 2336 1099 Domino.
2365 1042 2526 1099 Unde
2547 1043 2861 1115 Apostolus
2884 1044 3199 1101 :Gandium
3221 1066 3406 1105 meum
3430 1059 3718 1111 etcorona

2068 1150 2199 1187 mea
2230 1132 2397 1203 (Phil.
2430 1134 2525 1203 1v).
2560 1130 2859 1203 Inﬁrmata
2897 1143 2976 1188 est
3030 1135 3087 1188 in
3128 1142 3477 1207 paupertate
3528 1144 3711 1201 virtus

2068 1238 2221 1287 mea,
2248 1223 2305 1275 in.
2322 1227 2678 1293 paupertate,
2703 1222 2760 1275 id
2784 1226 2894 1290 est,
2928 1222 3125 1294 inopia
3154 1224 3287 1296 cibi,
3312 1229 3451 1297 quia
3482 1234 3711 1289 subtra-

2071 1312 2230 1366 bitur
2260 1310 2405 1364 mihi
2437 1310 2667 1365 refectio
2698 1309 2800 1365 illa
2830 1327 3006 1381 quam
3039 1312 3097 1366 in
3130 1313 3214 1368 eis
3244 1315 3417 1371 debui
3476 1319 3711 1389 habere,

2072 1415 2219 1470 quos
2252 1398 2395 1453 mihi
2426 1399 2794 1471 incorporare
2824 1399 2976 1453 volui
3004 1426 3016 1467 ;
3049 1402 3374 1460 virtusmea
3404 1407 3632 1476 defecit.
3660 1412 3715 1466 id

2072 1492 2179 1553 est,
2214 1488 2391 1542 robur
2416 1490 2566 1558 quod
2604 1504 2671 1543 ex
2698 1488 2795 1543 illo
2826 1489 2955 1543 cibo
2986 1489 3197 1546 habere
3229 1494 3423 1548 debui.
3477 1500 3552 1552 Et
3603 1516 3716 1555 non

2076 1577 2265 1632 solum
2296 1594 2400 1648 ego
2422 1579 2739 1633 conturbor
2769 1578 2867 1648 qui
2902 1579 2958 1633 in
2981 1596 3218 1651 corpore
3250 1582 3459 1639 Christi
3495 1589 3712 1644 medio-

2074 1666 2189 1721 cris
2220 1683 2373 1733 sum,
2408 1668 2508 1721 sed
2541 1668 2714 1722 etiam
2745 1683 2868 1723 ossa
2892 1685 3043 1739 mea,
3078 1670 3134 1725 id
3168 1676 3276 1738 est,
3311 1674 3599 1733 firmiores
3658 1679 3715 1733 in

2073 1754 2329 1811 Ecclesia
2349 1762 2403 1811 et
2418 1756 2807 1827 perfectiores,
2826 1760 3171 1816 conturbata
3186 1763 3527 1831 sunt,fratru
3539 1784 3592 1821 m
3616 1768 3721 1823 ini-

2075 1845 2399 1915 quitatibus
2416 1846 2783 1917 exaggeratio
2805 1846 3041 1904 doloris.
3080 1850 3296 1906 Etideo
3335 1856 3719 1913 conturbatus

2076 1949 2230 2001 sum,
2255 1934 2394 2005 quia
2422 1935 2625 1989 vicinis
2654 1936 2807 2003 meis,
2842 1936 2897 1991 id
2933 1943 3039 2005 est,
3064 1939 3191 2008 jam
3225 1941 3484 1999 adﬁnem
3518 1963 3722 2018 appro-

2084 2022 2727 2093 pinquantibusJactus
2756 2041 2881 2079 sum
2908 2028 3325 2098 opprobrium:
3357 2033 3723 2091 detestantur

2079 2126 2173 2164 me
2198 2116 2255 2165 et
2269 2111 3067 2182 blasphemantsuperomnes
3078 2118 3345 2175 inimicos
3368 2139 3525 2177 meos
3543 2127 3721 2192 valde,

2080 2200 2136 2252 id
2169 2205 2277 2265 est,
2314 2200 2501 2271 magis
2534 2218 2708 2272 quazn
2740 2219 2999 2275 paganos
3030 2207 3118 2261 vel
3147 2208 3407 2265 Judzeos:
3430 2214 3530 2283 qui
3556 2215 3724 2284 pejus

2080 2287 2350 2342 viderunt
2378 2290 2659 2360 quosdam
2695 2292 2766 2346 de
2798 2292 3056 2348 Ecclesia
3084 2296 3272 2352 vivere
3300 2315 3475 2369 quam
3510 2306 3719 2374 pagani

2081 2375 2166 2430 vel
2195 2377 2374 2431 Judzei
2399 2378 2495 2448 qui
2527 2383 2723 2450 aperte
2754 2386 2893 2435 sunt
2953 2382 3170 2438 inimici
3220 2386 3500 2444 Ecclesiae.
3559 2394 3725 2463 Pejor

2080 2466 2233 2519 enim
2268 2470 2356 2520 est
2385 2468 2483 2537 qui
2514 2468 2673 2522 intus
2705 2469 2855 2524 male
2884 2471 3019 2525 vivit
3048 2489 3223 2542 quam
3258 2477 3358 2546 qui
3400 2477 3554 2535 foris.
3613 2483 3717 2545 Qui

2080 2553 2219 2609 foris
2249 2559 2408 2621 sunt,
2441 2556 2608 2626 quasi
2633 2557 2997 2614 infructuosa
3030 2560 3188 2634 ligna
3221 2570 3359 2619 sunt
3379 2566 3541 2623 fabro
3563 2574 3719 2641 apta.

2077 2651 2175 2721 qui
2207 2651 2385 2719 intus,
2420 2659 2715 2709 sarmenta
2744 2661 2883 2711 sunt
2912 2657 3024 2712 vite
3084 2662 3324 2731 praecisa
3380 2680 3507 2735 quae
3560 2666 3722 2723 solus

2075 2738 2229 2811 ignis
2260 2747 2573 2814 exspectat.
2598 2744 2744 2799 Nota
2765 2746 2919 2816 quod
2938 2746 3026 2801 vir
3044 2750 3334 2819 perfectus
3346 2753 3506 2820 dicit,
3535 2756 3721 2825 factus

2071 2846 2197 2884 sum
2226 2833 2617 2902 opprobrium.
2652 2833 2776 2888 Non
2803 2835 2958 2890 enim
2983 2836 3122 2892 s'olis
3140 2838 3256 2895 illis
3280 2840 3603 2913 imputatur
3621 2847 3717 2917 qui

2076 2936 2247 2990 prave
2265 2920 2490 2988 vivunt,
2523 2923 2622 2977 sed
2656 2923 2889 2990 dicitur,
2924 2924 3071 2996 vide,
3106 2944 3281 2999 quam
3322 2947 3496 3001 prave
3551 2934 3681 2989 Chri
3704 2966 3719 2976 -

2076 3008 2248 3063 stiani
2278 3009 2497 3063 vivunt.
2531 3014 2600 3064 Et
2622 3014 2777 3067 notis
2796 3015 2960 3080 meis,
2983 3014 3040 3069 id
3059 3021 3167 3082 est,
3184 3017 3311 3086 jam
3352 3019 3596 3076 initiatis
3629 3040 3719 3078 sa-

2075 3098 2390 3152 cramentis
2422 3098 2555 3153 ﬁdei
2588 3100 2773 3156 factus
2806 3119 2939 3156 sum
2972 3104 3163 3159 timor.
3194 3106 3719 3181 Omnesasqualitcr

297 3192 545 3249 scilicet
566 3191 751 3247 fecisti
787 3196 847 3245 ut
878 3207 978 3263 per
998 3190 1618 3259 dilectionemjustitia
1639 3189 1783 3243 mihi
1810 3192 1967 3243 esset
1995 3159 2037 3223 C
2077 3183 2305 3251 timent,
2342 3186 2665 3242 nescientes
2687 3206 2834 3260 quos
2868 3190 3084 3248 imitari
3142 3194 3408 3261 debeant,
3466 3159 3599 3253 sum
3638 3200 3720 3254 im

296 3280 509 3337 facilis
541 3297 666 3352 qua:
697 3280 823 3335 sine
855 3279 1138 3334 charitate
1168 3278 1309 3333 olim
1342 3284 1467 3333 erat
1508 3277 1787 3331 difficilis.
1847 3276 1969 3330 Huc

300 3386 512 3443 usque
535 3387 641 3424 vox
667 3369 952 3424 Christiin
979 3366 1262 3423 membris
1284 3367 1409 3420 suis
1436 3364 1877 3437 perfectioribus
1899 3365 1969 3418 de

300 3478 368 3517 se
394 3464 532 3532 jam
565 3459 807 3515 securis.
841 3458 951 3513 Sed
984 3457 1122 3527 quia
1151 3454 1406 3511 Charitas
1429 3454 1522 3509 hic
1541 3453 1791 3508 maxime
1813 3470 1969 3508 com-

298 3550 635 3605 mendatur
665 3565 790 3620 quae
823 3562 1166 3618 compagem
1191 3545 1347 3611 facit,
1372 3548 1428 3599 et
1469 3545 1527 3598 in
1563 3560 1679 3597 uno
1707 3559 1968 3614 corpore,

299 3641 351 3696 si
370 3641 707 3695 infirmatur
732 3654 914 3692 unum
939 3636 1268 3691 membrum
1284 3633 1791 3706 compatiturillud
1815 3631 1969 3705 quod

298 3745 533 3785 sanum
566 3732 674 3797 est,
712 3724 1054 3799 perfectiora
1077 3724 1341 3779 membra
1366 3723 1575 3778 Christi
1601 3739 1825 3793 secura,
1843 3724 1968 3794 jam

297 3818 377 3873 de
413 3834 482 3873 se
515 3816 573 3870 in
606 3831 877 3887 pavorem
910 3812 1123 3869 mentis
1154 3812 1363 3884 posita,
1399 3829 1502 3883 pro
1550 3811 1802 3866 infirmis
1862 3811 1970 3865 fra-

298 3907 512 3962 tribus
544 3920 691 3976 quos
723 3904 793 3959 ab
827 3902 1050 3956 unitate
1080 3901 1389 3956 etveritate
1414 3900 1753 3955 {ideierrare
1773 3898 1971 3953 vident

300 3996 393 4051 sic
428 4000 635 4051 orant:
670 3995 937 4048 Miserere
966 3992 1096 4059 mei,
1120 3990 1365 4055 Domine,
1399 3988 1774 4060 compatienti
1816 3988 1971 4042 infir-

300 4085 430 4140 mis
468 4083 773 4149 fratribus,
808 4082 1017 4152 perfice
1049 4080 1204 4151 quod
1237 4078 1558 4150 incmpisti:
1593 4078 1745 4132 sicut
1766 4093 1857 4133 me
1890 4076 1970 4131 di-

296 4172 542 4240 latasti,
577 4173 656 4226 ita
686 4178 743 4226 et
768 4170 901 4226 illos
931 4169 1112 4223 dilata
1141 4168 1238 4239 qui
1271 4167 1461 4222 adhuc
1493 4165 1881 4235 infirmisunt,
1916 4171 1972 4220 et

297 4264 446 4318 ideo
478 4262 541 4315 in
574 4259 884 4332 angustiis.
932 4259 1201 4326 Quoniam
1243 4257 1495 4322 tribulor,
1547 4271 1662 4309 non
1713 4271 1815 4326 pro
1855 4270 1968 4321 me,

294 4362 410 4416 sed
450 4376 560 4432 pro
592 4356 1007 4414 commembris
1032 4356 1204 4423 meis,
1228 4355 1431 4409 videns
1454 4352 1587 4409 illos
1606 4358 1794 4407 astare
1816 4353 1973 4408 thea-

294 4448 614 4514 tralibus;
651 4464 796 4519 quos
824 4446 963 4502 olim
997 4446 1055 4500 in
1076 4444 1334 4499 Ecclesia
1358 4448 1457 4498 tua
1476 4441 1891 4496 vididelectare
1914 4441 1969 4496 in

2080 3272 2176 3341 qui
2212 3288 2400 3343 nuper
2430 3273 2687 3344 religiosi
2722 3280 3103 3349 apparebant,
3130 3283 3301 3337 modo
3338 3287 3457 3337 tam
3506 3286 3722 3341 inordi-

2079 3364 2213 3413 nate
2243 3376 2303 3415 se
2335 3360 2568 3415 habent.
2604 3364 2668 3417 Et
2698 3381 2811 3419 non
2873 3367 3062 3421 solum
3112 3370 3305 3440 vicini,
3358 3389 3472 3427 non
3532 3375 3721 3431 solum

2081 3450 2223 3515 noti,
2256 3450 2356 3503 sed
2388 3450 2563 3504 etiam
2602 3455 2703 3523 qui
2730 3455 3007 3511 videbant
3038 3474 3145 3526 me,
3182 3459 3237 3512 id
3294 3470 3399 3528 est,
3460 3464 3721 3534 profecti,

2080 3542 2495 3609 cognoscentes
2526 3544 2746 3596 secreta
2770 3560 2915 3613 mea,
2951 3545 3347 3618 intelligentes
3369 3552 3720 3623 Scriptura-1,

2076 3628 2244 3699 foras
2263 3626 2537 3700 fugerunt
2566 3646 2602 3684 a
2618 3646 2727 3690 me.
2749 3631 2805 3684 id
2821 3637 2909 3687 est
2922 3633 3171 3689 haereses
3189 3635 3476 3702 fecerunt,
3498 3643 3569 3694 ab
3594 3645 3720 3695 uni-

2079 3721 2195 3771 tate
2226 3722 2283 3771 et
2311 3718 2553 3773 veritate
2586 3719 2719 3775 fidei
2751 3720 3051 3778 exierunt:
3086 3728 3142 3778 et
3170 3723 3291 3780 illis
3340 3726 3720 3797 fugientibus,

2077 3814 2346 3870 oblivioni
2372 3817 2532 3872 (latus
2560 3835 2704 3887 sum,
2726 3818 2785 3873 id
2816 3824 2922 3883 est,
2986 3820 3243 3893 amplius
3294 3830 3502 3880 curant
3550 3828 3721 3881 remi-

2078 3903 2245 3973 nisci,
2269 3912 2539 3977 tanquam
2570 3918 2855 3977 mortuus,
2886 3908 3107 3965 scilicet
3128 3912 3391 3983 quilibet,
3418 3920 3723 3988 separatus

2074 3992 2192 4057 jam
2226 4009 2266 4047 a
2297 3995 2463 4049 corde
2494 4012 2697 4050 eorum
2725 3999 2911 4067 factus
2936 4014 3065 4054 sum
3086 4004 3359 4073 tanquam
3390 4020 3494 4059 vas
3532 4008 3723 4078 perdi-

2079 4090 2220 4143 tum,
2252 4081 2309 4134 id
2341 4087 2447 4150 est,
2478 4084 2629 4140 sicut
2659 4103 2758 4142 vas
2787 4090 3171 4158 confractum,
3206 4092 3415 4149 inutile
3467 4100 3523 4151 et
3578 4097 3723 4152 nulli

2082 4170 2465 4241 usuiaptum:
2498 4174 2609 4244 vel,
2643 4174 2795 4231 sicut
2822 4177 2966 4234 illud
3000 4197 3099 4235 vas
3128 4183 3282 4251 quod
3314 4186 3403 4237 est
3431 4186 3722 4255 perditum

2082 4259 2281 4314 nullus
2298 4276 2364 4315 eo
2391 4262 2575 4317 utitur
2604 4265 2674 4319 ad
2708 4268 2861 4336 quod
2898 4269 3149 4323 maxime
3183 4270 3291 4323 fuit
3321 4275 3611 4342 paratum,
3648 4274 3727 4326 ita

2081 4364 2187 4420 ego
2209 4348 2280 4403 ab
2301 4349 2385 4404 eis
2407 4350 2715 4408 derelictus
2738 4356 2807 4409 ad
2824 4373 3077 4426 quorum
3099 4357 3406 4411 utilitatem
3424 4359 3726 4414 institutus

2082 4455 2213 4492 sum
2231 4437 2456 4493 inutilis
2479 4440 2625 4494 vivo.
2643 4441 2820 4503 Quasi
2848 4444 3032 4497 dicat:
3070 4444 3223 4511 Ideo,
3245 4444 3386 4515 quia
3400 4463 3502 4516 pro
3526 4447 3727 4503 multis

297 4539 600 4594 laudibus
632 4538 769 4603 tuis,
800 4536 964 4592 video
996 4533 1150 4589 illios
1184 4534 1381 4604 fugere
1402 4531 1855 4601 laborem,sequi
1879 4547 1975 4586 vo-
2007 4526 2053 4589 D
2085 4528 2303 4582 orando
2337 4528 2392 4581 in
2420 4529 2620 4598 paucis
2635 4530 3192 4603 proﬁcio.Quoniam
3214 4533 3415 4589 audivi
3433 4535 3727 4608 vitupera-

294 4629 629 4699 luptatem,
662 4641 935 4699 spernere
964 4624 1292 4695 veritatem,
1332 4620 1574 4692 diligere
1628 4619 1964 4676 vanitatem.

295 4719 451 4773 Ideo
474 4717 730 4784 tribulor,
756 4714 894 4786 quia
912 4712 1265 4768 conturbatus
1284 4715 1359 4765 est
1394 4711 1580 4765 oculus
1612 4726 1782 4777 meus,
1834 4726 1971 4764 ocu-

291 4806 402 4861 lus
422 4804 1019 4860 mentisconturbatus
1050 4804 1145 4869 est,
1166 4799 1221 4854 id
1238 4807 1347 4866 est,
1378 4799 1541 4855 ratio.
1570 4799 1842 4853 Nondum
1875 4815 1971 4853 ex-

288 4899 575 4951 caecatus
606 4895 668 4949 in
694 4892 872 4959 ira,id
896 4896 1002 4960 est,
1024 4890 1183 4945 brevi
1202 4889 1411 4953 furore,
1430 4888 1688 4943 nondum
1732 4888 1788 4940 in
1817 4887 1970 4953 odio,

290 4999 502 5057 quam
537 4982 721 5037 habeo
743 4982 947 5036 videns
973 4978 1102 5034 illos
1121 4996 1179 5033 in
1205 4977 1458 5032 vanitate
1491 4992 1851 5048 permanere,
1871 4976 1970 5032 sed

287 5075 503 5127 timeo
560 5087 631 5126 ne
660 5071 747 5125 ira
775 5073 1033 5124 vertatur
1062 5068 1119 5121 in
1152 5067 1373 5136 odium,
1406 5071 1463 5121 et
1490 5066 1617 5121 ideo
1630 5067 1969 5121 misererere.

284 5173 527 5229 Anima
576 5178 627 5223 et
682 5171 870 5223 venter
931 5182 1101 5231 meus,
1157 5166 1212 5219 id
1291 5169 1399 5232 est,
1477 5164 1756 5220 interiora
1842 5179 1974 5219 mea

286 5261 562 5315 turbata
586 5261 744 5313 sunt.
780 5257 944 5311 Intus
993 5254 1291 5319 absumor,
1352 5254 1513 5309 intus
1570 5258 1771 5320 aestuo,
1834 5253 1973 5325 quia

285 5346 496 5405 irasci
529 5344 683 5415 licet,
715 5345 965 5399 clamare
986 5360 1101 5397 non
1134 5342 1304 5396 licet:
1348 5358 1461 5396 non
1485 5343 1638 5397 enim
1663 5342 1971 5396 clamando

282 5444 349 5494 et
385 5434 772 5506 corripiendo
806 5434 937 5489 illos
991 5432 1329 5504 proficerem
1390 5431 1487 5501 qui
1546 5429 1970 5501 incorrigibiles

282 5530 461 5583 sunt.
499 5524 615 5579 imo
666 5523 1096 5587 exacerbarem,
1155 5525 1213 5575 et
1268 5520 1398 5574 ideo
1456 5518 1699 5574 interius
1746 5520 1967 5588 turbor,

275 5618 576 5681 Hiserere
611 5616 742 5687 mei,
805 5611 1025 5672 scilicet
1079 5609 1213 5671 illos
1268 5608 1653 5685 emendando,
1710 5611 1973 5684 quoniam

2079 4619 2295 4673 tionem
2323 4620 2658 4685 multorum,
2684 4624 2742 4673 et
2773 4618 3007 4674 laudem
3039 4637 3381 4691 paucorum,
3408 4626 3575 4696 pauci
3607 4626 3729 4682 lau-

2083 4708 2297 4762 dantur
2325 4724 2392 4763 ex
2414 4707 2607 4773 nobis,
2639 4713 2697 4763 et
2726 4709 2895 4763 multi
2920 4709 3355 4781 vituperantur;
3407 4715 3725 4771 multorum

2083 4797 2212 4852 dico
2228 4797 2703 4854 commorantium
2734 4799 2794 4852 in
2823 4798 3095 4867 circuitu,
3141 4800 3195 4855 id
3256 4807 3365 4867 est,
3405 4806 3725 4859 amantium

2085 4893 2203 4947 haec
2236 4900 2465 4949 terrena
2494 4911 2619 4964 qua:
2652 4893 2933 4950 volubilia
2974 4902 3029 4952 et
3085 4899 3417 4954 transitoria
3461 4907 3618 4955 sunt.
3662 4906 3727 4955 In

2082 4996 2168 5050 eo,
2191 4980 2413 5036 scilicet
2431 4983 2684 5039 circuitu
2709 4984 2849 5039 dum
2865 4986 3216 5041 convenirent
3236 4987 3585 5052 simut,dum
3608 5006 3728 5043 om-

2084 5086 2187 5125 nes
2216 5070 2273 5125 in
2306 5071 2414 5125 hoc
2446 5073 2819 5128 consentiunt
2840 5077 2903 5128 ut
2931 5074 3270 5129 transitoria
3299 5075 3566 5147 diligant,
3590 5094 3725 5131 con-

2081 5163 2345 5215 temnant
2367 5164 2608 5217 aeterna:
2645 5179 2757 5217 non
2789 5162 2982 5217 solum
3016 5164 3074 5217 in
3108 5179 3173 5218 eo
3188 5170 3598 5233 convenerunt,
3624 5167 3722 5221 sed

2083 5249 2259 5305 etiam
2274 5250 2585 5305 adversum
2611 5267 2713 5320 me,
2738 5251 3231 5322 scilicetaecipere
3248 5253 3510 5309 animam
3539 5272 3725 5311 meam

2057 5339 2367 5395 'consitiati
2393 5348 2546 5409 sunt,
2580 5339 2635 5393 id
2663 5346 2773 5404 est,
2809 5339 3218 5395 laboraverunt
3265 5347 3331 5397 ut
3382 5344 3726 5400 seducerent

2083 5428 2225 5483 alios
2261 5427 2360 5499 qui
2393 5427 2584 5483 adhuc
2613 5429 2671 5483 in
2704 5427 2963 5483 Ecclesia
2994 5435 3150 5484 sunt.
3192 5432 3307 5499 Ego
3334 5436 3526 5486 autem
3554 5435 3614 5488 in
3674 5438 3724 5490 te

2076 5518 2310 5589 speravi
2334 5518 2576 5573 Domine
2604 5518 2781 5584 Quasi
2822 5518 3009 5573 dicat:
3070 5519 3181 5574 Sed
3235 5536 3339 5593 ego
3372 5537 3486 5576 non
3543 5522 3721 5579 defeci

2081 5607 2320 5671 omnino
2343 5607 2401 5671 in
2431 5605 2758 5685 doloreillo,
2809 5608 2947 5689 quia
2983 5607 3292 5673 hominum
3333 5612 3720 5692 perversitati-
