4016 6192
351 347 468 410 295

921 342 1226 407 REMIGII
1271 340 2027 405 ANTISSIODORENSIS
2073 340 2244 402 OPP.
2292 344 2494 403 PARS
2543 343 2591 402 Ῑ.
2625 377 2701 386 —
2738 341 3201 403 EXEGETICA.

3646 339 3766 400 296

355 483 468 537 bus
488 496 706 552 paucos
727 478 1053 534 imitatione
1071 477 1280 549 dignos
1300 477 1631 542 attendens,
1663 474 1888 531 salvare
1916 478 2004 528 ta-
2036 473 2092 538 A
2121 474 2244 528 duli
2274 479 2332 528 et
2359 475 2610 531 haeretici
2643 477 2924 531 adversus
2955 473 3187 530 ﬁdelem
3219 472 3527 545 populum,
3553 472 3653 527 isti
3676 489 3769 544 pa-

358 586 492 625 men
513 571 868 641 quaerenan
889 575 944 623 te
965 567 1223 636 speravi.
1248 568 1306 620 In
1327 583 1440 637 quo
1477 582 1590 620 non
1627 570 1714 619 est
1771 563 2008 619 omnino

357 659 509 731 quod
538 659 792 713 oliendat
813 657 1194 720 amantem,in
1212 665 1265 711 te
1280 655 1536 722 speravi,
1562 653 1615 707 id
1641 657 1748 720 est,
1773 669 2006 707 omnem

354 746 636 801 ﬁduciam
667 762 856 800 meam
889 744 946 799 in
979 748 1034 799 te
1065 744 1255 816 posui.
1291 743 1506 798 Ideoin
1530 750 1579 797 te
1601 744 1845 813 speravi,
1871 741 2010 812 quia

354 836 617 890 oli'ensus
649 833 1117 889 consideratione
1150 831 1552 894 hominum,ac
1584 848 1686 902 per
1715 831 1824 884 hoc
1844 834 1899 883 te
1923 835 2006 883 at-

353 924 621 988 tendens,
647 922 811 976 video
844 927 898 976 te
915 921 1067 976 ultra
1087 921 1408 975 hominem.
1430 921 1613 974 Homo
1639 919 1884 991 proficit,
1904 919 2005 973 ho-

354 1029 449 1067 mo
480 1011 711 1076 deficit;
753 1016 816 1065 ut
848 1027 1079 1081 semper
1108 1011 1261 1065 idem
1295 1026 1376 1064 es.
1414 1010 1480 1064 Et
1511 1014 1815 1080 propterea
1861 1009 2004 1072 dixi,

353 1108 572 1165 scilicet
598 1107 657 1162 in
683 1109 856 1162 corde
881 1125 1029 1163 meo.
1059 1113 1211 1162 Deus
1230 1124 1387 1162 meus
1410 1124 1464 1162 es
1491 1111 1572 1172 lu,
1601 1112 1656 1161 et
1703 1107 1831 1162 ideo
1862 1106 1918 1160 in
1954 1111 2007 1162 te

352 1198 734 1270 Sperandum.
761 1198 826 1250 Et
846 1197 1076 1262 merito,
1098 1197 1235 1268 quia
1257 1198 1316 1250 in
1339 1199 1603 1251 manibus
1620 1197 1754 1257 tuis.
1804 1196 1860 1249 id
1895 1199 2002 1260 est,

350 1287 410 1341 in
442 1286 594 1341 dono
616 1285 814 1357 gratiae
845 1289 961 1339 tum
989 1294 1173 1341 sartes
1204 1301 1359 1352 meae,
1422 1286 1478 1339 id
1531 1290 1638 1348 est,
1695 1285 2005 1339 hzereditas

350 1392 481 1432 mea
511 1391 637 1445 qua
667 1373 812 1428 mihi
853 1390 920 1428 ex
939 1373 1454 1429 misericordiatua
1471 1375 1637 1444 quasi
1663 1390 1764 1444 per
1785 1377 2001 1428 sortem

349 1463 526 1529 venit,
559 1462 714 1534 quod
748 1461 925 1516 aliam
948 1463 1272 1532 portionem
1308 1479 1422 1516 non
1457 1478 1650 1530 quaero
1700 1461 1811 1516 nisi
1847 1465 1903 1515 te
1935 1477 2003 1516 ex

351 1552 538 1623 gratia
559 1557 658 1606 tua
683 1555 800 1606 est:
825 1551 977 1606 sicut
998 1550 1055 1604 in
1081 1551 1368 1606 mittenda
1391 1556 1544 1606 sorte
1559 1566 1670 1604 non
1696 1550 1999 1605 hominum

353 1639 581 1710 merita,
609 1657 721 1694 non
754 1656 1137 1711 personarum
1165 1640 1231 1693 fit
1260 1640 1540 1708 acceptio,
1573 1640 1672 1694 sed
1723 1638 1820 1693 ille
1842 1656 2004 1693 assu-

350 1727 534 1782 mitur
563 1727 655 1781 cui
687 1743 860 1781 casus
892 1727 1137 1788 dederit,
1171 1727 1252 1780 ita
1283 1726 1340 1780 in
1378 1727 1472 1781 Dei
1507 1725 1788 1780 electione
1813 1728 2005 1796 potest

2119 580 2244 618 cem
2279 565 2651 628 adnuntiant,
2686 564 2767 618 illi
2801 563 3023 620 bellum
3049 563 3341 618 inferunt:
3370 562 3464 616 isti
3492 561 3766 628 salutem,

2120 650 2202 704 illi
2237 657 2518 707 mortem:
2557 653 2650 707 isti
2683 653 3025 720 amicitiam,
3053 651 3135 706 illi
3158 651 3448 707 odium.In
3468 652 3766 720 superbia,

2117 742 2416 810 sequendo
2450 758 2577 812 quae
2595 742 2858 796 Christus
2881 741 3309 796 contemnenda
3322 740 3768 796 monstraviLEt

2116 830 2177 882 in
2217 829 2512 891 abusione,
2573 831 2629 883 id
2687 834 2795 895 est,
2856 833 3216 898 contemptu.
3276 828 3415 898 quia
3471 835 3764 885 amatores

2117 917 2320 971 mundi
2337 922 2765 988 contemptores
2790 922 2924 972 sunt
2942 917 3367 972 {idciEtJudmi
3393 917 3449 970 in
3464 917 3763 973 Christum

2115 1006 2366 1076 superbe
2395 1005 2566 1059 locuti
2601 1010 2774 1060 sunt:
2809 1004 3089 1060 Nolumus
3137 1005 3288 1060 hunc
3317 1021 3562 1074 regnare
3590 1023 3766 1076 super

2119 1110 2222 1148 nos
2245 1099 2401 1162 (Luc.
2437 1094 2574 1164 xm).
2610 1095 2678 1148 Et
2707 1093 2763 1147 in
2794 1094 3186 1160 abusione,Ne
3213 1093 3363 1167 forte
3392 1096 3618 1150 veniant
3659 1100 3766 1152 Ro-

2111 1185 2270 1253 nani,
2303 1191 2356 1238 et
2386 1183 2602 1238 tollant
2633 1193 2889 1238 nostrum
2907 1184 3095 1238 locum
3122 1193 3175 1238 et
3206 1192 3427 1253 gentem
3443 1183 3627 1254 (Joar.
3661 1185 3763 1254 x1).

2113 1271 2291 1335 Quasi
2321 1272 2503 1326 dicat:
2526 1272 2654 1326 Ideo
2672 1271 2936 1342 loquitur
2952 1272 3471 1342 adversusjustum
3491 1271 3765 1344 iniquita-

2112 1364 2252 1430 tem,
2286 1361 2424 1432 quia
2450 1379 2564 1416 non
2604 1361 3111 1432 attenduntquam
3144 1359 3333 1416 dulcis
3354 1363 3760 1430 estDominus,

2182 1467 2293 1521 Sed
2328 1483 2432 1537 ego
2446 1467 2544 1538 qui
2561 1451 2968 1538 jam’gustavi,
2985 1467 3114 1522 dico
3139 1484 3151 1521 :
3174 1468 3358 1535 Quam
3378 1484 3592 1538 magna
3613 1471 3763 1524 mul-

2111 1556 2254 1611 tudo
2267 1556 2578 1610 dulcedinis
2597 1559 2728 1620 tuae,
2753 1556 3118 1612 Domine.Nec
3137 1556 3340 1611 oculus
3353 1558 3514 1625 vidit,
3548 1573 3653 1612 nec
3672 1575 3766 1612 au-

2110 1645 2191 1699 ris
2202 1645 2428 1699 audivit
2443 1645 3086 1716 quasprazparavitDeus
3110 1644 3495 1716 diligentibus
3516 1646 3760 1717 sei’ICor.

2112 1734 2196 1803 ιι).
2228 1734 2338 1788 Sed
2366 1734 2717 1788 febricitanti
2748 1733 2940 1805 palato
2964 1751 3078 1788 non
3122 1733 3201 1788 ita
3247 1735 3421 1805 sapit,
3477 1750 3584 1790 nec
3643 1735 3760 1808 lip-

349 1832 478 1872 6830
509 1815 725 1886 aliquis
756 1815 918 1881 Οΐάο,
953 1819 1240 1886 quantum
1265 1816 1337 1869 ad
1363 1832 1495 1870 eum
1531 1815 1630 1886 qui
1653 1813 1849 1868 omnia
1866 1830 1999 1868 cum
2032 1845 2078 1907 Β
2113 1822 2409 1892 pientibus
2458 1821 2641 1876 oculis
2680 1821 2761 1877 ita
2789 1823 3037 1877 videtur.
3071 1822 3175 1876 Hic
3210 1839 3325 1878 non
3351 1823 3598 1894 pleuiter
3618 1825 3765 1880 acci-

351 1904 595 1960 consilio
623 1903 778 1970 facit,
823 1905 946 1970 sed,
982 1905 1119 1975 quia
1150 1922 1253 1958 nos
1276 1904 1418 1958 illud
1452 1904 1813 1974 ignoramus,
1871 1902 1998 1972 ejus

349 1992 691 2048 electionem
725 1992 970 2064 gratiam
1001 1993 1209 2047 merito
1240 2009 1539 2047 vocamus.
1576 1991 1782 2045 Aliter:
1843 1992 1996 2062 quod

349 2086 566 2137 vestem
601 2081 760 2136 illam
788 2081 976 2136 habeo
1001 2099 1126 2152 quae
1156 2099 1257 2152 per
1271 2086 1510 2147 sortem,
1538 2081 1594 2134 id
1609 2085 1716 2141 est.
1751 2081 1998 2151 gratiam

348 2176 512 2227 tuam
546 2171 736 2241 datur,
771 2170 992 2226 scilicet
1021 2170 1364 2225 charitatem
1398 2187 1512 2240 qua
1542 2175 1717 2224 Dcum
1747 2169 1922 2242 diligo
1943 2175 2000 2225 et

349 2261 704 2334 proximum,
720 2262 782 2315 in
803 2261 1065 2315 manibus
1085 2261 1198 2314 tuis
1221 2259 1444 2326 est,hoc
1464 2265 1571 2329 est,
1606 2259 1665 2313 in
1689 2260 1840 2315 dono
1875 2264 1996 2328 tuo,

351 2375 467 2414 non
498 2359 557 2413 in
591 2357 796 2412 merito
824 2375 972 2413 meo.
1002 2359 1071 2412 Et
1100 2358 1235 2428 quia
1267 2360 1400 2413 inte
1441 2359 1691 2426 speravi,
1724 2360 1886 2427 eripe
1911 2373 2000 2411 me

351 2447 423 2502 de
443 2446 719 2502 manibus
739 2447 1110 2502 inimicorum
1124 2464 1399 2512 meorum,
1421 2447 1480 2501 id
1503 2452 1609 2515 est,
1643 2447 1715 2501 ab
1749 2445 1999 2500 homini-

352 2534 463 2588 bus
494 2532 715 2602 iniquis
745 2534 844 2604 qui
873 2539 1011 2589 suut
1041 2552 1252 2590 manus
1285 2535 1854 2605 persequentium,id
1889 2539 1998 2602 est,

354 2619 707 2692 spiritalium
731 2621 1127 2687 inimicorum,
1152 2632 1207 2677 et
1236 2641 1271 2676 a
1300 2623 1762 2694 persequentibus
1792 2638 1898 2686 me,
1941 2621 1999 2675 id

351 2713 463 2776 est,
495 2708 732 2764 diabolo
761 2713 819 2764 et
851 2711 1074 2781 angelis
1105 2712 1252 2780 ejus.
1279 2711 1403 2766 Non
1424 2711 1727 2781 permittas
1769 2710 2000 2781 mecapi

353 2797 582 2870 laqueis
611 2813 835 2866 eorum,
867 2798 954 2854 vel
987 2798 1058 2852 de
1091 2799 1366 2854 manibus
1397 2816 1600 2854 eorum
1633 2799 1854 2854 scilicet
1900 2798 1999 2870 qui

351 2903 457 2960 per
503 2903 756 2942 errorem
819 2887 962 2942 mihi
1021 2887 1394 2943 insidiantur.
1452 2893 1520 2945 Et
1556 2906 1596 2944 a
1664 2904 1998 2959 persequen-

353 2977 521 3042 tibus,
556 2976 614 3030 id
641 2980 752 3039 est,
787 2981 982 3047 aperte
1032 2977 1515 3048 impugnantibus
1574 2995 1674 3050 per
1722 2995 1997 3033 errorem.

355 3074 422 3128 Et
451 3074 685 3128 tandem
713 3073 956 3129 illustra
981 3075 1198 3143 [aciem
1220 3084 1376 3130 tuam
1396 3085 1996 3147 superservumtuum,

351 3161 413 3216 id
453 3165 561 3228 est,
591 3163 832 3216 ostende
868 3162 1327 3218 benevolentiam
1386 3168 1548 3219 tuam
1581 3164 1640 3217 in
1690 3181 1802 3230 me,
1862 3164 1999 3217 dan-

2111 1910 2280 1981 piunt
2310 1911 2636 1981 praemium,
2670 1911 2770 1966 sed
2799 1911 2856 1965 in
2893 1913 3087 1966 futuro
3119 1916 3475 1982 exspectant.
3509 1913 3572 1967 In
3623 1918 3764 1980 Deo,

2110 1997 2256 2051 nihil
2289 2003 2378 2052 est
2409 1998 2562 2068 quod
2597 1999 2766 2052 bonis
2797 1998 3120 2071 displiceat,
3155 1999 3299 2053 nihil
3358 2004 3552 2055 autem
3603 2002 3762 2073 quod

2111 2086 2280 2140 malis
2312 2087 2554 2158 placeat.
2589 2090 2774 2154 Quam
2803 2088 3167 2142 abscondisti
3194 2090 3518 2144 timentibus
3569 2095 3642 2155 te,
3698 2096 3765 2145 ut

2109 2175 2215 2229 soli
2268 2175 2351 2229 illi
2411 2177 2481 2230 ad
2543 2192 2670 2231 eam
2732 2177 3105 2246 perveniant:
3174 2177 3319 2230 nihil
3368 2176 3602 2233 dulcius
3653 2179 3762 2234 im-

2108 2263 2461 2318 mortalitate
2511 2263 2832 2335 sapientiaz,
2895 2265 2994 2319 sed
3024 2281 3057 2318 a
3087 2264 3298 2320 timore
3344 2265 3643 2337 incipitur,
3699 2272 3761 2322 et

2108 2352 2368 2423 quandiu
2392 2352 2653 2421 timetur,
2678 2369 2793 2408 non
2822 2353 3160 2423 pervenitur
3180 2354 3249 2407 ad
3273 2369 3422 2424 eam,
3446 2355 3543 2410 sed
3571 2371 3760 2412 serva-

2108 2445 2204 2494 tur
2220 2445 2283 2495 ut
2305 2441 3021 2511 pervenias.Per/'ecisti.id
3051 2447 3160 2506 est,
3175 2443 3422 2513 perfecte
3444 2445 3756 2500 ostendisti

2108 2531 2187 2583 eis
2216 2531 2315 2599 qui
2343 2539 2575 2600 sperant
2610 2533 2668 2584 in
2689 2535 2743 2585 te
2757 2531 3128 2601 inconspectu
3148 2529 3412 2601 ﬁliorum
3439 2533 3755 2601 hominum,

2109 2616 2164 2670 id
2197 2622 2285 2672 est
2320 2618 2566 2689 perfecte
2594 2619 3104 2686 credentibus.Qui
3130 2620 3430 2674 erubuerit
3444 2637 3536 2676 me
3564 2639 3757 2676 coram

2111 2706 2462 2769 hominibus,
2491 2707 2814 2762 erubescam
2843 2711 2899 2761 et
2919 2723 3018 2776 ego
3041 2721 3167 2763 eum
3197 2724 3397 2763 coram
3426 2715 3608 2765 Patre
3633 2727 3758 2766 meo

2110 2799 2260 2861 (Luc.
2295 2795 2392 2865 ιχ).
2420 2795 2549 2848 Haec
2577 2801 2665 2849 cst
2693 2795 2791 2850 illa
2823 2795 3068 2850 dulcedo
3090 2813 3222 2867 qua:
3243 2797 3315 2851 ab
3343 2798 3759 2871 oculisimpio-

2109 2900 2236 2937 rum
2259 2884 2599 2938 abscondita
2629 2889 2736 2951 est,
2766 2885 3003 2939 dabitur
3027 2889 3223 2940 autem
3243 2887 3494 2956 perfecte
3516 2887 3635 2943 illis
3657 2888 3755 2960 qui

2108 2990 2223 3027 non
2259 2973 2468 3027 timent
2497 2973 2758 3027 conﬁteri
2789 2974 3100 3028 Dominum
3135 2974 3193 3029 in
3223 2981 3541 3043 conspectu,
3565 2977 3620 3030 id
3644 2982 3754 3044 est,

2109 3061 2417 3133 przesentia
2433 3062 2687 3131 ﬁliorum
2705 3063 3021 3126 hominum,
3045 3063 3099 3117 id
3127 3068 3609 3134 est,peccatorum
3631 3082 3760 3136 per-

2109 3149 2423 3204 tinentium
2447 3151 2517 3205 ad
2534 3154 2880 3205 vetustatem
2903 3152 3038 3205 Adae
3061 3157 3118 3206 et
3144 3152 3345 3216 Evae,et
3366 3167 3476 3204 non
3501 3152 3573 3204 ad
3594 3154 3757 3206 novi-

352 3250 426 3305 do
457 3211 601 3305 mihi
661 3251 1148 3307 resurrectionem
1206 3257 1262 3306 et
1320 3211 1843 3319 immortalitatem,
1907 3268 1996 3306 se-
2029 3211 2070 3278 Ο
2112 3245 2288 3294 tatem
2319 3240 2556 3295 Christi
2589 3242 2899 3295 Αὺδσοηάεε
2927 3257 3020 3296 €03
3049 3242 3121 3296 ab
3153 3240 3335 3296 0011133
3364 3239 3618 3310 ﬁliorum
3646 3241 3750 3296 Ῑιοο

351 3355 493 3410 para
521 3355 706 3411 grana
735 3357 769 3394 a
799 3339 1004 3411 paleis,
1036 3357 1222 3412 grana
1251 3342 1696 3396 assumanturin
1722 3342 1996 3396 horreum
2050 3392 2055 3395 ,

348 3431 542 3498 tuum,
578 3431 801 3510 salvum
830 3446 919 3483 me
947 3430 1046 3502 fac
1075 3431 1134 3485 in
1166 3432 1573 3487 misericordia
1605 3441 1726 3495 tua,
1769 3448 1882 3487 non
1936 3431 1997 3485 in

350 3517 559 3572 merito
590 3533 742 3572 meo.
783 3519 1042 3584 Domine,
1085 3520 1175 3574 cui
1235 3520 1558 3576 voluntarie
1616 3537 1710 3576 me
1767 3536 1996 3576 servum

351 3604 614 3673 exhibeo,
631 3622 745 3662 non
758 3607 1090 3679 confundar
1105 3611 1764 3679 aeternaconl'usionemt
1785 3609 1863 3663 illi
1897 3610 1999 3680 qui

349 3699 404 3750 te
416 3693 730 3750 Dominum
750 3695 964 3752 habere
975 3697 1200 3752 volunt.
1218 3700 1508 3770 Quoniam
1520 3700 1770 3754 invocavi
1792 3698 2002 3753 te.Par—

345 3799 481 3839 vum
506 3784 734 3839 videtur
748 3784 856 3840 hoc
871 3785 1144 3840 meritum
1182 3788 1251 3840 ad
1287 3787 1396 3841 hoc
1417 3788 1571 3858 quod
1595 3792 1774 3858 optat,
1801 3787 1899 3842 sed
1951 3786 2001 3842 si

347 3873 496 3928 bene
525 3874 881 3939 attendatur,
914 3890 1196 3946 magnum
1224 3879 1330 3930 est.
1361 3875 1523 3930 Multi
1547 3879 1755 3930 vocant
1804 3874 2000 3929 Domi-

349 3976 515 4027 num,
550 3977 664 4014 non
689 3967 925 4032 propter
956 3963 1295 4032 Dominum,
1330 3965 1428 4020 sed
1466 3969 1702 4036 propter
1741 3963 1923 4027 aliud,
1952 3964 2002 4018 si

349 4047 507 4103 enim
530 4047 603 4102 ab
626 4047 738 4103 alio
769 4049 982 4106 habere
1015 4059 1257 4122 possent
1287 4055 1438 4126 quod
1475 4054 1831 4117 desiderant,
1887 4069 2001 4108 non

351 4137 1502 4201 eumorarent,nonilliadhaererent.Sed
1547 4142 1631 4196 illi
1672 4143 1780 4198 soli
1810 4142 2002 4197 Domi-

353 4241 497 4280 num
519 4224 902 4297 invocantqui
921 4227 976 4280 in
1007 4227 1331 4299 hospitium
1354 4231 1547 4285 cordis
1571 4231 1660 4285 sui
1689 4231 2002 4286 Dominum

349 4317 562 4369 vocant
591 4317 650 4368 et
677 4330 776 4370 cor
805 4331 980 4370 suum
1005 4317 1449 4372 omnivitiorum
1473 4320 1642 4374 sorde
1666 4324 2008 4392 purgant,ut

351 4401 466 4458 tale
498 4402 820 4475 hospitium
851 4403 1140 4460 Dominus
1188 4406 1413 4478 ingredi
1472 4425 1587 4462 non
1637 4408 2003 4481 dedignatur.

357 4500 712 4558 Erubescant
737 4501 1024 4573 impiiqui
1057 4507 1112 4557 te
1144 4519 1258 4558 non
1282 4503 1662 4560 invocant.Et
1696 4505 1804 4561 hoc
1834 4506 2006 4560 modo

2105 3329 2327 3384 minum
2367 3329 2426 3383 in
2459 3328 2621 3398 ccelo,
2664 3346 2778 3384 non
2812 3331 2870 3383 in
2920 3330 3212 3400 paradiso,
3246 3330 3343 3384 sed
3401 3332 3461 3384 in
3515 3330 3755 3386 abscon-

2105 3417 2220 3473 dito
2249 3417 2425 3492 faciei
2453 3423 2586 3484 tuae,
2616 3417 2671 3472 id
2697 3418 2872 3485 est,in
2896 3423 3114 3474 secreto
3133 3417 3257 3474 loco
3280 3418 3598 3490 praesentia:
3615 3424 3751 3485 tuae,

2107 3534 2222 3588 quo
2246 3535 2359 3573 non
2388 3522 2477 3571 est
2497 3516 2581 3570 fas
2606 3515 2708 3570 ulli
2734 3515 3050 3586 impiorum
3071 3516 3363 3584 accedere,
3385 3515 3630 3572 vilescat
3650 3517 3755 3572 tibi

2110 3607 2396 3678 quidquid
2431 3609 2520 3660 est
2550 3609 2760 3676 praeter
2788 3621 2944 3674 eum,
2979 3604 3201 3659 habitet
3232 3604 3290 3659 in
3322 3609 3400 3674 te,
3464 3605 3756 3661 habitabis

2109 3696 2169 3749 in
2197 3713 2282 3750 eo.
2318 3696 2453 3748 Esto
2484 3694 2695 3748 domus
2715 3691 2890 3748 illius.
2925 3693 3036 3748 erit
3055 3694 3269 3748 domus
3285 3698 3407 3758 tua,
3442 3694 3755 3750 abscondi-

2111 3787 2231 3837 tam
2263 3782 2487 3852 paravit
2513 3781 2612 3835 tibi
2640 3781 2842 3836 faciem
2868 3798 3037 3836 suam
3059 3781 3278 3837 visione
3295 3799 3424 3848 sua,
3450 3785 3758 3854 praesentia

2113 3889 2218 3928 sua
2240 3871 2498 3925 tuebitur
2516 3875 2591 3924 te.
2612 3873 2657 3924 A
2686 3871 3125 3926 conturbatione
3153 3873 3461 3936 hominum,
3494 3872 3554 3927 id
3584 3877 3695 3941 est,
3726 3889 3759 3928 a

2114 3959 2515 4032 persecutione
2546 3964 2939 4029 peccatorum,
2970 3963 3026 4013 et
3055 3959 3288 4016 interim
3314 3961 3456 4015 dum
3489 3961 3562 4015 ad
3595 3961 3756 4016 illam

2113 4048 2484 4104 dulcedinem
2503 4048 2723 4102 teudun
2736 4054 2772 4117 t,
2786 4057 3044 4120 proteges
3055 4049 3397 4115 eos,scilicet
3410 4067 3444 4103 a
3459 4051 3762 4106 devotione

2115 4138 2510 4194 inimicorum.
2536 4141 2618 4208 In,
2644 4138 3011 4194 tabernaculo
3033 4147 3150 4202 tuo,
3175 4138 3229 4193 id
3251 4143 3358 4208 est,
3392 4138 3450 4192 in
3482 4138 3763 4194 ecclesia-

2114 4228 2279 4282 sticis
2298 4227 2580 4282 institutis
2596 4227 2650 4280 in
2667 4227 2881 4297 quibus
2893 4227 2996 4281 tibi
3017 4225 3334 4296 militant,a
3349 4227 3765 4283 contradictio-

2115 4334 2186 4371 ne
2208 4317 2631 4385 linguarum,ut
2654 4315 2936 4371 unitatem
2961 4319 3018 4370 et
3036 4315 3333 4371 veritatem
3351 4315 3484 4371 ﬁdei
3499 4320 3760 4383 teneant,

2116 4406 2363 4461 haereses
2392 4423 2504 4460 non
2538 4406 2858 4470 incurrant,
2894 4404 3297 4460 contradicunt
3352 4404 3760 4460 haereticorum

2116 4494 2500 4567 linguze.Tu,o
2522 4493 2939 4561 christiane,ad
2959 4493 3403 4549 tabernaculum
3421 4494 3752 4566 fuge,regu-

353 4590 722 4657 erubescant,
752 4593 1116 4648 deducantur
1135 4594 1194 4648 ίη
1218 4593 1532 4666 infernum,
1565 4595 1767 4649 Mer-ua
1801 4611 2001 4649 eorum
2036 4581 2081 4646 Β
2113 4583 2228 4638 lam
2242 4582 2602 4639 tene.Aliter:
2625 4583 2941 4639 Abscondes
2957 4598 3050 4638 eos
3065 4583 3770 4652 in-absconditofacieit-u-

357 4676 650 4732 deducant
678 4695 776 4734 eos
807 4697 876 4735 ex
901 4682 1164 4747 adverso,
1200 4686 1263 4736 ut
1292 4699 1425 4737 cum
1457 4683 1604 4738 servi
1638 4684 1722 4737 tui
1757 4683 1877 4738 sint
1932 4683 2003 4737 ad

356 4764 676 4834 dexteram,
709 4766 792 4820 illi
824 4769 1114 4824 dedantur
1143 4770 1214 4824 ad
1247 4771 1577 4826 sinistram:
1609 4771 1665 4826 hi
1698 4772 1756 4826 in
1825 4773 2004 4826 vitam

356 4858 658 4924 aeternam,
692 4854 775 4908 iili
809 4856 868 4910 in
901 4857 1254 4928 supplicium
1284 4864 1563 4916 aeternum
1596 4863 1827 4932 (Matth.
1853 4864 2004 4928 xxv),

356 4941 447 4998 vel
470 4942 837 4998 deducantur
867 4943 960 4998 hic
1014 4947 1070 5000 in
1121 4948 1438 5016 infernum,
1472 4949 1530 5004 id
1587 4955 1692 5014 est,
1753 4950 1823 5004 in.
1870 4967 2006 5005 con-

360 5037 718 5088 summatam
754 5033 1174 5106 nequitiam.Et
1204 5038 1440 5092 tandem
1475 5048 1632 5094 muta
1659 5038 1801 5111 ﬁant
1819 5041 2008 5096 labia-

360 5122 586 5186 dotosa,
608 5121 763 5177 labia
791 5122 1170 5178 inimicorum
1202 5125 1416 5181 Christi
1447 5133 1504 5183 et
1561 5129 1848 5194 Ecclesia),
1908 5130 2009 5201 qui.

361 5226 496 5265 cum
529 5211 780 5266 viderint
811 5211 942 5267 illos
965 5229 1114 5284 quos
1136 5213 1464 5281 habuerun,
1489 5217 1545 5272 in
1569 5218 1824 5273 derisum
1850 5220 2007 5290 (Sap.

359 5299 440 5371 v),
472 5298 530 5353 in
554 5299 760 5372 gloria,
791 5318 853 5356 se
886 5308 1083 5358 autem
1116 5302 1173 5358 in
1199 5303 1452 5373 miseria,
1493 5323 1605 5361 non
1656 5307 1808 5362 ultra
1847 5312 2012 5379 pote-

363 5392 502 5443 runt
531 5390 926 5445 contradicere
959 5392 1208 5447 veritati.
1253 5393 1520 5450 Ostendit
1575 5413 1702 5468 quae
1752 5395 1870 5451 sint
1913 5395 2014 5451 illa

364 5477 523 5534 labia
545 5478 768 5542 dolosa,
790 5479 1149 5552 scilicetquae
1175 5481 1268 5538 hic
1289 5485 1596 5556 loquuntur
1622 5487 1898 5542 adversus
1902 5489 2014 5558 ju-

363 5576 514 5623 stum
543 5567 928 5642 iniquitatem.
963 5569 1148 5624 Judaei
1181 5573 1462 5629 adversus
1517 5574 1836 5638 Christum,
1889 5579 2016 5631 Non

369 5655 634 5726 habemus
662 5674 856 5733 regem
884 5659 1002 5717 nisi
1027 5660 1330 5720 Caesarem
1349 5662 1547 5736 (Joan.
1571 5663 1712 5739 xii).
1736 5664 1805 5722 Et
1836 5665 2018 5724 inore-

2112 4673 2242 4741 ae,id
2263 4673 2392 4736 est,i
2406 4677 2540 4728 ntus
2554 4672 2610 4726 in
2625 4671 3199 4742 corde,ubifacies,id
3213 4672 3643 4743 est,pra:seutia
3659 4676 3760 4726 tua

2114 4763 2456 4818 abscondita
2468 4763 3069 4827 est,aconturbatione
3080 4760 3620 4832 hominum,utilluc
3633 4777 3765 4816 con-

2114 4851 2403 4924 fugientes
2417 4849 3126 4922 desuperirrideant,foris
3139 4850 3769 4913 conturbantes.0uem

2118 4941 2434 4996 admodum
2451 4939 2544 4995 ille
2567 4940 2667 5010 qui
2683 4939 2972 4995 munitam
2987 4941 3228 4995 domum
3245 4938 3586 5006 habet,illuc
3608 4956 3671 4995 se
3685 4955 3774 4995 re-

2118 5031 2302 5103 cipita
2319 5030 2460 5086 facie
2475 5028 2950 5101 tempestatis,ita
2963 5030 3034 5083 ad
3048 5029 3470 5084 conscientiam
3485 5045 3696 5099 puram
3716 5028 3775 5082 in

2121 5148 2236 5203 qua
2253 5130 2405 5184 Deus
2422 5127 2994 5199 inhabitat,quisque
3007 5127 3196 5182 ﬁdelis
3229 5127 3780 5182 recurritaturbine

2122 5217 2599 5291 persecutionum
2614 5220 2776 5271 tutus
2791 5221 3067 5282 manet,et
3083 5233 3196 5271 non
3211 5215 3402 5272 solum
3419 5215 3782 5287 intusprote-

2122 5324 2244 5380 ges,
2265 5306 2363 5360 sed
2391 5304 2566 5359 etiam
2591 5305 3028 5375 foris.Proteges
3051 5321 3145 5360 eos
3163 5308 3220 5360 in
3234 5305 3609 5360 tabernaculo
3623 5308 3722 5359 tuo
3739 5320 3786 5360 α

2123 5396 2583 5452 contradictione
2615 5395 2964 5466 linguarum,
3000 5395 3162 5459 foris,
3189 5394 3245 5448 id
3266 5398 3356 5450 est
3376 5395 3434 5448 in
3459 5394 3784 5449 manifesto

2121 5496 2382 5558 proteges
2410 5487 2468 5540 in
2500 5483 2879 5540 tabernaculo
2908 5489 3020 5549 tuo,
3055 5484 3111 5538 id
3145 5488 3258 5549 est,
3291 5484 3348 5537 in
3390 5483 3786 5539 sacramentis

2125 5575 2538 5632 ecclesiasticis
2552 5592 2586 5629 a
2599 5575 3045 5630 contradictione
3063 5573 3501 5644 linguarum,ut
3513 5576 3788 5628 tenentes

2124 5664 2412 5724 unitatem
2443 5669 2500 5725 et
2531 5663 2833 5723 veritatem
2873 5663 3007 5720 ﬁdei
3065 5680 3181 5722 non
3238 5662 3484 5720 timeant
3530 5677 3788 5737 pravum
