4016 6192
221 377 230 381 _
317 314 442 376 ~29"!

1447 310 2060 376 ENABRATIONES
2103 310 2183 373 IN
2231 309 2608 374 PSALMOS.

3613 310 3732 370 298

325 448 542 518 dogma
570 444 997 502 haereticorum.
1031 444 1101 500 Et
1129 445 1188 500 in
1221 444 1314 501 his
1345 445 1619 501 omnibus
1652 445 1969 513 beneﬁciis,
2002 450 2057 514 Α
2085 448 2314 517 speratis
2345 447 2400 500 in
2433 447 2679 512 Domino,
2715 461 2829 499 non
2861 444 2919 497 in
2947 443 3180 514 saeculo,
3213 441 3437 498 scilicet
3461 442 3561 513 qui
3585 459 3734 512 prae-

325 533 415 591 vel
445 534 730 598 habentes
759 549 896 606 ergo
924 537 1148 590 tantam
1181 551 1345 606 spem
1378 551 1481 606 per
1509 534 1973 590 misericordiam

324 623 450 690 Dei,
483 623 752 679 dicamus
781 641 793 677 :
828 623 1148 679 Benedictus
1179 625 1464 695 Dominus,
1490 623 1546 678 id
1578 629 1666 679 est
1692 622 1975 695 multipli-

318 718 486 768 cetur
515 717 573 767 et
601 717 828 768 crescat
858 713 917 768 in
949 713 1094 769 suis.
1129 714 1400 782 Quoniam
1427 715 1748 784 miriﬁcavil
1765 715 1978 768 miseri~

317 802 568 859 cordiam
615 819 779 857 suam
806 802 972 870 mihi,
1005 803 1062 858 id
1096 808 1203 874 est,
1255 819 1529 876 magnam
1562 807 1619 857 et
1649 802 1976 858 mirabilem

320 891 469 947 mihi
519 891 782 968 ostendit
813 891 1195 947 salvationem
1228 909 1396 948 suam
1427 895 1487 946 in
1517 894 1735 947 civitate
1765 894 1978 946 munita

317 989 458 1045 alibi
484 989 921 1061 circumstante,
945 991 1001 1045 id
1026 995 1134 1058 est,
1160 991 1218 1046 in
1243 991 1525 1046 catholica
1547 989 1824 1054 Ecclesia,
1851 1007 1977 1061 quae

319 1079 490 1151 prius
508 1079 567 1134 in
587 1079 793 1134 Judaaa
815 1083 1042 1134 tantum
1062 1097 1257 1152 parva,
1278 1096 1432 1135 nunc
1453 1079 1680 1134 munita
1696 1083 1784 1134 est
1802 1096 1979 1150 popu-

319 1166 524 1223 lorum
557 1168 884 1239 frequentia
913 1184 1017 1240 per
1046 1168 1326 1224 circulum
1351 1173 1516 1223 terra:
1539 1167 1700 1222 illam
1723 1167 1975 1238 priorem

320 1255 620 1312 ambiente
651 1260 708 1311 et
739 1257 1068 1312 muniente.~
1113 1258 1283 1312 Prius
1327 1257 1437 1312 fuit
1475 1256 1733 1312 Ecclesia
1761 1256 1821 1310 in
1855 1259 1979 1312 sola

319 1345 547 1413 Judaea,
606 1344 746 1416 quia
789 1344 870 1399 ibi
910 1345 1021 1400 fuit
1050 1345 1178 1401 laus
1211 1345 1330 1416 Dei,
1365 1346 1444 1400 ibi
1476 1350 1863 1413 sacramenta,
1896 1345 1975 1399 ibi

327 1435 767 1506 quodammodo
820 1451 1064 1490 accensa
1094 1440 1236 1490 sunt
1268 1435 1532 1508 quaedam
1564 1434 1744 1506 ligna,
1777 1434 1836 1489 id
1868 1437 1976 1496 est,

327 1521 576 1594 apostoli
607 1521 740 1595 igne
761 1522 938 1576 divini
962 1523 1235 1594 Spiritus,
1264 1528 1320 1580 et
1339 1524 1606 1579 exierunt
1627 1528 1685 1578 et
1707 1524 1978 1578 combus-

327 1615 533 1667 serunt
561 1628 766 1667 omnes
797 1611 987 1684 sylvas
1021 1629 1123 1683 per
1154 1613 1489 1682 circuitum,
1523 1612 1580 1667 id
1611 1617 1718 1676 est,
1750 1611 1980 1684 gentili-

319 1705 498 1757 tatem
532 1701 798 1772 undique
827 1718 928 1774 per
951 1701 1264 1756 circuitum
1288 1701 1450 1757 illius
1473 1701 1683 1774 prioris
1705 1700 1977 1768 civitatis,

321 1791 394 1846 ad
417 1805 677 1846 amorem
695 1789 794 1846 Dei
812 1790 1184 1862 praedicando
1202 1791 1617 1860 accenderunt,
1635 1795 1691 1846 et
1711 1791 1794 1846 sic
1816 1789 1974 1845 illam
2011 1823 2053 1887 Β

320 1882 574 1952 priorem
601 1879 897 1936 civitatem
931 1879 1363 1952 ampliaverunt
1394 1885 1451 1935 et
1480 1880 1854 1947 munierunt;
1885 1879 1973 1934 vel

327 1969 386 2022 in
404 1969 620 2024 civitate
636 1969 877 2036 munita,
900 1968 957 2023 id
980 1973 1088 2037 est,
1109 1969 1441 2024 Jerusalem
1464 1969 1524 2024 in
1548 1969 1738 2024 medio
1758 1969 1976 2023 mundo

325 2056 536 2128 posita,
574 2057 654 2112 ibi
685 2059 1002 2128 miriﬁcavit
1028 2059 1474 2130 misericordiam
1513 2075 1694 2128 suam,
1728 2057 1868 2130 quia
1897 2057 1978 2113 ibi

326 2150 524 2213 natus,
545 2145 624 2200 ibi
646 2163 879 2218 passus,
910 2146 988 2201 ibi
1011 2146 1435 2214 ascendit.Vel,
1459 2147 1751 2202 munitam
1777 2146 1980 2202 civita-

331 2240 452 2290 tem
485 2235 628 2289 dicit
657 2234 980 2290 Ecclesiam
1009 2234 1359 2290 catholicam
1386 2235 1647 2305 undique
1673 2251 1773 2306 per
1805 2233 1980 2288 ﬁdem

337 2323 655 2390 munitam,
675 2322 764 2379 vel
785 2322 1112 2379 Jerusalem
1135 2323 1427 2378 caelestem
1446 2323 1736 2378 munitam
1756 2321 1985 2394 angelo-

338 2427 468 2465 rum
488 2411 831 2482 lrequentia.
848 2411 917 2465 Et
933 2415 996 2465 ut
1013 2409 1111 2466 illa
1129 2411 1547 2477 misericordia,
1566 2411 1624 2466 id
1643 2415 1751 2478 est,
1765 2411 1984 2466 redem-

331 2498 454 2571 ptio
466 2503 522 2554 et
539 2498 779 2555 salvatio
800 2500 1171 2555 mirificaretu
1180 2518 1225 2571 r,
1244 2502 1350 2570 Ego
1363 2508 1545 2555 autem
1556 2501 1682 2555 duri
1697 2503 1752 2556 in
1770 2516 1985 2556 excessu

328 2590 534 2644 mentis
557 2603 698 2645 mea:
715 2605 735 2642 :
767 2589 1052 2659 Projectus
1071 2605 1193 2643 sum
1214 2607 1247 2642 a
1266 2591 1413 2659 facie
1435 2590 1716 2644 oculorum
1740 2597 1981 2656 tuorum,

332 2685 600 2757 cogitans
631 2701 724 2739 me
755 2685 814 2739 in
842 2685 1031 2756 primo
1058 2690 1297 2756 parente
1323 2691 1815 2758 transgressorem
1837 2701 1983 2758 prte-

333 2774 482 2846 cepti
513 2772 618 2841 tui,
647 2789 818 2844 quem
847 2789 915 2828 ex
941 2789 1157 2846 magna
1179 2773 1578 2830 misericordia
1600 2774 1854 2830 similem
1879 2773 1984 2830 tibi

333 2879 658 2930 creaveras,
709 2861 1098 2918 immortalem
1147 2863 1389 2931 feceras,
1424 2863 1481 2917 in
1513 2862 1699 2935 gloria
1728 2862 1986 2935 paradisi

333 2968 638 3025 posueras,
671 2952 1025 3023 quandoque
1052 2951 1123 3007 ad
1151 2953 1432 3023 majorem
1463 2951 1708 3025 gloriam
1738 2952 1983 3008 transfe-

334 3042 608 3097 rendum.
642 3042 798 3108 Dixi,
827 3040 884 3094 id
916 3045 1024 3107 est,
1055 3040 1320 3113 cogitavi.
1346 3042 1622 3113 Projectus
1649 3059 1773 3096 sum
1793 3059 1826 3097 a
1845 3043 1988 3112 facie

335 3131 622 3186 oculorum
641 3139 882 3184 tuorum.
906 3129 1100 3184 Tantae
1127 3134 1265 3184 sunt
1286 3128 1628 3201 iniquitates
1653 3147 1791 3185 meae
1817 3130 1990 3202 origi-

2086 534 2268 589 mium
2301 533 2518 589 laboris
2547 535 2718 590 vestri
2752 534 3001 606 speratis
3031 550 3065 588 a
3098 531 3362 596 Domino,
3415 534 3471 585 et
3523 547 3637 585 non
3673 530 3732 584 in

2087 623 2199 678 alia
2229 640 2288 678 re
2323 623 2433 677 nisi
2467 624 2524 676 in
2559 624 2684 693 ipso
2717 623 2988 679 Domino.

2159 714 2221 766 In
2244 728 2378 767 voce
2400 712 2608 783 capitis
2627 713 3006 783 exposuimus
3031 711 3324 785 psalmum
3354 709 3462 765 sub
3486 723 3739 780 persona

2089 801 2506 856 membrorum.
2532 805 2729 856 Potest
2748 807 2946 858 autem
2973 801 3182 874 exponi
3209 801 3268 855 in
3293 815 3430 854 voce
3453 800 3508 852 et
3528 796 3589 850 in
3615 812 3739 868 per-

2089 908 2231 946 sona
2261 891 2447 962 ipsius
2477 889 2708 962 capitis,
2741 891 2849 946 hoc
2881 892 3052 947 modo
3079 908 3091 945 :
3132 892 3196 946 In
3227 896 3297 954 te,
3331 888 3579 954 Domine,
3609 901 3737 956 spe-

2088 981 2230 1045 ravi,
2262 977 2737 1051 ego'Dominicus
2769 980 2963 1049 homo,
2991 997 3022 1036 o
3045 982 3272 1036 Domine
3298 978 3574 1042 Verbum,
3602 975 3660 1029 in
3682 977 3740 1029 te

2087 1074 2176 1125 est
2207 1086 2340 1141 spes
2371 1067 2797 1140 corporalitatis
2831 1087 2991 1136 mea,
3024 1087 3139 1124 non
3173 1067 3401 1140 speravi
3431 1067 3490 1121 in
3525 1081 3638 1132 me,
3673 1067 3740 1118 ut

2086 1158 2266 1213 miser
2318 1158 2526 1212 Adam.
2579 1158 2647 1211 Et
2690 1158 2838 1223 ideo,
2874 1174 2982 1212 non
3013 1157 3324 1227 confundor
3353 1160 3414 1211 in
3437 1159 3735 1224 aeternum,

2067 1248 2366 1330 confusus
2395 1264 2527 1300 sum
2561 1246 2618 1300 in
2652 1246 2945 1317 passione,
2976 1263 3085 1302 non
3105 1246 3427 1317 confundar
3449 1246 3505 1300 in
3530 1248 3736 1310 morte,

2087 1337 2188 1408 qui
2211 1335 2489 1401 dixi,Post
2508 1343 2615 1390 tres
2636 1335 2754 1390 dies
2774 1352 3078 1406 resurgam.
3095 1336 3161 1389 Et
3185 1337 3250 1390 ut
3275 1350 3386 1389 non
3408 1333 3739 1404 confundar,

2087 1427 2144 1479 in
2177 1430 2274 1480 tua
2295 1426 2516 1496 justitia
2547 1425 2721 1479 libera
2749 1441 2854 1493 me,
2888 1424 3109 1480 scilicet
3137 1441 3171 1478 a
3201 1429 3406 1490 morte,
3436 1423 3656 1478 scilicet
3680 1423 3740 1476 in

2087 1514 2419 1569 humilitate
2471 1518 2529 1568 et
2578 1513 2911 1570 obedientia
2960 1531 3062 1584 per
3093 1529 3271 1584 quam
3295 1513 3612 1583 justiﬁcas,
3641 1508 3742 1581 qui

2087 1604 2265 1658 Adam
2293 1603 2608 1658 destituisti
2642 1604 2700 1658 in
2735 1603 3118 1673 suajustitia.
3152 1607 3271 1658 Hoc
3304 1601 3476 1656 modo
3510 1601 3692 1656 libera
3721 1616 3738 1652 :

2086 1694 2302 1749 Inclina
2322 1692 2391 1746 ad
2412 1709 2500 1747 me
2519 1709 2711 1748 aurem
2735 1703 2912 1761 tuam,
2939 1692 3010 1746 ad
3038 1691 3445 1746 infirmitatem
3469 1689 3743 1745 humani-

2086 1782 2224 1836 tatis
2255 1781 2616 1837 divinitatem
2650 1785 2812 1836 tuam
2845 1782 3077 1847 inclina,
3129 1785 3215 1844 ut,
3262 1796 3395 1835 cum
3429 1778 3646 1835 moriar
3677 1794 3746 1833 ex

2085 1871 2426 1926 inﬁrmitate
2459 1870 2674 1936 carnis,
2700 1887 3006 1942 resurgam
3029 1888 3097 1925 ex
3121 1869 3380 1942 potentia
3400 1867 3741 1924 divinitatis.

2084 1961 2342 2016 Accelera
2371 1969 2431 2015 ut
2456 1976 2626 2015 eruas
2651 1977 2756 2022 me,
2789 1959 3011 2015 scilicet
3059 1961 3131 2014 de
3186 1961 3347 2015 fovea
3395 1957 3621 2027 mortis,
3672 1971 3744 2011 ne

2087 2049 2324 2106 differas
2355 2066 2446 2104 me
2479 2051 2833 2106 resuscitare
2859 2064 3048 2120 usque
3069 2049 3129 2103 in
3153 2063 3528 2104 communem
3552 2062 3744 2101 resur-

2089 2139 2425 2194 rectionem.
2477 2141 2601 2194 Eslo
2647 2140 2788 2193 mihi
2828 2141 2886 2193 in
2927 2139 3098 2192 Deum
3123 2143 3487 2209 protectorem
3516 2135 3574 2189 in
3610 2151 3742 2206 pas-

2092 2226 2255 2282 sione
2285 2229 2420 2282 etin
2450 2226 2672 2282 domum
2699 2228 2907 2297 refugit
2936 2226 2996 2280 in
3029 2230 3236 2281 morte.

2163 2334 2299 2389 Ideo
2321 2333 2600 2404 quoniam
2623 2337 2681 2387 tu
2700 2333 2982 2397 Verbum,
3007 2348 3061 2387 es
3080 2331 3348 2402 fortitudo
3369 2347 3510 2385 mea:
3532 2330 3744 2385 huma-

2093 2423 2296 2478 nitatis
2315 2429 2364 2477 et
2386 2424 2686 2493 refugium.
2702 2423 2768 2476 Et
2792 2423 2931 2493 quia
2947 2429 3004 2476 tu
3019 2437 3074 2477 es
3089 2424 3356 2492 protector
3379 2429 3430 2474 et
3449 2421 3743 2490 refugium,

2093 2512 2316 2566 dcduces
2337 2528 2423 2566 me
2444 2513 2515 2566 de
2541 2515 2726 2566 morte
2750 2512 2808 2564 in
2835 2511 3034 2577 vitam,
3068 2509 3156 2564 vel
3188 2511 3257 2564 de
3289 2508 3748 2564 contradictione

2092 2600 2322 2656 Judaici
2353 2599 2575 2671 populi,
2601 2604 2657 2655 et
2686 2599 3006 2654 constitues
3038 2615 3130 2652 me
3163 2599 3220 2652 in
3249 2603 3426 2669 caput
3456 2598 3746 2669 gentium.

2092 2691 2154 2744 Et
2185 2691 2425 2743 enutries
2454 2705 2561 2757 me,
2593 2688 2650 2743 id
2684 2694 2774 2744 est
2805 2705 2871 2744 ex
2895 2687 3164 2760 perfectis
3189 2687 3509 2758 perfectum
3535 2703 3750 2758 corpus

2093 2777 2240 2832 mihi
2260 2778 2584 2850 adaptabis,
2602 2777 2954 2833 humilitatis
2980 2793 3120 2831 meae
3137 2776 3404 2848 exemplo
3423 2775 3556 2831 illos
3579 2776 3750 2847 quasi

2090 2866 2239 2922 lacte
2270 2867 2567 2934 nutriens,
2598 2875 2819 2938 propter
2849 2882 3044 2921 nomen
3077 2869 3234 2920 tuum
3266 2865 3488 2920 scilicet
3519 2881 3620 2934 per
3654 2880 3750 2919 me

2094 2954 2533 3011 clariﬁcandum
2570 2971 2582 3008 :
2637 2955 2744 3010 hoc
2793 2956 2966 3010 modo
3014 2954 3242 3008 deduces
3271 2971 3288 3007 :
3337 2953 3540 3008 Educes
3568 2969 3654 3007 me
3683 2953 3748 3006 de

2095 3047 2294 3116 laqueo
2343 3045 2467 3110 hoc,
2523 3061 2682 3115 quem
2728 3043 3130 3099 absconderant
3176 3042 3349 3110 mihi,
3407 3041 3461 3096 id
3510 3045 3630 3108 est,
3683 3041 3756 3097 de

2097 3137 2284 3188 morte
2314 3149 2430 3203 qua
2470 3149 2563 3188 me
2592 3132 2749 3188 velut
2780 3132 2986 3203 laqueo
3017 3133 3276 3186 vinctum
3307 3132 3366 3186 in
3400 3131 3524 3186 sola
3553 3130 3753 3186 Judma

338 3218 502 3275 nales
526 3218 766 3290 quod,si
784 3218 1026 3291 respicis
1049 3218 1407 3285 merita,non
1428 3236 1559 3274 sum
1581 3219 1794 3291 dignus
1813 3235 1983 3290 quem
2019 3191 2061 3256 Ο
2099 3221 2357 3276 detinere
2399 3225 2779 3291 putaverunt,
2814 3226 2879 3276 ut
2909 3237 3126 3275 munus
3173 3224 3305 3290 post
3337 3236 3428 3274 me
3459 3237 3574 3273 non
3609 3219 3748 3286 iret,

337 3307 494 3365 oculi
525 3307 609 3362 tui
641 3308 853 3374 videat,
887 3307 946 3362 id
977 3312 1085 3378 est,
1132 3307 1598 3362 misericordiam
1643 3311 1903 3378 praestes,
1935 3312 1993 3364 et

337 3397 450 3453 hoc
473 3396 719 3469 cogitavi
741 3398 800 3451 in.
820 3412 1044 3452 excessu
1062 3396 1262 3451 mentis
1282 3409 1440 3464 mete,
1462 3394 1519 3448 id
1544 3399 1651 3462 est,
1670 3395 1730 3450 in
1753 3411 1989 3466 pavore:

339 3487 483 3556 ideo,
532 3484 756 3540 scilicet
803 3485 944 3556 quia
990 3482 1235 3539 humilis
1278 3499 1370 3537 me
1411 3482 1699 3552 accusavi,
1733 3483 1873 3554 quia
1903 3499 1996 3538 me

337 3573 671 3647 recognovi,
723 3573 998 3630 exaudisti
1047 3589 1228 3629 vocem
1275 3573 1548 3628 orationis
1593 3588 1748 3642 meas,
1797 3571 1854 3626 id
1886 3577 1993 3638 est,

337 3665 589 3720 liberam
615 3669 672 3720 et
691 3662 946 3719 validam
969 3663 1355 3718 intentionem
1377 3661 1654 3717 exaudisti
1676 3660 1997 3716 misericor-

339 3754 497 3809 diter
521 3751 879 3808 redimendo.
910 3752 979 3806 Et
1001 3751 1110 3807 hoc
1131 3749 1337 3818 fecisti,
1360 3750 1490 3805 dum
1510 3751 1814 3806 clamarem
1834 3751 1902 3805 ad
1922 3753 1992 3818 te,

339 3860 462 3900 non
493 3843 564 3898 ad
595 3841 773 3898 aliud.
810 3842 925 3897 Hoc
954 3845 1042 3897 est
1070 3841 1224 3912 quod
1259 3839 1398 3896 alibi
1430 3840 1611 3896 dicit:
1645 3840 1706 3894 Si
1725 3840 1993 3905 dicebam,

339 3935 523 3988 motus
575 3935 652 3986 est
692 3947 790 4003 pes
833 3946 1008 4000 meus,
1059 3929 1131 3984 ad
1182 3927 1350 3995 illud,
1399 3930 1507 3999 Ego
1537 3928 1660 3983 dixi
1688 3931 1746 3983 in
1776 3944 1996 3984 excessu

343 4022 550 4077 mentis
579 4036 752 4075 mea:
783 4021 1058 4091 Projectus
1085 4033 1208 4073 sum
1231 4035 1262 4072 a
1281 4018 1430 4088 facie
1448 4018 1733 4072 oculorum
1755 4026 1992 4073 tuorum.

345 4118 725 4175 Misericordia
775 4119 889 4186 tua,
935 4118 1182 4183 Domine,
1232 4114 1513 4186 adjuvabit
1538 4130 1624 4170 me
1671 4115 1783 4185 (Ps.
1818 4114 1998 4185 xcm),

347 4209 425 4264 ad
450 4207 618 4276 illud,
641 4208 796 4264 Edeo
816 4206 1096 4262 exaudisti
1110 4220 1288 4260 vocem
1307 4205 1570 4259 orationis
1589 4218 1747 4260 mese.
1773 4205 1840 4258 Et
1865 4203 2004 4274 quia

348 4296 637 4354 Dominus
649 4299 770 4351 tam
784 4295 1118 4350 misericors
1133 4296 1220 4349 est
1232 4297 1290 4348 et
1304 4297 1423 4347 tam
1437 4297 1743 4364 promptus
1756 4292 1826 4346 ad
1845 4291 2005 4364 igno-

351 4387 660 4453 scendum,
682 4385 904 4455 Ditigite
918 4385 1232 4448 Dominum,
1254 4399 1369 4437 non
1394 4381 1706 4447 mundum,
1737 4381 1791 4436 id
1815 4385 1924 4447 est,
1942 4381 2003 4435 in

354 4475 668 4532 dilectione
687 4475 816 4546 ejus
837 4476 1198 4545 perseverate
1229 4470 1330 4542 qui
1352 4471 1510 4542 prior
1531 4470 1731 4525 dilexit
1750 4487 1873 4538 vos,
1905 4469 2005 4541 qui

2099 3307 2394 3363 liberabis.
2417 3309 2820 3364 Absconderunt
2840 3313 3125 3379 quantum
3151 3308 3222 3361 ad
3252 3323 3344 3361 me
3363 3306 3523 3361 velut
3539 3305 3749 3375 laqueo

2103 3400 2389 3468 quantum
2422 3397 2494 3450 ad
2526 3413 2608 3463 se,
2642 3413 2756 3450 non
2788 3401 3076 3466 quantum
3111 3396 3181 3449 ad
3215 3411 3328 3460 me,
3363 3393 3644 3466 quoniam
3693 3397 3752 3447 tu

2103 3501 2158 3540 es
2182 3487 2450 3556 protector
2476 3499 2649 3548 meus,
2682 3485 2740 3538 in
2769 3501 2965 3538 manus
2996 3488 3118 3538 tuas
3147 3483 3459 3538 commendo
3487 3483 3753 3554 spiritum

2103 3590 2308 3643 meum,
2361 3572 2419 3627 in
2467 3571 2789 3643 potentiam
2841 3576 3003 3626 tuam
3054 3573 3218 3626 trado
3270 3572 3531 3625 animam
3563 3587 3754 3626 meam

2106 3667 2410 3718 exeuntem
2436 3680 2470 3717 a
2499 3677 2757 3733 corpore,
2785 3665 2850 3715 ut
2873 3677 3001 3714 eam
3027 3661 3240 3714 reddas
3263 3676 3398 3713 cum
3423 3659 3675 3729 postulo,
3699 3659 3758 3712 id

2105 3757 2220 3817 est,
2272 3769 2342 3807 ex
2372 3751 2674 3807 divinitate
2706 3755 2808 3806 tua
2838 3753 3188 3822 potestatem
3221 3747 3470 3802 habeam
3505 3746 3760 3817 ponendi

2106 3842 2361 3899 animam
2396 3857 2588 3897 meam
2621 3844 2677 3896 et
2706 3840 2920 3896 iterum
2952 3836 3292 3894 assumendi
3323 3852 3474 3891 eam.

2177 3950 2309 4005 Ideo
2341 3949 2446 4003 tibi
2474 3948 2809 4018 commendo,
2844 3945 2982 4017 quia
3009 3950 3072 4000 tu
3105 3943 3391 4000 redemisti
3420 3959 3525 4009 me,
3561 3941 3621 3996 id
3652 3945 3759 4014 est,

2108 4039 2389 4102 redimes,
2420 4054 2453 4092 a
2482 4042 2697 4104 morte,
2739 4037 2968 4092 Domine
2999 4037 3137 4090 Deus
3165 4035 3441 4104 veritatis,
3475 4031 3575 4104 qui
3608 4049 3759 4089 nun-

2110 4143 2285 4199 quam
2317 4125 2469 4180 fallis
2501 4126 2559 4179 in
2593 4125 2921 4196 promissis.
2975 4125 3060 4180 Tu
3109 4124 3266 4179 enim
3315 4140 3418 4195 per
3449 4123 3764 4194 prophetas

2110 4215 2456 4271 resuscitatu
2468 4232 2596 4270 rum
2621 4231 2714 4269 me
2735 4215 3055 4286 promisisti
3079 4219 3136 4270 et
3158 4213 3298 4285 quia
3329 4214 3470 4268 Deus
3495 4214 3762 4276 veritatis,

2111 4305 2269 4360 odisti
2316 4304 2665 4359 observantes
2711 4307 2979 4359 vanitates
3023 4318 3374 4373 supervacue,
3407 4299 3628 4355 scilicet
3656 4303 3766 4354 Ju:

2114 4394 2268 4448 dteos
2300 4393 2424 4462 qui,
2450 4408 2519 4446 ne
2547 4393 2883 4448 amitterent
2907 4392 3101 4447 locum
3128 4395 3186 4444 et
3206 4393 3459 4460 gentem,
3483 4386 3769 4441 inutiliter

2118 4499 2212 4538 me
2243 4480 2580 4537 occiderunt
2608 4483 2786 4540 (Joan.
2820 4481 2922 4550 xx).
2960 4481 3066 4549 Ego
3097 4482 3280 4532 autem
3311 4478 3371 4530 in
3399 4477 3631 4530 Domino
3655 4490 3770 4545 spe-

353 4581 458 4621 vos
481 4563 693 4636 impios
714 4563 917 4618 dilexit
943 4566 1008 4617 ut
1030 4562 1475 4631 faceretjustos,
1493 4576 1647 4614 nunc
1661 4561 1838 4614 sancti
1853 4559 1986 4614 facti

2121 4574 2259 4638 ravi,
2310 4570 2600 4625 exsultabo
2647 4574 2695 4622 et
2745 4569 2984 4624 laetabor
3033 4560 3092 4621 in
3141 4564 3514 4620 misericordia
3561 4573 3675 4632 tua,
3707 4569 3772 4619 ut

354 4654 573 4724 diligite
603 4669 761 4709 eum.
794 4653 1022 4721 Diligite
1049 4667 1182 4706 eum
1216 4667 1323 4706 suo
1357 4656 1562 4704 merito
1594 4648 1694 4720 qui
1726 4648 1882 4720 prior
1911 4666 2010 4704 vos

357 4741 565 4799 dilexit
588 4743 810 4814 absque
827 4745 1021 4796 vestro
1045 4739 1272 4795 merito.
1307 4738 1435 4794 Ideo
1459 4737 1637 4794 nolite
1655 4755 1687 4793 a
1708 4737 2015 4794 dilectione

359 4847 614 4902 cessare,
637 4831 899 4903 quoniam
922 4832 1211 4886 veritatem
1231 4829 1472 4900 requiret
1491 4829 1776 4899 Dominus,
1794 4828 2018 4883 scilicet

360 4925 430 4976 ut
444 4918 828 4992 perseveretis
841 4918 899 4972 in
913 4917 1172 4974 bonitate
1186 4921 1242 4973 et
1254 4918 1312 4972 in
1327 4916 1594 4972 custodia
1605 4916 2016 4972 mandatorum

360 5011 518 5081 ejus.
535 5008 642 5076 Qui
665 5009 815 5063 enim
837 5007 969 5062 dicit
989 5023 1044 5062 se
1063 5005 1301 5074 diligere
1323 5010 1525 5075 Deum,
1553 5009 1603 5060 et
1624 5004 1883 5060 mandata
1903 5006 2020 5075 ejus

361 5113 476 5153 non
493 5098 751 5161 custodit,
765 5095 1008 5152 mendax
1028 5099 1104 5150 est
1121 5097 1338 5166 (IJoan.
1359 5096 1419 5167 ιι)
1436 5113 1449 5162 ;
1471 5096 1758 5150 veritatem
1778 5096 2021 5166 requiret

364 5185 441 5241 ad
465 5184 984 5241 remunerandum.
1010 5184 1078 5238 Et
1099 5199 1376 5239 converso
1397 5184 1661 5238 retribuet
1683 5183 2025 5238 abundanter

361 5273 706 5345 facientibus
725 5273 1062 5344 superbiam,
1083 5272 1140 5326 id
1160 5275 1267 5339 est,
1290 5271 1798 5343 perseverantibus
1819 5271 1878 5326 in
1900 5289 2025 5344 pec-

367 5362 539 5420 catis.
553 5361 909 5418 Abundanter
923 5361 1079 5416 enim
1100 5364 1427 5432 peccantes,
1447 5360 1792 5416 abundanter
1807 5360 2027 5431 patien-

368 5456 470 5508 tur
489 5454 804 5506 tormenta.
822 5451 890 5505 Et
913 5450 1042 5505 ideo
1064 5447 1205 5504 certi
1225 5449 1295 5504 de
1317 5448 1575 5520 praemio,
1596 5449 1842 5504 Viriliter
1854 5451 2025 5522 agite,

367 5547 559 5607 nolite
584 5548 827 5604 deﬁcere
844 5548 903 5604 in
926 5547 1245 5618 laboribus,
1269 5553 1320 5602 et
1337 5549 1673 5616 con/artetur
1690 5563 1782 5602 cor
1798 5551 2029 5604 vestrum

349 5641 434 5700 .in
455 5653 561 5713 spe
575 5641 749 5695 tanta:
771 5638 1076 5706 mercedis,
1091 5637 1199 5693 etsi
1213 5653 1346 5692 caro
1367 5635 1718 5708 inﬁrmatur,
1731 5652 1915 5697 omnes
1929 5640 2027 5713 qui

702 5765 968 5830 Panos.
1015 5763 1284 5830 CXXXI.

2123 4678 2322 4732 supra,
2376 4659 2484 4714 hac
2534 4656 2773 4726 scilicet,
2803 4657 3032 4711 salvasti
3061 4657 3306 4709 animam
3338 4671 3539 4726 meam,
3570 4654 3629 4710 id
3661 4658 3769 4724 est,

2121 4752 2300 4806 vitam
2347 4765 2561 4813 meam,
2595 4763 2687 4802 me
2719 4745 3124 4802 resuscitando
3155 4744 3220 4799 de
3248 4745 3680 4814 necessitatibus,
3714 4744 3773 4798 id

2126 4845 2240 4910 est,
2293 4839 2363 4894 de
2403 4841 2587 4892 morte
2617 4841 2672 4891 et
2703 4834 3107 4906 passibilitate.
3157 4837 3439 4903 Quoniam
3487 4833 3776 4904 respexisti

2127 4928 2501 4982 humilitatem
2523 4941 2720 4989 meam,
2748 4924 2801 4977 id
2827 4927 2935 4993 est,
2961 4923 3335 4994 assumpsisti
3360 4921 3775 4976 mortalitatem

2130 5032 2346 5082 meam,
2397 5015 2484 5068 vel
2539 5013 2928 5068 obedientiam
2963 5028 3152 5067 meam
3186 5012 3496 5082 respexisti,
3530 5009 3630 5080 qui
3677 5009 3775 5062 de-

2133 5103 2372 5176 spexisti
2432 5102 2886 5157 inobedientiam
2943 5102 3097 5155 Adae.
3167 5101 3236 5154 Et
3293 5098 3604 5167 salvando,
3673 5097 3778 5152 Nec

2131 5178 2450 5250 conclusisti
2477 5207 2564 5245 me
2594 5192 2649 5245 in
2680 5207 2876 5245 manus
2907 5191 3139 5255 inimici,
3173 5187 3230 5241 id
3263 5190 3369 5251 est,
3405 5187 3463 5240 in
3495 5189 3782 5258 potestate

2133 5281 2361 5340 Judaici
2395 5280 2614 5352 populi,
2646 5284 2709 5334 ut
2732 5296 2832 5350 per
2861 5281 3105 5332 mortem
3129 5276 3454 5332 detinerent
3480 5292 3571 5330 me
3596 5274 3654 5329 in
3679 5291 3780 5328 an-

2136 5371 2345 5445 gustiis
2390 5368 2620 5424 Judzeze.
2673 5365 2948 5423 Clausisti
2981 5380 3072 5418 me
3101 5363 3160 5418 in
3195 5367 3476 5434 potestate
3521 5362 3780 5429 illorum,

2138 5460 2277 5533 quia
2305 5463 2576 5514 mortuus
2607 5472 2806 5522 suum,
2840 5454 2940 5510 sed
2975 5471 3090 5508 non
3121 5453 3456 5518 conclusisti,
3513 5452 3652 5523 quia
3697 5467 3785 5507 re-

2139 5547 2384 5607 surrexi.
2399 5547 2668 5602 Fractum
2685 5548 2772 5600 est
2793 5562 2892 5599 vas
2913 5562 2942 5598 υ
2955 5544 3189 5615 nguenti
3213 5542 3347 5605 mei,
3363 5548 3418 5596 et
3436 5542 3686 5596 effusum
3702 5546 3791 5596 est

2138 5641 2508 5712 unguentum
2525 5633 2809 5703 meum,id
2826 5634 3083 5704 est,odor
3096 5631 3314 5690 notitiae
3328 5647 3469 5688 meae
3480 5647 3584 5704 per
3599 5634 3788 5692 totum

3395 5760 3476 5829 10
