  <div class='ocr_page' id='page_1' title='image "/cluster/home/n/w/nwhite01/storage/ocr_20150623/131/hvd.32044054759923/157.png"; bbox 0 0 4016 6192; ppageno 0'>
   <div class='ocr_carea' id='block_1_1' title="bbox 358 307 477 371">
    <p class='ocr_par' dir='ltr' id='par_1_1' title="bbox 358 307 477 371">
     <span class='ocr_line' id='line_1_1' title="bbox 358 307 477 371; baseline 0.034 -5"><span class='ocrx_word' id='word_1_1' title='bbox 358 307 477 371; x_wconf 78' lang='grc'>299</span> 
     </span>
    </p>
   </div>
   <div class='ocr_carea' id='block_1_2' title="bbox 923 303 3195 371">
    <p class='ocr_par' dir='ltr' id='par_1_2' title="bbox 923 303 3195 371">
     <span class='ocr_line' id='line_1_2' title="bbox 923 303 3195 371; baseline -0.003 -2"><span class='ocrx_word' id='word_1_2' title='bbox 923 307 1224 371; x_wconf 81' lang='lat' dir='ltr'>REMIGII</span> <span class='ocrx_word' id='word_1_3' title='bbox 1271 308 2023 371; x_wconf 81' lang='lat' dir='ltr'>ANTISSIODORENSIS</span> <span class='ocrx_word' id='word_1_4' title='bbox 2068 308 2243 371; x_wconf 91' lang='lat' dir='ltr'>OPP.</span> <span class='ocrx_word' id='word_1_5' title='bbox 2292 307 2492 371; x_wconf 85' lang='lat' dir='ltr'>PARS</span> <span class='ocrx_word' id='word_1_6' title='bbox 2538 305 2585 368; x_wconf 95' lang='grc' dir='ltr'>Ι.</span> <span class='ocrx_word' id='word_1_7' title='bbox 2618 342 2695 353; x_wconf 91' lang='lat'>——</span> <span class='ocrx_word' id='word_1_8' title='bbox 2724 303 3195 369; x_wconf 84' lang='lat' dir='ltr'>EXEGETICA.</span> 
     </span>
    </p>
   </div>
   <div class='ocr_carea' id='block_1_3' title="bbox 3634 294 3757 361">
    <p class='ocr_par' dir='ltr' id='par_1_3' title="bbox 3634 294 3757 361">
     <span class='ocr_line' id='line_1_3' title="bbox 3634 294 3757 361; baseline -0.016 0"><span class='ocrx_word' id='word_1_9' title='bbox 3634 294 3757 361; x_wconf 83' lang='lat'>300</span> 
     </span>
    </p>
   </div>
   <div class='ocr_carea' id='block_1_4' title="bbox 363 434 3760 513">
    <p class='ocr_par' dir='ltr' id='par_1_4' title="bbox 363 434 3760 513">
     <span class='ocr_line' id='line_1_4' title="bbox 363 434 3760 513; baseline -0.004 -16"><span class='ocrx_word' id='word_1_10' title='bbox 363 442 653 497; x_wconf 91' lang='lat' dir='ltr'><strong><em>mundum</em></strong></span> <span class='ocrx_word' id='word_1_11' title='bbox 687 459 700 498; x_wconf 89' lang='lat'><strong>:</strong></span> <span class='ocrx_word' id='word_1_12' title='bbox 752 440 881 498; x_wconf 92' lang='lat' dir='ltr'>ideo</span> <span class='ocrx_word' id='word_1_13' title='bbox 928 458 1039 498; x_wconf 87' lang='lat' dir='ltr'>non</span> <span class='ocrx_word' id='word_1_14' title='bbox 1066 442 1375 498; x_wconf 87' lang='lat' dir='ltr'>conclusisti</span> <span class='ocrx_word' id='word_1_15' title='bbox 1410 442 1570 513; x_wconf 88' lang='lat' dir='ltr'><strong><em>pedes</em></strong></span> <span class='ocrx_word' id='word_1_16' title='bbox 1598 458 1769 511; x_wconf 87' lang='lat' dir='ltr'>meos,</span> <span class='ocrx_word' id='word_1_17' title='bbox 1803 442 1861 497; x_wconf 90' lang='lat' dir='ltr'>id</span> <span class='ocrx_word' id='word_1_18' title='bbox 1891 446 1997 510; x_wconf 90' lang='lat' dir='ltr'>est,</span> <span class='ocrx_word' id='word_1_19' title='bbox 2035 446 2090 511; x_wconf 80' lang='grc' dir='ltr'>Α</span> <span class='ocrx_word' id='word_1_20' title='bbox 2116 441 2405 497; x_wconf 90' lang='lat' dir='ltr'>vationem</span> <span class='ocrx_word' id='word_1_21' title='bbox 2436 457 2638 498; x_wconf 90' lang='lat' dir='ltr'>eorum</span> <span class='ocrx_word' id='word_1_22' title='bbox 2666 456 2934 497; x_wconf 84' lang='lat' dir='ltr'>veneram</span> <span class='ocrx_word' id='word_1_23' title='bbox 2955 483 2970 507; x_wconf 95' lang='lat'>,</span> <span class='ocrx_word' id='word_1_24' title='bbox 3016 439 3259 508; x_wconf 85' lang='lat' dir='ltr'>accipere</span> <span class='ocrx_word' id='word_1_25' title='bbox 3296 434 3550 489; x_wconf 81' lang='lat' dir='ltr'>animam</span> <span class='ocrx_word' id='word_1_26' title='bbox 3576 446 3760 486; x_wconf 84' lang='lat' dir='ltr'>meam</span> 
     </span>
    </p>
   </div>
   <div class='ocr_carea' id='block_1_5' title="bbox 360 530 2004 611">
    <p class='ocr_par' dir='ltr' id='par_1_5' title="bbox 360 530 2004 611">
     <span class='ocr_line' id='line_1_5' title="bbox 360 530 2004 611; baseline 0.001 -26"><span class='ocrx_word' id='word_1_27' title='bbox 360 530 795 611; x_wconf 67' lang='lat' dir='ltr'>praedicatores,</span> <span class='ocrx_word' id='word_1_28' title='bbox 827 533 885 587; x_wconf 84' lang='lat' dir='ltr'><strong><em>in</em></strong></span> <span class='ocrx_word' id='word_1_29' title='bbox 916 532 1028 588; x_wconf 89' lang='lat' dir='ltr'>loco</span> <span class='ocrx_word' id='word_1_30' title='bbox 1055 532 1313 604; x_wconf 87' lang='lat' dir='ltr'>spatioso,</span> <span class='ocrx_word' id='word_1_31' title='bbox 1346 531 1401 586; x_wconf 90' lang='lat' dir='ltr'>id</span> <span class='ocrx_word' id='word_1_32' title='bbox 1433 536 1540 600; x_wconf 90' lang='lat' dir='ltr'>est,</span> <span class='ocrx_word' id='word_1_33' title='bbox 1572 531 1633 586; x_wconf 94' lang='lat' dir='ltr'>in</span> <span class='ocrx_word' id='word_1_34' title='bbox 1664 535 1782 587; x_wconf 89' lang='lat' dir='ltr'>tota</span> <span class='ocrx_word' id='word_1_35' title='bbox 1810 532 2004 604; x_wconf 90' lang='lat' dir='ltr'>genti-</span> 
     </span>
    </p>
   </div>
   <div class='ocr_carea' id='block_1_6' title="bbox 360 618 2007 693">
    <p class='ocr_par' dir='ltr' id='par_1_6' title="bbox 360 618 2007 693">
     <span class='ocr_line' id='line_1_6' title="bbox 360 618 2007 693; baseline 0 -18"><span class='ocrx_word' id='word_1_36' title='bbox 360 618 544 676; x_wconf 82' lang='lat' dir='ltr'>litate.</span> <span class='ocrx_word' id='word_1_37' title='bbox 568 622 837 677; x_wconf 75' lang='lat' dir='ltr'>Accensze</span> <span class='ocrx_word' id='word_1_38' title='bbox 859 626 999 677; x_wconf 90' lang='lat' dir='ltr'><strong><em>sunt</em></strong></span> <span class='ocrx_word' id='word_1_39' title='bbox 1029 622 1181 677; x_wconf 89' lang='lat' dir='ltr'>faces</span> <span class='ocrx_word' id='word_1_40' title='bbox 1208 621 1267 676; x_wconf 91' lang='lat' dir='ltr'>in</span> <span class='ocrx_word' id='word_1_41' title='bbox 1295 621 1497 676; x_wconf 72' lang='lat' dir='ltr'>Judaza</span> <span class='ocrx_word' id='word_1_42' title='bbox 1516 638 1642 693; x_wconf 67' lang='lat' dir='ltr'><strong><em>quas</em></strong></span> <span class='ocrx_word' id='word_1_43' title='bbox 1665 620 1930 677; x_wconf 84' lang='lat' dir='ltr'>exierunt</span> <span class='ocrx_word' id='word_1_44' title='bbox 1950 624 2007 676; x_wconf 92' lang='lat' dir='ltr'><strong><em>et</em></strong></span> 
     </span>
    </p>
   </div>
   <div class='ocr_carea' id='block_1_7' title="bbox 360 710 2002 777">
    <p class='ocr_par' dir='ltr' id='par_1_7' title="bbox 360 710 2002 777">
     <span class='ocr_line' id='line_1_7' title="bbox 360 710 2002 777; baseline 0.001 -12"><span class='ocrx_word' id='word_1_45' title='bbox 360 714 550 765; x_wconf 90' lang='lat' dir='ltr'>totum</span> <span class='ocrx_word' id='word_1_46' title='bbox 582 711 870 766; x_wconf 86' lang='lat' dir='ltr'>mundum</span> <span class='ocrx_word' id='word_1_47' title='bbox 901 711 1308 766; x_wconf 88' lang='lat' dir='ltr'>incenderunt.</span> <span class='ocrx_word' id='word_1_48' title='bbox 1336 711 1591 766; x_wconf 77' lang='lat' dir='ltr'>Miserere</span> <span class='ocrx_word' id='word_1_49' title='bbox 1610 710 1736 777; x_wconf 86' lang='lat' dir='ltr'>mei,</span> <span class='ocrx_word' id='word_1_50' title='bbox 1760 712 2002 766; x_wconf 83' lang='lat' dir='ltr'>Domine.</span> 
     </span>
    </p>
   </div>
   <div class='ocr_carea' id='block_1_8' title="bbox 360 806 2007 880">
    <p class='ocr_par' dir='ltr' id='par_1_8' title="bbox 360 806 2007 880">
     <span class='ocr_line' id='line_1_8' title="bbox 360 806 2007 880; baseline 0.001 -18"><span class='ocrx_word' id='word_1_51' title='bbox 360 806 538 874; x_wconf 81' lang='lat' dir='ltr'>Quasi</span> <span class='ocrx_word' id='word_1_52' title='bbox 564 807 755 863; x_wconf 89' lang='lat' dir='ltr'>dicat:</span> <span class='ocrx_word' id='word_1_53' title='bbox 791 808 1197 864; x_wconf 85' lang='lat' dir='ltr'>Resuscitatus</span> <span class='ocrx_word' id='word_1_54' title='bbox 1218 812 1275 865; x_wconf 90' lang='lat' dir='ltr'>et</span> <span class='ocrx_word' id='word_1_55' title='bbox 1295 808 1454 865; x_wconf 90' lang='lat' dir='ltr'>omni</span> <span class='ocrx_word' id='word_1_56' title='bbox 1478 808 2007 880; x_wconf 80' lang='lat' dir='ltr'>passibilitateere-</span> 
     </span>
    </p>
   </div>
   <div class='ocr_carea' id='block_1_9' title="bbox 359 896 2004 969">
    <p class='ocr_par' dir='ltr' id='par_1_9' title="bbox 359 896 2004 969">
     <span class='ocr_line' id='line_1_9' title="bbox 359 896 2004 969; baseline -0.001 -17"><span class='ocrx_word' id='word_1_57' title='bbox 359 900 496 969; x_wconf 89' lang='lat' dir='ltr'><strong><em>ptus</em></strong></span> <span class='ocrx_word' id='word_1_58' title='bbox 519 896 648 968; x_wconf 88' lang='lat' dir='ltr'>jam</span> <span class='ocrx_word' id='word_1_59' title='bbox 678 914 793 953; x_wconf 92' lang='lat' dir='ltr'>non</span> <span class='ocrx_word' id='word_1_60' title='bbox 822 903 1042 953; x_wconf 90' lang='lat' dir='ltr'>terreor</span> <span class='ocrx_word' id='word_1_61' title='bbox 1071 901 1278 969; x_wconf 90' lang='lat' dir='ltr'>morte,</span> <span class='ocrx_word' id='word_1_62' title='bbox 1303 897 1402 953; x_wconf 91' lang='lat' dir='ltr'><strong><em>sed</em></strong></span> <span class='ocrx_word' id='word_1_63' title='bbox 1428 899 1692 953; x_wconf 78' lang='lat' dir='ltr'><strong><em>miserere</em></strong></span> <span class='ocrx_word' id='word_1_64' title='bbox 1714 899 1840 966; x_wconf 87' lang='lat' dir='ltr'>mei,</span> <span class='ocrx_word' id='word_1_65' title='bbox 1875 913 2004 969; x_wconf 90' lang='lat' dir='ltr'><strong><em>per-</em></strong></span> 
     </span>
    </p>
   </div>
   <div class='ocr_carea' id='block_1_10' title="bbox 361 985 2008 1059">
    <p class='ocr_par' dir='ltr' id='par_1_10' title="bbox 361 985 2008 1059">
     <span class='ocr_line' id='line_1_10' title="bbox 361 985 2008 1059; baseline -0.001 -18"><span class='ocrx_word' id='word_1_66' title='bbox 361 987 469 1042; x_wconf 81' lang='lat' dir='ltr'>tlce</span> <span class='ocrx_word' id='word_1_67' title='bbox 498 985 558 1040; x_wconf 93' lang='lat' dir='ltr'>in</span> <span class='ocrx_word' id='word_1_68' title='bbox 589 986 673 1041; x_wconf 91' lang='lat' dir='ltr'>eis</span> <span class='ocrx_word' id='word_1_69' title='bbox 704 988 859 1058; x_wconf 89' lang='lat' dir='ltr'><strong><em>quod</em></strong></span> <span class='ocrx_word' id='word_1_70' title='bbox 890 986 1162 1059; x_wconf 90' lang='lat' dir='ltr'>incepisti</span> <span class='ocrx_word' id='word_1_71' title='bbox 1192 986 1251 1041; x_wconf 91' lang='lat' dir='ltr'>in</span> <span class='ocrx_word' id='word_1_72' title='bbox 1298 1003 1419 1053; x_wconf 90' lang='lat' dir='ltr'>me,</span> <span class='ocrx_word' id='word_1_73' title='bbox 1471 989 1731 1058; x_wconf 89' lang='lat' dir='ltr'>quoniam</span> <span class='ocrx_word' id='word_1_74' title='bbox 1775 986 2008 1041; x_wconf 86' lang='lat' dir='ltr'>tribulor</span> 
     </span>
    </p>
   </div>
   <div class='ocr_carea' id='block_1_11' title="bbox 359 1074 2005 1147">
    <p class='ocr_par' dir='ltr' id='par_1_11' title="bbox 359 1074 2005 1147">
     <span class='ocr_line' id='line_1_11' title="bbox 359 1074 2005 1147; baseline -0.001 -18"><span class='ocrx_word' id='word_1_75' title='bbox 359 1090 477 1129; x_wconf 91' lang='lat' dir='ltr'>non</span> <span class='ocrx_word' id='word_1_76' title='bbox 510 1074 567 1128; x_wconf 94' lang='lat' dir='ltr'>in</span> <span class='ocrx_word' id='word_1_77' title='bbox 600 1090 714 1145; x_wconf 89' lang='lat' dir='ltr'>me,</span> <span class='ocrx_word' id='word_1_78' title='bbox 746 1076 847 1131; x_wconf 92' lang='lat' dir='ltr'>sed</span> <span class='ocrx_word' id='word_1_79' title='bbox 877 1076 937 1130; x_wconf 91' lang='lat' dir='ltr'>in</span> <span class='ocrx_word' id='word_1_80' title='bbox 970 1074 1135 1142; x_wconf 86' lang='lat' dir='ltr'>meis,</span> <span class='ocrx_word' id='word_1_81' title='bbox 1173 1075 1230 1129; x_wconf 89' lang='lat' dir='ltr'>id</span> <span class='ocrx_word' id='word_1_82' title='bbox 1262 1079 1370 1145; x_wconf 89' lang='lat' dir='ltr'>est,</span> <span class='ocrx_word' id='word_1_83' title='bbox 1400 1075 1715 1130; x_wconf 79' lang='lat' dir='ltr'>crudelitas</span> <span class='ocrx_word' id='word_1_84' title='bbox 1738 1091 2005 1147; x_wconf 89' lang='lat' dir='ltr'>persecu-</span> 
     </span>
    </p>
   </div>
   <div class='ocr_carea' id='block_1_12' title="bbox 362 1164 2011 1236">
    <p class='ocr_par' dir='ltr' id='par_1_12' title="bbox 362 1164 2011 1236">
     <span class='ocr_line' id='line_1_12' title="bbox 362 1164 2011 1236; baseline -0.001 -17"><span class='ocrx_word' id='word_1_85' title='bbox 362 1168 554 1219; x_wconf 90' lang='lat' dir='ltr'>torum</span> <span class='ocrx_word' id='word_1_86' title='bbox 576 1180 858 1236; x_wconf 89' lang='lat' dir='ltr'>magnum</span> <span class='ocrx_word' id='word_1_87' title='bbox 877 1164 1021 1219; x_wconf 90' lang='lat' dir='ltr'>mihi</span> <span class='ocrx_word' id='word_1_88' title='bbox 1042 1164 1313 1220; x_wconf 82' lang='lat' dir='ltr'>timorem</span> <span class='ocrx_word' id='word_1_89' title='bbox 1330 1164 1543 1219; x_wconf 79' lang='lat' dir='ltr'>incutit</span> <span class='ocrx_word' id='word_1_90' title='bbox 1562 1164 1717 1230; x_wconf 89' lang='lat' dir='ltr'>inde,</span> <span class='ocrx_word' id='word_1_91' title='bbox 1735 1164 1873 1235; x_wconf 83' lang='lat' dir='ltr'>quia</span> <span class='ocrx_word' id='word_1_92' title='bbox 1889 1180 2011 1219; x_wconf 87' lang='lat' dir='ltr'>con-</span> 
     </span>
    </p>
   </div>
   <div class='ocr_carea' id='block_1_13' title="bbox 359 1253 2006 1327">
    <p class='ocr_par' dir='ltr' id='par_1_13' title="bbox 359 1253 2006 1327">
     <span class='ocr_line' id='line_1_13' title="bbox 359 1253 2006 1327; baseline -0.001 -19"><span class='ocrx_word' id='word_1_93' title='bbox 359 1253 611 1309; x_wconf 78' lang='lat' dir='ltr'>turbatus</span> <span class='ocrx_word' id='word_1_94' title='bbox 641 1256 722 1308; x_wconf 86' lang='lat' dir='ltr'>cst</span> <span class='ocrx_word' id='word_1_95' title='bbox 750 1254 939 1309; x_wconf 82' lang='lat' dir='ltr'>oculus</span> <span class='ocrx_word' id='word_1_96' title='bbox 968 1270 1119 1309; x_wconf 85' lang='lat' dir='ltr'><strong><em>meus</em></strong></span> <span class='ocrx_word' id='word_1_97' title='bbox 1144 1253 1405 1322; x_wconf 88' lang='lat' dir='ltr'>interior,</span> <span class='ocrx_word' id='word_1_98' title='bbox 1438 1254 1497 1309; x_wconf 91' lang='lat' dir='ltr'>id</span> <span class='ocrx_word' id='word_1_99' title='bbox 1529 1258 1638 1320; x_wconf 90' lang='lat' dir='ltr'>est,</span> <span class='ocrx_word' id='word_1_100' title='bbox 1669 1253 1817 1308; x_wconf 80' lang='lat' dir='ltr'>ratio</span> <span class='ocrx_word' id='word_1_101' title='bbox 1849 1268 2006 1327; x_wconf 63' lang='lat' dir='ltr'><strong><em>meo;</em></strong></span> 
     </span>
    </p>
   </div>
   <div class='ocr_carea' id='block_1_14' title="bbox 358 1342 2009 1415">
    <p class='ocr_par' dir='ltr' id='par_1_14' title="bbox 358 1342 2009 1415">
     <span class='ocr_line' id='line_1_14' title="bbox 358 1342 2009 1415; baseline -0.001 -17"><span class='ocrx_word' id='word_1_102' title='bbox 358 1358 490 1398; x_wconf 91' lang='lat' dir='ltr'><strong><em>rum</em></strong></span> <span class='ocrx_word' id='word_1_103' title='bbox 522 1342 872 1398; x_wconf 81' lang='lat' dir='ltr'>conturbata</span> <span class='ocrx_word' id='word_1_104' title='bbox 899 1348 988 1399; x_wconf 92' lang='lat' dir='ltr'>est</span> <span class='ocrx_word' id='word_1_105' title='bbox 1017 1344 1077 1397; x_wconf 89' lang='lat' dir='ltr'>in</span> <span class='ocrx_word' id='word_1_106' title='bbox 1103 1344 1191 1398; x_wconf 87' lang='lat' dir='ltr'>ira</span> <span class='ocrx_word' id='word_1_107' title='bbox 1222 1359 1398 1415; x_wconf 90' lang='lat' dir='ltr'>quam</span> <span class='ocrx_word' id='word_1_108' title='bbox 1430 1343 1752 1413; x_wconf 83' lang='lat' dir='ltr'>promeruit</span> <span class='ocrx_word' id='word_1_109' title='bbox 1783 1343 2009 1415; x_wconf 91' lang='lat' dir='ltr'>primus</span> 
     </span>
    </p>
   </div>
   <div class='ocr_carea' id='block_1_15' title="bbox 362 1432 2008 1504">
    <p class='ocr_par' dir='ltr' id='par_1_15' title="bbox 362 1432 2008 1504">
     <span class='ocr_line' id='line_1_15' title="bbox 362 1432 2008 1504; baseline 0 -18"><span class='ocrx_word' id='word_1_110' title='bbox 362 1448 595 1503; x_wconf 91' lang='lat' dir='ltr'>parens.</span> <span class='ocrx_word' id='word_1_111' title='bbox 617 1432 778 1487; x_wconf 88' lang='lat' dir='ltr'>Mens</span> <span class='ocrx_word' id='word_1_112' title='bbox 801 1448 1089 1499; x_wconf 92' lang='lat' dir='ltr'>meorum,</span> <span class='ocrx_word' id='word_1_113' title='bbox 1114 1450 1242 1504; x_wconf 68' lang='lat' dir='ltr'>quas</span> <span class='ocrx_word' id='word_1_114' title='bbox 1262 1432 1466 1487; x_wconf 90' lang='lat' dir='ltr'>debuit</span> <span class='ocrx_word' id='word_1_115' title='bbox 1483 1432 1571 1487; x_wconf 90' lang='lat' dir='ltr'>vir</span> <span class='ocrx_word' id='word_1_116' title='bbox 1591 1447 1718 1487; x_wconf 89' lang='lat' dir='ltr'><strong><em>esse</em></strong></span> <span class='ocrx_word' id='word_1_117' title='bbox 1737 1436 1794 1487; x_wconf 85' lang='lat' dir='ltr'><strong><em>et</em></strong></span> <span class='ocrx_word' id='word_1_118' title='bbox 1810 1433 2008 1499; x_wconf 87' lang='lat' dir='ltr'>Evam,</span> 
     </span>
    </p>
   </div>
   <div class='ocr_carea' id='block_1_16' title="bbox 361 1520 2007 1595">
    <p class='ocr_par' dir='ltr' id='par_1_16' title="bbox 361 1520 2007 1595">
     <span class='ocr_line' id='line_1_16' title="bbox 361 1520 2007 1595; baseline 0.001 -20"><span class='ocrx_word' id='word_1_119' title='bbox 361 1520 420 1576; x_wconf 94' lang='lat' dir='ltr'>id</span> <span class='ocrx_word' id='word_1_120' title='bbox 454 1525 541 1577; x_wconf 89' lang='lat' dir='ltr'>est</span> <span class='ocrx_word' id='word_1_121' title='bbox 570 1537 804 1577; x_wconf 89' lang='lat' dir='ltr'>carnem</span> <span class='ocrx_word' id='word_1_122' title='bbox 835 1538 1027 1585; x_wconf 85' lang='lat' dir='ltr'>suam,</span> <span class='ocrx_word' id='word_1_123' title='bbox 1060 1538 1279 1595; x_wconf 89' lang='lat' dir='ltr'><strong><em>regere,</em></strong></span> <span class='ocrx_word' id='word_1_124' title='bbox 1313 1521 1363 1577; x_wconf 88' lang='lat' dir='ltr'><strong><em>si</em></strong></span> <span class='ocrx_word' id='word_1_125' title='bbox 1393 1522 1503 1576; x_wconf 85' lang='lat' dir='ltr'>sub</span> <span class='ocrx_word' id='word_1_126' title='bbox 1534 1521 1719 1593; x_wconf 87' lang='lat' dir='ltr'>capite</span> <span class='ocrx_word' id='word_1_127' title='bbox 1745 1538 1852 1577; x_wconf 92' lang='lat' dir='ltr'><strong><em>suo</em></strong></span> <span class='ocrx_word' id='word_1_128' title='bbox 1884 1538 2007 1576; x_wconf 90' lang='lat' dir='ltr'>ma-</span> 
     </span>
    </p>
   </div>
   <div class='ocr_carea' id='block_1_17' title="bbox 364 1610 2011 1683">
    <p class='ocr_par' dir='ltr' id='par_1_17' title="bbox 364 1610 2011 1683">
     <span class='ocr_line' id='line_1_17' title="bbox 364 1610 2011 1683; baseline -0.001 -17"><span class='ocrx_word' id='word_1_129' title='bbox 364 1613 548 1679; x_wconf 89' lang='lat' dir='ltr'>neret,</span> <span class='ocrx_word' id='word_1_130' title='bbox 598 1610 872 1666; x_wconf 84' lang='lat' dir='ltr'><strong><em>recedens</em></strong></span> <span class='ocrx_word' id='word_1_131' title='bbox 900 1628 934 1666; x_wconf 90' lang='lat' dir='ltr'>a</span> <span class='ocrx_word' id='word_1_132' title='bbox 963 1611 1149 1683; x_wconf 86' lang='lat' dir='ltr'>capite</span> <span class='ocrx_word' id='word_1_133' title='bbox 1193 1627 1320 1679; x_wconf 89' lang='lat' dir='ltr'>suo,</span> <span class='ocrx_word' id='word_1_134' title='bbox 1374 1610 1433 1665; x_wconf 92' lang='lat' dir='ltr'>id</span> <span class='ocrx_word' id='word_1_135' title='bbox 1466 1615 1555 1666; x_wconf 92' lang='lat' dir='ltr'><strong><em>est</em></strong></span> <span class='ocrx_word' id='word_1_136' title='bbox 1584 1627 1618 1665; x_wconf 91' lang='lat' dir='ltr'>a</span> <span class='ocrx_word' id='word_1_137' title='bbox 1655 1610 1792 1681; x_wconf 92' lang='lat' dir='ltr'><strong><em>Deo,</em></strong></span> <span class='ocrx_word' id='word_1_138' title='bbox 1846 1610 2011 1679; x_wconf 85' lang='lat' dir='ltr'><strong><em>inﬁr-</em></strong></span> 
     </span>
    </p>
   </div>
   <div class='ocr_carea' id='block_1_18' title="bbox 362 1699 2014 1772">
    <p class='ocr_par' dir='ltr' id='par_1_18' title="bbox 362 1699 2014 1772">
     <span class='ocr_line' id='line_1_18' title="bbox 362 1699 2014 1772; baseline 0 -17"><span class='ocrx_word' id='word_1_139' title='bbox 362 1702 514 1755; x_wconf 88' lang='lat' dir='ltr'>mata</span> <span class='ocrx_word' id='word_1_140' title='bbox 536 1707 634 1755; x_wconf 89' lang='lat' dir='ltr'>est.</span> <span class='ocrx_word' id='word_1_141' title='bbox 661 1700 728 1755; x_wconf 92' lang='lat' dir='ltr'>Et</span> <span class='ocrx_word' id='word_1_142' title='bbox 747 1702 939 1757; x_wconf 88' lang='lat' dir='ltr'>anima</span> <span class='ocrx_word' id='word_1_143' title='bbox 965 1716 1104 1771; x_wconf 84' lang='lat' dir='ltr'>mea,</span> <span class='ocrx_word' id='word_1_144' title='bbox 1130 1700 1187 1754; x_wconf 91' lang='lat' dir='ltr'>id</span> <span class='ocrx_word' id='word_1_145' title='bbox 1219 1704 1327 1767; x_wconf 88' lang='lat' dir='ltr'>est,</span> <span class='ocrx_word' id='word_1_146' title='bbox 1352 1699 1704 1756; x_wconf 88' lang='lat' dir='ltr'>sensualitas</span> <span class='ocrx_word' id='word_1_147' title='bbox 1724 1699 2014 1772; x_wconf 79' lang='lat' dir='ltr'>infirmata</span> 
     </span>
    </p>
   </div>
   <div class='ocr_carea' id='block_1_19' title="bbox 2113 519 3760 601">
    <p class='ocr_par' dir='ltr' id='par_1_19' title="bbox 2113 519 3760 601">
     <span class='ocr_line' id='line_1_19' title="bbox 2113 519 3760 601; baseline -0.008 -15"><span class='ocrx_word' id='word_1_148' title='bbox 2113 532 2395 586; x_wconf 18' lang='lat' dir='ltr'>consiliarii</span> <span class='ocrx_word' id='word_1_149' title='bbox 2422 539 2578 601; x_wconf 84' lang='lat' dir='ltr'>sunt,</span> <span class='ocrx_word' id='word_1_150' title='bbox 2621 529 2679 585; x_wconf 94' lang='lat' dir='ltr'>id</span> <span class='ocrx_word' id='word_1_151' title='bbox 2712 533 2826 598; x_wconf 92' lang='lat' dir='ltr'>est,</span> <span class='ocrx_word' id='word_1_152' title='bbox 2877 545 2993 584; x_wconf 92' lang='lat' dir='ltr'><strong><em>non</em></strong></span> <span class='ocrx_word' id='word_1_153' title='bbox 3024 526 3216 583; x_wconf 90' lang='lat' dir='ltr'>solum</span> <span class='ocrx_word' id='word_1_154' title='bbox 3262 540 3384 589; x_wconf 91' lang='lat' dir='ltr'>me,</span> <span class='ocrx_word' id='word_1_155' title='bbox 3436 520 3539 578; x_wconf 91' lang='lat' dir='ltr'>sed</span> <span class='ocrx_word' id='word_1_156' title='bbox 3585 519 3760 576; x_wconf 83' lang='lat' dir='ltr'>etiam</span> 
     </span>
    </p>
   </div>
   <div class='ocr_carea' id='block_1_20' title="bbox 2115 610 3764 692">
    <p class='ocr_par' dir='ltr' id='par_1_20' title="bbox 2115 610 3764 692">
     <span class='ocr_line' id='line_1_20' title="bbox 2115 610 3764 692; baseline -0.007 -17"><span class='ocrx_word' id='word_1_157' title='bbox 2115 636 2275 675; x_wconf 92' lang='lat' dir='ltr'><strong><em>meos</em></strong></span> <span class='ocrx_word' id='word_1_158' title='bbox 2307 620 2596 692; x_wconf 83' lang='lat' dir='ltr'><strong><em>persecuti</em></strong></span> <span class='ocrx_word' id='word_1_159' title='bbox 2627 627 2765 676; x_wconf 88' lang='lat' dir='ltr'>sunt</span> <span class='ocrx_word' id='word_1_160' title='bbox 2795 623 2857 674; x_wconf 92' lang='lat' dir='ltr'>ut</span> <span class='ocrx_word' id='word_1_161' title='bbox 2886 617 3213 691; x_wconf 86' lang='lat' dir='ltr'><strong><em>perderent.</em></strong></span> <span class='ocrx_word' id='word_1_162' title='bbox 3261 614 3372 683; x_wconf 86' lang='lat' dir='ltr'>Ego</span> <span class='ocrx_word' id='word_1_163' title='bbox 3398 615 3590 668; x_wconf 86' lang='lat' dir='ltr'>autem</span> <span class='ocrx_word' id='word_1_164' title='bbox 3619 610 3680 665; x_wconf 81' lang='lat' dir='ltr'>in</span> <span class='ocrx_word' id='word_1_165' title='bbox 3712 612 3764 664; x_wconf 83' lang='lat' dir='ltr'>te</span> 
     </span>
    </p>
   </div>
   <div class='ocr_carea' id='block_1_21' title="bbox 2114 703 3758 781">
    <p class='ocr_par' dir='ltr' id='par_1_21' title="bbox 2114 703 3758 781">
     <span class='ocr_line' id='line_1_21' title="bbox 2114 703 3758 781; baseline -0.005 -17"><span class='ocrx_word' id='word_1_166' title='bbox 2114 712 2350 781; x_wconf 81' lang='lat' dir='ltr'><strong><em>speravi,</em></strong></span> <span class='ocrx_word' id='word_1_167' title='bbox 2390 712 2618 765; x_wconf 78' lang='lat' dir='ltr'><strong><em>Domine</em></strong></span> <span class='ocrx_word' id='word_1_168' title='bbox 2649 727 2668 764; x_wconf 87' lang='lat'><em>:</em></span> <span class='ocrx_word' id='word_1_169' title='bbox 2718 708 2875 765; x_wconf 83' lang='lat' dir='ltr'>istud</span> <span class='ocrx_word' id='word_1_170' title='bbox 2925 711 2984 763; x_wconf 89' lang='lat' dir='ltr'>et</span> <span class='ocrx_word' id='word_1_171' title='bbox 3012 710 3221 762; x_wconf 64' lang='lat' dir='ltr'>caetera</span> <span class='ocrx_word' id='word_1_172' title='bbox 3250 720 3377 775; x_wconf 63' lang='lat' dir='ltr'>qua</span> <span class='ocrx_word' id='word_1_173' title='bbox 3408 703 3758 773; x_wconf 83' lang='lat' dir='ltr'>sequuntur,</span> 
     </span>
    </p>
   </div>
   <div class='ocr_carea' id='block_1_22' title="bbox 2116 789 3759 871">
    <p class='ocr_par' dir='ltr' id='par_1_22' title="bbox 2116 789 3759 871">
     <span class='ocr_line' id='line_1_22' title="bbox 2116 789 3759 871; baseline -0.007 -17"><span class='ocrx_word' id='word_1_174' title='bbox 2116 799 2304 871; x_wconf 87' lang='lat' dir='ltr'>magis</span> <span class='ocrx_word' id='word_1_175' title='bbox 2331 799 2390 854; x_wconf 93' lang='lat' dir='ltr'>in</span> <span class='ocrx_word' id='word_1_176' title='bbox 2421 815 2668 871; x_wconf 85' lang='lat' dir='ltr'><strong><em>persona</em></strong></span> <span class='ocrx_word' id='word_1_177' title='bbox 2688 814 2928 854; x_wconf 91' lang='lat' dir='ltr'>suorum</span> <span class='ocrx_word' id='word_1_178' title='bbox 2952 796 3095 852; x_wconf 89' lang='lat' dir='ltr'>dicit</span> <span class='ocrx_word' id='word_1_179' title='bbox 3115 798 3311 866; x_wconf 88' lang='lat' dir='ltr'>caput,</span> <span class='ocrx_word' id='word_1_180' title='bbox 3338 806 3518 864; x_wconf 91' lang='lat' dir='ltr'>quam</span> <span class='ocrx_word' id='word_1_181' title='bbox 3546 789 3606 844; x_wconf 90' lang='lat' dir='ltr'><strong><em>in</em></strong></span> <span class='ocrx_word' id='word_1_182' title='bbox 3635 804 3759 845; x_wconf 90' lang='lat' dir='ltr'>sua.</span> 
     </span>
    </p>
   </div>
   <div class='ocr_carea' id='block_1_23' title="bbox 2664 899 3362 960">
    <p class='ocr_par' dir='ltr' id='par_1_23' title="bbox 2664 899 3362 960">
     <span class='ocr_line' id='line_1_23' title="bbox 2664 899 3362 960; baseline -0.01 0"><span class='ocrx_word' id='word_1_183' title='bbox 2664 905 2789 960; x_wconf 80' lang='lat' dir='ltr'>PSA</span> <span class='ocrx_word' id='word_1_184' title='bbox 2804 902 2985 959; x_wconf 86' lang='lat' dir='ltr'>LMUS</span> <span class='ocrx_word' id='word_1_185' title='bbox 3023 899 3213 957; x_wconf 86' lang='lat' dir='ltr'>XXXI.</span> <span class='ocrx_word' id='word_1_186' title='bbox 3330 927 3362 953; x_wconf 75' lang='grc' dir='ltr'><strong><em>ο</em></strong></span> 
     </span>
    </p>
   </div>
   <div class='ocr_carea' id='block_1_24' title="bbox 2580 1006 3301 1049">
    <p class='ocr_par' dir='ltr' id='par_1_24' title="bbox 2580 1006 3301 1049">
     <span class='ocr_line' id='line_1_24' title="bbox 2580 1006 3301 1049; baseline -0.007 0"><span class='ocrx_word' id='word_1_187' title='bbox 2580 1007 3037 1049; x_wconf 80' lang='lat' dir='ltr'>INTELLECTUS</span> <span class='ocrx_word' id='word_1_188' title='bbox 3090 1006 3301 1045; x_wconf 80' lang='lat' dir='ltr'><strong>DAVID</strong></span> 
     </span>
    </p>
   </div>
   <div class='ocr_carea' id='block_1_25' title="bbox 2186 1074 3768 1155">
    <p class='ocr_par' dir='ltr' id='par_1_25' title="bbox 2186 1074 3768 1155">
     <span class='ocr_line' id='line_1_25' title="bbox 2186 1074 3768 1155; baseline -0.008 -15"><span class='ocrx_word' id='word_1_189' title='bbox 2186 1084 2413 1140; x_wconf 82' lang='lat' dir='ltr'>«Beati</span> <span class='ocrx_word' id='word_1_190' title='bbox 2472 1100 2724 1155; x_wconf 89' lang='lat' dir='ltr'><strong><em>quorum</em></strong></span> <span class='ocrx_word' id='word_1_191' title='bbox 2781 1082 3037 1137; x_wconf 76' lang='lat' dir='ltr'>remissae</span> <span class='ocrx_word' id='word_1_192' title='bbox 3095 1083 3233 1135; x_wconf 91' lang='lat' dir='ltr'><strong><em>sunt</em></strong></span> <span class='ocrx_word' id='word_1_193' title='bbox 3286 1074 3655 1148; x_wconf 84' lang='lat' dir='ltr'>iniquitates,</span> <span class='ocrx_word' id='word_1_194' title='bbox 3711 1075 3768 1129; x_wconf 89' lang='lat' dir='ltr'>et</span> 
     </span>
    </p>
   </div>
   <div class='ocr_carea' id='block_1_26' title="bbox 2116 1163 3761 1245">
    <p class='ocr_par' dir='ltr' id='par_1_26' title="bbox 2116 1163 3761 1245">
     <span class='ocr_line' id='line_1_26' title="bbox 2116 1163 3761 1245; baseline -0.004 -21"><span class='ocrx_word' id='word_1_195' title='bbox 2116 1195 2145 1225; x_wconf 72' lang='grc' dir='ltr'>α</span> <span class='ocrx_word' id='word_1_196' title='bbox 2175 1190 2425 1245; x_wconf 89' lang='lat' dir='ltr'><strong><em>quorum</em></strong></span> <span class='ocrx_word' id='word_1_197' title='bbox 2457 1177 2608 1228; x_wconf 89' lang='lat' dir='ltr'>tecta</span> <span class='ocrx_word' id='word_1_198' title='bbox 2636 1176 2775 1227; x_wconf 92' lang='lat' dir='ltr'>sunt</span> <span class='ocrx_word' id='word_1_199' title='bbox 2805 1176 3061 1244; x_wconf 88' lang='lat' dir='ltr'>peccata.</span> <span class='ocrx_word' id='word_1_200' title='bbox 3113 1169 3326 1224; x_wconf 86' lang='lat' dir='ltr'>Beatus</span> <span class='ocrx_word' id='word_1_201' title='bbox 3374 1166 3463 1220; x_wconf 92' lang='lat' dir='ltr'>vir</span> <span class='ocrx_word' id='word_1_202' title='bbox 3503 1163 3600 1220; x_wconf 90' lang='lat' dir='ltr'>cui</span> <span class='ocrx_word' id='word_1_203' title='bbox 3643 1179 3761 1218; x_wconf 91' lang='lat' dir='ltr'>non</span> 
     </span>
    </p>
   </div>
   <div class='ocr_carea' id='block_1_27' title="bbox 2118 1251 3764 1333">
    <p class='ocr_par' dir='ltr' id='par_1_27' title="bbox 2118 1251 3764 1333">
     <span class='ocr_line' id='line_1_27' title="bbox 2118 1251 3764 1333; baseline -0.007 -16"><span class='ocrx_word' id='word_1_204' title='bbox 2118 1262 2490 1333; x_wconf 84' lang='lat' dir='ltr'>«imputavit</span> <span class='ocrx_word' id='word_1_205' title='bbox 2532 1261 2816 1317; x_wconf 90' lang='lat' dir='ltr'>Dominus</span> <span class='ocrx_word' id='word_1_206' title='bbox 2865 1262 3201 1332; x_wconf 87' lang='lat' dir='ltr'>peccatum,</span> <span class='ocrx_word' id='word_1_207' title='bbox 3255 1271 3361 1311; x_wconf 91' lang='lat' dir='ltr'>nec</span> <span class='ocrx_word' id='word_1_208' title='bbox 3412 1258 3504 1309; x_wconf 92' lang='lat' dir='ltr'>est</span> <span class='ocrx_word' id='word_1_209' title='bbox 3553 1251 3764 1325; x_wconf 84' lang='lat' dir='ltr'>spiritu</span> 
     </span>
    </p>
   </div>
   <div class='ocr_carea' id='block_1_28' title="bbox 2116 1345 3766 1422">
    <p class='ocr_par' dir='ltr' id='par_1_28' title="bbox 2116 1345 3766 1422">
     <span class='ocr_line' id='line_1_28' title="bbox 2116 1345 3766 1422; baseline -0.004 -21"><span class='ocrx_word' id='word_1_210' title='bbox 2116 1373 2143 1401; x_wconf 88' lang='grc'>‹‹</span> <span class='ocrx_word' id='word_1_211' title='bbox 2181 1354 2311 1422; x_wconf 90' lang='lat' dir='ltr'>ejus</span> <span class='ocrx_word' id='word_1_212' title='bbox 2340 1350 2529 1406; x_wconf 86' lang='lat' dir='ltr'>dolus.</span> <span class='ocrx_word' id='word_1_213' title='bbox 2560 1350 2844 1415; x_wconf 89' lang='lat' dir='ltr'><strong><em>Quoniam</em></strong></span> <span class='ocrx_word' id='word_1_214' title='bbox 2876 1346 3063 1413; x_wconf 86' lang='lat' dir='ltr'>tacui,</span> <span class='ocrx_word' id='word_1_215' title='bbox 3117 1345 3587 1401; x_wconf 87' lang='lat' dir='ltr'>inveteraverunt</span> <span class='ocrx_word' id='word_1_216' title='bbox 3629 1356 3766 1396; x_wconf 84' lang='lat' dir='ltr'>ossa</span> 
     </span>
    </p>
   </div>
   <div class='ocr_carea' id='block_1_29' title="bbox 2119 1429 3762 1510">
    <p class='ocr_par' dir='ltr' id='par_1_29' title="bbox 2119 1429 3762 1510">
     <span class='ocr_line' id='line_1_29' title="bbox 2119 1429 3762 1510; baseline -0.009 -13"><span class='ocrx_word' id='word_1_217' title='bbox 2119 1464 2146 1491; x_wconf 90' lang='grc'><em>‹‹</em></span> <span class='ocrx_word' id='word_1_218' title='bbox 2181 1457 2340 1510; x_wconf 89' lang='lat' dir='ltr'>mea,</span> <span class='ocrx_word' id='word_1_219' title='bbox 2390 1441 2532 1495; x_wconf 92' lang='lat' dir='ltr'>dum</span> <span class='ocrx_word' id='word_1_220' title='bbox 2574 1438 2889 1495; x_wconf 89' lang='lat' dir='ltr'>clamarem</span> <span class='ocrx_word' id='word_1_221' title='bbox 2941 1441 3065 1492; x_wconf 91' lang='lat' dir='ltr'>tota</span> <span class='ocrx_word' id='word_1_222' title='bbox 3091 1434 3205 1490; x_wconf 92' lang='lat' dir='ltr'>die.</span> <span class='ocrx_word' id='word_1_223' title='bbox 3254 1431 3542 1497; x_wconf 88' lang='lat' dir='ltr'>Quoniam</span> <span class='ocrx_word' id='word_1_224' title='bbox 3575 1429 3670 1485; x_wconf 91' lang='lat' dir='ltr'>die</span> <span class='ocrx_word' id='word_1_225' title='bbox 3698 1444 3762 1484; x_wconf 92' lang='lat' dir='ltr'>ac</span> 
     </span>
    </p>
   </div>
   <div class='ocr_carea' id='block_1_30' title="bbox 2118 1516 3766 1601">
    <p class='ocr_par' dir='ltr' id='par_1_30' title="bbox 2118 1516 3766 1601">
     <span class='ocr_line' id='line_1_30' title="bbox 2118 1516 3766 1601; baseline -0.008 -16"><span class='ocrx_word' id='word_1_226' title='bbox 2118 1552 2146 1579; x_wconf 88' lang='lat'><strong>«</strong></span> <span class='ocrx_word' id='word_1_227' title='bbox 2181 1535 2351 1585; x_wconf 89' lang='lat' dir='ltr'>nocte</span> <span class='ocrx_word' id='word_1_228' title='bbox 2376 1532 2612 1601; x_wconf 85' lang='lat' dir='ltr'>gravata</span> <span class='ocrx_word' id='word_1_229' title='bbox 2642 1532 2731 1583; x_wconf 90' lang='lat' dir='ltr'>est</span> <span class='ocrx_word' id='word_1_230' title='bbox 2752 1543 2929 1598; x_wconf 84' lang='lat' dir='ltr'><strong><em>super</em></strong></span> <span class='ocrx_word' id='word_1_231' title='bbox 2954 1541 3046 1580; x_wconf 89' lang='lat' dir='ltr'><strong><em>me</em></strong></span> <span class='ocrx_word' id='word_1_232' title='bbox 3068 1539 3281 1579; x_wconf 90' lang='lat' dir='ltr'>manus</span> <span class='ocrx_word' id='word_1_233' title='bbox 3303 1526 3425 1588; x_wconf 92' lang='lat' dir='ltr'>tua,</span> <span class='ocrx_word' id='word_1_234' title='bbox 3450 1516 3766 1575; x_wconf 81' lang='lat' dir='ltr'>conversus</span> 
     </span>
    </p>
   </div>
   <div class='ocr_carea' id='block_1_31' title="bbox 2120 1608 3769 1683">
    <p class='ocr_par' dir='ltr' id='par_1_31' title="bbox 2120 1608 3769 1683">
     <span class='ocr_line' id='line_1_31' title="bbox 2120 1608 3769 1683; baseline -0.009 -8"><span class='ocrx_word' id='word_1_235' title='bbox 2120 1642 2147 1668; x_wconf 85' lang='grc'>‹‹</span> <span class='ocrx_word' id='word_1_236' title='bbox 2182 1636 2315 1675; x_wconf 87' lang='lat' dir='ltr'><strong><em>sum</em></strong></span> <span class='ocrx_word' id='word_1_237' title='bbox 2343 1619 2402 1673; x_wconf 92' lang='lat' dir='ltr'><strong><em>in</em></strong></span> <span class='ocrx_word' id='word_1_238' title='bbox 2434 1633 2695 1672; x_wconf 63' lang='lat' dir='ltr'>aerumna</span> <span class='ocrx_word' id='word_1_239' title='bbox 2720 1631 2881 1682; x_wconf 89' lang='lat' dir='ltr'>mea,</span> <span class='ocrx_word' id='word_1_240' title='bbox 2916 1615 3064 1669; x_wconf 92' lang='lat' dir='ltr'><strong><em>dunt</em></strong></span> <span class='ocrx_word' id='word_1_241' title='bbox 3092 1610 3406 1683; x_wconf 83' lang='lat' dir='ltr'>conﬁgitur</span> <span class='ocrx_word' id='word_1_242' title='bbox 3435 1608 3625 1681; x_wconf 90' lang='lat' dir='ltr'>spina.</span> <span class='ocrx_word' id='word_1_243' title='bbox 3660 1611 3769 1661; x_wconf 88' lang='lat' dir='ltr'>De-</span> 
     </span>
    </p>
   </div>
   <div class='ocr_carea' id='block_1_32' title="bbox 2121 1696 3769 1778">
    <p class='ocr_par' dir='ltr' id='par_1_32' title="bbox 2121 1696 3769 1778">
     <span class='ocr_line' id='line_1_32' title="bbox 2121 1696 3769 1778; baseline -0.007 -16"><span class='ocrx_word' id='word_1_244' title='bbox 2121 1732 2148 1759; x_wconf 91' lang='grc'>‹‹</span> <span class='ocrx_word' id='word_1_245' title='bbox 2184 1707 2389 1765; x_wconf 91' lang='lat' dir='ltr'>lictum</span> <span class='ocrx_word' id='word_1_246' title='bbox 2422 1724 2619 1763; x_wconf 92' lang='lat' dir='ltr'><strong><em>meum</em></strong></span> <span class='ocrx_word' id='word_1_247' title='bbox 2651 1704 2950 1778; x_wconf 89' lang='lat' dir='ltr'>cognitum</span> <span class='ocrx_word' id='word_1_248' title='bbox 2982 1703 3087 1759; x_wconf 90' lang='lat' dir='ltr'>tibi</span> <span class='ocrx_word' id='word_1_249' title='bbox 3130 1701 3257 1769; x_wconf 87' lang='lat' dir='ltr'>feci,</span> <span class='ocrx_word' id='word_1_250' title='bbox 3309 1704 3368 1756; x_wconf 92' lang='lat' dir='ltr'>et</span> <span class='ocrx_word' id='word_1_251' title='bbox 3414 1696 3769 1770; x_wconf 88' lang='lat' dir='ltr'>injustitiam</span> 
     </span>
    </p>
   </div>
   <div class='ocr_carea' id='block_1_33' title="bbox 365 1787 3772 1884">
    <p class='ocr_par' dir='ltr' id='par_1_33' title="bbox 365 1787 3772 1884">
     <span class='ocr_line' id='line_1_33' title="bbox 365 1787 3772 1884; baseline -0.004 -31"><span class='ocrx_word' id='word_1_252' title='bbox 365 1793 472 1857; x_wconf 81' lang='lat' dir='ltr'>est,</span> <span class='ocrx_word' id='word_1_253' title='bbox 506 1788 644 1861; x_wconf 79' lang='lat' dir='ltr'>quia</span> <span class='ocrx_word' id='word_1_254' title='bbox 689 1788 777 1844; x_wconf 82' lang='lat' dir='ltr'>vir</span> <span class='ocrx_word' id='word_1_255' title='bbox 828 1789 979 1859; x_wconf 71' lang='lat' dir='ltr'>Evae,</span> <span class='ocrx_word' id='word_1_256' title='bbox 1032 1790 1091 1843; x_wconf 74' lang='lat' dir='ltr'>1d</span> <span class='ocrx_word' id='word_1_257' title='bbox 1140 1794 1229 1844; x_wconf 81' lang='lat' dir='ltr'>est</span> <span class='ocrx_word' id='word_1_258' title='bbox 1274 1790 1450 1857; x_wconf 79' lang='lat' dir='ltr'>ratio,</span> <span class='ocrx_word' id='word_1_259' title='bbox 1502 1789 1692 1844; x_wconf 84' lang='lat' dir='ltr'>noluit</span> <span class='ocrx_word' id='word_1_260' title='bbox 1734 1806 1862 1844; x_wconf 83' lang='lat' dir='ltr'><strong><em>esse</em></strong></span> <span class='ocrx_word' id='word_1_261' title='bbox 1902 1789 2013 1843; x_wconf 83' lang='lat' dir='ltr'>sub</span> <span class='ocrx_word' id='word_1_262' title='bbox 2042 1819 2089 1884; x_wconf 82' lang='grc' dir='ltr'><strong>Β</strong></span> <span class='ocrx_word' id='word_1_263' title='bbox 2121 1821 2147 1848; x_wconf 90' lang='grc'><em>‹‹</em></span> <span class='ocrx_word' id='word_1_264' title='bbox 2181 1814 2370 1853; x_wconf 89' lang='lat' dir='ltr'>meam</span> <span class='ocrx_word' id='word_1_265' title='bbox 2390 1813 2503 1852; x_wconf 89' lang='lat' dir='ltr'>non</span> <span class='ocrx_word' id='word_1_266' title='bbox 2522 1787 3661 1851; x_wconf 84' lang='lat' dir='ltr'>abscondi.Dixi:Gonﬁteboradversum</span> <span class='ocrx_word' id='word_1_267' title='bbox 3679 1800 3772 1841; x_wconf 90' lang='lat' dir='ltr'>me</span> 
     </span>
    </p>
   </div>
   <div class='ocr_carea' id='block_1_34' title="bbox 366 1877 2013 1951">
    <p class='ocr_par' dir='ltr' id='par_1_34' title="bbox 366 1877 2013 1951">
     <span class='ocr_line' id='line_1_34' title="bbox 366 1877 2013 1951; baseline 0 -18"><span class='ocrx_word' id='word_1_268' title='bbox 366 1878 555 1951; x_wconf 89' lang='lat' dir='ltr'>capite</span> <span class='ocrx_word' id='word_1_269' title='bbox 586 1895 715 1950; x_wconf 92' lang='lat' dir='ltr'><strong><em>suo,</em></strong></span> <span class='ocrx_word' id='word_1_270' title='bbox 748 1894 852 1933; x_wconf 90' lang='lat' dir='ltr'><strong><em>nec</em></strong></span> <span class='ocrx_word' id='word_1_271' title='bbox 881 1879 1015 1948; x_wconf 86' lang='lat' dir='ltr'>Eva,</span> <span class='ocrx_word' id='word_1_272' title='bbox 1050 1878 1107 1933; x_wconf 91' lang='lat' dir='ltr'>id</span> <span class='ocrx_word' id='word_1_273' title='bbox 1139 1882 1247 1945; x_wconf 90' lang='lat' dir='ltr'>est,</span> <span class='ocrx_word' id='word_1_274' title='bbox 1274 1877 1643 1945; x_wconf 90' lang='lat' dir='ltr'>sensualitas,</span> <span class='ocrx_word' id='word_1_275' title='bbox 1668 1877 1854 1933; x_wconf 89' lang='lat' dir='ltr'><strong><em>noluit</em></strong></span> <span class='ocrx_word' id='word_1_276' title='bbox 1886 1894 2013 1935; x_wconf 76' lang='lat' dir='ltr'>esse</span> 
     </span>
    </p>
   </div>
   <div class='ocr_carea' id='block_1_35' title="bbox 366 1965 2013 2039">
    <p class='ocr_par' dir='ltr' id='par_1_35' title="bbox 366 1965 2013 2039">
     <span class='ocr_line' id='line_1_35' title="bbox 366 1965 2013 2039; baseline -0.001 -16"><span class='ocrx_word' id='word_1_277' title='bbox 366 1968 477 2024; x_wconf 89' lang='lat' dir='ltr'>sub</span> <span class='ocrx_word' id='word_1_278' title='bbox 524 1984 631 2023; x_wconf 91' lang='lat' dir='ltr'>suo</span> <span class='ocrx_word' id='word_1_279' title='bbox 679 1968 897 2039; x_wconf 86' lang='lat' dir='ltr'>capite,</span> <span class='ocrx_word' id='word_1_280' title='bbox 931 1967 988 2021; x_wconf 90' lang='lat' dir='ltr'>id</span> <span class='ocrx_word' id='word_1_281' title='bbox 1020 1972 1138 2033; x_wconf 88' lang='lat' dir='ltr'>est,</span> <span class='ocrx_word' id='word_1_282' title='bbox 1173 1967 1282 2022; x_wconf 89' lang='lat' dir='ltr'>sub</span> <span class='ocrx_word' id='word_1_283' title='bbox 1313 1966 1572 2022; x_wconf 92' lang='lat' dir='ltr'>dominio</span> <span class='ocrx_word' id='word_1_284' title='bbox 1602 1965 1874 2037; x_wconf 81' lang='lat' dir='ltr'>rationis,</span> <span class='ocrx_word' id='word_1_285' title='bbox 1908 1983 2013 2022; x_wconf 90' lang='lat' dir='ltr'>nec</span> 
     </span>
    </p>
   </div>
   <div class='ocr_carea' id='block_1_36' title="bbox 363 2055 2013 2127">
    <p class='ocr_par' dir='ltr' id='par_1_36' title="bbox 363 2055 2013 2127">
     <span class='ocr_line' id='line_1_36' title="bbox 363 2055 2013 2127; baseline -0.002 -14"><span class='ocrx_word' id='word_1_286' title='bbox 363 2056 517 2113; x_wconf 89' lang='lat' dir='ltr'>valet</span> <span class='ocrx_word' id='word_1_287' title='bbox 545 2073 672 2113; x_wconf 90' lang='lat' dir='ltr'>eam</span> <span class='ocrx_word' id='word_1_288' title='bbox 705 2056 850 2111; x_wconf 85' lang='lat' dir='ltr'>ratio</span> <span class='ocrx_word' id='word_1_289' title='bbox 881 2056 1192 2122; x_wconf 84' lang='lat' dir='ltr'>refrenare,</span> <span class='ocrx_word' id='word_1_290' title='bbox 1225 2055 1365 2127; x_wconf 89' lang='lat' dir='ltr'><strong><em>quin</em></strong></span> <span class='ocrx_word' id='word_1_291' title='bbox 1398 2056 1670 2111; x_wconf 88' lang='lat' dir='ltr'>extendat</span> <span class='ocrx_word' id='word_1_292' title='bbox 1698 2072 1910 2111; x_wconf 92' lang='lat' dir='ltr'>manus</span> <span class='ocrx_word' id='word_1_293' title='bbox 1941 2057 2013 2110; x_wconf 92' lang='lat' dir='ltr'>ad</span> 
     </span>
    </p>
   </div>
   <div class='ocr_carea' id='block_1_37' title="bbox 363 2145 2012 2215">
    <p class='ocr_par' dir='ltr' id='par_1_37' title="bbox 363 2145 2012 2215">
     <span class='ocr_line' id='line_1_37' title="bbox 363 2145 2012 2215; baseline -0.002 -14"><span class='ocrx_word' id='word_1_294' title='bbox 363 2145 586 2201; x_wconf 89' lang='lat' dir='ltr'>illicita.</span> <span class='ocrx_word' id='word_1_295' title='bbox 637 2147 700 2199; x_wconf 85' lang='lat' dir='ltr'>Et</span> <span class='ocrx_word' id='word_1_296' title='bbox 728 2153 914 2200; x_wconf 82' lang='lat' dir='ltr'><strong><em>venter</em></strong></span> <span class='ocrx_word' id='word_1_297' title='bbox 941 2160 1122 2212; x_wconf 87' lang='lat' dir='ltr'>meus,</span> <span class='ocrx_word' id='word_1_298' title='bbox 1174 2145 1229 2199; x_wconf 93' lang='lat' dir='ltr'>id</span> <span class='ocrx_word' id='word_1_299' title='bbox 1265 2149 1381 2215; x_wconf 89' lang='lat' dir='ltr'>est,</span> <span class='ocrx_word' id='word_1_300' title='bbox 1414 2160 1547 2200; x_wconf 90' lang='lat' dir='ltr'>caro</span> <span class='ocrx_word' id='word_1_301' title='bbox 1582 2161 1844 2200; x_wconf 90' lang='lat' dir='ltr'><strong><em>meorum</em></strong></span> <span class='ocrx_word' id='word_1_302' title='bbox 1877 2161 2012 2200; x_wconf 92' lang='lat' dir='ltr'>con-</span> 
     </span>
    </p>
   </div>
   <div class='ocr_carea' id='block_1_38' title="bbox 364 2233 2015 2306">
    <p class='ocr_par' dir='ltr' id='par_1_38' title="bbox 364 2233 2015 2306">
     <span class='ocr_line' id='line_1_38' title="bbox 364 2233 2015 2306; baseline -0.002 -15"><span class='ocrx_word' id='word_1_303' title='bbox 364 2236 601 2291; x_wconf 87' lang='lat' dir='ltr'>turbata</span> <span class='ocrx_word' id='word_1_304' title='bbox 629 2239 719 2291; x_wconf 90' lang='lat' dir='ltr'>est</span> <span class='ocrx_word' id='word_1_305' title='bbox 748 2251 863 2291; x_wconf 91' lang='lat' dir='ltr'>non</span> <span class='ocrx_word' id='word_1_306' title='bbox 883 2233 1080 2290; x_wconf 91' lang='lat' dir='ltr'>valens</span> <span class='ocrx_word' id='word_1_307' title='bbox 1107 2234 1598 2306; x_wconf 91' lang='lat' dir='ltr'>concupiscentiis</span> <span class='ocrx_word' id='word_1_308' title='bbox 1632 2234 1920 2290; x_wconf 89' lang='lat' dir='ltr'>resistere.</span> <span class='ocrx_word' id='word_1_309' title='bbox 1948 2237 2015 2288; x_wconf 86' lang='lat' dir='ltr'>Et</span> 
     </span>
    </p>
   </div>
   <div class='ocr_carea' id='block_1_39' title="bbox 365 2324 2011 2397">
    <p class='ocr_par' dir='ltr' id='par_1_39' title="bbox 365 2324 2011 2397">
     <span class='ocr_line' id='line_1_39' title="bbox 365 2324 2011 2397; baseline -0.001 -18"><span class='ocrx_word' id='word_1_310' title='bbox 365 2324 495 2381; x_wconf 91' lang='lat' dir='ltr'><strong><em>ideo</em></strong></span> <span class='ocrx_word' id='word_1_311' title='bbox 516 2324 783 2392; x_wconf 90' lang='lat' dir='ltr'>tribulor,</span> <span class='ocrx_word' id='word_1_312' title='bbox 813 2324 1091 2397; x_wconf 88' lang='lat' dir='ltr'>quoniam</span> <span class='ocrx_word' id='word_1_313' title='bbox 1112 2326 1229 2380; x_wconf 84' lang='lat' dir='ltr'>vita</span> <span class='ocrx_word' id='word_1_314' title='bbox 1248 2340 1390 2391; x_wconf 87' lang='lat' dir='ltr'>mea,</span> <span class='ocrx_word' id='word_1_315' title='bbox 1418 2324 1675 2396; x_wconf 68' lang='lat' dir='ltr'>longaeva</span> <span class='ocrx_word' id='word_1_316' title='bbox 1694 2324 1811 2379; x_wconf 89' lang='lat' dir='ltr'>vita</span> <span class='ocrx_word' id='word_1_317' title='bbox 1835 2340 2011 2394; x_wconf 91' lang='lat' dir='ltr'>quam</span> 
     </span>
    </p>
   </div>
   <div class='ocr_carea' id='block_1_40' title="bbox 368 2410 2016 2485">
    <p class='ocr_par' dir='ltr' id='par_1_40' title="bbox 368 2410 2016 2485">
     <span class='ocr_line' id='line_1_40' title="bbox 368 2410 2016 2485; baseline -0.002 -16"><span class='ocrx_word' id='word_1_318' title='bbox 368 2413 571 2469; x_wconf 90' lang='lat' dir='ltr'>debuit</span> <span class='ocrx_word' id='word_1_319' title='bbox 601 2414 775 2469; x_wconf 86' lang='lat' dir='ltr'>homo</span> <span class='ocrx_word' id='word_1_320' title='bbox 807 2413 1044 2480; x_wconf 88' lang='lat' dir='ltr'>habere,</span> <span class='ocrx_word' id='word_1_321' title='bbox 1073 2415 1123 2470; x_wconf 89' lang='lat' dir='ltr'>si</span> <span class='ocrx_word' id='word_1_322' title='bbox 1154 2431 1188 2469; x_wconf 94' lang='lat' dir='ltr'>a</span> <span class='ocrx_word' id='word_1_323' title='bbox 1218 2420 1501 2485; x_wconf 71' lang='lat' dir='ltr'>praecepto</span> <span class='ocrx_word' id='word_1_324' title='bbox 1529 2413 1762 2469; x_wconf 86' lang='lat' dir='ltr'>Domini</span> <span class='ocrx_word' id='word_1_325' title='bbox 1792 2412 1893 2468; x_wconf 91' lang='lat' dir='ltr'>Dei</span> <span class='ocrx_word' id='word_1_326' title='bbox 1923 2410 2016 2468; x_wconf 87' lang='lat' dir='ltr'>sui</span> 
     </span>
    </p>
   </div>
   <div class='ocr_carea' id='block_1_41' title="bbox 370 2500 2016 2571">
    <p class='ocr_par' dir='ltr' id='par_1_41' title="bbox 370 2500 2016 2571">
     <span class='ocr_line' id='line_1_41' title="bbox 370 2500 2016 2571; baseline -0.001 -15"><span class='ocrx_word' id='word_1_327' title='bbox 370 2517 489 2556; x_wconf 88' lang='lat' dir='ltr'><strong><em>non</em></strong></span> <span class='ocrx_word' id='word_1_328' title='bbox 519 2501 838 2571; x_wconf 88' lang='lat' dir='ltr'>decederet,</span> <span class='ocrx_word' id='word_1_329' title='bbox 870 2502 1051 2571; x_wconf 85' lang='lat' dir='ltr'>deﬁcit</span> <span class='ocrx_word' id='word_1_330' title='bbox 1080 2504 1140 2556; x_wconf 86' lang='lat' dir='ltr'>in</span> <span class='ocrx_word' id='word_1_331' title='bbox 1168 2503 1375 2568; x_wconf 87' lang='lat' dir='ltr'>dolore,</span> <span class='ocrx_word' id='word_1_332' title='bbox 1407 2502 1466 2556; x_wconf 91' lang='lat' dir='ltr'>id</span> <span class='ocrx_word' id='word_1_333' title='bbox 1496 2507 1585 2556; x_wconf 90' lang='lat' dir='ltr'>est</span> <span class='ocrx_word' id='word_1_334' title='bbox 1612 2501 1671 2555; x_wconf 92' lang='lat' dir='ltr'>in</span> <span class='ocrx_word' id='word_1_335' title='bbox 1712 2502 1886 2557; x_wconf 90' lang='lat' dir='ltr'>verbo</span> <span class='ocrx_word' id='word_1_336' title='bbox 1918 2500 2016 2556; x_wconf 94' lang='lat' dir='ltr'>illo</span> 
     </span>
    </p>
   </div>
   <div class='ocr_carea' id='block_1_42' title="bbox 372 2588 2015 2660">
    <p class='ocr_par' dir='ltr' id='par_1_42' title="bbox 372 2588 2015 2660">
     <span class='ocr_line' id='line_1_42' title="bbox 372 2588 2015 2660; baseline -0.001 -17"><span class='ocrx_word' id='word_1_337' title='bbox 372 2589 528 2644; x_wconf 90' lang='lat' dir='ltr'><strong><em>unde</em></strong></span> <span class='ocrx_word' id='word_1_338' title='bbox 549 2604 779 2658; x_wconf 87' lang='lat' dir='ltr'>semper</span> <span class='ocrx_word' id='word_1_339' title='bbox 800 2594 890 2643; x_wconf 90' lang='lat' dir='ltr'>est</span> <span class='ocrx_word' id='word_1_340' title='bbox 910 2590 1250 2657; x_wconf 92' lang='lat' dir='ltr'>dolendum,</span> <span class='ocrx_word' id='word_1_341' title='bbox 1277 2591 1445 2644; x_wconf 86' lang='lat' dir='ltr'>Eritis</span> <span class='ocrx_word' id='word_1_342' title='bbox 1466 2597 1609 2643; x_wconf 73' lang='lat' dir='ltr'>sicut</span> <span class='ocrx_word' id='word_1_343' title='bbox 1629 2589 1709 2643; x_wconf 88' lang='lat' dir='ltr'>dii</span> <span class='ocrx_word' id='word_1_344' title='bbox 1728 2588 1879 2656; x_wconf 85' lang='lat' dir='ltr'>(Gen.</span> <span class='ocrx_word' id='word_1_345' title='bbox 1908 2589 2015 2660; x_wconf 84' lang='lat' dir='ltr'><strong>III).</strong></span> 
     </span>
    </p>
   </div>
   <div class='ocr_carea' id='block_1_43' title="bbox 371 2685 2019 2757">
    <p class='ocr_par' dir='ltr' id='par_1_43' title="bbox 371 2685 2019 2757">
     <span class='ocr_line' id='line_1_43' title="bbox 371 2685 2019 2757; baseline -0.002 -13"><span class='ocrx_word' id='word_1_346' title='bbox 371 2690 438 2744; x_wconf 83' lang='lat' dir='ltr'>Et</span> <span class='ocrx_word' id='word_1_347' title='bbox 464 2688 604 2742; x_wconf 88' lang='lat' dir='ltr'>anni</span> <span class='ocrx_word' id='word_1_348' title='bbox 629 2687 759 2757; x_wconf 86' lang='lat' dir='ltr'>mei,</span> <span class='ocrx_word' id='word_1_349' title='bbox 794 2685 851 2740; x_wconf 92' lang='lat' dir='ltr'><strong><em>id</em></strong></span> <span class='ocrx_word' id='word_1_350' title='bbox 882 2690 993 2752; x_wconf 91' lang='lat' dir='ltr'>est,</span> <span class='ocrx_word' id='word_1_351' title='bbox 1025 2685 1163 2740; x_wconf 92' lang='lat' dir='ltr'>anni</span> <span class='ocrx_word' id='word_1_352' title='bbox 1195 2702 1458 2740; x_wconf 91' lang='lat' dir='ltr'>meorum</span> <span class='ocrx_word' id='word_1_353' title='bbox 1487 2685 1685 2740; x_wconf 66' lang='lat' dir='ltr'>interni</span> <span class='ocrx_word' id='word_1_354' title='bbox 1708 2685 1807 2755; x_wconf 90' lang='lat' dir='ltr'>qui</span> <span class='ocrx_word' id='word_1_355' title='bbox 1839 2685 2019 2740; x_wconf 89' lang='lat' dir='ltr'>futuri</span> 
     </span>
    </p>
   </div>
   <div class='ocr_carea' id='block_1_44' title="bbox 371 2772 2019 2847">
    <p class='ocr_par' dir='ltr' id='par_1_44' title="bbox 371 2772 2019 2847">
     <span class='ocr_line' id='line_1_44' title="bbox 371 2772 2019 2847; baseline -0.002 -15"><span class='ocrx_word' id='word_1_356' title='bbox 371 2779 558 2847; x_wconf 88' lang='lat' dir='ltr'>erant,</span> <span class='ocrx_word' id='word_1_357' title='bbox 592 2775 928 2831; x_wconf 88' lang='lat' dir='ltr'>defecerunt</span> <span class='ocrx_word' id='word_1_358' title='bbox 964 2775 1023 2828; x_wconf 88' lang='lat' dir='ltr'>in</span> <span class='ocrx_word' id='word_1_359' title='bbox 1052 2774 1365 2845; x_wconf 83' lang='lat' dir='ltr'>gemitibus,</span> <span class='ocrx_word' id='word_1_360' title='bbox 1396 2772 1453 2829; x_wconf 92' lang='lat' dir='ltr'>id</span> <span class='ocrx_word' id='word_1_361' title='bbox 1484 2778 1591 2841; x_wconf 87' lang='lat' dir='ltr'>est,</span> <span class='ocrx_word' id='word_1_362' title='bbox 1626 2774 1685 2827; x_wconf 90' lang='lat' dir='ltr'>in</span> <span class='ocrx_word' id='word_1_363' title='bbox 1712 2774 1888 2829; x_wconf 87' lang='lat' dir='ltr'>verbo</span> <span class='ocrx_word' id='word_1_364' title='bbox 1918 2774 2019 2829; x_wconf 90' lang='lat' dir='ltr'>illo</span> 
     </span>
    </p>
   </div>
   <div class='ocr_carea' id='block_1_45' title="bbox 374 2862 2021 2936">
    <p class='ocr_par' dir='ltr' id='par_1_45' title="bbox 374 2862 2021 2936">
     <span class='ocr_line' id='line_1_45' title="bbox 374 2862 2021 2936; baseline -0.002 -15"><span class='ocrx_word' id='word_1_365' title='bbox 374 2865 531 2921; x_wconf 87' lang='lat' dir='ltr'>unde</span> <span class='ocrx_word' id='word_1_366' title='bbox 578 2879 811 2936; x_wconf 85' lang='lat' dir='ltr'><strong><em>semper</em></strong></span> <span class='ocrx_word' id='word_1_367' title='bbox 839 2868 928 2919; x_wconf 91' lang='lat' dir='ltr'>est</span> <span class='ocrx_word' id='word_1_368' title='bbox 957 2862 1353 2935; x_wconf 87' lang='lat' dir='ltr'>ingemiscend</span> <span class='ocrx_word' id='word_1_369' title='bbox 1366 2879 1484 2917; x_wconf 90' lang='lat' dir='ltr'>um.</span> <span class='ocrx_word' id='word_1_370' title='bbox 1535 2862 1824 2931; x_wconf 81' lang='lat' dir='ltr'>Inﬁrmata</span> <span class='ocrx_word' id='word_1_371' title='bbox 1850 2868 1931 2918; x_wconf 85' lang='lat' dir='ltr'><strong><em>est</em></strong></span> <span class='ocrx_word' id='word_1_372' title='bbox 1961 2865 2021 2918; x_wconf 84' lang='lat' dir='ltr'>in</span> 
     </span>
    </p>
   </div>
   <div class='ocr_carea' id='block_1_46' title="bbox 369 2950 2019 3028">
    <p class='ocr_par' dir='ltr' id='par_1_46' title="bbox 369 2950 2019 3028">
     <span class='ocr_line' id='line_1_46' title="bbox 369 2950 2019 3028; baseline -0.002 -18"><span class='ocrx_word' id='word_1_373' title='bbox 369 2962 695 3028; x_wconf 82' lang='lat' dir='ltr'>paupertate</span> <span class='ocrx_word' id='word_1_374' title='bbox 739 2956 917 3008; x_wconf 82' lang='lat' dir='ltr'>virtus</span> <span class='ocrx_word' id='word_1_375' title='bbox 961 2968 1103 3022; x_wconf 86' lang='lat' dir='ltr'>mea,</span> <span class='ocrx_word' id='word_1_376' title='bbox 1158 2951 1216 3007; x_wconf 92' lang='lat' dir='ltr'><strong><em>id</em></strong></span> <span class='ocrx_word' id='word_1_377' title='bbox 1249 2956 1358 3019; x_wconf 93' lang='lat' dir='ltr'>est,</span> <span class='ocrx_word' id='word_1_378' title='bbox 1393 2950 1767 3020; x_wconf 85' lang='lat' dir='ltr'>sensualitas,</span> <span class='ocrx_word' id='word_1_379' title='bbox 1802 2956 1860 3008; x_wconf 89' lang='lat' dir='ltr'>et</span> <span class='ocrx_word' id='word_1_380' title='bbox 1887 2968 2019 3007; x_wconf 90' lang='lat' dir='ltr'>caro</span> 
     </span>
    </p>
   </div>
   <div class='ocr_carea' id='block_1_47' title="bbox 376 3040 2017 3115">
    <p class='ocr_par' dir='ltr' id='par_1_47' title="bbox 376 3040 2017 3115">
     <span class='ocr_line' id='line_1_47' title="bbox 376 3040 2017 3115; baseline -0.002 -15"><span class='ocrx_word' id='word_1_381' title='bbox 376 3060 507 3101; x_wconf 84' lang='lat' dir='ltr'>mea</span> <span class='ocrx_word' id='word_1_382' title='bbox 535 3060 662 3115; x_wconf 65' lang='lat' dir='ltr'>quae</span> <span class='ocrx_word' id='word_1_383' title='bbox 686 3047 821 3097; x_wconf 89' lang='lat' dir='ltr'>ante</span> <span class='ocrx_word' id='word_1_384' title='bbox 854 3042 1384 3114; x_wconf 68' lang='lat' dir='ltr'>praevaricationem</span> <span class='ocrx_word' id='word_1_385' title='bbox 1418 3042 1588 3097; x_wconf 81' lang='lat' dir='ltr'>ﬁrma</span> <span class='ocrx_word' id='word_1_386' title='bbox 1609 3045 1731 3097; x_wconf 91' lang='lat' dir='ltr'>erat</span> <span class='ocrx_word' id='word_1_387' title='bbox 1754 3057 1910 3096; x_wconf 89' lang='lat' dir='ltr'>nunc</span> <span class='ocrx_word' id='word_1_388' title='bbox 1937 3040 2017 3097; x_wconf 92' lang='lat' dir='ltr'>la-</span> 
     </span>
    </p>
   </div>
   <div class='ocr_carea' id='block_1_48' title="bbox 375 3129 2019 3204">
    <p class='ocr_par' dir='ltr' id='par_1_48' title="bbox 375 3129 2019 3204">
     <span class='ocr_line' id='line_1_48' title="bbox 375 3129 2019 3204; baseline -0.003 -15"><span class='ocrx_word' id='word_1_389' title='bbox 375 3134 543 3190; x_wconf 86' lang='lat' dir='ltr'>borat</span> <span class='ocrx_word' id='word_1_390' title='bbox 572 3131 896 3204; x_wconf 87' lang='lat' dir='ltr'>indigentia</span> <span class='ocrx_word' id='word_1_391' title='bbox 924 3132 1099 3204; x_wconf 89' lang='lat' dir='ltr'>plena</span> <span class='ocrx_word' id='word_1_392' title='bbox 1126 3148 1139 3186; x_wconf 89' lang='lat'><strong>:</strong></span> <span class='ocrx_word' id='word_1_393' title='bbox 1183 3130 1242 3185; x_wconf 92' lang='lat' dir='ltr'>in</span> <span class='ocrx_word' id='word_1_394' title='bbox 1273 3129 1434 3186; x_wconf 93' lang='lat' dir='ltr'>nullo</span> <span class='ocrx_word' id='word_1_395' title='bbox 1463 3130 1619 3185; x_wconf 92' lang='lat' dir='ltr'><strong><em>enim</em></strong></span> <span class='ocrx_word' id='word_1_396' title='bbox 1653 3129 1829 3184; x_wconf 89' lang='lat' dir='ltr'>habet</span> <span class='ocrx_word' id='word_1_397' title='bbox 1856 3130 2019 3185; x_wconf 83' lang='lat' dir='ltr'>sufﬁ-</span> 
     </span>
    </p>
   </div>
   <div class='ocr_carea' id='block_1_49' title="bbox 377 3218 2021 3291">
    <p class='ocr_par' dir='ltr' id='par_1_49' title="bbox 377 3218 2021 3291">
     <span class='ocr_line' id='line_1_49' title="bbox 377 3218 2021 3291; baseline -0.002 -13"><span class='ocrx_word' id='word_1_398' title='bbox 377 3221 673 3279; x_wconf 90' lang='lat' dir='ltr'>cientiam.</span> <span class='ocrx_word' id='word_1_399' title='bbox 727 3222 793 3276; x_wconf 86' lang='lat' dir='ltr'>Et</span> <span class='ocrx_word' id='word_1_400' title='bbox 821 3236 942 3276; x_wconf 88' lang='lat' dir='ltr'><strong><em>ossa</em></strong></span> <span class='ocrx_word' id='word_1_401' title='bbox 969 3236 1121 3287; x_wconf 89' lang='lat' dir='ltr'>mea,</span> <span class='ocrx_word' id='word_1_402' title='bbox 1176 3219 1235 3273; x_wconf 88' lang='lat' dir='ltr'><strong><em>id</em></strong></span> <span class='ocrx_word' id='word_1_403' title='bbox 1267 3223 1383 3290; x_wconf 90' lang='lat' dir='ltr'><strong><em>est,</em></strong></span> <span class='ocrx_word' id='word_1_404' title='bbox 1432 3219 1578 3274; x_wconf 90' lang='lat' dir='ltr'>ratio</span> <span class='ocrx_word' id='word_1_405' title='bbox 1608 3222 1665 3275; x_wconf 92' lang='lat' dir='ltr'><strong><em>et</em></strong></span> <span class='ocrx_word' id='word_1_406' title='bbox 1693 3218 2021 3291; x_wconf 88' lang='lat' dir='ltr'>intelligen-</span> 
     </span>
    </p>
   </div>
   <div class='ocr_carea' id='block_1_50' title="bbox 378 3307 2025 3380">
    <p class='ocr_par' dir='ltr' id='par_1_50' title="bbox 378 3307 2025 3380">
     <span class='ocr_line' id='line_1_50' title="bbox 378 3307 2025 3380; baseline -0.003 -12"><span class='ocrx_word' id='word_1_407' title='bbox 378 3312 462 3368; x_wconf 89' lang='lat' dir='ltr'>tia</span> <span class='ocrx_word' id='word_1_408' title='bbox 487 3310 814 3368; x_wconf 80' lang='lat' dir='ltr'>conturbata</span> <span class='ocrx_word' id='word_1_409' title='bbox 840 3318 999 3376; x_wconf 85' lang='lat' dir='ltr'>suut,</span> <span class='ocrx_word' id='word_1_410' title='bbox 1049 3310 1107 3364; x_wconf 91' lang='lat' dir='ltr'>id</span> <span class='ocrx_word' id='word_1_411' title='bbox 1138 3313 1253 3374; x_wconf 90' lang='lat' dir='ltr'>est,</span> <span class='ocrx_word' id='word_1_412' title='bbox 1305 3308 1547 3363; x_wconf 85' lang='lat' dir='ltr'>confusa</span> <span class='ocrx_word' id='word_1_413' title='bbox 1596 3308 1654 3363; x_wconf 93' lang='lat' dir='ltr'>in</span> <span class='ocrx_word' id='word_1_414' title='bbox 1693 3307 2025 3380; x_wconf 86' lang='lat' dir='ltr'>cognitione</span> 
     </span>
    </p>
   </div>
   <div class='ocr_carea' id='block_1_51' title="bbox 379 3397 2024 3472">
    <p class='ocr_par' dir='ltr' id='par_1_51' title="bbox 379 3397 2024 3472">
     <span class='ocr_line' id='line_1_51' title="bbox 379 3397 2024 3472; baseline -0.004 -12"><span class='ocrx_word' id='word_1_415' title='bbox 379 3402 517 3460; x_wconf 87' lang='lat' dir='ltr'>veri.</span> <span class='ocrx_word' id='word_1_416' title='bbox 554 3400 661 3456; x_wconf 93' lang='lat' dir='ltr'>Pro</span> <span class='ocrx_word' id='word_1_417' title='bbox 693 3398 909 3472; x_wconf 90' lang='lat' dir='ltr'><strong><em>quibus</em></strong></span> <span class='ocrx_word' id='word_1_418' title='bbox 943 3398 1386 3454; x_wconf 88' lang='lat' dir='ltr'>necessitatibus</span> <span class='ocrx_word' id='word_1_419' title='bbox 1426 3397 1759 3453; x_wconf 90' lang='lat' dir='ltr'>auferendis</span> <span class='ocrx_word' id='word_1_420' title='bbox 1788 3397 2024 3453; x_wconf 89' lang='lat' dir='ltr'>veniens</span> 
     </span>
    </p>
   </div>
   <div class='ocr_carea' id='block_1_52' title="bbox 379 3487 2025 3558">
    <p class='ocr_par' dir='ltr' id='par_1_52' title="bbox 379 3487 2025 3558">
     <span class='ocr_line' id='line_1_52' title="bbox 379 3487 2025 3558; baseline -0.004 -11"><span class='ocrx_word' id='word_1_421' title='bbox 379 3491 553 3547; x_wconf 91' lang='lat' dir='ltr'>homo</span> <span class='ocrx_word' id='word_1_422' title='bbox 587 3488 867 3545; x_wconf 87' lang='lat' dir='ltr'><strong><em>Dominus</em></strong></span> <span class='ocrx_word' id='word_1_423' title='bbox 894 3487 1179 3543; x_wconf 90' lang='lat' dir='ltr'>immunis</span> <span class='ocrx_word' id='word_1_424' title='bbox 1211 3504 1245 3541; x_wconf 87' lang='lat' dir='ltr'>a</span> <span class='ocrx_word' id='word_1_425' title='bbox 1276 3490 1526 3558; x_wconf 91' lang='lat' dir='ltr'>peccato,</span> <span class='ocrx_word' id='word_1_426' title='bbox 1570 3490 1753 3558; x_wconf 84' lang='lat' dir='ltr'>factus</span> <span class='ocrx_word' id='word_1_427' title='bbox 1781 3503 1901 3541; x_wconf 86' lang='lat' dir='ltr'><strong><em>sum</em></strong></span> <span class='ocrx_word' id='word_1_428' title='bbox 1926 3503 2025 3558; x_wconf 88' lang='lat' dir='ltr'>op-</span> 
     </span>
    </p>
   </div>
   <div class='ocr_carea' id='block_1_53' title="bbox 374 3575 2022 3653">
    <p class='ocr_par' dir='ltr' id='par_1_53' title="bbox 374 3575 2022 3653">
     <span class='ocr_line' id='line_1_53' title="bbox 374 3575 2022 3653; baseline -0.004 -18"><span class='ocrx_word' id='word_1_429' title='bbox 374 3580 664 3653; x_wconf 88' lang='lat' dir='ltr'>probrium</span> <span class='ocrx_word' id='word_1_430' title='bbox 707 3578 907 3633; x_wconf 86' lang='lat' dir='ltr'><strong><em>vicinis</em></strong></span> <span class='ocrx_word' id='word_1_431' title='bbox 950 3578 1107 3645; x_wconf 86' lang='lat' dir='ltr'><strong><em>meis,</em></strong></span> <span class='ocrx_word' id='word_1_432' title='bbox 1157 3576 1376 3631; x_wconf 67' lang='lat' dir='ltr'>Judaais</span> <span class='ocrx_word' id='word_1_433' title='bbox 1408 3575 1507 3648; x_wconf 88' lang='lat' dir='ltr'>qui</span> <span class='ocrx_word' id='word_1_434' title='bbox 1536 3576 1861 3631; x_wconf 92' lang='lat' dir='ltr'>secundum</span> <span class='ocrx_word' id='word_1_435' title='bbox 1892 3592 2022 3630; x_wconf 91' lang='lat' dir='ltr'>car-</span> 
     </span>
    </p>
   </div>
   <div class='ocr_carea' id='block_1_54' title="bbox 378 3664 2021 3738">
    <p class='ocr_par' dir='ltr' id='par_1_54' title="bbox 378 3664 2021 3738">
     <span class='ocr_line' id='line_1_54' title="bbox 378 3664 2021 3738; baseline -0.004 -13"><span class='ocrx_word' id='word_1_436' title='bbox 378 3685 512 3725; x_wconf 90' lang='lat' dir='ltr'>nem</span> <span class='ocrx_word' id='word_1_437' title='bbox 561 3671 729 3724; x_wconf 90' lang='lat' dir='ltr'>erant</span> <span class='ocrx_word' id='word_1_438' title='bbox 774 3668 949 3723; x_wconf 81' lang='lat' dir='ltr'>vicini</span> <span class='ocrx_word' id='word_1_439' title='bbox 977 3684 997 3722; x_wconf 91' lang='lat'><strong><em>:</em></strong></span> <span class='ocrx_word' id='word_1_440' title='bbox 1042 3681 1207 3738; x_wconf 85' lang='lat' dir='ltr'><strong><em>super</em></strong></span> <span class='ocrx_word' id='word_1_441' title='bbox 1249 3681 1442 3720; x_wconf 86' lang='lat' dir='ltr'>omnes</span> <span class='ocrx_word' id='word_1_442' title='bbox 1469 3666 1726 3719; x_wconf 83' lang='lat' dir='ltr'>inimicos</span> <span class='ocrx_word' id='word_1_443' title='bbox 1756 3680 1927 3730; x_wconf 89' lang='lat' dir='ltr'>meos,</span> <span class='ocrx_word' id='word_1_444' title='bbox 1963 3664 2021 3718; x_wconf 94' lang='lat' dir='ltr'><strong><em>id</em></strong></span> 
     </span>
    </p>
   </div>
   <div class='ocr_carea' id='block_1_55' title="bbox 372 3760 2020 3840">
    <p class='ocr_par' dir='ltr' id='par_1_55' title="bbox 372 3760 2020 3840">
     <span class='ocr_line' id='line_1_55' title="bbox 372 3760 2020 3840; baseline -0.005 -17"><span class='ocrx_word' id='word_1_445' title='bbox 372 3771 480 3836; x_wconf 92' lang='lat' dir='ltr'>est,</span> <span class='ocrx_word' id='word_1_446' title='bbox 496 3767 686 3840; x_wconf 84' lang='lat' dir='ltr'>magis</span> <span class='ocrx_word' id='word_1_447' title='bbox 709 3781 802 3822; x_wconf 92' lang='lat' dir='ltr'>me</span> <span class='ocrx_word' id='word_1_448' title='bbox 825 3765 1215 3837; x_wconf 83' lang='lat' dir='ltr'>despexerunt</span> <span class='ocrx_word' id='word_1_449' title='bbox 1233 3779 1408 3834; x_wconf 90' lang='lat' dir='ltr'>quam</span> <span class='ocrx_word' id='word_1_450' title='bbox 1435 3761 1690 3833; x_wconf 90' lang='lat' dir='ltr'>aliquem</span> <span class='ocrx_word' id='word_1_451' title='bbox 1714 3760 2020 3832; x_wconf 87' lang='lat' dir='ltr'>gentilium</span> 
     </span>
    </p>
   </div>
   <div class='ocr_carea' id='block_1_56' title="bbox 373 3850 2023 3929">
    <p class='ocr_par' dir='ltr' id='par_1_56' title="bbox 373 3850 2023 3929">
     <span class='ocr_line' id='line_1_56' title="bbox 373 3850 2023 3929; baseline -0.005 -17"><span class='ocrx_word' id='word_1_452' title='bbox 373 3872 521 3929; x_wconf 91' lang='lat' dir='ltr'><strong><em>quos</em></strong></span> <span class='ocrx_word' id='word_1_453' title='bbox 539 3871 714 3912; x_wconf 89' lang='lat' dir='ltr'>canes</span> <span class='ocrx_word' id='word_1_454' title='bbox 734 3858 792 3911; x_wconf 89' lang='lat' dir='ltr'>et</span> <span class='ocrx_word' id='word_1_455' title='bbox 811 3853 1151 3909; x_wconf 89' lang='lat' dir='ltr'>immundos</span> <span class='ocrx_word' id='word_1_456' title='bbox 1166 3852 1477 3908; x_wconf 83' lang='lat' dir='ltr'>vocabant:</span> <span class='ocrx_word' id='word_1_457' title='bbox 1503 3850 1671 3923; x_wconf 89' lang='lat' dir='ltr'>quasi</span> <span class='ocrx_word' id='word_1_458' title='bbox 1693 3850 1843 3905; x_wconf 88' lang='lat' dir='ltr'>dicat</span> <span class='ocrx_word' id='word_1_459' title='bbox 1862 3854 2023 3904; x_wconf 90' lang='lat' dir='ltr'>tanta</span> 
     </span>
    </p>
   </div>
   <div class='ocr_carea' id='block_1_57' title="bbox 370 3938 2022 4015">
    <p class='ocr_par' dir='ltr' id='par_1_57' title="bbox 370 3938 2022 4015">
     <span class='ocr_line' id='line_1_57' title="bbox 370 3938 2022 4015; baseline -0.005 -15"><span class='ocrx_word' id='word_1_460' title='bbox 370 3949 430 4000; x_wconf 91' lang='lat' dir='ltr'>et</span> <span class='ocrx_word' id='word_1_461' title='bbox 451 3948 574 3999; x_wconf 92' lang='lat' dir='ltr'>tam</span> <span class='ocrx_word' id='word_1_462' title='bbox 593 3943 839 4015; x_wconf 86' lang='lat' dir='ltr'>indigna</span> <span class='ocrx_word' id='word_1_463' title='bbox 859 3942 979 4015; x_wconf 87' lang='lat' dir='ltr'>pati</span> <span class='ocrx_word' id='word_1_464' title='bbox 1001 3958 1117 3998; x_wconf 93' lang='lat' dir='ltr'>non</span> <span class='ocrx_word' id='word_1_465' title='bbox 1140 3942 1416 4014; x_wconf 86' lang='lat' dir='ltr'>dignatus</span> <span class='ocrx_word' id='word_1_466' title='bbox 1438 3957 1592 3997; x_wconf 92' lang='lat' dir='ltr'>sum.</span> <span class='ocrx_word' id='word_1_467' title='bbox 1617 3941 1683 3995; x_wconf 87' lang='lat' dir='ltr'>Et</span> <span class='ocrx_word' id='word_1_468' title='bbox 1706 3941 1891 4006; x_wconf 81' lang='lat' dir='ltr'>timor,</span> <span class='ocrx_word' id='word_1_469' title='bbox 1914 3938 2022 3994; x_wconf 90' lang='lat' dir='ltr'>sci-</span> 
     </span>
    </p>
   </div>
   <div class='ocr_carea' id='block_1_58' title="bbox 370 4027 2021 4103">
    <p class='ocr_par' dir='ltr' id='par_1_58' title="bbox 370 4027 2021 4103">
     <span class='ocr_line' id='line_1_58' title="bbox 370 4027 2021 4103; baseline -0.002 -17"><span class='ocrx_word' id='word_1_470' title='bbox 370 4031 515 4087; x_wconf 87' lang='lat' dir='ltr'>licet</span> <span class='ocrx_word' id='word_1_471' title='bbox 541 4034 723 4103; x_wconf 86' lang='lat' dir='ltr'>factus</span> <span class='ocrx_word' id='word_1_472' title='bbox 757 4047 880 4086; x_wconf 88' lang='lat' dir='ltr'>sum</span> <span class='ocrx_word' id='word_1_473' title='bbox 908 4032 1055 4087; x_wconf 87' lang='lat' dir='ltr'>notis</span> <span class='ocrx_word' id='word_1_474' title='bbox 1084 4033 1238 4099; x_wconf 87' lang='lat' dir='ltr'><strong><em>meis,</em></strong></span> <span class='ocrx_word' id='word_1_475' title='bbox 1290 4030 1349 4086; x_wconf 96' lang='lat' dir='ltr'>id</span> <span class='ocrx_word' id='word_1_476' title='bbox 1381 4034 1488 4096; x_wconf 89' lang='lat' dir='ltr'>est,</span> <span class='ocrx_word' id='word_1_477' title='bbox 1535 4027 1864 4101; x_wconf 90' lang='lat' dir='ltr'>discipulis.</span> <span class='ocrx_word' id='word_1_478' title='bbox 1915 4028 2021 4083; x_wconf 84' lang='lat' dir='ltr'><strong><em>Nos</em></strong></span> 
     </span>
    </p>
   </div>
   <div class='ocr_carea' id='block_1_59' title="bbox 367 4117 2021 4192">
    <p class='ocr_par' dir='ltr' id='par_1_59' title="bbox 367 4117 2021 4192">
     <span class='ocr_line' id='line_1_59' title="bbox 367 4117 2021 4192; baseline -0.002 -17"><span class='ocrx_word' id='word_1_479' title='bbox 367 4121 735 4192; x_wconf 81' lang='lat' dir='ltr'>sperabamus</span> <span class='ocrx_word' id='word_1_480' title='bbox 803 4121 934 4189; x_wconf 87' lang='lat' dir='ltr'>quia</span> <span class='ocrx_word' id='word_1_481' title='bbox 1007 4122 1123 4191; x_wconf 86' lang='lat' dir='ltr'>ipse</span> <span class='ocrx_word' id='word_1_482' title='bbox 1194 4127 1333 4175; x_wconf 81' lang='lat' dir='ltr'><strong><em>esset</em></strong></span> <span class='ocrx_word' id='word_1_483' title='bbox 1398 4118 1775 4190; x_wconf 86' lang='lat' dir='ltr'><strong><em>redempturus</em></strong></span> <span class='ocrx_word' id='word_1_484' title='bbox 1848 4117 2021 4174; x_wconf 87' lang='lat' dir='ltr'>Israel</span> 
     </span>
    </p>
   </div>
   <div class='ocr_carea' id='block_1_60' title="bbox 366 4206 2018 4282">
    <p class='ocr_par' dir='ltr' id='par_1_60' title="bbox 366 4206 2018 4282">
     <span class='ocr_line' id='line_1_60' title="bbox 366 4206 2018 4282; baseline -0.002 -16"><span class='ocrx_word' id='word_1_485' title='bbox 366 4210 522 4282; x_wconf 88' lang='lat' dir='ltr'>(Luc.</span> <span class='ocrx_word' id='word_1_486' title='bbox 577 4211 711 4278; x_wconf 81' lang='lat' dir='ltr'>xw).</span> <span class='ocrx_word' id='word_1_487' title='bbox 765 4210 877 4278; x_wconf 89' lang='lat' dir='ltr'>Qui</span> <span class='ocrx_word' id='word_1_488' title='bbox 908 4209 1306 4275; x_wconf 87' lang='lat' dir='ltr'>videbantme,</span> <span class='ocrx_word' id='word_1_489' title='bbox 1359 4208 1418 4263; x_wconf 93' lang='lat' dir='ltr'><strong><em>id</em></strong></span> <span class='ocrx_word' id='word_1_490' title='bbox 1448 4212 1568 4275; x_wconf 91' lang='lat' dir='ltr'>est,</span> <span class='ocrx_word' id='word_1_491' title='bbox 1617 4206 2018 4280; x_wconf 86' lang='lat' dir='ltr'>intelligebant</span> 
     </span>
    </p>
   </div>
   <div class='ocr_carea' id='block_1_61' title="bbox 368 4296 2016 4371">
    <p class='ocr_par' dir='ltr' id='par_1_61' title="bbox 368 4296 2016 4371">
     <span class='ocr_line' id='line_1_61' title="bbox 368 4296 2016 4371; baseline -0.003 -16"><span class='ocrx_word' id='word_1_492' title='bbox 368 4298 554 4355; x_wconf 92' lang='lat' dir='ltr'>Deum</span> <span class='ocrx_word' id='word_1_493' title='bbox 604 4314 707 4371; x_wconf 90' lang='lat' dir='ltr'>per</span> <span class='ocrx_word' id='word_1_494' title='bbox 727 4296 1063 4365; x_wconf 90' lang='lat' dir='ltr'>.miracula,</span> <span class='ocrx_word' id='word_1_495' title='bbox 1117 4298 1269 4368; x_wconf 85' lang='lat' dir='ltr'><strong><em>foras</em></strong></span> <span class='ocrx_word' id='word_1_496' title='bbox 1297 4298 1557 4367; x_wconf 82' lang='lat' dir='ltr'>fugerunt</span> <span class='ocrx_word' id='word_1_497' title='bbox 1586 4313 1621 4350; x_wconf 81' lang='grc' dir='ltr'>(ι</span> <span class='ocrx_word' id='word_1_498' title='bbox 1651 4313 1762 4365; x_wconf 89' lang='lat' dir='ltr'>me,</span> <span class='ocrx_word' id='word_1_499' title='bbox 1808 4297 1867 4352; x_wconf 93' lang='lat' dir='ltr'>id</span> <span class='ocrx_word' id='word_1_500' title='bbox 1898 4301 2016 4364; x_wconf 90' lang='lat' dir='ltr'>est,</span> 
     </span>
    </p>
   </div>
   <div class='ocr_carea' id='block_1_62' title="bbox 369 4384 2019 4457">
    <p class='ocr_par' dir='ltr' id='par_1_62' title="bbox 369 4384 2019 4457">
     <span class='ocr_line' id='line_1_62' title="bbox 369 4384 2019 4457; baseline -0.004 -12"><span class='ocrx_word' id='word_1_501' title='bbox 369 4405 404 4445; x_wconf 86' lang='lat' dir='ltr'>a</span> <span class='ocrx_word' id='word_1_502' title='bbox 431 4387 733 4445; x_wconf 86' lang='lat' dir='ltr'>divinitate</span> <span class='ocrx_word' id='word_1_503' title='bbox 765 4387 838 4443; x_wconf 88' lang='lat' dir='ltr'>ad</span> <span class='ocrx_word' id='word_1_504' title='bbox 868 4386 1297 4442; x_wconf 89' lang='lat' dir='ltr'>humanitatem</span> <span class='ocrx_word' id='word_1_505' title='bbox 1330 4401 1393 4441; x_wconf 91' lang='lat' dir='ltr'>se</span> <span class='ocrx_word' id='word_1_506' title='bbox 1431 4389 1861 4456; x_wconf 86' lang='lat' dir='ltr'>converterunt,</span> <span class='ocrx_word' id='word_1_507' title='bbox 1917 4384 2019 4457; x_wconf 90' lang='lat' dir='ltr'>qui</span> 
     </span>
    </p>
   </div>
   <div class='ocr_carea' id='block_1_63' title="bbox 368 4473 2017 4551">
    <p class='ocr_par' dir='ltr' id='par_1_63' title="bbox 368 4473 2017 4551">
     <span class='ocr_line' id='line_1_63' title="bbox 368 4473 2017 4551; baseline -0.002 -18"><span class='ocrx_word' id='word_1_508' title='bbox 368 4477 535 4551; x_wconf 92' lang='lat' dir='ltr'>prius</span> <span class='ocrx_word' id='word_1_509' title='bbox 565 4478 748 4533; x_wconf 91' lang='lat' dir='ltr'><strong><em>Deum</em></strong></span> <span class='ocrx_word' id='word_1_510' title='bbox 772 4477 1062 4548; x_wconf 82' lang='lat' dir='ltr'>putabant</span> <span class='ocrx_word' id='word_1_511' title='bbox 1092 4474 1284 4543; x_wconf 79' lang='lat' dir='ltr'>solum</span> <span class='ocrx_word' id='word_1_512' title='bbox 1317 4474 1616 4532; x_wconf 88' lang='lat' dir='ltr'>hominem</span> <span class='ocrx_word' id='word_1_513' title='bbox 1640 4491 1734 4531; x_wconf 93' lang='lat' dir='ltr'>me</span> <span class='ocrx_word' id='word_1_514' title='bbox 1754 4473 2017 4531; x_wconf 92' lang='lat' dir='ltr'><strong><em>credide-</em></strong></span> 
     </span>
    </p>
   </div>
   <div class='ocr_carea' id='block_1_64' title="bbox 2122 1874 3770 1955">
    <p class='ocr_par' dir='ltr' id='par_1_64' title="bbox 2122 1874 3770 1955">
     <span class='ocr_line' id='line_1_64' title="bbox 2122 1874 3770 1955; baseline -0.006 -15"><span class='ocrx_word' id='word_1_515' title='bbox 2122 1910 2149 1936; x_wconf 92' lang='grc'><em>‹‹</em></span> <span class='ocrx_word' id='word_1_516' title='bbox 2183 1886 2531 1955; x_wconf 83' lang='lat' dir='ltr'>injustitiam</span> <span class='ocrx_word' id='word_1_517' title='bbox 2560 1900 2748 1941; x_wconf 89' lang='lat' dir='ltr'>meam</span> <span class='ocrx_word' id='word_1_518' title='bbox 2762 1882 3104 1949; x_wconf 87' lang='lat' dir='ltr'>Domino,et</span> <span class='ocrx_word' id='word_1_519' title='bbox 3117 1884 3180 1935; x_wconf 90' lang='lat' dir='ltr'>tu</span> <span class='ocrx_word' id='word_1_520' title='bbox 3200 1876 3477 1935; x_wconf 88' lang='lat' dir='ltr'>remisisti</span> <span class='ocrx_word' id='word_1_521' title='bbox 3500 1874 3770 1948; x_wconf 87' lang='lat' dir='ltr'>impieta-</span> 
     </span>
    </p>
   </div>
   <div class='ocr_carea' id='block_1_65' title="bbox 2122 1964 3766 2048">
    <p class='ocr_par' dir='ltr' id='par_1_65' title="bbox 2122 1964 3766 2048">
     <span class='ocr_line' id='line_1_65' title="bbox 2122 1964 3766 2048; baseline -0.004 -22"><span class='ocrx_word' id='word_1_522' title='bbox 2122 1999 2150 2026; x_wconf 76' lang='grc' dir='ltr'><strong>(ι</strong></span> <span class='ocrx_word' id='word_1_523' title='bbox 2184 1980 2300 2030; x_wconf 89' lang='lat' dir='ltr'>tem</span> <span class='ocrx_word' id='word_1_524' title='bbox 2333 1973 2550 2048; x_wconf 90' lang='lat' dir='ltr'>peccati</span> <span class='ocrx_word' id='word_1_525' title='bbox 2577 1974 2713 2029; x_wconf 88' lang='lat' dir='ltr'>mei.</span> <span class='ocrx_word' id='word_1_526' title='bbox 2735 1976 2845 2027; x_wconf 90' lang='lat' dir='ltr'>Pro</span> <span class='ocrx_word' id='word_1_527' title='bbox 2867 1971 2973 2026; x_wconf 89' lang='lat' dir='ltr'>hac</span> <span class='ocrx_word' id='word_1_528' title='bbox 2995 1968 3185 2026; x_wconf 91' lang='lat' dir='ltr'>orabit</span> <span class='ocrx_word' id='word_1_529' title='bbox 3205 1968 3278 2023; x_wconf 91' lang='lat' dir='ltr'><strong><em>ad</em></strong></span> <span class='ocrx_word' id='word_1_530' title='bbox 3300 1971 3355 2022; x_wconf 90' lang='lat' dir='ltr'><strong><em>te</em></strong></span> <span class='ocrx_word' id='word_1_531' title='bbox 3380 1964 3576 2022; x_wconf 90' lang='lat' dir='ltr'>omnis</span> <span class='ocrx_word' id='word_1_532' title='bbox 3598 1980 3766 2020; x_wconf 86' lang='lat' dir='ltr'>sanc-</span> 
     </span>
    </p>
   </div>
   <div class='ocr_carea' id='block_1_66' title="bbox 2125 2051 3770 2135">
    <p class='ocr_par' dir='ltr' id='par_1_66' title="bbox 2125 2051 3770 2135">
     <span class='ocr_line' id='line_1_66' title="bbox 2125 2051 3770 2135; baseline -0.005 -21"><span class='ocrx_word' id='word_1_533' title='bbox 2125 2087 2152 2114; x_wconf 89' lang='grc'>‹‹</span> <span class='ocrx_word' id='word_1_534' title='bbox 2187 2068 2282 2119; x_wconf 90' lang='lat' dir='ltr'>tus</span> <span class='ocrx_word' id='word_1_535' title='bbox 2305 2062 2362 2118; x_wconf 93' lang='lat' dir='ltr'>in</span> <span class='ocrx_word' id='word_1_536' title='bbox 2385 2068 2645 2135; x_wconf 90' lang='lat' dir='ltr'><strong><em>tempore</em></strong></span> <span class='ocrx_word' id='word_1_537' title='bbox 2666 2064 3012 2134; x_wconf 89' lang='lat' dir='ltr'>opportuno.</span> <span class='ocrx_word' id='word_1_538' title='bbox 3032 2061 3452 2114; x_wconf 86' lang='lat' dir='ltr'>Verumtamen</span> <span class='ocrx_word' id='word_1_539' title='bbox 3475 2054 3536 2109; x_wconf 89' lang='lat' dir='ltr'>in</span> <span class='ocrx_word' id='word_1_540' title='bbox 3554 2051 3770 2108; x_wconf 86' lang='lat' dir='ltr'>diluvio</span> 
     </span>
    </p>
   </div>
   <div class='ocr_carea' id='block_1_67' title="bbox 2128 2142 3767 2225">
    <p class='ocr_par' dir='ltr' id='par_1_67' title="bbox 2128 2142 3767 2225">
     <span class='ocr_line' id='line_1_67' title="bbox 2128 2142 3767 2225; baseline -0.007 -17"><span class='ocrx_word' id='word_1_541' title='bbox 2128 2176 2155 2203; x_wconf 91' lang='grc'><strong>‹‹</strong></span> <span class='ocrx_word' id='word_1_542' title='bbox 2186 2169 2473 2225; x_wconf 89' lang='lat' dir='ltr'>aquarum</span> <span class='ocrx_word' id='word_1_543' title='bbox 2498 2151 2840 2217; x_wconf 91' lang='lat' dir='ltr'>multarum,</span> <span class='ocrx_word' id='word_1_544' title='bbox 2863 2149 2935 2205; x_wconf 91' lang='lat' dir='ltr'>ad</span> <span class='ocrx_word' id='word_1_545' title='bbox 2960 2163 3230 2211; x_wconf 82' lang='lat' dir='ltr'><strong><em>eumnon</em></strong></span> <span class='ocrx_word' id='word_1_546' title='bbox 3254 2142 3767 2217; x_wconf 83' lang='lat' dir='ltr'>approximabunt.</span> 
     </span>
    </p>
   </div>
   <div class='ocr_carea' id='block_1_68' title="bbox 2125 2231 3773 2313">
    <p class='ocr_par' dir='ltr' id='par_1_68' title="bbox 2125 2231 3773 2313">
     <span class='ocr_line' id='line_1_68' title="bbox 2125 2231 3773 2313; baseline -0.007 -15"><span class='ocrx_word' id='word_1_547' title='bbox 2125 2265 2153 2292; x_wconf 84' lang='grc'><strong>‹‹</strong></span> <span class='ocrx_word' id='word_1_548' title='bbox 2189 2243 2277 2297; x_wconf 89' lang='lat' dir='ltr'>Tu</span> <span class='ocrx_word' id='word_1_549' title='bbox 2300 2259 2361 2297; x_wconf 89' lang='lat' dir='ltr'>es</span> <span class='ocrx_word' id='word_1_550' title='bbox 2388 2241 2678 2313; x_wconf 83' lang='lat' dir='ltr'>refugium</span> <span class='ocrx_word' id='word_1_551' title='bbox 2702 2255 2896 2295; x_wconf 92' lang='lat' dir='ltr'>meum</span> <span class='ocrx_word' id='word_1_552' title='bbox 2921 2256 2954 2292; x_wconf 75' lang='grc' dir='ltr'>τι</span> <span class='ocrx_word' id='word_1_553' title='bbox 2975 2236 3353 2293; x_wconf 86' lang='lat' dir='ltr'>tribulatione</span> <span class='ocrx_word' id='word_1_554' title='bbox 3375 2250 3505 2305; x_wconf 71' lang='lat' dir='ltr'>qua:</span> <span class='ocrx_word' id='word_1_555' title='bbox 3527 2231 3773 2288; x_wconf 83' lang='lat' dir='ltr'>circum-</span> 
     </span>
    </p>
   </div>
   <div class='ocr_carea' id='block_1_69' title="bbox 2089 2320 3769 2401">
    <p class='ocr_par' dir='ltr' id='par_1_69' title="bbox 2089 2320 3769 2401">
     <span class='ocr_line' id='line_1_69' title="bbox 2089 2320 3769 2401; baseline -0.008 -14"><span class='ocrx_word' id='word_1_556' title='bbox 2089 2396 2093 2401; x_wconf 31' lang='grc' dir='ltr'>η</span> <span class='ocrx_word' id='word_1_557' title='bbox 2128 2355 2155 2381; x_wconf 88' lang='grc'>‹‹</span> <span class='ocrx_word' id='word_1_558' title='bbox 2189 2331 2350 2386; x_wconf 91' lang='lat' dir='ltr'>dedit</span> <span class='ocrx_word' id='word_1_559' title='bbox 2379 2346 2491 2401; x_wconf 91' lang='lat' dir='ltr'><strong><em>me,</em></strong></span> <span class='ocrx_word' id='word_1_560' title='bbox 2525 2328 2799 2385; x_wconf 86' lang='lat' dir='ltr'>exultatio</span> <span class='ocrx_word' id='word_1_561' title='bbox 2845 2344 2975 2382; x_wconf 90' lang='lat' dir='ltr'>mea</span> <span class='ocrx_word' id='word_1_562' title='bbox 3022 2342 3057 2381; x_wconf 93' lang='lat' dir='ltr'>a</span> <span class='ocrx_word' id='word_1_563' title='bbox 3102 2320 3609 2379; x_wconf 90' lang='lat' dir='ltr'>circumdantibus</span> <span class='ocrx_word' id='word_1_564' title='bbox 3655 2333 3769 2374; x_wconf 89' lang='lat' dir='ltr'>me.</span> 
     </span>
    </p>
   </div>
   <div class='ocr_carea' id='block_1_70' title="bbox 2128 2409 3775 2483">
    <p class='ocr_par' dir='ltr' id='par_1_70' title="bbox 2128 2409 3775 2483">
     <span class='ocr_line' id='line_1_70' title="bbox 2128 2409 3775 2483; baseline -0.009 -7"><span class='ocrx_word' id='word_1_565' title='bbox 2128 2444 2154 2469; x_wconf 85' lang='lat'><strong>«</strong></span> <span class='ocrx_word' id='word_1_566' title='bbox 2189 2420 2553 2476; x_wconf 89' lang='lat' dir='ltr'>Intellectum</span> <span class='ocrx_word' id='word_1_567' title='bbox 2572 2418 2677 2473; x_wconf 90' lang='lat' dir='ltr'>tibi</span> <span class='ocrx_word' id='word_1_568' title='bbox 2700 2417 2943 2483; x_wconf 87' lang='lat' dir='ltr'>dabo,et</span> <span class='ocrx_word' id='word_1_569' title='bbox 2958 2415 3248 2470; x_wconf 89' lang='lat' dir='ltr'>instruam</span> <span class='ocrx_word' id='word_1_570' title='bbox 3263 2416 3321 2467; x_wconf 89' lang='lat' dir='ltr'>te</span> <span class='ocrx_word' id='word_1_571' title='bbox 3340 2411 3400 2465; x_wconf 93' lang='lat' dir='ltr'>in</span> <span class='ocrx_word' id='word_1_572' title='bbox 3425 2410 3517 2465; x_wconf 89' lang='lat' dir='ltr'>via</span> <span class='ocrx_word' id='word_1_573' title='bbox 3531 2409 3641 2465; x_wconf 86' lang='lat' dir='ltr'>hac</span> <span class='ocrx_word' id='word_1_574' title='bbox 3660 2424 3775 2481; x_wconf 84' lang='lat' dir='ltr'>qua</span> 
     </span>
    </p>
   </div>
   <div class='ocr_carea' id='block_1_71' title="bbox 2131 2497 3772 2581">
    <p class='ocr_par' dir='ltr' id='par_1_71' title="bbox 2131 2497 3772 2581">
     <span class='ocr_line' id='line_1_71' title="bbox 2131 2497 3772 2581; baseline -0.004 -22"><span class='ocrx_word' id='word_1_575' title='bbox 2131 2531 2158 2559; x_wconf 87' lang='grc'>‹‹</span> <span class='ocrx_word' id='word_1_576' title='bbox 2189 2508 2494 2581; x_wconf 88' lang='lat' dir='ltr'>gradieris,</span> <span class='ocrx_word' id='word_1_577' title='bbox 2526 2506 2773 2561; x_wconf 83' lang='lat' dir='ltr'>firmabo</span> <span class='ocrx_word' id='word_1_578' title='bbox 2803 2521 2980 2576; x_wconf 88' lang='lat' dir='ltr'>super</span> <span class='ocrx_word' id='word_1_579' title='bbox 3006 2508 3063 2559; x_wconf 87' lang='lat' dir='ltr'>te</span> <span class='ocrx_word' id='word_1_580' title='bbox 3101 2500 3302 2558; x_wconf 90' lang='lat' dir='ltr'>oculos</span> <span class='ocrx_word' id='word_1_581' title='bbox 3353 2516 3537 2556; x_wconf 89' lang='lat' dir='ltr'>meos.</span> <span class='ocrx_word' id='word_1_582' title='bbox 3587 2497 3772 2554; x_wconf 89' lang='lat' dir='ltr'>Nolite</span> 
     </span>
    </p>
   </div>
   <div class='ocr_carea' id='block_1_72' title="bbox 2129 2585 3771 2668">
    <p class='ocr_par' dir='ltr' id='par_1_72' title="bbox 2129 2585 3771 2668">
     <span class='ocr_line' id='line_1_72' title="bbox 2129 2585 3771 2668; baseline -0.007 -15"><span class='ocrx_word' id='word_1_583' title='bbox 2129 2621 2156 2647; x_wconf 86' lang='lat'><strong>«</strong></span> <span class='ocrx_word' id='word_1_584' title='bbox 2190 2598 2317 2653; x_wconf 78' lang='lat' dir='ltr'>fieri</span> <span class='ocrx_word' id='word_1_585' title='bbox 2350 2598 2502 2653; x_wconf 90' lang='lat' dir='ltr'>sicut</span> <span class='ocrx_word' id='word_1_586' title='bbox 2531 2613 2717 2668; x_wconf 91' lang='lat' dir='ltr'><strong><em>equus</em></strong></span> <span class='ocrx_word' id='word_1_587' title='bbox 2747 2600 2804 2651; x_wconf 91' lang='lat' dir='ltr'>et</span> <span class='ocrx_word' id='word_1_588' title='bbox 2833 2593 3061 2658; x_wconf 88' lang='lat' dir='ltr'>mulus,</span> <span class='ocrx_word' id='word_1_589' title='bbox 3094 2591 3312 2663; x_wconf 89' lang='lat' dir='ltr'><strong><em>quibus</em></strong></span> <span class='ocrx_word' id='word_1_590' title='bbox 3342 2606 3459 2645; x_wconf 90' lang='lat' dir='ltr'>non</span> <span class='ocrx_word' id='word_1_591' title='bbox 3490 2593 3580 2645; x_wconf 89' lang='lat' dir='ltr'>est</span> <span class='ocrx_word' id='word_1_592' title='bbox 3604 2585 3771 2643; x_wconf 91' lang='lat' dir='ltr'>intel-</span> 
     </span>
    </p>
   </div>
   <div class='ocr_carea' id='block_1_73' title="bbox 2132 2678 3772 2741">
    <p class='ocr_par' dir='ltr' id='par_1_73' title="bbox 2132 2678 3772 2741">
     <span class='ocr_line' id='line_1_73' title="bbox 2132 2678 3772 2741; baseline -0.005 -2"><span class='ocrx_word' id='word_1_593' title='bbox 2132 2685 2397 2741; x_wconf 83' lang='lat' dir='ltr'>«lectus.</span> <span class='ocrx_word' id='word_1_594' title='bbox 2453 2685 2515 2740; x_wconf 89' lang='lat' dir='ltr'>In</span> <span class='ocrx_word' id='word_1_595' title='bbox 2563 2701 2729 2740; x_wconf 92' lang='lat' dir='ltr'>camo</span> <span class='ocrx_word' id='word_1_596' title='bbox 2777 2688 2834 2739; x_wconf 88' lang='lat' dir='ltr'>et</span> <span class='ocrx_word' id='word_1_597' title='bbox 2879 2683 3041 2738; x_wconf 87' lang='lat' dir='ltr'>freno</span> <span class='ocrx_word' id='word_1_598' title='bbox 3072 2678 3344 2735; x_wconf 82' lang='lat' dir='ltr'>maxillas</span> <span class='ocrx_word' id='word_1_599' title='bbox 3373 2694 3578 2734; x_wconf 90' lang='lat' dir='ltr'>eorum</span> <span class='ocrx_word' id='word_1_600' title='bbox 3631 2692 3772 2732; x_wconf 86' lang='lat' dir='ltr'>con-</span> 
     </span>
    </p>
   </div>
   <div class='ocr_carea' id='block_1_74' title="bbox 2129 2764 3776 2846">
    <p class='ocr_par' dir='ltr' id='par_1_74' title="bbox 2129 2764 3776 2846">
     <span class='ocr_line' id='line_1_74' title="bbox 2129 2764 3776 2846; baseline -0.007 -16"><span class='ocrx_word' id='word_1_601' title='bbox 2129 2796 2157 2824; x_wconf 86' lang='lat'><strong>«</strong></span> <span class='ocrx_word' id='word_1_602' title='bbox 2190 2774 2430 2846; x_wconf 87' lang='lat' dir='ltr'>stringe,</span> <span class='ocrx_word' id='word_1_603' title='bbox 2452 2774 2551 2845; x_wconf 92' lang='lat' dir='ltr'>qui</span> <span class='ocrx_word' id='word_1_604' title='bbox 2579 2790 2693 2828; x_wconf 93' lang='lat' dir='ltr'>non</span> <span class='ocrx_word' id='word_1_605' title='bbox 2717 2771 3125 2845; x_wconf 84' lang='lat' dir='ltr'>approximant</span> <span class='ocrx_word' id='word_1_606' title='bbox 3143 2769 3216 2824; x_wconf 91' lang='lat' dir='ltr'>ad</span> <span class='ocrx_word' id='word_1_607' title='bbox 3242 2772 3318 2823; x_wconf 89' lang='lat' dir='ltr'>te.</span> <span class='ocrx_word' id='word_1_608' title='bbox 3345 2766 3531 2822; x_wconf 88' lang='lat' dir='ltr'>Multa</span> <span class='ocrx_word' id='word_1_609' title='bbox 3549 2764 3776 2838; x_wconf 88' lang='lat' dir='ltr'>ﬂagella</span> 
     </span>
    </p>
   </div>
   <div class='ocr_carea' id='block_1_75' title="bbox 2131 2852 3775 2935">
    <p class='ocr_par' dir='ltr' id='par_1_75' title="bbox 2131 2852 3775 2935">
     <span class='ocr_line' id='line_1_75' title="bbox 2131 2852 3775 2935; baseline -0.007 -16"><span class='ocrx_word' id='word_1_610' title='bbox 2131 2887 2159 2912; x_wconf 86' lang='lat'><strong>«</strong></span> <span class='ocrx_word' id='word_1_611' title='bbox 2193 2862 2542 2935; x_wconf 87' lang='lat' dir='ltr'>peccatoris,</span> <span class='ocrx_word' id='word_1_612' title='bbox 2576 2867 2910 2934; x_wconf 89' lang='lat' dir='ltr'>sperantem</span> <span class='ocrx_word' id='word_1_613' title='bbox 2941 2864 3139 2916; x_wconf 89' lang='lat' dir='ltr'>autem</span> <span class='ocrx_word' id='word_1_614' title='bbox 3169 2859 3228 2912; x_wconf 91' lang='lat' dir='ltr'><strong><em>in</em></strong></span> <span class='ocrx_word' id='word_1_615' title='bbox 3261 2857 3509 2913; x_wconf 90' lang='lat' dir='ltr'>Domino</span> <span class='ocrx_word' id='word_1_616' title='bbox 3541 2852 3775 2910; x_wconf 88' lang='lat' dir='ltr'><strong><em>miseri-</em></strong></span> 
     </span>
    </p>
   </div>
   <div class='ocr_carea' id='block_1_76' title="bbox 2131 2941 3779 3007">
    <p class='ocr_par' dir='ltr' id='par_1_76' title="bbox 2131 2941 3779 3007">
     <span class='ocr_line' id='line_1_76' title="bbox 2131 2941 3779 3007; baseline -0.007 0"><span class='ocrx_word' id='word_1_617' title='bbox 2131 2975 2159 3002; x_wconf 86' lang='grc'>‹‹</span> <span class='ocrx_word' id='word_1_618' title='bbox 2192 2951 2390 3007; x_wconf 87' lang='lat' dir='ltr'>cordia</span> <span class='ocrx_word' id='word_1_619' title='bbox 2411 2951 2815 3007; x_wconf 88' lang='lat' dir='ltr'>circumdabit.</span> <span class='ocrx_word' id='word_1_620' title='bbox 2842 2948 3138 3006; x_wconf 59' lang='lat' dir='ltr'>Laetamini</span> <span class='ocrx_word' id='word_1_621' title='bbox 3160 2948 3220 3003; x_wconf 93' lang='lat' dir='ltr'>in</span> <span class='ocrx_word' id='word_1_622' title='bbox 3244 2945 3486 3003; x_wconf 90' lang='lat' dir='ltr'>Domino</span> <span class='ocrx_word' id='word_1_623' title='bbox 3512 2949 3570 3001; x_wconf 89' lang='lat' dir='ltr'>et</span> <span class='ocrx_word' id='word_1_624' title='bbox 3588 2941 3779 3000; x_wconf 83' lang='lat' dir='ltr'>exsul-</span> 
     </span>
    </p>
   </div>
   <div class='ocr_carea' id='block_1_77' title="bbox 2135 3032 3776 3113">
    <p class='ocr_par' dir='ltr' id='par_1_77' title="bbox 2135 3032 3776 3113">
     <span class='ocr_line' id='line_1_77' title="bbox 2135 3032 3776 3113; baseline -0.006 -16"><span class='ocrx_word' id='word_1_625' title='bbox 2135 3063 2164 3091; x_wconf 86' lang='lat'><strong>«</strong></span> <span class='ocrx_word' id='word_1_626' title='bbox 2196 3045 2343 3108; x_wconf 90' lang='lat' dir='ltr'>tate,</span> <span class='ocrx_word' id='word_1_627' title='bbox 2387 3041 2567 3113; x_wconf 83' lang='lat' dir='ltr'>justi,</span> <span class='ocrx_word' id='word_1_628' title='bbox 2609 3044 2668 3097; x_wconf 93' lang='lat' dir='ltr'><strong><em>et</em></strong></span> <span class='ocrx_word' id='word_1_629' title='bbox 2695 3039 3059 3113; x_wconf 88' lang='lat' dir='ltr'>gloriamini,</span> <span class='ocrx_word' id='word_1_630' title='bbox 3111 3052 3312 3094; x_wconf 91' lang='lat' dir='ltr'>omnes</span> <span class='ocrx_word' id='word_1_631' title='bbox 3343 3034 3480 3089; x_wconf 90' lang='lat' dir='ltr'>recti</span> <span class='ocrx_word' id='word_1_632' title='bbox 3512 3032 3712 3089; x_wconf 87' lang='lat' dir='ltr'>corde.</span> <span class='ocrx_word' id='word_1_633' title='bbox 3748 3054 3776 3081; x_wconf 86' lang='grc'><strong>››</strong></span> 
     </span>
    </p>
   </div>
   <div class='ocr_carea' id='block_1_78' title="bbox 2749 3144 3158 3203">
    <p class='ocr_par' dir='ltr' id='par_1_78' title="bbox 2749 3144 3158 3203">
     <span class='ocr_line' id='line_1_78' title="bbox 2749 3144 3158 3203; baseline -0.01 0"><span class='ocrx_word' id='word_1_634' title='bbox 2749 3144 3158 3203; x_wconf 79' lang='lat' dir='ltr'>ENARRATIO.</span> 
     </span>
    </p>
   </div>
   <div class='ocr_carea' id='block_1_79' title="bbox 2205 3225 3777 3309">
    <p class='ocr_par' dir='ltr' id='par_1_79' title="bbox 2205 3225 3777 3309">
     <span class='ocr_line' id='line_1_79' title="bbox 2205 3225 3777 3309; baseline -0.008 -16"><span class='ocrx_word' id='word_1_635' title='bbox 2205 3238 2349 3293; x_wconf 86' lang='lat' dir='ltr'>Cum</span> <span class='ocrx_word' id='word_1_636' title='bbox 2367 3236 2427 3292; x_wconf 92' lang='lat' dir='ltr'><strong><em>in</em></strong></span> <span class='ocrx_word' id='word_1_637' title='bbox 2439 3237 2714 3293; x_wconf 91' lang='lat' dir='ltr'>omnibus</span> <span class='ocrx_word' id='word_1_638' title='bbox 2730 3235 2994 3309; x_wconf 90' lang='lat' dir='ltr'>psalmus</span> <span class='ocrx_word' id='word_1_639' title='bbox 3012 3235 3089 3290; x_wconf 89' lang='lat' dir='ltr'>sit</span> <span class='ocrx_word' id='word_1_640' title='bbox 3105 3227 3571 3297; x_wconf 82' lang='lat' dir='ltr'>intellectus,buio</span> <span class='ocrx_word' id='word_1_641' title='bbox 3590 3225 3777 3282; x_wconf 86' lang='lat' dir='ltr'>maxi-</span> 
     </span>
    </p>
   </div>
   <div class='ocr_carea' id='block_1_80' title="bbox 2135 3315 3780 3399">
    <p class='ocr_par' dir='ltr' id='par_1_80' title="bbox 2135 3315 3780 3399">
     <span class='ocr_line' id='line_1_80' title="bbox 2135 3315 3780 3399; baseline -0.007 -18"><span class='ocrx_word' id='word_1_642' title='bbox 2135 3342 2229 3381; x_wconf 92' lang='lat' dir='ltr'>me</span> <span class='ocrx_word' id='word_1_643' title='bbox 2257 3332 2316 3382; x_wconf 89' lang='lat' dir='ltr'><strong><em>et</em></strong></span> <span class='ocrx_word' id='word_1_644' title='bbox 2346 3325 2730 3399; x_wconf 87' lang='lat' dir='ltr'>spiritualiter</span> <span class='ocrx_word' id='word_1_645' title='bbox 2758 3324 3101 3380; x_wconf 88' lang='lat' dir='ltr'>attribuitur</span> <span class='ocrx_word' id='word_1_646' title='bbox 3137 3336 3349 3378; x_wconf 90' lang='lat' dir='ltr'><strong><em>nomen</em></strong></span> <span class='ocrx_word' id='word_1_647' title='bbox 3393 3316 3568 3387; x_wconf 89' lang='lat' dir='ltr'>illud,</span> <span class='ocrx_word' id='word_1_648' title='bbox 3616 3315 3780 3388; x_wconf 83' lang='lat' dir='ltr'>quod</span> 
     </span>
    </p>
   </div>
   <div class='ocr_carea' id='block_1_81' title="bbox 2133 3404 3781 3487">
    <p class='ocr_par' dir='ltr' id='par_1_81' title="bbox 2133 3404 3781 3487">
     <span class='ocr_line' id='line_1_81' title="bbox 2133 3404 3781 3487; baseline -0.008 -16"><span class='ocrx_word' id='word_1_649' title='bbox 2133 3432 2447 3471; x_wconf 91' lang='lat' dir='ltr'>commune</span> <span class='ocrx_word' id='word_1_650' title='bbox 2476 3420 2594 3483; x_wconf 89' lang='lat' dir='ltr'>est,</span> <span class='ocrx_word' id='word_1_651' title='bbox 2626 3417 2861 3487; x_wconf 88' lang='lat' dir='ltr'>propter</span> <span class='ocrx_word' id='word_1_652' title='bbox 2891 3412 3238 3485; x_wconf 86' lang='lat' dir='ltr'>dignitatem</span> <span class='ocrx_word' id='word_1_653' title='bbox 3269 3414 3326 3467; x_wconf 90' lang='lat' dir='ltr'>et</span> <span class='ocrx_word' id='word_1_654' title='bbox 3353 3404 3781 3475; x_wconf 81' lang='lat' dir='ltr'>excellentiam,</span> 
     </span>
    </p>
   </div>
   <div class='ocr_carea' id='block_1_82' title="bbox 2133 3493 3781 3574">
    <p class='ocr_par' dir='ltr' id='par_1_82' title="bbox 2133 3493 3781 3574">
     <span class='ocr_line' id='line_1_82' title="bbox 2133 3493 3781 3574; baseline -0.007 -15"><span class='ocrx_word' id='word_1_655' title='bbox 2133 3508 2219 3571; x_wconf 90' lang='lat' dir='ltr'>ut,</span> <span class='ocrx_word' id='word_1_656' title='bbox 2240 3521 2372 3559; x_wconf 92' lang='lat' dir='ltr'>cum</span> <span class='ocrx_word' id='word_1_657' title='bbox 2395 3503 2611 3559; x_wconf 90' lang='lat' dir='ltr'>dicitur</span> <span class='ocrx_word' id='word_1_658' title='bbox 2630 3502 2971 3574; x_wconf 83' lang='lat' dir='ltr'>Apostolus,</span> <span class='ocrx_word' id='word_1_659' title='bbox 2994 3499 3346 3572; x_wconf 87' lang='lat' dir='ltr'>intelligitur</span> <span class='ocrx_word' id='word_1_660' title='bbox 3365 3493 3615 3563; x_wconf 85' lang='lat' dir='ltr'>Paulus;</span> <span class='ocrx_word' id='word_1_661' title='bbox 3645 3494 3781 3550; x_wconf 87' lang='lat' dir='ltr'>Pro-</span> 
     </span>
    </p>
   </div>
   <div class='ocr_carea' id='block_1_83' title="bbox 2134 3591 3020 3665">
    <p class='ocr_par' dir='ltr' id='par_1_83' title="bbox 2134 3591 3020 3665">
     <span class='ocr_line' id='line_1_83' title="bbox 2134 3591 3020 3665; baseline -0.003 -17"><span class='ocrx_word' id='word_1_662' title='bbox 2134 3593 2326 3665; x_wconf 79' lang='lat' dir='ltr'>pheta,</span> <span class='ocrx_word' id='word_1_663' title='bbox 2361 3592 2575 3660; x_wconf 83' lang='lat' dir='ltr'>Isaias;</span> <span class='ocrx_word' id='word_1_664' title='bbox 2611 3591 2782 3661; x_wconf 84' lang='lat' dir='ltr'>Urbs,</span> <span class='ocrx_word' id='word_1_665' title='bbox 2818 3591 3020 3646; x_wconf 83' lang='lat' dir='ltr'>Roma.</span> 
     </span>
    </p>
   </div>
   <div class='ocr_carea' id='block_1_84' title="bbox 2203 3671 3783 3749">
    <p class='ocr_par' dir='ltr' id='par_1_84' title="bbox 2203 3671 3783 3749">
     <span class='ocr_line' id='line_1_84' title="bbox 2203 3671 3783 3749; baseline -0.006 -12"><span class='ocrx_word' id='word_1_666' title='bbox 2203 3682 2471 3737; x_wconf 89' lang='lat' dir='ltr'>Continet</span> <span class='ocrx_word' id='word_1_667' title='bbox 2500 3681 2655 3736; x_wconf 90' lang='lat' dir='ltr'><strong><em>enim</em></strong></span> <span class='ocrx_word' id='word_1_668' title='bbox 2687 3678 3047 3735; x_wconf 88' lang='lat' dir='ltr'>intellectum</span> <span class='ocrx_word' id='word_1_669' title='bbox 3091 3678 3306 3749; x_wconf 91' lang='lat' dir='ltr'>cuique</span> <span class='ocrx_word' id='word_1_670' title='bbox 3336 3673 3496 3731; x_wconf 86' lang='lat' dir='ltr'>ﬁdeli</span> <span class='ocrx_word' id='word_1_671' title='bbox 3526 3671 3783 3728; x_wconf 82' lang='lat' dir='ltr'>maxime</span> 
     </span>
    </p>
   </div>
   <div class='ocr_carea' id='block_1_85' title="bbox 2132 3763 3784 3834">
    <p class='ocr_par' dir='ltr' id='par_1_85' title="bbox 2132 3763 3784 3834">
     <span class='ocr_line' id='line_1_85' title="bbox 2132 3763 3784 3834; baseline -0.007 -8"><span class='ocrx_word' id='word_1_672' title='bbox 2132 3771 2529 3828; x_wconf 88' lang='lat' dir='ltr'>necessarium</span> <span class='ocrx_word' id='word_1_673' title='bbox 2564 3770 2636 3825; x_wconf 93' lang='lat' dir='ltr'>ad</span> <span class='ocrx_word' id='word_1_674' title='bbox 2666 3770 3082 3834; x_wconf 89' lang='lat' dir='ltr'>salvationem,</span> <span class='ocrx_word' id='word_1_675' title='bbox 3129 3768 3286 3823; x_wconf 88' lang='lat' dir='ltr'>hunc</span> <span class='ocrx_word' id='word_1_676' title='bbox 3334 3763 3588 3831; x_wconf 88' lang='lat' dir='ltr'>scilicet,</span> <span class='ocrx_word' id='word_1_677' title='bbox 3645 3766 3784 3817; x_wconf 88' lang='lat' dir='ltr'>ante</span> 
     </span>
    </p>
   </div>
   <div class='ocr_carea' id='block_1_86' title="bbox 2132 3849 3784 3929">
    <p class='ocr_par' dir='ltr' id='par_1_86' title="bbox 2132 3849 3784 3929">
     <span class='ocr_line' id='line_1_86' title="bbox 2132 3849 3784 3929; baseline -0.007 -14"><span class='ocrx_word' id='word_1_678' title='bbox 2132 3861 2305 3915; x_wconf 85' lang='lat' dir='ltr'>tidem</span> <span class='ocrx_word' id='word_1_679' title='bbox 2341 3877 2455 3915; x_wconf 90' lang='lat' dir='ltr'>non</span> <span class='ocrx_word' id='word_1_680' title='bbox 2486 3876 2614 3915; x_wconf 90' lang='lat' dir='ltr'><strong><em>esse</em></strong></span> <span class='ocrx_word' id='word_1_681' title='bbox 2636 3859 2917 3929; x_wconf 87' lang='lat' dir='ltr'>jactanda</span> <span class='ocrx_word' id='word_1_682' title='bbox 2949 3857 3176 3925; x_wconf 90' lang='lat' dir='ltr'>merita,</span> <span class='ocrx_word' id='word_1_683' title='bbox 3212 3855 3429 3928; x_wconf 90' lang='lat' dir='ltr'>quippe</span> <span class='ocrx_word' id='word_1_684' title='bbox 3460 3868 3589 3923; x_wconf 71' lang='lat' dir='ltr'>quis</span> <span class='ocrx_word' id='word_1_685' title='bbox 3619 3849 3784 3906; x_wconf 89' lang='lat' dir='ltr'>nulla</span> 
     </span>
    </p>
   </div>
   <div class='ocr_carea' id='block_1_87' title="bbox 2129 3946 3778 4022">
    <p class='ocr_par' dir='ltr' id='par_1_87' title="bbox 2129 3946 3778 4022">
     <span class='ocr_line' id='line_1_87' title="bbox 2129 3946 3778 4022; baseline -0.007 -17"><span class='ocrx_word' id='word_1_686' title='bbox 2129 3955 2301 4017; x_wconf 90' lang='lat' dir='ltr'>sunt;</span> <span class='ocrx_word' id='word_1_687' title='bbox 2352 3956 2588 4022; x_wconf 88' lang='lat' dir='ltr'>accepta</span> <span class='ocrx_word' id='word_1_688' title='bbox 2617 3949 2731 4004; x_wconf 84' lang='lat' dir='ltr'><strong><em>ﬁde</em></strong></span> <span class='ocrx_word' id='word_1_689' title='bbox 2762 3965 2865 4020; x_wconf 89' lang='lat' dir='ltr'><strong><em>per</em></strong></span> <span class='ocrx_word' id='word_1_690' title='bbox 2892 3946 3143 4021; x_wconf 86' lang='lat' dir='ltr'>gratiam</span> <span class='ocrx_word' id='word_1_691' title='bbox 3163 3987 3177 4013; x_wconf 91' lang='lat'>,</span> <span class='ocrx_word' id='word_1_692' title='bbox 3226 3962 3342 4001; x_wconf 93' lang='lat' dir='ltr'>non</span> <span class='ocrx_word' id='word_1_693' title='bbox 3395 3956 3526 3999; x_wconf 89' lang='lat' dir='ltr'><strong><em>esse</em></strong></span> <span class='ocrx_word' id='word_1_694' title='bbox 3559 3955 3778 4013; x_wconf 65' lang='lat' dir='ltr'><strong><em>presu-</em></strong></span> 
     </span>
    </p>
   </div>
   <div class='ocr_carea' id='block_1_88' title="bbox 2130 4030 3777 4110">
    <p class='ocr_par' dir='ltr' id='par_1_88' title="bbox 2130 4030 3777 4110">
     <span class='ocr_line' id='line_1_88' title="bbox 2130 4030 3777 4110; baseline -0.007 -16"><span class='ocrx_word' id='word_1_695' title='bbox 2130 4039 2409 4094; x_wconf 92' lang='lat' dir='ltr'><strong><em>mendum</em></strong></span> <span class='ocrx_word' id='word_1_696' title='bbox 2442 4039 2513 4093; x_wconf 91' lang='lat' dir='ltr'><strong><em>de</em></strong></span> <span class='ocrx_word' id='word_1_697' title='bbox 2568 4038 2942 4110; x_wconf 89' lang='lat' dir='ltr'>impunitate,</span> <span class='ocrx_word' id='word_1_698' title='bbox 2975 4052 3081 4092; x_wconf 88' lang='lat' dir='ltr'>nec</span> <span class='ocrx_word' id='word_1_699' title='bbox 3111 4050 3239 4105; x_wconf 83' lang='lat' dir='ltr'>esse</span> <span class='ocrx_word' id='word_1_700' title='bbox 3275 4033 3511 4106; x_wconf 89' lang='lat' dir='ltr'>pigrum</span> <span class='ocrx_word' id='word_1_701' title='bbox 3540 4030 3601 4084; x_wconf 92' lang='lat' dir='ltr'>in</span> <span class='ocrx_word' id='word_1_702' title='bbox 3625 4030 3777 4085; x_wconf 85' lang='lat' dir='ltr'>bona</span> 
     </span>
    </p>
   </div>
   <div class='ocr_carea' id='block_1_89' title="bbox 2129 4115 3776 4199">
    <p class='ocr_par' dir='ltr' id='par_1_89' title="bbox 2129 4115 3776 4199">
     <span class='ocr_line' id='line_1_89' title="bbox 2129 4115 3776 4199; baseline -0.007 -17"><span class='ocrx_word' id='word_1_703' title='bbox 2129 4127 2496 4199; x_wconf 87' lang='lat' dir='ltr'>operatione;</span> <span class='ocrx_word' id='word_1_704' title='bbox 2530 4131 2588 4182; x_wconf 94' lang='lat' dir='ltr'><strong><em>et</em></strong></span> <span class='ocrx_word' id='word_1_705' title='bbox 2617 4126 2666 4180; x_wconf 93' lang='lat' dir='ltr'>si</span> <span class='ocrx_word' id='word_1_706' title='bbox 2698 4126 2841 4197; x_wconf 91' lang='lat' dir='ltr'><strong><em>quid</em></strong></span> <span class='ocrx_word' id='word_1_707' title='bbox 2872 4124 3008 4180; x_wconf 90' lang='lat' dir='ltr'>boni</span> <span class='ocrx_word' id='word_1_708' title='bbox 3039 4121 3267 4191; x_wconf 85' lang='lat' dir='ltr'>fecerit,</span> <span class='ocrx_word' id='word_1_709' title='bbox 3314 4136 3433 4176; x_wconf 91' lang='lat' dir='ltr'>non</span> <span class='ocrx_word' id='word_1_710' title='bbox 3477 4117 3624 4185; x_wconf 91' lang='lat' dir='ltr'>sibi,</span> <span class='ocrx_word' id='word_1_711' title='bbox 3677 4115 3776 4171; x_wconf 90' lang='lat' dir='ltr'>sed</span> 
     </span>
    </p>
   </div>
   <div class='ocr_carea' id='block_1_90' title="bbox 2128 4201 3779 4288">
    <p class='ocr_par' dir='ltr' id='par_1_90' title="bbox 2128 4201 3779 4288">
     <span class='ocr_line' id='line_1_90' title="bbox 2128 4201 3779 4288; baseline -0.008 -17"><span class='ocrx_word' id='word_1_712' title='bbox 2128 4221 2315 4271; x_wconf 90' lang='lat' dir='ltr'>totum</span> <span class='ocrx_word' id='word_1_713' title='bbox 2347 4214 2544 4288; x_wconf 79' lang='lat' dir='ltr'>gratiae</span> <span class='ocrx_word' id='word_1_714' title='bbox 2575 4214 2676 4271; x_wconf 90' lang='lat' dir='ltr'>Dei</span> <span class='ocrx_word' id='word_1_715' title='bbox 2707 4213 3045 4269; x_wconf 90' lang='lat' dir='ltr'>attribuere.</span> <span class='ocrx_word' id='word_1_716' title='bbox 3088 4214 3212 4266; x_wconf 84' lang='lat' dir='ltr'>Vox</span> <span class='ocrx_word' id='word_1_717' title='bbox 3242 4207 3563 4281; x_wconf 68' lang='lat' dir='ltr'>Propheta.</span> <span class='ocrx_word' id='word_1_718' title='bbox 3598 4201 3779 4269; x_wconf 86' lang='lat' dir='ltr'>Quasi</span> 
     </span>
    </p>
   </div>
   <div class='ocr_carea' id='block_1_91' title="bbox 2128 4292 3778 4366">
    <p class='ocr_par' dir='ltr' id='par_1_91' title="bbox 2128 4292 3778 4366">
     <span class='ocr_line' id='line_1_91' title="bbox 2128 4292 3778 4366; baseline -0.007 -7"><span class='ocrx_word' id='word_1_719' title='bbox 2128 4303 2320 4361; x_wconf 90' lang='lat' dir='ltr'>dicat:</span> <span class='ocrx_word' id='word_1_720' title='bbox 2347 4304 2526 4361; x_wconf 91' lang='lat' dir='ltr'>Video</span> <span class='ocrx_word' id='word_1_721' title='bbox 2553 4302 2822 4359; x_wconf 89' lang='lat' dir='ltr'>homines</span> <span class='ocrx_word' id='word_1_722' title='bbox 2852 4301 2997 4358; x_wconf 90' lang='lat' dir='ltr'>velle</span> <span class='ocrx_word' id='word_1_723' title='bbox 3027 4317 3157 4356; x_wconf 88' lang='lat' dir='ltr'>esse</span> <span class='ocrx_word' id='word_1_724' title='bbox 3181 4301 3401 4366; x_wconf 88' lang='lat' dir='ltr'>beatos,</span> <span class='ocrx_word' id='word_1_725' title='bbox 3427 4295 3531 4352; x_wconf 89' lang='lat' dir='ltr'><strong><em>sed</em></strong></span> <span class='ocrx_word' id='word_1_726' title='bbox 3563 4292 3778 4349; x_wconf 85' lang='lat' dir='ltr'>diversi</span> 
     </span>
    </p>
   </div>
   <div class='ocr_carea' id='block_1_92' title="bbox 2127 4387 3777 4449">
    <p class='ocr_par' dir='ltr' id='par_1_92' title="bbox 2127 4387 3777 4449">
     <span class='ocr_line' id='line_1_92' title="bbox 2127 4387 3777 4449; baseline -0.006 -1"><span class='ocrx_word' id='word_1_727' title='bbox 2127 4394 2353 4449; x_wconf 85' lang='lat' dir='ltr'>diversa</span> <span class='ocrx_word' id='word_1_728' title='bbox 2381 4394 2453 4449; x_wconf 89' lang='lat' dir='ltr'>de</span> <span class='ocrx_word' id='word_1_729' title='bbox 2481 4392 2839 4449; x_wconf 87' lang='lat' dir='ltr'>beatitudine</span> <span class='ocrx_word' id='word_1_730' title='bbox 2870 4389 3256 4447; x_wconf 90' lang='lat' dir='ltr'>constituunt.</span> <span class='ocrx_word' id='word_1_731' title='bbox 3304 4387 3421 4443; x_wconf 89' lang='lat' dir='ltr'>Hoc</span> <span class='ocrx_word' id='word_1_732' title='bbox 3450 4389 3653 4442; x_wconf 87' lang='lat' dir='ltr'>autem</span> <span class='ocrx_word' id='word_1_733' title='bbox 3685 4398 3777 4438; x_wconf 86' lang='lat' dir='ltr'>ca-</span> 
     </span>
    </p>
   </div>
   <div class='ocr_carea' id='block_1_93' title="bbox 2127 4482 2825 4552">
    <p class='ocr_par' dir='ltr' id='par_1_93' title="bbox 2127 4482 2825 4552">
     <span class='ocr_line' id='line_1_93' title="bbox 2127 4482 2825 4552; baseline 0.001 -15"><span class='ocrx_word' id='word_1_734' title='bbox 2127 4482 2432 4552; x_wconf 87' lang='lat' dir='ltr'>tholicum,</span> <span class='ocrx_word' id='word_1_735' title='bbox 2464 4483 2573 4538; x_wconf 89' lang='lat' dir='ltr'>hoc</span> <span class='ocrx_word' id='word_1_736' title='bbox 2603 4498 2825 4538; x_wconf 86' lang='lat' dir='ltr'>verum.</span> 
     </span>
    </p>
   </div>
   <div class='ocr_carea' id='block_1_94' title="bbox 370 4559 3784 4643">
    <p class='ocr_par' dir='ltr' id='par_1_94' title="bbox 370 4559 3784 4643">
     <span class='ocr_line' id='line_1_94' title="bbox 370 4559 3784 4643; baseline -0.001 -22"><span class='ocrx_word' id='word_1_737' title='bbox 370 4568 814 4623; x_wconf 80' lang='lat' dir='ltr'>runt.0blivioni</span> <span class='ocrx_word' id='word_1_738' title='bbox 825 4566 990 4622; x_wconf 78' lang='lat' dir='ltr'>datus</span> <span class='ocrx_word' id='word_1_739' title='bbox 1007 4583 1129 4622; x_wconf 88' lang='lat' dir='ltr'><strong><em>sum</em></strong></span> <span class='ocrx_word' id='word_1_740' title='bbox 1150 4583 1182 4620; x_wconf 92' lang='lat' dir='ltr'>a</span> <span class='ocrx_word' id='word_1_741' title='bbox 1201 4564 1363 4621; x_wconf 88' lang='lat' dir='ltr'>corde</span> <span class='ocrx_word' id='word_1_742' title='bbox 1378 4581 1578 4621; x_wconf 90' lang='lat' dir='ltr'><strong><em>eorum</em></strong></span> <span class='ocrx_word' id='word_1_743' title='bbox 1594 4569 1857 4636; x_wconf 84' lang='lat' dir='ltr'>tanquam</span> <span class='ocrx_word' id='word_1_744' title='bbox 1877 4580 2023 4619; x_wconf 86' lang='lat' dir='ltr'>mor—</span> <span class='ocrx_word' id='word_1_745' title='bbox 2052 4559 2098 4623; x_wconf 90' lang='lat' dir='ltr'><strong>D</strong></span> <span class='ocrx_word' id='word_1_746' title='bbox 2198 4574 2354 4628; x_wconf 89' lang='lat' dir='ltr'>Beati</span> <span class='ocrx_word' id='word_1_747' title='bbox 2376 4588 2608 4643; x_wconf 88' lang='lat' dir='ltr'>quorum</span> <span class='ocrx_word' id='word_1_748' title='bbox 2632 4573 2874 4627; x_wconf 76' lang='lat' dir='ltr'><strong><em>remissae</em></strong></span> <span class='ocrx_word' id='word_1_749' title='bbox 2891 4574 3022 4625; x_wconf 86' lang='lat' dir='ltr'><strong><em>sunt</em></strong></span> <span class='ocrx_word' id='word_1_750' title='bbox 3040 4569 3382 4639; x_wconf 83' lang='lat' dir='ltr'><strong><em>iniquitates,</em></strong></span> <span class='ocrx_word' id='word_1_751' title='bbox 3404 4581 3522 4620; x_wconf 90' lang='lat' dir='ltr'>non</span> <span class='ocrx_word' id='word_1_752' title='bbox 3542 4561 3628 4619; x_wconf 91' lang='lat' dir='ltr'>illi</span> <span class='ocrx_word' id='word_1_753' title='bbox 3653 4576 3784 4635; x_wconf 83' lang='lat' dir='ltr'>quo-</span> 
     </span>
    </p>
   </div>
   <div class='ocr_carea' id='block_1_95' title="bbox 372 4655 2017 4729">
    <p class='ocr_par' dir='ltr' id='par_1_95' title="bbox 372 4655 2017 4729">
     <span class='ocr_line' id='line_1_95' title="bbox 372 4655 2017 4729; baseline -0.001 -19"><span class='ocrx_word' id='word_1_754' title='bbox 372 4660 516 4726; x_wconf 89' lang='lat' dir='ltr'><strong><em>tuus,</em></strong></span> <span class='ocrx_word' id='word_1_755' title='bbox 530 4656 749 4712; x_wconf 90' lang='lat' dir='ltr'>scilicet</span> <span class='ocrx_word' id='word_1_756' title='bbox 761 4673 833 4728; x_wconf 89' lang='lat' dir='ltr'>qu</span> <span class='ocrx_word' id='word_1_757' title='bbox 844 4656 1281 4729; x_wconf 79' lang='lat' dir='ltr'>ilibet&#39;tanquam</span> <span class='ocrx_word' id='word_1_758' title='bbox 1296 4672 1387 4711; x_wconf 86' lang='lat' dir='ltr'>vas</span> <span class='ocrx_word' id='word_1_759' title='bbox 1405 4655 1764 4727; x_wconf 87' lang='lat' dir='ltr'>perditum,id</span> <span class='ocrx_word' id='word_1_760' title='bbox 1779 4658 2017 4721; x_wconf 86' lang='lat' dir='ltr'>est,tan-</span> 
     </span>
    </p>
   </div>
   <div class='ocr_carea' id='block_1_96' title="bbox 372 4744 2018 4816">
    <p class='ocr_par' dir='ltr' id='par_1_96' title="bbox 372 4744 2018 4816">
     <span class='ocr_line' id='line_1_96' title="bbox 372 4744 2018 4816; baseline -0.002 -17"><span class='ocrx_word' id='word_1_761' title='bbox 372 4760 550 4816; x_wconf 90' lang='lat' dir='ltr'>quam</span> <span class='ocrx_word' id='word_1_762' title='bbox 571 4761 672 4799; x_wconf 90' lang='lat' dir='ltr'>vas</span> <span class='ocrx_word' id='word_1_763' title='bbox 694 4745 898 4800; x_wconf 81' lang='lat' dir='ltr'>inutile</span> <span class='ocrx_word' id='word_1_764' title='bbox 920 4752 975 4800; x_wconf 89' lang='lat' dir='ltr'>et</span> <span class='ocrx_word' id='word_1_765' title='bbox 1001 4744 1145 4800; x_wconf 90' lang='lat' dir='ltr'>nulli</span> <span class='ocrx_word' id='word_1_766' title='bbox 1175 4745 1306 4800; x_wconf 83' lang='lat' dir='ltr'><strong><em>usui</em></strong></span> <span class='ocrx_word' id='word_1_767' title='bbox 1330 4749 1555 4816; x_wconf 92' lang='lat' dir='ltr'>aptum,</span> <span class='ocrx_word' id='word_1_768' title='bbox 1581 4744 1729 4812; x_wconf 89' lang='lat' dir='ltr'>ideo,</span> <span class='ocrx_word' id='word_1_769' title='bbox 1758 4744 2018 4815; x_wconf 88' lang='lat' dir='ltr'>quoniam</span> 
     </span>
    </p>
   </div>
   <div class='ocr_carea' id='block_1_97' title="bbox 368 4832 2017 4905">
    <p class='ocr_par' dir='ltr' id='par_1_97' title="bbox 368 4832 2017 4905">
     <span class='ocr_line' id='line_1_97' title="bbox 368 4832 2017 4905; baseline -0.002 -16"><span class='ocrx_word' id='word_1_770' title='bbox 368 4833 578 4900; x_wconf 84' lang='lat' dir='ltr'>audivi,</span> <span class='ocrx_word' id='word_1_771' title='bbox 603 4833 657 4888; x_wconf 89' lang='lat' dir='ltr'>id</span> <span class='ocrx_word' id='word_1_772' title='bbox 682 4837 790 4898; x_wconf 89' lang='lat' dir='ltr'>est,</span> <span class='ocrx_word' id='word_1_773' title='bbox 815 4833 1096 4903; x_wconf 87' lang='lat' dir='ltr'>patienter</span> <span class='ocrx_word' id='word_1_774' title='bbox 1116 4834 1225 4890; x_wconf 87' lang='lat' dir='ltr'>tuli</span> <span class='ocrx_word' id='word_1_775' title='bbox 1250 4835 1701 4905; x_wconf 73' lang='lat' dir='ltr'>vituperationem</span> <span class='ocrx_word' id='word_1_776' title='bbox 1720 4832 2017 4886; x_wconf 83' lang='lat' dir='ltr'>multorum</span> 
     </span>
    </p>
   </div>
   <div class='ocr_carea' id='block_1_98' title="bbox 364 4921 2014 4993">
    <p class='ocr_par' dir='ltr' id='par_1_98' title="bbox 364 4921 2014 4993">
     <span class='ocr_line' id='line_1_98' title="bbox 364 4921 2014 4993; baseline -0.002 -13"><span class='ocrx_word' id='word_1_777' title='bbox 364 4923 823 4980; x_wconf 82' lang='lat' dir='ltr'>commorantium</span> <span class='ocrx_word' id='word_1_778' title='bbox 854 4923 914 4976; x_wconf 87' lang='lat' dir='ltr'>in</span> <span class='ocrx_word' id='word_1_779' title='bbox 941 4924 1206 4993; x_wconf 85' lang='lat' dir='ltr'>circuitu,</span> <span class='ocrx_word' id='word_1_780' title='bbox 1252 4924 1308 4977; x_wconf 93' lang='lat' dir='ltr'>id</span> <span class='ocrx_word' id='word_1_781' title='bbox 1343 4928 1461 4990; x_wconf 89' lang='lat' dir='ltr'>est,</span> <span class='ocrx_word' id='word_1_782' title='bbox 1494 4921 1906 4977; x_wconf 77' lang='lat' dir='ltr'>delectantium</span> <span class='ocrx_word' id='word_1_783' title='bbox 1954 4921 2014 4976; x_wconf 94' lang='lat' dir='ltr'><strong><em>in</em></strong></span> 
     </span>
    </p>
   </div>
   <div class='ocr_carea' id='block_1_99' title="bbox 364 5019 2018 5092">
    <p class='ocr_par' dir='ltr' id='par_1_99' title="bbox 364 5019 2018 5092">
     <span class='ocr_line' id='line_1_99' title="bbox 364 5019 2018 5092; baseline -0.001 -15"><span class='ocrx_word' id='word_1_784' title='bbox 364 5023 611 5078; x_wconf 89' lang='lat' dir='ltr'>terrenis</span> <span class='ocrx_word' id='word_1_785' title='bbox 631 5047 644 5090; x_wconf 90' lang='lat'>;</span> <span class='ocrx_word' id='word_1_786' title='bbox 661 5021 789 5077; x_wconf 88' lang='lat' dir='ltr'><strong><em>ideo</em></strong></span> <span class='ocrx_word' id='word_1_787' title='bbox 810 5037 899 5076; x_wconf 90' lang='lat' dir='ltr'><strong><em>me</em></strong></span> <span class='ocrx_word' id='word_1_788' title='bbox 922 5019 1067 5075; x_wconf 89' lang='lat' dir='ltr'>nihil</span> <span class='ocrx_word' id='word_1_789' title='bbox 1093 5036 1262 5091; x_wconf 88' lang='lat' dir='ltr'>posse</span> <span class='ocrx_word' id='word_1_790' title='bbox 1284 5024 1653 5092; x_wconf 83' lang='lat' dir='ltr'>putaverunt,</span> <span class='ocrx_word' id='word_1_791' title='bbox 1672 5022 1810 5092; x_wconf 89' lang='lat' dir='ltr'>quia</span> <span class='ocrx_word' id='word_1_792' title='bbox 1833 5019 2018 5076; x_wconf 89' lang='lat' dir='ltr'>multa</span> 
     </span>
    </p>
   </div>
   <div class='ocr_carea' id='block_1_100' title="bbox 361 5108 2016 5183">
    <p class='ocr_par' dir='ltr' id='par_1_100' title="bbox 361 5108 2016 5183">
     <span class='ocr_line' id='line_1_100' title="bbox 361 5108 2016 5183; baseline -0.001 -17"><span class='ocrx_word' id='word_1_793' title='bbox 361 5110 605 5183; x_wconf 85' lang='lat' dir='ltr'>indigna</span> <span class='ocrx_word' id='word_1_794' title='bbox 629 5110 856 5183; x_wconf 88' lang='lat' dir='ltr'>patiens</span> <span class='ocrx_word' id='word_1_795' title='bbox 886 5110 946 5164; x_wconf 93' lang='lat' dir='ltr'><strong><em>in</em></strong></span> <span class='ocrx_word' id='word_1_796' title='bbox 977 5108 1133 5165; x_wconf 89' lang='lat' dir='ltr'>nullo</span> <span class='ocrx_word' id='word_1_797' title='bbox 1157 5109 1341 5164; x_wconf 87' lang='lat' dir='ltr'>restiti</span> <span class='ocrx_word' id='word_1_798' title='bbox 1368 5125 1380 5163; x_wconf 93' lang='lat'><strong>:</strong></span> <span class='ocrx_word' id='word_1_799' title='bbox 1414 5108 1521 5175; x_wconf 82' lang='lat' dir='ltr'>vel,</span> <span class='ocrx_word' id='word_1_800' title='bbox 1558 5111 2016 5166; x_wconf 85' lang='lat' dir='ltr'>commorantium</span> 
     </span>
    </p>
   </div>
   <div class='ocr_carea' id='block_1_101' title="bbox 363 5184 2013 5271">
    <p class='ocr_par' dir='ltr' id='par_1_101' title="bbox 363 5184 2013 5271">
     <span class='ocr_line' id='line_1_101' title="bbox 363 5184 2013 5271; baseline -0.001 -14"><span class='ocrx_word' id='word_1_801' title='bbox 363 5202 421 5257; x_wconf 82' lang='lat' dir='ltr'>in</span> <span class='ocrx_word' id='word_1_802' title='bbox 452 5202 708 5271; x_wconf 82' lang='lat' dir='ltr'>circuitu,</span> <span class='ocrx_word' id='word_1_803' title='bbox 742 5200 795 5254; x_wconf 90' lang='lat' dir='ltr'><strong><em>id</em></strong></span> <span class='ocrx_word' id='word_1_804' title='bbox 832 5203 941 5265; x_wconf 88' lang='lat' dir='ltr'>est,</span> <span class='ocrx_word' id='word_1_805' title='bbox 975 5196 1365 5270; x_wconf 66' lang='lat' dir='ltr'>quaerentium</span> <span class='ocrx_word' id='word_1_806' title='bbox 1391 5184 1815 5255; x_wconf 85' lang='lat' dir='ltr'>beatitudinem</span> <span class='ocrx_word' id='word_1_807' title='bbox 1838 5198 1897 5253; x_wconf 91' lang='lat' dir='ltr'><strong><em>in</em></strong></span> <span class='ocrx_word' id='word_1_808' title='bbox 1917 5216 2013 5255; x_wconf 84' lang='lat' dir='ltr'>va-</span> 
     </span>
    </p>
   </div>
   <div class='ocr_carea' id='block_1_102' title="bbox 364 5287 2015 5361">
    <p class='ocr_par' dir='ltr' id='par_1_102' title="bbox 364 5287 2015 5361">
     <span class='ocr_line' id='line_1_102' title="bbox 364 5287 2015 5361; baseline -0.002 -14"><span class='ocrx_word' id='word_1_809' title='bbox 364 5290 646 5347; x_wconf 90' lang='lat' dir='ltr'>nitatibus</span> <span class='ocrx_word' id='word_1_810' title='bbox 677 5296 734 5345; x_wconf 89' lang='lat' dir='ltr'>et</span> <span class='ocrx_word' id='word_1_811' title='bbox 764 5306 1066 5361; x_wconf 89' lang='lat' dir='ltr'>nunquam</span> <span class='ocrx_word' id='word_1_812' title='bbox 1098 5288 1170 5343; x_wconf 90' lang='lat' dir='ltr'>ad</span> <span class='ocrx_word' id='word_1_813' title='bbox 1204 5288 1488 5355; x_wconf 86' lang='lat' dir='ltr'>medium,</span> <span class='ocrx_word' id='word_1_814' title='bbox 1511 5287 1570 5343; x_wconf 90' lang='lat' dir='ltr'><strong><em>id</em></strong></span> <span class='ocrx_word' id='word_1_815' title='bbox 1594 5292 1700 5360; x_wconf 91' lang='lat' dir='ltr'>est,</span> <span class='ocrx_word' id='word_1_816' title='bbox 1725 5289 1795 5344; x_wconf 84' lang='lat' dir='ltr'>ad</span> <span class='ocrx_word' id='word_1_817' title='bbox 1820 5305 2015 5344; x_wconf 90' lang='lat' dir='ltr'>veram</span> 
     </span>
    </p>
   </div>
   <div class='ocr_carea' id='block_1_103' title="bbox 366 5376 2019 5450">
    <p class='ocr_par' dir='ltr' id='par_1_103' title="bbox 366 5376 2019 5450">
     <span class='ocr_line' id='line_1_103' title="bbox 366 5376 2019 5450; baseline -0.002 -14"><span class='ocrx_word' id='word_1_818' title='bbox 366 5378 794 5436; x_wconf 88' lang='lat' dir='ltr'>beatitudinem</span> <span class='ocrx_word' id='word_1_819' title='bbox 819 5376 1297 5450; x_wconf 87' lang='lat' dir='ltr'>pervenientium.</span> <span class='ocrx_word' id='word_1_820' title='bbox 1330 5376 1391 5431; x_wconf 91' lang='lat' dir='ltr'>In</span> <span class='ocrx_word' id='word_1_821' title='bbox 1432 5394 1498 5433; x_wconf 91' lang='lat' dir='ltr'>eo</span> <span class='ocrx_word' id='word_1_822' title='bbox 1530 5378 1752 5433; x_wconf 84' lang='lat' dir='ltr'>scilicet</span> <span class='ocrx_word' id='word_1_823' title='bbox 1778 5380 2019 5433; x_wconf 84' lang='lat' dir='ltr'>circuitu</span> 
     </span>
    </p>
   </div>
   <div class='ocr_carea' id='block_1_104' title="bbox 364 5468 2015 5540">
    <p class='ocr_par' dir='ltr' id='par_1_104' title="bbox 364 5468 2015 5540">
     <span class='ocr_line' id='line_1_104' title="bbox 364 5468 2015 5540; baseline -0.002 -14"><span class='ocrx_word' id='word_1_824' title='bbox 364 5473 814 5538; x_wconf 86' lang='lat' dir='ltr'>commorantes,</span> <span class='ocrx_word' id='word_1_825' title='bbox 837 5468 894 5523; x_wconf 90' lang='lat' dir='ltr'>id</span> <span class='ocrx_word' id='word_1_826' title='bbox 917 5471 1025 5532; x_wconf 88' lang='lat' dir='ltr'>est,</span> <span class='ocrx_word' id='word_1_827' title='bbox 1052 5470 1317 5523; x_wconf 85' lang='lat' dir='ltr'>amantes</span> <span class='ocrx_word' id='word_1_828' title='bbox 1339 5482 1407 5522; x_wconf 88' lang='lat' dir='ltr'>ea</span> <span class='ocrx_word' id='word_1_829' title='bbox 1428 5469 1617 5540; x_wconf 85' lang='lat' dir='ltr'>magis</span> <span class='ocrx_word' id='word_1_830' title='bbox 1639 5483 1767 5539; x_wconf 67' lang='lat' dir='ltr'>quas</span> <span class='ocrx_word' id='word_1_831' title='bbox 1791 5468 1860 5522; x_wconf 93' lang='lat' dir='ltr'>ad</span> <span class='ocrx_word' id='word_1_832' title='bbox 1888 5483 2015 5540; x_wconf 89' lang='lat' dir='ltr'><strong><em>per-</em></strong></span> 
     </span>
    </p>
   </div>
   <div class='ocr_carea' id='block_1_105' title="bbox 364 5556 2014 5628">
    <p class='ocr_par' dir='ltr' id='par_1_105' title="bbox 364 5556 2014 5628">
     <span class='ocr_line' id='line_1_105' title="bbox 364 5556 2014 5628; baseline -0.001 -15"><span class='ocrx_word' id='word_1_833' title='bbox 364 5558 640 5615; x_wconf 88' lang='lat' dir='ltr'>ditionem</span> <span class='ocrx_word' id='word_1_834' title='bbox 670 5558 908 5614; x_wconf 81' lang='lat' dir='ltr'>trahunt</span> <span class='ocrx_word' id='word_1_835' title='bbox 929 5572 1106 5628; x_wconf 87' lang='lat' dir='ltr'>quam</span> <span class='ocrx_word' id='word_1_836' title='bbox 1129 5572 1196 5609; x_wconf 81' lang='lat' dir='ltr'>ea</span> <span class='ocrx_word' id='word_1_837' title='bbox 1223 5573 1338 5627; x_wconf 87' lang='lat' dir='ltr'>qua</span> <span class='ocrx_word' id='word_1_838' title='bbox 1359 5557 1430 5612; x_wconf 85' lang='lat' dir='ltr'>ad</span> <span class='ocrx_word' id='word_1_839' title='bbox 1454 5556 1854 5627; x_wconf 76' lang='lat' dir='ltr'>salvationem,</span> <span class='ocrx_word' id='word_1_840' title='bbox 1872 5559 2014 5612; x_wconf 90' lang='lat' dir='ltr'><strong><em>dum</em></strong></span> 
     </span>
    </p>
   </div>
   <div class='ocr_carea' id='block_1_106' title="bbox 365 5644 2015 5721">
    <p class='ocr_par' dir='ltr' id='par_1_106' title="bbox 365 5644 2015 5721">
     <span class='ocr_line' id='line_1_106' title="bbox 365 5644 2015 5721; baseline 0.002 -19"><span class='ocrx_word' id='word_1_841' title='bbox 365 5648 673 5711; x_wconf 81' lang='lat' dir='ltr'>unanimes</span> <span class='ocrx_word' id='word_1_842' title='bbox 692 5652 890 5706; x_wconf 87' lang='lat' dir='ltr'><strong><em>essent</em></strong></span> <span class='ocrx_word' id='word_1_843' title='bbox 910 5648 968 5704; x_wconf 89' lang='lat' dir='ltr'>in</span> <span class='ocrx_word' id='word_1_844' title='bbox 992 5644 1431 5705; x_wconf 84' lang='lat' dir='ltr'>damnationem</span> <span class='ocrx_word' id='word_1_845' title='bbox 1457 5662 1671 5721; x_wconf 88' lang='lat' dir='ltr'>meam,</span> <span class='ocrx_word' id='word_1_846' title='bbox 1686 5649 1785 5720; x_wconf 89' lang='lat' dir='ltr'>qui</span> <span class='ocrx_word' id='word_1_847' title='bbox 1809 5648 1882 5705; x_wconf 87' lang='lat' dir='ltr'>ad</span> <span class='ocrx_word' id='word_1_848' title='bbox 1904 5646 2015 5705; x_wconf 84' lang='lat' dir='ltr'>sal-</span> 
     </span>
    </p>
   </div>
   <div class='ocr_carea' id='block_1_107' title="bbox 2128 4652 3784 4733">
    <p class='ocr_par' dir='ltr' id='par_1_107' title="bbox 2128 4652 3784 4733">
     <span class='ocr_line' id='line_1_107' title="bbox 2128 4652 3784 4733; baseline -0.006 -17"><span class='ocrx_word' id='word_1_849' title='bbox 2128 4679 2251 4716; x_wconf 88' lang='lat' dir='ltr'><strong><em>rum</em></strong></span> <span class='ocrx_word' id='word_1_850' title='bbox 2282 4662 2456 4716; x_wconf 65' lang='lat' dir='ltr'>nullas</span> <span class='ocrx_word' id='word_1_851' title='bbox 2478 4666 2634 4729; x_wconf 91' lang='lat' dir='ltr'>sunt,</span> <span class='ocrx_word' id='word_1_852' title='bbox 2659 4660 2798 4733; x_wconf 90' lang='lat' dir='ltr'>quia</span> <span class='ocrx_word' id='word_1_853' title='bbox 2819 4659 2907 4715; x_wconf 90' lang='lat' dir='ltr'>illi</span> <span class='ocrx_word' id='word_1_854' title='bbox 2931 4657 3077 4713; x_wconf 88' lang='lat' dir='ltr'>nulli</span> <span class='ocrx_word' id='word_1_855' title='bbox 3104 4662 3264 4724; x_wconf 91' lang='lat' dir='ltr'>sunt,</span> <span class='ocrx_word' id='word_1_856' title='bbox 3290 4656 3392 4710; x_wconf 89' lang='lat' dir='ltr'>sed</span> <span class='ocrx_word' id='word_1_857' title='bbox 3414 4668 3651 4725; x_wconf 82' lang='lat' dir='ltr'>quorum</span> <span class='ocrx_word' id='word_1_858' title='bbox 3673 4652 3784 4707; x_wconf 83' lang='lat' dir='ltr'>ini-</span> 
     </span>
    </p>
   </div>
   <div class='ocr_carea' id='block_1_108' title="bbox 2126 4744 3777 4822">
    <p class='ocr_par' dir='ltr' id='par_1_108' title="bbox 2126 4744 3777 4822">
     <span class='ocr_line' id='line_1_108' title="bbox 2126 4744 3777 4822; baseline -0.006 -16"><span class='ocrx_word' id='word_1_859' title='bbox 2126 4753 2376 4822; x_wconf 86' lang='lat' dir='ltr'><strong><em>quitates,</em></strong></span> <span class='ocrx_word' id='word_1_860' title='bbox 2406 4750 2719 4822; x_wconf 89' lang='lat' dir='ltr'>originales</span> <span class='ocrx_word' id='word_1_861' title='bbox 2742 4749 2962 4805; x_wconf 91' lang='lat' dir='ltr'>scilicet</span> <span class='ocrx_word' id='word_1_862' title='bbox 2981 4755 3037 4803; x_wconf 89' lang='lat' dir='ltr'><strong><em>et</em></strong></span> <span class='ocrx_word' id='word_1_863' title='bbox 3059 4745 3338 4810; x_wconf 85' lang='lat' dir='ltr'>actuales,</span> <span class='ocrx_word' id='word_1_864' title='bbox 3364 4744 3605 4798; x_wconf 61' lang='lat' dir='ltr'><strong><em>remissa</em></strong></span> <span class='ocrx_word' id='word_1_865' title='bbox 3628 4744 3777 4809; x_wconf 80' lang='lat' dir='ltr'>sunt,</span> 
     </span>
    </p>
   </div>
   <div class='ocr_carea' id='block_1_109' title="bbox 2126 4833 3780 4911">
    <p class='ocr_par' dir='ltr' id='par_1_109' title="bbox 2126 4833 3780 4911">
     <span class='ocr_line' id='line_1_109' title="bbox 2126 4833 3780 4911; baseline -0.006 -17"><span class='ocrx_word' id='word_1_866' title='bbox 2126 4840 2347 4895; x_wconf 86' lang='lat' dir='ltr'>scilicet</span> <span class='ocrx_word' id='word_1_867' title='bbox 2377 4855 2478 4911; x_wconf 90' lang='lat' dir='ltr'>per</span> <span class='ocrx_word' id='word_1_868' title='bbox 2505 4839 2756 4911; x_wconf 86' lang='lat' dir='ltr'>gratiam</span> <span class='ocrx_word' id='word_1_869' title='bbox 2802 4839 2929 4907; x_wconf 89' lang='lat' dir='ltr'>Dei,</span> <span class='ocrx_word' id='word_1_870' title='bbox 2982 4854 3109 4908; x_wconf 73' lang='lat' dir='ltr'>quae</span> <span class='ocrx_word' id='word_1_871' title='bbox 3140 4835 3304 4907; x_wconf 86' lang='lat' dir='ltr'><strong><em>prius</em></strong></span> <span class='ocrx_word' id='word_1_872' title='bbox 3335 4833 3579 4887; x_wconf 72' lang='lat' dir='ltr'>intensaa</span> <span class='ocrx_word' id='word_1_873' title='bbox 3610 4834 3780 4886; x_wconf 90' lang='lat' dir='ltr'>erant</span> 
     </span>
    </p>
   </div>
   <div class='ocr_carea' id='block_1_110' title="bbox 2124 4919 3782 5001">
    <p class='ocr_par' dir='ltr' id='par_1_110' title="bbox 2124 4919 3782 5001">
     <span class='ocr_line' id='line_1_110' title="bbox 2124 4919 3782 5001; baseline -0.008 -16"><span class='ocrx_word' id='word_1_874' title='bbox 2124 4930 2299 4985; x_wconf 90' lang='lat' dir='ltr'>etiam</span> <span class='ocrx_word' id='word_1_875' title='bbox 2330 4930 2441 4985; x_wconf 91' lang='lat' dir='ltr'>sub</span> <span class='ocrx_word' id='word_1_876' title='bbox 2462 4928 2609 5001; x_wconf 88' lang='lat' dir='ltr'>lege,</span> <span class='ocrx_word' id='word_1_877' title='bbox 2635 4930 2803 4999; x_wconf 85' lang='lat' dir='ltr'>juxta</span> <span class='ocrx_word' id='word_1_878' title='bbox 2824 4927 2990 4997; x_wconf 87' lang='lat' dir='ltr'>illud,</span> <span class='ocrx_word' id='word_1_879' title='bbox 3023 4925 3101 4980; x_wconf 81' lang='lat' dir='ltr'>Ad</span> <span class='ocrx_word' id='word_1_880' title='bbox 3124 4926 3427 4997; x_wconf 74' lang='lat' dir='ltr'>perlectum</span> <span class='ocrx_word' id='word_1_881' title='bbox 3446 4919 3597 4976; x_wconf 85' lang='lat' dir='ltr'>nihil</span> <span class='ocrx_word' id='word_1_882' title='bbox 3616 4919 3782 4974; x_wconf 69' lang='lat' dir='ltr'><strong><em>duxit</em></strong></span> 
     </span>
    </p>
   </div>
   <div class='ocr_carea' id='block_1_111' title="bbox 2130 5007 3778 5090">
    <p class='ocr_par' dir='ltr' id='par_1_111' title="bbox 2130 5007 3778 5090">
     <span class='ocr_line' id='line_1_111' title="bbox 2130 5007 3778 5090; baseline -0.008 -15"><span class='ocrx_word' id='word_1_883' title='bbox 2130 5019 2224 5075; x_wconf 74' lang='lat' dir='ltr'>lea:</span> <span class='ocrx_word' id='word_1_884' title='bbox 2250 5019 2433 5090; x_wconf 84' lang='lat' dir='ltr'>(Hebr.</span> <span class='ocrx_word' id='word_1_885' title='bbox 2466 5018 2593 5089; x_wconf 75' lang='grc' dir='ltr'>νη),</span> <span class='ocrx_word' id='word_1_886' title='bbox 2625 5020 2911 5089; x_wconf 91' lang='lat' dir='ltr'>quotquot</span> <span class='ocrx_word' id='word_1_887' title='bbox 2940 5020 3073 5070; x_wconf 92' lang='lat' dir='ltr'>ante</span> <span class='ocrx_word' id='word_1_888' title='bbox 3104 5013 3247 5070; x_wconf 89' lang='lat' dir='ltr'>salvi</span> <span class='ocrx_word' id='word_1_889' title='bbox 3292 5010 3430 5067; x_wconf 86' lang='lat' dir='ltr'>facti</span> <span class='ocrx_word' id='word_1_890' title='bbox 3452 5013 3614 5074; x_wconf 85' lang='lat' dir='ltr'>sunt,</span> <span class='ocrx_word' id='word_1_891' title='bbox 3649 5007 3778 5063; x_wconf 89' lang='lat' dir='ltr'><strong><em>ideo</em></strong></span> 
     </span>
    </p>
   </div>
   <div class='ocr_carea' id='block_1_112' title="bbox 2126 5096 3779 5178">
    <p class='ocr_par' dir='ltr' id='par_1_112' title="bbox 2126 5096 3779 5178">
     <span class='ocr_line' id='line_1_112' title="bbox 2126 5096 3779 5178; baseline -0.008 -14"><span class='ocrx_word' id='word_1_892' title='bbox 2126 5108 2268 5166; x_wconf 79' lang='lat' dir='ltr'>salvi</span> <span class='ocrx_word' id='word_1_893' title='bbox 2293 5108 2426 5163; x_wconf 86' lang='lat' dir='ltr'>facti</span> <span class='ocrx_word' id='word_1_894' title='bbox 2449 5111 2614 5174; x_wconf 90' lang='lat' dir='ltr'>sunt;</span> <span class='ocrx_word' id='word_1_895' title='bbox 2641 5106 2781 5178; x_wconf 93' lang='lat' dir='ltr'>quia</span> <span class='ocrx_word' id='word_1_896' title='bbox 2801 5105 3114 5161; x_wconf 90' lang='lat' dir='ltr'>credebant</span> <span class='ocrx_word' id='word_1_897' title='bbox 3133 5103 3396 5157; x_wconf 86' lang='lat' dir='ltr'>futurum</span> <span class='ocrx_word' id='word_1_898' title='bbox 3420 5098 3574 5170; x_wconf 89' lang='lat' dir='ltr'>quod</span> <span class='ocrx_word' id='word_1_899' title='bbox 3600 5096 3779 5153; x_wconf 90' lang='lat' dir='ltr'>modo</span> 
     </span>
    </p>
   </div>
   <div class='ocr_carea' id='block_1_113' title="bbox 2126 5184 3783 5269">
    <p class='ocr_par' dir='ltr' id='par_1_113' title="bbox 2126 5184 3783 5269">
     <span class='ocr_line' id='line_1_113' title="bbox 2126 5184 3783 5269; baseline -0.008 -15"><span class='ocrx_word' id='word_1_900' title='bbox 2126 5198 2421 5254; x_wconf 91' lang='lat' dir='ltr'>credimus</span> <span class='ocrx_word' id='word_1_901' title='bbox 2451 5195 2797 5269; x_wconf 89' lang='lat' dir='ltr'>impletum;</span> <span class='ocrx_word' id='word_1_902' title='bbox 2842 5196 3015 5267; x_wconf 86' lang='lat' dir='ltr'>juxta</span> <span class='ocrx_word' id='word_1_903' title='bbox 3054 5192 3219 5263; x_wconf 78' lang='lat' dir='ltr'>llllld,</span> <span class='ocrx_word' id='word_1_904' title='bbox 3263 5190 3455 5247; x_wconf 87' lang='lat' dir='ltr'>Sancti</span> <span class='ocrx_word' id='word_1_905' title='bbox 3476 5203 3579 5259; x_wconf 81' lang='lat' dir='ltr'>per</span> <span class='ocrx_word' id='word_1_906' title='bbox 3603 5184 3783 5258; x_wconf 81' lang='lat' dir='ltr'><strong><em>ﬁdem</em></strong></span> 
     </span>
    </p>
   </div>
   <div class='ocr_carea' id='block_1_114' title="bbox 2127 5274 3785 5358">
    <p class='ocr_par' dir='ltr' id='par_1_114' title="bbox 2127 5274 3785 5358">
     <span class='ocr_line' id='line_1_114' title="bbox 2127 5274 3785 5358; baseline -0.007 -15"><span class='ocrx_word' id='word_1_907' title='bbox 2127 5290 2374 5343; x_wconf 87' lang='lat' dir='ltr'>vicerunt</span> <span class='ocrx_word' id='word_1_908' title='bbox 2430 5303 2607 5358; x_wconf 85' lang='lat' dir='ltr'>regna</span> <span class='ocrx_word' id='word_1_909' title='bbox 2665 5285 2853 5357; x_wconf 86' lang='lat' dir='ltr'>(Hebr.</span> <span class='ocrx_word' id='word_1_910' title='bbox 2903 5284 3018 5355; x_wconf 74' lang='lat' dir='ltr'>x1);</span> <span class='ocrx_word' id='word_1_911' title='bbox 3070 5287 3155 5354; x_wconf 90' lang='lat' dir='ltr'>et,</span> <span class='ocrx_word' id='word_1_912' title='bbox 3214 5278 3488 5336; x_wconf 81' lang='lat' dir='ltr'>Abraham</span> <span class='ocrx_word' id='word_1_913' title='bbox 3544 5274 3785 5332; x_wconf 84' lang='lat' dir='ltr'><strong><em>credidit</em></strong></span> 
     </span>
    </p>
   </div>
   <div class='ocr_carea' id='block_1_115' title="bbox 2123 5365 3781 5448">
    <p class='ocr_par' dir='ltr' id='par_1_115' title="bbox 2123 5365 3781 5448">
     <span class='ocr_line' id='line_1_115' title="bbox 2123 5365 3781 5448; baseline -0.008 -15"><span class='ocrx_word' id='word_1_914' title='bbox 2123 5378 2249 5443; x_wconf 89' lang='lat' dir='ltr'>Deo,</span> <span class='ocrx_word' id='word_1_915' title='bbox 2280 5381 2329 5432; x_wconf 85' lang='lat' dir='ltr'>et</span> <span class='ocrx_word' id='word_1_916' title='bbox 2358 5379 2673 5448; x_wconf 86' lang='lat' dir='ltr'>reputatum</span> <span class='ocrx_word' id='word_1_917' title='bbox 2700 5378 2778 5429; x_wconf 84' lang='lat' dir='ltr'><strong><em>est</em></strong></span> <span class='ocrx_word' id='word_1_918' title='bbox 2803 5376 2856 5430; x_wconf 88' lang='lat' dir='ltr'>ei</span> <span class='ocrx_word' id='word_1_919' title='bbox 2884 5373 2955 5428; x_wconf 89' lang='lat' dir='ltr'><strong><em>ad</em></strong></span> <span class='ocrx_word' id='word_1_920' title='bbox 2986 5372 3271 5444; x_wconf 84' lang='lat' dir='ltr'>justitiam</span> <span class='ocrx_word' id='word_1_921' title='bbox 3320 5368 3473 5441; x_wconf 88' lang='lat' dir='ltr'>(Gen.</span> <span class='ocrx_word' id='word_1_922' title='bbox 3525 5365 3656 5436; x_wconf 83' lang='lat' dir='ltr'>xv);</span> <span class='ocrx_word' id='word_1_923' title='bbox 3688 5369 3781 5432; x_wconf 90' lang='lat' dir='ltr'>et,</span> 
     </span>
    </p>
   </div>
   <div class='ocr_carea' id='block_1_116' title="bbox 2122 5453 3782 5536">
    <p class='ocr_par' dir='ltr' id='par_1_116' title="bbox 2122 5453 3782 5536">
     <span class='ocr_line' id='line_1_116' title="bbox 2122 5453 3782 5536; baseline -0.008 -14"><span class='ocrx_word' id='word_1_924' title='bbox 2122 5483 2248 5522; x_wconf 88' lang='lat' dir='ltr'>cum</span> <span class='ocrx_word' id='word_1_925' title='bbox 2276 5468 2505 5522; x_wconf 84' lang='lat' dir='ltr'>venisset</span> <span class='ocrx_word' id='word_1_926' title='bbox 2536 5466 2643 5536; x_wconf 71' lang='lat' dir='ltr'>lex,</span> <span class='ocrx_word' id='word_1_927' title='bbox 2676 5464 2881 5519; x_wconf 73' lang='lat' dir='ltr'>revixit</span> <span class='ocrx_word' id='word_1_928' title='bbox 2905 5465 3182 5535; x_wconf 86' lang='lat' dir='ltr'>peccatum</span> <span class='ocrx_word' id='word_1_929' title='bbox 3211 5460 3383 5531; x_wconf 84' lang='lat' dir='ltr'>(Rom.</span> <span class='ocrx_word' id='word_1_930' title='bbox 3417 5456 3541 5528; x_wconf 84' lang='lat' dir='ltr'>vn).</span> <span class='ocrx_word' id='word_1_931' title='bbox 3574 5453 3782 5509; x_wconf 81' lang='lat' dir='ltr'>Hiero-</span> 
     </span>
    </p>
   </div>
   <div class='ocr_carea' id='block_1_117' title="bbox 2124 5542 3785 5628">
    <p class='ocr_par' dir='ltr' id='par_1_117' title="bbox 2124 5542 3785 5628">
     <span class='ocr_line' id='line_1_117' title="bbox 2124 5542 3785 5628; baseline -0.009 -17"><span class='ocrx_word' id='word_1_932' title='bbox 2124 5572 2337 5628; x_wconf 79' lang='lat' dir='ltr'><strong><em>nymus</em></strong></span> <span class='ocrx_word' id='word_1_933' title='bbox 2353 5574 2365 5612; x_wconf 85' lang='lat'><strong>:</strong></span> <span class='ocrx_word' id='word_1_934' title='bbox 2382 5554 2595 5611; x_wconf 89' lang='lat' dir='ltr'>Tribus</span> <span class='ocrx_word' id='word_1_935' title='bbox 2614 5552 2804 5609; x_wconf 89' lang='lat' dir='ltr'><strong><em>modis</em></strong></span> <span class='ocrx_word' id='word_1_936' title='bbox 2822 5552 3201 5608; x_wconf 84' lang='lat' dir='ltr'>remittuntur</span> <span class='ocrx_word' id='word_1_937' title='bbox 3216 5551 3540 5622; x_wconf 86' lang='lat' dir='ltr'>peccatum,</span> <span class='ocrx_word' id='word_1_938' title='bbox 3559 5556 3664 5616; x_wconf 88' lang='lat' dir='ltr'>per</span> <span class='ocrx_word' id='word_1_939' title='bbox 3679 5542 3785 5598; x_wconf 87' lang='lat' dir='ltr'>ba-</span> 
     </span>
    </p>
   </div>
   <div class='ocr_carea' id='block_1_118' title="bbox 2122 5634 3787 5721">
    <p class='ocr_par' dir='ltr' id='par_1_118' title="bbox 2122 5634 3787 5721">
     <span class='ocr_line' id='line_1_118' title="bbox 2122 5634 3787 5721; baseline -0.011 -13"><span class='ocrx_word' id='word_1_940' title='bbox 2122 5647 2430 5721; x_wconf 85' lang='lat' dir='ltr'>ptismum,</span> <span class='ocrx_word' id='word_1_941' title='bbox 2454 5661 2555 5721; x_wconf 89' lang='lat' dir='ltr'>per</span> <span class='ocrx_word' id='word_1_942' title='bbox 2574 5643 2941 5711; x_wconf 85' lang='lat' dir='ltr'>cbaritatem,</span> <span class='ocrx_word' id='word_1_943' title='bbox 2961 5656 3065 5715; x_wconf 88' lang='lat' dir='ltr'>per</span> <span class='ocrx_word' id='word_1_944' title='bbox 3086 5638 3454 5717; x_wconf 70' lang='lat' dir='ltr'>martyrium.</span> <span class='ocrx_word' id='word_1_945' title='bbox 3473 5634 3632 5694; x_wconf 82' lang='lat' dir='ltr'>Beati</span> <span class='ocrx_word' id='word_1_946' title='bbox 3648 5647 3787 5713; x_wconf 80' lang='lat' dir='ltr'><strong><em>quo-</em></strong></span> 
     </span>
    </p>
   </div>
  </div>
