  <div class='ocr_page' id='page_1' title='image "/cluster/home/n/w/nwhite01/storage/ocr_20150623/131/hvd.32044054759923/158.png"; bbox 0 0 4016 6192; ppageno 0'>
   <div class='ocr_carea' id='block_1_1' title="bbox 268 332 385 400">
    <p class='ocr_par' dir='ltr' id='par_1_1' title="bbox 268 332 385 400">
     <span class='ocr_line' id='line_1_1' title="bbox 268 332 385 400; baseline -0.017 -1"><span class='ocrx_word' id='word_1_1' title='bbox 268 332 385 400; x_wconf 79' lang='grc'>301</span> 
     </span>
    </p>
   </div>
   <div class='ocr_carea' id='block_1_2' title="bbox 1393 335 2552 400">
    <p class='ocr_par' dir='ltr' id='par_1_2' title="bbox 1393 335 2552 400">
     <span class='ocr_line' id='line_1_2' title="bbox 1393 335 2552 400; baseline -0.001 -1"><span class='ocrx_word' id='word_1_2' title='bbox 1393 335 2001 400; x_wconf 80' lang='lat' dir='ltr'><strong>ENARRATIONES</strong></span> <span class='ocrx_word' id='word_1_3' title='bbox 2045 336 2123 397; x_wconf 88' lang='lat' dir='ltr'><strong>IN</strong></span> <span class='ocrx_word' id='word_1_4' title='bbox 2168 335 2552 400; x_wconf 85' lang='lat' dir='ltr'><strong>PSALMOS.</strong></span> 
     </span>
    </p>
   </div>
   <div class='ocr_carea' id='block_1_3' title="bbox 3556 314 3672 399">
    <p class='ocr_par' dir='ltr' id='par_1_3' title="bbox 3556 314 3672 399">
     <span class='ocr_line' id='line_1_3' title="bbox 3556 314 3672 399; baseline 0.009 -1"><span class='ocrx_word' id='word_1_5' title='bbox 3556 314 3672 399; x_wconf 72' lang='lat' dir='ltr'><strong>eos</strong></span> 
     </span>
    </p>
   </div>
   <div class='ocr_carea' id='block_1_4' title="bbox 268 464 3674 544">
    <p class='ocr_par' dir='ltr' id='par_1_4' title="bbox 268 464 3674 544">
     <span class='ocr_line' id='line_1_4' title="bbox 268 464 3674 544; baseline -0.001 -19"><span class='ocrx_word' id='word_1_6' title='bbox 268 468 395 525; x_wconf 87' lang='lat' dir='ltr'><strong>rum</strong></span> <span class='ocrx_word' id='word_1_7' title='bbox 414 469 661 526; x_wconf 76' lang='lat' dir='ltr'><strong>remissae</strong></span> <span class='ocrx_word' id='word_1_8' title='bbox 677 473 805 524; x_wconf 86' lang='lat' dir='ltr'><strong>sunt</strong></span> <span class='ocrx_word' id='word_1_9' title='bbox 824 469 1146 542; x_wconf 87' lang='lat' dir='ltr'><strong>iniquitates</strong></span> <span class='ocrx_word' id='word_1_10' title='bbox 1168 486 1271 543; x_wconf 91' lang='lat' dir='ltr'><strong>per</strong></span> <span class='ocrx_word' id='word_1_11' title='bbox 1294 471 1677 544; x_wconf 86' lang='lat' dir='ltr'><strong>baptismum,</strong></span> <span class='ocrx_word' id='word_1_12' title='bbox 1710 476 1762 527; x_wconf 89' lang='lat' dir='ltr'><strong>et</strong></span> <span class='ocrx_word' id='word_1_13' title='bbox 1785 487 1918 544; x_wconf 89' lang='lat' dir='ltr'><strong>quo-</strong></span> <span class='ocrx_word' id='word_1_14' title='bbox 1945 473 1999 539; x_wconf 83' lang='grc' dir='ltr'><strong>Α</strong></span> <span class='ocrx_word' id='word_1_15' title='bbox 2029 469 2182 525; x_wconf 82' lang='lat' dir='ltr'>sicut</span> <span class='ocrx_word' id='word_1_16' title='bbox 2210 486 2440 541; x_wconf 90' lang='lat' dir='ltr'><strong>possem</strong></span> <span class='ocrx_word' id='word_1_17' title='bbox 2459 516 2473 541; x_wconf 90' lang='lat'><strong>,</strong></span> <span class='ocrx_word' id='word_1_18' title='bbox 2527 471 2576 527; x_wconf 91' lang='lat' dir='ltr'><strong>si</strong></span> <span class='ocrx_word' id='word_1_19' title='bbox 2607 487 2722 527; x_wconf 91' lang='lat' dir='ltr'><strong>non</strong></span> <span class='ocrx_word' id='word_1_20' title='bbox 2753 469 2811 526; x_wconf 88' lang='lat' dir='ltr'><strong>in</strong></span> <span class='ocrx_word' id='word_1_21' title='bbox 2843 484 2964 537; x_wconf 91' lang='lat' dir='ltr'><strong>me,</strong></span> <span class='ocrx_word' id='word_1_22' title='bbox 3017 468 3118 524; x_wconf 90' lang='lat' dir='ltr'><strong>sed</strong></span> <span class='ocrx_word' id='word_1_23' title='bbox 3162 464 3224 522; x_wconf 89' lang='lat' dir='ltr'><strong>in</strong></span> <span class='ocrx_word' id='word_1_24' title='bbox 3254 466 3502 523; x_wconf 92' lang='lat' dir='ltr'><strong>Domino</strong></span> <span class='ocrx_word' id='word_1_25' title='bbox 3536 484 3674 523; x_wconf 91' lang='lat' dir='ltr'><strong>cou-</strong></span> 
     </span>
    </p>
   </div>
   <div class='ocr_carea' id='block_1_5' title="bbox 268 560 1921 632">
    <p class='ocr_par' dir='ltr' id='par_1_5' title="bbox 268 560 1921 632">
     <span class='ocr_line' id='line_1_5' title="bbox 268 560 1921 632; baseline 0 -17"><span class='ocrx_word' id='word_1_26' title='bbox 268 575 397 615; x_wconf 82' lang='lat' dir='ltr'><strong>rum</strong></span> <span class='ocrx_word' id='word_1_27' title='bbox 443 562 581 614; x_wconf 89' lang='lat' dir='ltr'><strong>tecta</strong></span> <span class='ocrx_word' id='word_1_28' title='bbox 625 562 754 614; x_wconf 86' lang='lat' dir='ltr'><strong>sunt</strong></span> <span class='ocrx_word' id='word_1_29' title='bbox 783 566 1002 628; x_wconf 87' lang='lat' dir='ltr'><strong>peccata</strong></span> <span class='ocrx_word' id='word_1_30' title='bbox 1030 577 1134 632; x_wconf 89' lang='lat' dir='ltr'><strong>per</strong></span> <span class='ocrx_word' id='word_1_31' title='bbox 1161 560 1532 627; x_wconf 87' lang='lat' dir='ltr'><strong>charitatem,</strong></span> <span class='ocrx_word' id='word_1_32' title='bbox 1556 561 1727 632; x_wconf 80' lang='lat' dir='ltr'>juxta</span> <span class='ocrx_word' id='word_1_33' title='bbox 1753 560 1921 629; x_wconf 92' lang='lat' dir='ltr'><strong>illud,</strong></span> 
     </span>
    </p>
   </div>
   <div class='ocr_carea' id='block_1_6' title="bbox 274 648 1920 721">
    <p class='ocr_par' dir='ltr' id='par_1_6' title="bbox 274 648 1920 721">
     <span class='ocr_line' id='line_1_6' title="bbox 274 648 1920 721; baseline 0.001 -18"><span class='ocrx_word' id='word_1_34' title='bbox 274 648 533 704; x_wconf 75' lang='lat' dir='ltr'><strong>Charitas</strong></span> <span class='ocrx_word' id='word_1_35' title='bbox 560 650 739 720; x_wconf 88' lang='lat' dir='ltr'><strong>operit</strong></span> <span class='ocrx_word' id='word_1_36' title='bbox 762 649 1178 705; x_wconf 78' lang='lat' dir='ltr'><strong>multitudinem</strong></span> <span class='ocrx_word' id='word_1_37' title='bbox 1200 658 1544 721; x_wconf 76' lang='lat' dir='ltr'><strong>peccatorum</strong></span> <span class='ocrx_word' id='word_1_38' title='bbox 1567 653 1616 720; x_wconf 92' lang='grc' dir='ltr'><strong>(Ι</strong></span> <span class='ocrx_word' id='word_1_39' title='bbox 1638 656 1789 707; x_wconf 87' lang='lat' dir='ltr'><strong>Petr.</strong></span> <span class='ocrx_word' id='word_1_40' title='bbox 1823 666 1920 720; x_wconf 85' lang='lat' dir='ltr'><strong>IV).</strong></span> 
     </span>
    </p>
   </div>
   <div class='ocr_carea' id='block_1_7' title="bbox 269 737 1926 811">
    <p class='ocr_par' dir='ltr' id='par_1_7' title="bbox 269 737 1926 811">
     <span class='ocr_line' id='line_1_7' title="bbox 269 737 1926 811; baseline 0 -18"><span class='ocrx_word' id='word_1_41' title='bbox 269 739 473 793; x_wconf 83' lang='lat' dir='ltr'><strong>Beatus</strong></span> <span class='ocrx_word' id='word_1_42' title='bbox 500 739 585 792; x_wconf 85' lang='lat' dir='ltr'><strong>vir</strong></span> <span class='ocrx_word' id='word_1_43' title='bbox 615 737 710 793; x_wconf 89' lang='lat' dir='ltr'><strong>cui</strong></span> <span class='ocrx_word' id='word_1_44' title='bbox 735 754 852 793; x_wconf 89' lang='lat' dir='ltr'><strong>non</strong></span> <span class='ocrx_word' id='word_1_45' title='bbox 881 739 1174 808; x_wconf 79' lang='lat' dir='ltr'><strong>imputavit</strong></span> <span class='ocrx_word' id='word_1_46' title='bbox 1208 739 1467 794; x_wconf 86' lang='lat' dir='ltr'><strong>Dominus</strong></span> <span class='ocrx_word' id='word_1_47' title='bbox 1494 748 1798 811; x_wconf 85' lang='lat' dir='ltr'><strong>peccatum,</strong></span> <span class='ocrx_word' id='word_1_48' title='bbox 1822 755 1926 810; x_wconf 89' lang='lat' dir='ltr'><strong>per</strong></span> 
     </span>
    </p>
   </div>
   <div class='ocr_carea' id='block_1_8' title="bbox 273 826 1925 900">
    <p class='ocr_par' dir='ltr' id='par_1_8' title="bbox 273 826 1925 900">
     <span class='ocr_line' id='line_1_8' title="bbox 273 826 1925 900; baseline -0.001 -17"><span class='ocrx_word' id='word_1_49' title='bbox 273 826 646 899; x_wconf 80' lang='lat' dir='ltr'><strong>martyrium.</strong></span> <span class='ocrx_word' id='word_1_50' title='bbox 662 826 829 881; x_wconf 88' lang='lat' dir='ltr'><strong>Nunc</strong></span> <span class='ocrx_word' id='word_1_51' title='bbox 851 830 989 882; x_wconf 90' lang='lat' dir='ltr'><strong>sunt</strong></span> <span class='ocrx_word' id='word_1_52' title='bbox 1009 827 1268 882; x_wconf 62' lang='lat' dir='ltr'><strong>remissae</strong></span> <span class='ocrx_word' id='word_1_53' title='bbox 1290 828 1349 882; x_wconf 91' lang='lat' dir='ltr'><strong>in</strong></span> <span class='ocrx_word' id='word_1_54' title='bbox 1373 844 1525 900; x_wconf 90' lang='lat' dir='ltr'><strong>aqua</strong></span> <span class='ocrx_word' id='word_1_55' title='bbox 1543 828 1840 900; x_wconf 82' lang='lat' dir='ltr'><strong>baptismi.</strong></span> <span class='ocrx_word' id='word_1_56' title='bbox 1856 828 1925 883; x_wconf 89' lang='lat' dir='ltr'><strong>Et</strong></span> 
     </span>
    </p>
   </div>
   <div class='ocr_carea' id='block_1_9' title="bbox 272 916 1925 987">
    <p class='ocr_par' dir='ltr' id='par_1_9' title="bbox 272 916 1925 987">
     <span class='ocr_line' id='line_1_9' title="bbox 272 916 1925 987; baseline -0.001 -15"><span class='ocrx_word' id='word_1_57' title='bbox 272 920 415 973; x_wconf 89' lang='lat' dir='ltr'><strong>sunt</strong></span> <span class='ocrx_word' id='word_1_58' title='bbox 444 917 607 981; x_wconf 80' lang='lat' dir='ltr'><strong>beati,</strong></span> <span class='ocrx_word' id='word_1_59' title='bbox 639 931 870 987; x_wconf 84' lang='lat' dir='ltr'><strong>quorum</strong></span> <span class='ocrx_word' id='word_1_60' title='bbox 901 924 1046 972; x_wconf 83' lang='lat' dir='ltr'><strong>tecta</strong></span> <span class='ocrx_word' id='word_1_61' title='bbox 1071 921 1200 972; x_wconf 86' lang='lat' dir='ltr'><strong>sunt</strong></span> <span class='ocrx_word' id='word_1_62' title='bbox 1225 925 1464 987; x_wconf 70' lang='lat' dir='ltr'><strong>peccata,</strong></span> <span class='ocrx_word' id='word_1_63' title='bbox 1491 916 1743 972; x_wconf 87' lang='lat' dir='ltr'><strong>actualia</strong></span> <span class='ocrx_word' id='word_1_64' title='bbox 1773 917 1925 972; x_wconf 88' lang='lat' dir='ltr'><strong>scili-</strong></span> 
     </span>
    </p>
   </div>
   <div class='ocr_carea' id='block_1_10' title="bbox 271 1004 1922 1077">
    <p class='ocr_par' dir='ltr' id='par_1_10' title="bbox 271 1004 1922 1077">
     <span class='ocr_line' id='line_1_10' title="bbox 271 1004 1922 1077; baseline 0.001 -17"><span class='ocrx_word' id='word_1_65' title='bbox 271 1009 365 1060; x_wconf 85' lang='lat' dir='ltr'><strong>cet</strong></span> <span class='ocrx_word' id='word_1_66' title='bbox 393 1008 527 1077; x_wconf 91' lang='lat' dir='ltr'><strong>post</strong></span> <span class='ocrx_word' id='word_1_67' title='bbox 551 1004 916 1076; x_wconf 81' lang='lat' dir='ltr'><strong>baptismum</strong></span> <span class='ocrx_word' id='word_1_68' title='bbox 948 1006 1287 1061; x_wconf 88' lang='lat' dir='ltr'><strong>commissa.</strong></span> <span class='ocrx_word' id='word_1_69' title='bbox 1324 1007 1492 1076; x_wconf 86' lang='lat' dir='ltr'><strong>Tecta,</strong></span> <span class='ocrx_word' id='word_1_70' title='bbox 1527 1005 1678 1072; x_wconf 90' lang='lat' dir='ltr'><strong>dico,</strong></span> <span class='ocrx_word' id='word_1_71' title='bbox 1703 1022 1818 1061; x_wconf 90' lang='lat' dir='ltr'><strong>non</strong></span> <span class='ocrx_word' id='word_1_72' title='bbox 1850 1006 1922 1061; x_wconf 88' lang='lat' dir='ltr'><strong>ab</strong></span> 
     </span>
    </p>
   </div>
   <div class='ocr_carea' id='block_1_11' title="bbox 268 1093 1924 1167">
    <p class='ocr_par' dir='ltr' id='par_1_11' title="bbox 268 1093 1924 1167">
     <span class='ocr_line' id='line_1_11' title="bbox 268 1093 1924 1167; baseline 0.001 -19"><span class='ocrx_word' id='word_1_73' title='bbox 268 1093 528 1159; x_wconf 90' lang='lat' dir='ltr'><strong>inﬁrmo,</strong></span> <span class='ocrx_word' id='word_1_74' title='bbox 547 1093 648 1149; x_wconf 91' lang='lat' dir='ltr'><strong>sed</strong></span> <span class='ocrx_word' id='word_1_75' title='bbox 673 1110 707 1149; x_wconf 94' lang='lat' dir='ltr'><strong>a</strong></span> <span class='ocrx_word' id='word_1_76' title='bbox 725 1094 967 1150; x_wconf 90' lang='lat' dir='ltr'><strong>medico.</strong></span> <span class='ocrx_word' id='word_1_77' title='bbox 992 1094 1158 1167; x_wconf 87' lang='lat' dir='ltr'><strong>Tegit</strong></span> <span class='ocrx_word' id='word_1_78' title='bbox 1179 1094 1451 1149; x_wconf 85' lang='lat' dir='ltr'><strong>inﬁrmus</strong></span> <span class='ocrx_word' id='word_1_79' title='bbox 1467 1093 1708 1150; x_wconf 80' lang='lat' dir='ltr'><strong>vulnera</strong></span> <span class='ocrx_word' id='word_1_80' title='bbox 1725 1095 1797 1150; x_wconf 91' lang='lat' dir='ltr'><strong>ad</strong></span> <span class='ocrx_word' id='word_1_81' title='bbox 1814 1095 1924 1150; x_wconf 87' lang='lat' dir='ltr'><strong>hoc</strong></span> 
     </span>
    </p>
   </div>
   <div class='ocr_carea' id='block_1_12' title="bbox 270 1182 1925 1254">
    <p class='ocr_par' dir='ltr' id='par_1_12' title="bbox 270 1182 1925 1254">
     <span class='ocr_line' id='line_1_12' title="bbox 270 1182 1925 1254; baseline 0.001 -16"><span class='ocrx_word' id='word_1_82' title='bbox 270 1187 339 1238; x_wconf 89' lang='lat' dir='ltr'><strong>ut</strong></span> <span class='ocrx_word' id='word_1_83' title='bbox 378 1183 653 1239; x_wconf 88' lang='lat' dir='ltr'><strong>morbum</strong></span> <span class='ocrx_word' id='word_1_84' title='bbox 685 1186 898 1254; x_wconf 85' lang='lat' dir='ltr'><strong>augeat</strong></span> <span class='ocrx_word' id='word_1_85' title='bbox 924 1198 936 1237; x_wconf 94' lang='lat'>:</span> <span class='ocrx_word' id='word_1_86' title='bbox 969 1183 1113 1254; x_wconf 85' lang='lat' dir='ltr'><strong>tegit</strong></span> <span class='ocrx_word' id='word_1_87' title='bbox 1142 1182 1405 1238; x_wconf 89' lang='lat' dir='ltr'><strong>medicus</strong></span> <span class='ocrx_word' id='word_1_88' title='bbox 1435 1183 1925 1239; x_wconf 86' lang='lat' dir='ltr'><strong>medicaminibus</strong></span> 
     </span>
    </p>
   </div>
   <div class='ocr_carea' id='block_1_13' title="bbox 273 1271 1924 1342">
    <p class='ocr_par' dir='ltr' id='par_1_13' title="bbox 273 1271 1924 1342">
     <span class='ocr_line' id='line_1_13' title="bbox 273 1271 1924 1342; baseline 0.001 -15"><span class='ocrx_word' id='word_1_89' title='bbox 273 1276 342 1327; x_wconf 88' lang='lat' dir='ltr'><strong>ut</strong></span> <span class='ocrx_word' id='word_1_90' title='bbox 394 1274 580 1327; x_wconf 87' lang='lat' dir='ltr'><strong>sanet.</strong></span> <span class='ocrx_word' id='word_1_91' title='bbox 637 1271 884 1339; x_wconf 86' lang='lat' dir='ltr'><strong>Quorum</strong></span> <span class='ocrx_word' id='word_1_92' title='bbox 922 1275 1062 1326; x_wconf 87' lang='lat' dir='ltr'><strong>tecta</strong></span> <span class='ocrx_word' id='word_1_93' title='bbox 1090 1275 1221 1326; x_wconf 88' lang='lat' dir='ltr'><strong>sunt</strong></span> <span class='ocrx_word' id='word_1_94' title='bbox 1246 1276 1467 1342; x_wconf 85' lang='lat' dir='ltr'><strong>peccata</strong></span> <span class='ocrx_word' id='word_1_95' title='bbox 1498 1272 1924 1329; x_wconf 89' lang='lat' dir='ltr'><strong>medicamento</strong></span> 
     </span>
    </p>
   </div>
   <div class='ocr_carea' id='block_1_14' title="bbox 272 1359 1925 1433">
    <p class='ocr_par' dir='ltr' id='par_1_14' title="bbox 272 1359 1925 1433">
     <span class='ocr_line' id='line_1_14' title="bbox 272 1359 1925 1433; baseline 0.001 -17"><span class='ocrx_word' id='word_1_96' title='bbox 272 1359 648 1433; x_wconf 69' lang='lat' dir='ltr'><strong>paenitentiae,</strong></span> <span class='ocrx_word' id='word_1_97' title='bbox 681 1376 798 1415; x_wconf 93' lang='lat' dir='ltr'><strong>non</strong></span> <span class='ocrx_word' id='word_1_98' title='bbox 830 1362 896 1415; x_wconf 92' lang='lat' dir='ltr'><strong>ut</strong></span> <span class='ocrx_word' id='word_1_99' title='bbox 922 1376 990 1415; x_wconf 91' lang='lat' dir='ltr'><strong>ea</strong></span> <span class='ocrx_word' id='word_1_100' title='bbox 1020 1360 1172 1415; x_wconf 85' lang='lat' dir='ltr'><strong>Deus</strong></span> <span class='ocrx_word' id='word_1_101' title='bbox 1202 1376 1320 1417; x_wconf 89' lang='lat' dir='ltr'><strong>nou</strong></span> <span class='ocrx_word' id='word_1_102' title='bbox 1348 1360 1559 1427; x_wconf 83' lang='lat' dir='ltr'><strong>videat,</strong></span> <span class='ocrx_word' id='word_1_103' title='bbox 1589 1362 1689 1416; x_wconf 92' lang='lat' dir='ltr'><strong>sed</strong></span> <span class='ocrx_word' id='word_1_104' title='bbox 1720 1366 1785 1416; x_wconf 93' lang='lat' dir='ltr'><strong>ut</strong></span> <span class='ocrx_word' id='word_1_105' title='bbox 1809 1378 1925 1417; x_wconf 90' lang='lat' dir='ltr'><strong>non</strong></span> 
     </span>
    </p>
   </div>
   <div class='ocr_carea' id='block_1_15' title="bbox 270 1448 1924 1521">
    <p class='ocr_par' dir='ltr' id='par_1_15' title="bbox 270 1448 1924 1521">
     <span class='ocr_line' id='line_1_15' title="bbox 270 1448 1924 1521; baseline 0.001 -17"><span class='ocrx_word' id='word_1_106' title='bbox 270 1450 356 1505; x_wconf 86' lang='lat' dir='ltr'><strong>ita</strong></span> <span class='ocrx_word' id='word_1_107' title='bbox 384 1449 579 1505; x_wconf 85' lang='lat' dir='ltr'><strong>videat</strong></span> <span class='ocrx_word' id='word_1_108' title='bbox 598 1452 665 1503; x_wconf 89' lang='lat' dir='ltr'><strong>ut</strong></span> <span class='ocrx_word' id='word_1_109' title='bbox 690 1448 914 1520; x_wconf 83' lang='lat' dir='ltr'><strong>puniat.</strong></span> <span class='ocrx_word' id='word_1_110' title='bbox 947 1450 1108 1513; x_wconf 86' lang='lat' dir='ltr'><strong>Quod</strong></span> <span class='ocrx_word' id='word_1_111' title='bbox 1138 1449 1360 1521; x_wconf 88' lang='lat' dir='ltr'><strong>tegitur</strong></span> <span class='ocrx_word' id='word_1_112' title='bbox 1384 1465 1501 1505; x_wconf 89' lang='lat' dir='ltr'><strong>non</strong></span> <span class='ocrx_word' id='word_1_113' title='bbox 1530 1450 1779 1517; x_wconf 89' lang='lat' dir='ltr'><strong>videtur,</strong></span> <span class='ocrx_word' id='word_1_114' title='bbox 1809 1468 1924 1506; x_wconf 88' lang='lat' dir='ltr'><strong>non</strong></span> 
     </span>
    </p>
   </div>
   <div class='ocr_carea' id='block_1_16' title="bbox 269 1538 1925 1611">
    <p class='ocr_par' dir='ltr' id='par_1_16' title="bbox 269 1538 1925 1611">
     <span class='ocr_line' id='line_1_16' title="bbox 269 1538 1925 1611; baseline 0.001 -17"><span class='ocrx_word' id='word_1_115' title='bbox 269 1539 628 1611; x_wconf 88' lang='lat' dir='ltr'><strong>imputatur;</strong></span> <span class='ocrx_word' id='word_1_116' title='bbox 654 1538 812 1610; x_wconf 87' lang='lat' dir='ltr'><strong>quod</strong></span> <span class='ocrx_word' id='word_1_117' title='bbox 833 1554 947 1593; x_wconf 92' lang='lat' dir='ltr'><strong>non</strong></span> <span class='ocrx_word' id='word_1_118' title='bbox 972 1538 1298 1610; x_wconf 81' lang='lat' dir='ltr'><strong>imputatur</strong></span> <span class='ocrx_word' id='word_1_119' title='bbox 1318 1554 1434 1594; x_wconf 89' lang='lat' dir='ltr'><strong>non</strong></span> <span class='ocrx_word' id='word_1_120' title='bbox 1461 1538 1755 1610; x_wconf 88' lang='lat' dir='ltr'><strong>punietur.</strong></span> <span class='ocrx_word' id='word_1_121' title='bbox 1781 1540 1840 1595; x_wconf 90' lang='lat' dir='ltr'><strong>Si</strong></span> <span class='ocrx_word' id='word_1_122' title='bbox 1864 1544 1925 1595; x_wconf 90' lang='lat' dir='ltr'><strong>tu</strong></span> 
     </span>
    </p>
   </div>
   <div class='ocr_carea' id='block_1_17' title="bbox 268 1626 1924 1701">
    <p class='ocr_par' dir='ltr' id='par_1_17' title="bbox 268 1626 1924 1701">
     <span class='ocr_line' id='line_1_17' title="bbox 268 1626 1924 1701; baseline 0 -17"><span class='ocrx_word' id='word_1_123' title='bbox 268 1627 425 1701; x_wconf 82' lang='lat' dir='ltr'><strong>tegis</strong></span> <span class='ocrx_word' id='word_1_124' title='bbox 452 1631 690 1700; x_wconf 89' lang='lat' dir='ltr'><strong>peccata</strong></span> <span class='ocrx_word' id='word_1_125' title='bbox 718 1631 821 1683; x_wconf 88' lang='lat' dir='ltr'><strong>tua</strong></span> <span class='ocrx_word' id='word_1_126' title='bbox 866 1643 981 1682; x_wconf 88' lang='lat' dir='ltr'><strong>non</strong></span> <span class='ocrx_word' id='word_1_127' title='bbox 1028 1627 1360 1683; x_wconf 79' lang='lat' dir='ltr'><strong>confitendo</strong></span> <span class='ocrx_word' id='word_1_128' title='bbox 1404 1626 1492 1682; x_wconf 89' lang='lat' dir='ltr'><strong>vel</strong></span> <span class='ocrx_word' id='word_1_129' title='bbox 1540 1627 1924 1697; x_wconf 87' lang='lat' dir='ltr'><strong>defendendo,</strong></span> 
     </span>
    </p>
   </div>
   <div class='ocr_carea' id='block_1_18' title="bbox 268 1715 1927 1788">
    <p class='ocr_par' dir='ltr' id='par_1_18' title="bbox 268 1715 1927 1788">
     <span class='ocr_line' id='line_1_18' title="bbox 268 1715 1927 1788; baseline 0 -16"><span class='ocrx_word' id='word_1_130' title='bbox 268 1717 427 1773; x_wconf 89' lang='lat' dir='ltr'><strong>Deus</strong></span> <span class='ocrx_word' id='word_1_131' title='bbox 447 1733 516 1772; x_wconf 89' lang='lat' dir='ltr'><strong>ea</strong></span> <span class='ocrx_word' id='word_1_132' title='bbox 536 1716 774 1788; x_wconf 85' lang='lat' dir='ltr'><strong>detegit.</strong></span> <span class='ocrx_word' id='word_1_133' title='bbox 797 1716 857 1772; x_wconf 89' lang='lat' dir='ltr'><strong>Si</strong></span> <span class='ocrx_word' id='word_1_134' title='bbox 881 1720 1075 1772; x_wconf 89' lang='lat' dir='ltr'><strong>autem</strong></span> <span class='ocrx_word' id='word_1_135' title='bbox 1100 1721 1163 1771; x_wconf 88' lang='lat' dir='ltr'><strong>tu</strong></span> <span class='ocrx_word' id='word_1_136' title='bbox 1190 1720 1247 1771; x_wconf 89' lang='lat' dir='ltr'><strong>te</strong></span> <span class='ocrx_word' id='word_1_137' title='bbox 1268 1715 1569 1784; x_wconf 91' lang='lat' dir='ltr'><strong>humilias,</strong></span> <span class='ocrx_word' id='word_1_138' title='bbox 1598 1720 1655 1772; x_wconf 90' lang='lat' dir='ltr'><strong>et</strong></span> <span class='ocrx_word' id='word_1_139' title='bbox 1685 1733 1927 1773; x_wconf 86' lang='lat' dir='ltr'><strong>accusas</strong></span> 
     </span>
    </p>
   </div>
   <div class='ocr_carea' id='block_1_19' title="bbox 266 1804 1927 1878">
    <p class='ocr_par' dir='ltr' id='par_1_19' title="bbox 266 1804 1927 1878">
     <span class='ocr_line' id='line_1_19' title="bbox 266 1804 1927 1878; baseline -0.001 -16"><span class='ocrx_word' id='word_1_140' title='bbox 266 1812 329 1862; x_wconf 89' lang='lat' dir='ltr'><strong>et</strong></span> <span class='ocrx_word' id='word_1_141' title='bbox 357 1805 604 1878; x_wconf 84' lang='lat' dir='ltr'><strong>detegis,</strong></span> <span class='ocrx_word' id='word_1_142' title='bbox 626 1805 780 1862; x_wconf 88' lang='lat' dir='ltr'><strong>Deus</strong></span> <span class='ocrx_word' id='word_1_143' title='bbox 802 1821 870 1861; x_wconf 91' lang='lat' dir='ltr'><strong>ea</strong></span> <span class='ocrx_word' id='word_1_144' title='bbox 889 1804 1052 1877; x_wconf 84' lang='lat' dir='ltr'><strong>tegit.</strong></span> <span class='ocrx_word' id='word_1_145' title='bbox 1078 1804 1398 1876; x_wconf 87' lang='lat' dir='ltr'><strong>Subjuugit</strong></span> <span class='ocrx_word' id='word_1_146' title='bbox 1421 1806 1716 1877; x_wconf 90' lang='lat' dir='ltr'><strong>quomodo</strong></span> <span class='ocrx_word' id='word_1_147' title='bbox 1748 1810 1886 1861; x_wconf 86' lang='lat' dir='ltr'><strong>tecta</strong></span> <span class='ocrx_word' id='word_1_148' title='bbox 1908 1824 1927 1860; x_wconf 71' lang='lat'><strong>.-</strong></span> 
     </span>
    </p>
   </div>
   <div class='ocr_carea' id='block_1_20' title="bbox 268 1893 1925 1966">
    <p class='ocr_par' dir='ltr' id='par_1_20' title="bbox 268 1893 1925 1966">
     <span class='ocr_line' id='line_1_20' title="bbox 268 1893 1925 1966; baseline 0 -15"><span class='ocrx_word' id='word_1_149' title='bbox 268 1898 475 1951; x_wconf 86' lang='lat' dir='ltr'><strong>Beatus</strong></span> <span class='ocrx_word' id='word_1_150' title='bbox 494 1895 601 1965; x_wconf 84' lang='lat' dir='ltr'><strong>vir,</strong></span> <span class='ocrx_word' id='word_1_151' title='bbox 625 1895 684 1949; x_wconf 91' lang='lat' dir='ltr'><strong>id</strong></span> <span class='ocrx_word' id='word_1_152' title='bbox 702 1899 811 1961; x_wconf 89' lang='lat' dir='ltr'><strong>est,</strong></span> <span class='ocrx_word' id='word_1_153' title='bbox 836 1893 1209 1962; x_wconf 89' lang='lat' dir='ltr'><strong>immortalis,</strong></span> <span class='ocrx_word' id='word_1_154' title='bbox 1226 1893 1317 1948; x_wconf 89' lang='lat' dir='ltr'><strong>vel</strong></span> <span class='ocrx_word' id='word_1_155' title='bbox 1336 1893 1669 1966; x_wconf 84' lang='lat' dir='ltr'><strong>laudabilis,</strong></span> <span class='ocrx_word' id='word_1_156' title='bbox 1693 1895 1780 1951; x_wconf 91' lang='lat' dir='ltr'><strong>vel</strong></span> <span class='ocrx_word' id='word_1_157' title='bbox 1801 1894 1925 1964; x_wconf 84' lang='lat' dir='ltr'><strong>glo-</strong></span> 
     </span>
    </p>
   </div>
   <div class='ocr_carea' id='block_1_21' title="bbox 272 1983 1925 2056">
    <p class='ocr_par' dir='ltr' id='par_1_21' title="bbox 272 1983 1925 2056">
     <span class='ocr_line' id='line_1_21' title="bbox 272 1983 1925 2056; baseline 0 -16"><span class='ocrx_word' id='word_1_158' title='bbox 272 1985 470 2041; x_wconf 80' lang='lat' dir='ltr'><strong>riosus</strong></span> <span class='ocrx_word' id='word_1_159' title='bbox 493 1986 589 2040; x_wconf 87' lang='lat' dir='ltr'><strong>cui</strong></span> <span class='ocrx_word' id='word_1_160' title='bbox 605 2000 716 2040; x_wconf 88' lang='lat' dir='ltr'><strong>non</strong></span> <span class='ocrx_word' id='word_1_161' title='bbox 736 1983 1048 2056; x_wconf 87' lang='lat' dir='ltr'><strong>imputavit</strong></span> <span class='ocrx_word' id='word_1_162' title='bbox 1072 1985 1337 2039; x_wconf 75' lang='lat' dir='ltr'><strong>Dominus</strong></span> <span class='ocrx_word' id='word_1_163' title='bbox 1355 1987 1653 2054; x_wconf 89' lang='lat' dir='ltr'><strong>peccatum,</strong></span> <span class='ocrx_word' id='word_1_164' title='bbox 1677 2002 1793 2040; x_wconf 89' lang='lat' dir='ltr'><strong>non</strong></span> <span class='ocrx_word' id='word_1_165' title='bbox 1815 1985 1925 2040; x_wconf 91' lang='lat' dir='ltr'><strong>im-</strong></span> 
     </span>
    </p>
   </div>
   <div class='ocr_carea' id='block_1_22' title="bbox 268 2071 1924 2145">
    <p class='ocr_par' dir='ltr' id='par_1_22' title="bbox 268 2071 1924 2145">
     <span class='ocr_line' id='line_1_22' title="bbox 268 2071 1924 2145; baseline 0 -17"><span class='ocrx_word' id='word_1_166' title='bbox 268 2072 504 2145; x_wconf 88' lang='lat' dir='ltr'><strong>putavit</strong></span> <span class='ocrx_word' id='word_1_167' title='bbox 533 2073 604 2128; x_wconf 87' lang='lat' dir='ltr'><strong>ad</strong></span> <span class='ocrx_word' id='word_1_168' title='bbox 638 2090 892 2143; x_wconf 85' lang='lat' dir='ltr'><strong>poenam,</strong></span> <span class='ocrx_word' id='word_1_169' title='bbox 927 2072 1067 2143; x_wconf 84' lang='lat' dir='ltr'><strong>quia</strong></span> <span class='ocrx_word' id='word_1_170' title='bbox 1095 2071 1192 2127; x_wconf 92' lang='lat' dir='ltr'><strong>hic</strong></span> <span class='ocrx_word' id='word_1_171' title='bbox 1223 2071 1434 2128; x_wconf 85' lang='lat' dir='ltr'><strong>delevit</strong></span> <span class='ocrx_word' id='word_1_172' title='bbox 1465 2089 1567 2144; x_wconf 92' lang='lat' dir='ltr'><strong>per</strong></span> <span class='ocrx_word' id='word_1_173' title='bbox 1597 2074 1924 2129; x_wconf 89' lang='lat' dir='ltr'><strong>misericor-</strong></span> 
     </span>
    </p>
   </div>
   <div class='ocr_carea' id='block_1_23' title="bbox 264 2161 955 2223">
    <p class='ocr_par' dir='ltr' id='par_1_23' title="bbox 264 2161 955 2223">
     <span class='ocr_line' id='line_1_23' title="bbox 264 2161 955 2223; baseline 0 -8"><span class='ocrx_word' id='word_1_174' title='bbox 264 2161 459 2215; x_wconf 89' lang='lat' dir='ltr'><strong>diam.</strong></span> <span class='ocrx_word' id='word_1_175' title='bbox 950 2222 955 2223; x_wconf 19' lang='grc' dir='ltr'>ί</span> 
     </span>
    </p>
   </div>
   <div class='ocr_carea' id='block_1_24' title="bbox 345 2246 1923 2323">
    <p class='ocr_par' dir='ltr' id='par_1_24' title="bbox 345 2246 1923 2323">
     <span class='ocr_line' id='line_1_24' title="bbox 345 2246 1923 2323; baseline 0.003 -21"><span class='ocrx_word' id='word_1_176' title='bbox 345 2248 527 2303; x_wconf 87' lang='lat' dir='ltr'><strong>Aliter</strong></span> <span class='ocrx_word' id='word_1_177' title='bbox 552 2265 565 2302; x_wconf 91' lang='lat'><strong>:</strong></span> <span class='ocrx_word' id='word_1_178' title='bbox 599 2247 777 2312; x_wconf 89' lang='lat' dir='ltr'><strong>Quasi</strong></span> <span class='ocrx_word' id='word_1_179' title='bbox 806 2246 981 2313; x_wconf 88' lang='lat' dir='ltr'><strong>dicat,</strong></span> <span class='ocrx_word' id='word_1_180' title='bbox 1015 2248 1154 2304; x_wconf 82' lang='lat' dir='ltr'><strong>beati</strong></span> <span class='ocrx_word' id='word_1_181' title='bbox 1182 2253 1322 2304; x_wconf 90' lang='lat' dir='ltr'><strong>sunt</strong></span> <span class='ocrx_word' id='word_1_182' title='bbox 1350 2248 1433 2303; x_wconf 90' lang='lat' dir='ltr'><strong>illi</strong></span> <span class='ocrx_word' id='word_1_183' title='bbox 1468 2250 1568 2321; x_wconf 87' lang='lat' dir='ltr'><strong>qui</strong></span> <span class='ocrx_word' id='word_1_184' title='bbox 1596 2266 1700 2321; x_wconf 89' lang='lat' dir='ltr'><strong>per</strong></span> <span class='ocrx_word' id='word_1_185' title='bbox 1728 2251 1923 2323; x_wconf 86' lang='lat' dir='ltr'><strong>bapti-</strong></span> 
     </span>
    </p>
   </div>
   <div class='ocr_carea' id='block_1_25' title="bbox 268 2335 1923 2411">
    <p class='ocr_par' dir='ltr' id='par_1_25' title="bbox 268 2335 1923 2411">
     <span class='ocr_line' id='line_1_25' title="bbox 268 2335 1923 2411; baseline 0.002 -20"><span class='ocrx_word' id='word_1_186' title='bbox 268 2352 480 2392; x_wconf 76' lang='lat' dir='ltr'><strong>smum</strong></span> <span class='ocrx_word' id='word_1_187' title='bbox 493 2335 637 2391; x_wconf 89' lang='lat' dir='ltr'><strong>salvi</strong></span> <span class='ocrx_word' id='word_1_188' title='bbox 651 2336 786 2391; x_wconf 90' lang='lat' dir='ltr'><strong>facti</strong></span> <span class='ocrx_word' id='word_1_189' title='bbox 801 2340 939 2391; x_wconf 90' lang='lat' dir='ltr'><strong>sunt</strong></span> <span class='ocrx_word' id='word_1_190' title='bbox 950 2341 1185 2408; x_wconf 89' lang='lat' dir='ltr'><strong>accepta</strong></span> <span class='ocrx_word' id='word_1_191' title='bbox 1197 2337 1545 2394; x_wconf 88' lang='lat' dir='ltr'><strong>remissione</strong></span> <span class='ocrx_word' id='word_1_192' title='bbox 1557 2344 1923 2411; x_wconf 88' lang='lat' dir='ltr'><strong>peccatorum</strong></span> 
     </span>
    </p>
   </div>
   <div class='ocr_carea' id='block_1_26' title="bbox 258 2424 1927 2499">
    <p class='ocr_par' dir='ltr' id='par_1_26' title="bbox 258 2424 1927 2499">
     <span class='ocr_line' id='line_1_26' title="bbox 258 2424 1927 2499; baseline 0.003 -20"><span class='ocrx_word' id='word_1_193' title='bbox 258 2441 381 2497; x_wconf 90' lang='lat' dir='ltr'><strong>per</strong></span> <span class='ocrx_word' id='word_1_194' title='bbox 400 2424 673 2497; x_wconf 89' lang='lat' dir='ltr'><strong>gratiam.</strong></span> <span class='ocrx_word' id='word_1_195' title='bbox 698 2425 766 2479; x_wconf 87' lang='lat' dir='ltr'><strong>Et</strong></span> <span class='ocrx_word' id='word_1_196' title='bbox 786 2424 869 2479; x_wconf 92' lang='lat' dir='ltr'><strong>illi</strong></span> <span class='ocrx_word' id='word_1_197' title='bbox 896 2426 1039 2481; x_wconf 86' lang='lat' dir='ltr'><strong>beati</strong></span> <span class='ocrx_word' id='word_1_198' title='bbox 1057 2425 1158 2497; x_wconf 89' lang='lat' dir='ltr'><strong>qui</strong></span> <span class='ocrx_word' id='word_1_199' title='bbox 1183 2431 1318 2498; x_wconf 82' lang='lat' dir='ltr'><strong>post</strong></span> <span class='ocrx_word' id='word_1_200' title='bbox 1342 2428 1701 2498; x_wconf 87' lang='lat' dir='ltr'><strong>baptismum</strong></span> <span class='ocrx_word' id='word_1_201' title='bbox 1728 2445 1927 2499; x_wconf 91' lang='lat' dir='ltr'><strong>pecca-</strong></span> 
     </span>
    </p>
   </div>
   <div class='ocr_carea' id='block_1_27' title="bbox 255 2513 1924 2587">
    <p class='ocr_par' dir='ltr' id='par_1_27' title="bbox 255 2513 1924 2587">
     <span class='ocr_line' id='line_1_27' title="bbox 255 2513 1924 2587; baseline 0.002 -18"><span class='ocrx_word' id='word_1_202' title='bbox 255 2518 484 2569; x_wconf 84' lang='lat' dir='ltr'><strong>verunt</strong></span> <span class='ocrx_word' id='word_1_203' title='bbox 504 2513 765 2584; x_wconf 88' lang='lat' dir='ltr'><strong>quidem,</strong></span> <span class='ocrx_word' id='word_1_204' title='bbox 785 2514 924 2584; x_wconf 86' lang='lat' dir='ltr'><strong>quia</strong></span> <span class='ocrx_word' id='word_1_205' title='bbox 940 2515 1276 2570; x_wconf 91' lang='lat' dir='ltr'><strong>ceciderunt</strong></span> <span class='ocrx_word' id='word_1_206' title='bbox 1295 2516 1354 2570; x_wconf 91' lang='lat' dir='ltr'><strong>in</strong></span> <span class='ocrx_word' id='word_1_207' title='bbox 1376 2516 1803 2587; x_wconf 91' lang='lat' dir='ltr'><strong>criminalibus,</strong></span> <span class='ocrx_word' id='word_1_208' title='bbox 1826 2519 1924 2573; x_wconf 93' lang='lat' dir='ltr'><strong>sed</strong></span> 
     </span>
    </p>
   </div>
   <div class='ocr_carea' id='block_1_28' title="bbox 256 2600 1923 2675">
    <p class='ocr_par' dir='ltr' id='par_1_28' title="bbox 256 2600 1923 2675">
     <span class='ocr_line' id='line_1_28' title="bbox 256 2600 1923 2675; baseline 0.003 -19"><span class='ocrx_word' id='word_1_209' title='bbox 256 2617 378 2675; x_wconf 90' lang='lat' dir='ltr'><strong>per</strong></span> <span class='ocrx_word' id='word_1_210' title='bbox 392 2600 822 2657; x_wconf 87' lang='lat' dir='ltr'><strong>confessionem</strong></span> <span class='ocrx_word' id='word_1_211' title='bbox 839 2607 896 2657; x_wconf 88' lang='lat' dir='ltr'><strong>et</strong></span> <span class='ocrx_word' id='word_1_212' title='bbox 912 2602 1313 2674; x_wconf 83' lang='lat' dir='ltr'><strong>paenitentiam</strong></span> <span class='ocrx_word' id='word_1_213' title='bbox 1329 2605 1923 2661; x_wconf 89' lang='lat' dir='ltr'><strong>emendaverunt.Sed</strong></span> 
     </span>
    </p>
   </div>
   <div class='ocr_carea' id='block_1_29' title="bbox 256 2689 1926 2763">
    <p class='ocr_par' dir='ltr' id='par_1_29' title="bbox 256 2689 1926 2763">
     <span class='ocr_line' id='line_1_29' title="bbox 256 2689 1926 2763; baseline 0.002 -17"><span class='ocrx_word' id='word_1_214' title='bbox 256 2689 371 2746; x_wconf 90' lang='lat' dir='ltr'><strong>ille</strong></span> <span class='ocrx_word' id='word_1_215' title='bbox 400 2694 492 2747; x_wconf 86' lang='lat' dir='ltr'><strong>est</strong></span> <span class='ocrx_word' id='word_1_216' title='bbox 516 2690 606 2745; x_wconf 86' lang='lat' dir='ltr'><strong>vir</strong></span> <span class='ocrx_word' id='word_1_217' title='bbox 635 2690 821 2746; x_wconf 86' lang='lat' dir='ltr'><strong>beatus</strong></span> <span class='ocrx_word' id='word_1_218' title='bbox 849 2693 907 2745; x_wconf 91' lang='lat' dir='ltr'><strong>et</strong></span> <span class='ocrx_word' id='word_1_219' title='bbox 936 2690 1082 2746; x_wconf 86' lang='lat' dir='ltr'><strong>bene</strong></span> <span class='ocrx_word' id='word_1_220' title='bbox 1110 2693 1217 2761; x_wconf 86' lang='lat' dir='ltr'><strong>vir,</strong></span> <span class='ocrx_word' id='word_1_221' title='bbox 1269 2692 1408 2763; x_wconf 88' lang='lat' dir='ltr'><strong>quia</strong></span> <span class='ocrx_word' id='word_1_222' title='bbox 1449 2693 1674 2750; x_wconf 84' lang='lat' dir='ltr'><strong>fortiter</strong></span> <span class='ocrx_word' id='word_1_223' title='bbox 1704 2695 1838 2749; x_wconf 89' lang='lat' dir='ltr'><strong>fecit</strong></span> <span class='ocrx_word' id='word_1_224' title='bbox 1867 2698 1926 2749; x_wconf 90' lang='lat' dir='ltr'><strong>et</strong></span> 
     </span>
    </p>
   </div>
   <div class='ocr_carea' id='block_1_30' title="bbox 255 2778 1923 2855">
    <p class='ocr_par' dir='ltr' id='par_1_30' title="bbox 255 2778 1923 2855">
     <span class='ocr_line' id='line_1_30' title="bbox 255 2778 1923 2855; baseline 0.002 -21"><span class='ocrx_word' id='word_1_225' title='bbox 255 2779 463 2852; x_wconf 85' lang='lat' dir='ltr'><strong>magis</strong></span> <span class='ocrx_word' id='word_1_226' title='bbox 493 2781 679 2834; x_wconf 84' lang='lat' dir='ltr'><strong>beatus</strong></span> <span class='ocrx_word' id='word_1_227' title='bbox 707 2795 884 2850; x_wconf 87' lang='lat' dir='ltr'><strong>quam</strong></span> <span class='ocrx_word' id='word_1_228' title='bbox 930 2778 1037 2845; x_wconf 90' lang='lat' dir='ltr'><strong>illi,</strong></span> <span class='ocrx_word' id='word_1_229' title='bbox 1069 2782 1161 2835; x_wconf 89' lang='lat' dir='ltr'><strong>cui</strong></span> <span class='ocrx_word' id='word_1_230' title='bbox 1185 2796 1298 2836; x_wconf 88' lang='lat' dir='ltr'><strong>non</strong></span> <span class='ocrx_word' id='word_1_231' title='bbox 1328 2783 1627 2855; x_wconf 79' lang='lat' dir='ltr'><strong>imputavit</strong></span> <span class='ocrx_word' id='word_1_232' title='bbox 1655 2785 1923 2838; x_wconf 77' lang='lat' dir='ltr'><strong>Dominus</strong></span> 
     </span>
    </p>
   </div>
   <div class='ocr_carea' id='block_1_31' title="bbox 246 2868 1921 2943">
    <p class='ocr_par' dir='ltr' id='par_1_31' title="bbox 246 2868 1921 2943">
     <span class='ocr_line' id='line_1_31' title="bbox 246 2868 1921 2943; baseline 0.002 -19"><span class='ocrx_word' id='word_1_233' title='bbox 246 2871 569 2941; x_wconf 81' lang='lat' dir='ltr'><strong>peccatum,</strong></span> <span class='ocrx_word' id='word_1_234' title='bbox 599 2868 658 2923; x_wconf 91' lang='lat' dir='ltr'><strong>id</strong></span> <span class='ocrx_word' id='word_1_235' title='bbox 693 2872 800 2938; x_wconf 90' lang='lat' dir='ltr'><strong>est,</strong></span> <span class='ocrx_word' id='word_1_236' title='bbox 834 2870 935 2939; x_wconf 92' lang='lat' dir='ltr'><strong>qui</strong></span> <span class='ocrx_word' id='word_1_237' title='bbox 966 2873 1099 2940; x_wconf 91' lang='lat' dir='ltr'><strong>post</strong></span> <span class='ocrx_word' id='word_1_238' title='bbox 1118 2869 1526 2926; x_wconf 89' lang='lat' dir='ltr'><strong>remissionem</strong></span> <span class='ocrx_word' id='word_1_239' title='bbox 1550 2877 1921 2943; x_wconf 88' lang='lat' dir='ltr'><strong>peccatorum</strong></span> 
     </span>
    </p>
   </div>
   <div class='ocr_carea' id='block_1_32' title="bbox 252 2956 1923 3030">
    <p class='ocr_par' dir='ltr' id='par_1_32' title="bbox 252 2956 1923 3030">
     <span class='ocr_line' id='line_1_32' title="bbox 252 2956 1923 3030; baseline 0.002 -16"><span class='ocrx_word' id='word_1_240' title='bbox 252 2956 358 3014; x_wconf 81' lang='lat' dir='ltr'><strong>sic</strong></span> <span class='ocrx_word' id='word_1_241' title='bbox 377 2956 691 3013; x_wconf 88' lang='lat' dir='ltr'><strong>custodivit</strong></span> <span class='ocrx_word' id='word_1_242' title='bbox 710 2956 964 3012; x_wconf 86' lang='lat' dir='ltr'><strong>animam</strong></span> <span class='ocrx_word' id='word_1_243' title='bbox 985 2974 1154 3013; x_wconf 89' lang='lat' dir='ltr'><strong>suam</strong></span> <span class='ocrx_word' id='word_1_244' title='bbox 1172 2975 1207 3013; x_wconf 92' lang='lat' dir='ltr'><strong>a</strong></span> <span class='ocrx_word' id='word_1_245' title='bbox 1228 2965 1463 3030; x_wconf 86' lang='lat' dir='ltr'><strong>peccato</strong></span> <span class='ocrx_word' id='word_1_246' title='bbox 1485 2960 1834 3029; x_wconf 90' lang='lat' dir='ltr'><strong>immunem,</strong></span> <span class='ocrx_word' id='word_1_247' title='bbox 1855 2967 1923 3017; x_wconf 90' lang='lat' dir='ltr'><strong>ut</strong></span> 
     </span>
    </p>
   </div>
   <div class='ocr_carea' id='block_1_33' title="bbox 255 3045 1921 3119">
    <p class='ocr_par' dir='ltr' id='par_1_33' title="bbox 255 3045 1921 3119">
     <span class='ocr_line' id='line_1_33' title="bbox 255 3045 1921 3119; baseline 0.001 -16"><span class='ocrx_word' id='word_1_248' title='bbox 255 3045 422 3103; x_wconf 83' lang='lat' dir='ltr'><strong>nihil</strong></span> <span class='ocrx_word' id='word_1_249' title='bbox 437 3045 825 3101; x_wconf 87' lang='lat' dir='ltr'><strong>committeret</strong></span> <span class='ocrx_word' id='word_1_250' title='bbox 842 3050 959 3100; x_wconf 89' lang='lat' dir='ltr'><strong>tam</strong></span> <span class='ocrx_word' id='word_1_251' title='bbox 978 3061 1257 3117; x_wconf 90' lang='lat' dir='ltr'><strong>magnum</strong></span> <span class='ocrx_word' id='word_1_252' title='bbox 1278 3049 1434 3119; x_wconf 87' lang='lat' dir='ltr'><strong>quod</strong></span> <span class='ocrx_word' id='word_1_253' title='bbox 1452 3048 1502 3104; x_wconf 92' lang='lat' dir='ltr'><strong>ei</strong></span> <span class='ocrx_word' id='word_1_254' title='bbox 1518 3049 1798 3105; x_wconf 89' lang='lat' dir='ltr'><strong>Dominus</strong></span> <span class='ocrx_word' id='word_1_255' title='bbox 1816 3050 1921 3105; x_wconf 86' lang='lat' dir='ltr'><strong>im-</strong></span> 
     </span>
    </p>
   </div>
   <div class='ocr_carea' id='block_1_34' title="bbox 256 3134 1920 3210">
    <p class='ocr_par' dir='ltr' id='par_1_34' title="bbox 256 3134 1920 3210">
     <span class='ocr_line' id='line_1_34' title="bbox 256 3134 1920 3210; baseline 0.001 -19"><span class='ocrx_word' id='word_1_256' title='bbox 256 3139 489 3209; x_wconf 86' lang='lat' dir='ltr'><strong>putet:</strong></span> <span class='ocrx_word' id='word_1_257' title='bbox 541 3134 679 3207; x_wconf 88' lang='lat' dir='ltr'><strong>quia</strong></span> <span class='ocrx_word' id='word_1_258' title='bbox 724 3151 840 3190; x_wconf 89' lang='lat' dir='ltr'><strong>non</strong></span> <span class='ocrx_word' id='word_1_259' title='bbox 888 3136 1183 3191; x_wconf 91' lang='lat' dir='ltr'><strong>commisit</strong></span> <span class='ocrx_word' id='word_1_260' title='bbox 1230 3136 1345 3192; x_wconf 89' lang='lat' dir='ltr'><strong>nisi</strong></span> <span class='ocrx_word' id='word_1_261' title='bbox 1393 3137 1639 3200; x_wconf 89' lang='lat' dir='ltr'><strong>veniala,</strong></span> <span class='ocrx_word' id='word_1_262' title='bbox 1692 3143 1749 3193; x_wconf 89' lang='lat' dir='ltr'><strong>et</strong></span> <span class='ocrx_word' id='word_1_263' title='bbox 1793 3155 1920 3210; x_wconf 69' lang='lat' dir='ltr'><strong>quae</strong></span> 
     </span>
    </p>
   </div>
   <div class='ocr_carea' id='block_1_35' title="bbox 2033 558 2291 615">
    <p class='ocr_par' dir='ltr' id='par_1_35' title="bbox 2033 558 2291 615">
     <span class='ocr_line' id='line_1_35' title="bbox 2033 558 2291 615; baseline 0.004 -2"><span class='ocrx_word' id='word_1_264' title='bbox 2033 558 2291 615; x_wconf 87' lang='lat' dir='ltr'><strong>ﬁderem.</strong></span> 
     </span>
    </p>
   </div>
   <div class='ocr_carea' id='block_1_36' title="bbox 2103 700 3684 773">
    <p class='ocr_par' dir='ltr' id='par_1_36' title="bbox 2103 700 3684 773">
     <span class='ocr_line' id='line_1_36' title="bbox 2103 700 3684 773; baseline -0.001 -18"><span class='ocrx_word' id='word_1_265' title='bbox 2103 700 2211 765; x_wconf 86' lang='lat' dir='ltr'><strong>Qui</strong></span> <span class='ocrx_word' id='word_1_266' title='bbox 2243 702 2300 755; x_wconf 90' lang='lat' dir='ltr'><strong>in</strong></span> <span class='ocrx_word' id='word_1_267' title='bbox 2335 701 2577 756; x_wconf 89' lang='lat' dir='ltr'><strong>Domino</strong></span> <span class='ocrx_word' id='word_1_268' title='bbox 2615 702 2854 772; x_wconf 89' lang='lat' dir='ltr'><strong>juvenis</strong></span> <span class='ocrx_word' id='word_1_269' title='bbox 2902 718 3030 757; x_wconf 91' lang='lat' dir='ltr'><strong>esse</strong></span> <span class='ocrx_word' id='word_1_270' title='bbox 3079 700 3242 773; x_wconf 90' lang='lat' dir='ltr'><strong>potui</strong></span> <span class='ocrx_word' id='word_1_271' title='bbox 3292 700 3351 754; x_wconf 92' lang='lat' dir='ltr'><strong>iu</strong></span> <span class='ocrx_word' id='word_1_272' title='bbox 3382 715 3476 754; x_wconf 92' lang='lat' dir='ltr'><strong>me</strong></span> <span class='ocrx_word' id='word_1_273' title='bbox 3507 713 3684 754; x_wconf 84' lang='lat' dir='ltr'><strong>senex</strong></span> 
     </span>
    </p>
   </div>
   <div class='ocr_carea' id='block_1_37' title="bbox 2033 790 3686 862">
    <p class='ocr_par' dir='ltr' id='par_1_37' title="bbox 2033 790 3686 862">
     <span class='ocr_line' id='line_1_37' title="bbox 2033 790 3686 862; baseline -0.002 -17"><span class='ocrx_word' id='word_1_274' title='bbox 2033 791 2223 845; x_wconf 87' lang='lat' dir='ltr'><strong>factus</strong></span> <span class='ocrx_word' id='word_1_275' title='bbox 2264 808 2417 846; x_wconf 91' lang='lat' dir='ltr'><strong>sum.</strong></span> <span class='ocrx_word' id='word_1_276' title='bbox 2472 791 2743 858; x_wconf 82' lang='lat' dir='ltr'><strong>Quoniam</strong></span> <span class='ocrx_word' id='word_1_277' title='bbox 2773 793 2939 862; x_wconf 80' lang='lat' dir='ltr'><strong>tacui,</strong></span> <span class='ocrx_word' id='word_1_278' title='bbox 2984 792 3115 846; x_wconf 86' lang='lat' dir='ltr'><strong>dum</strong></span> <span class='ocrx_word' id='word_1_279' title='bbox 3142 791 3439 846; x_wconf 86' lang='lat' dir='ltr'><strong>clamarem</strong></span> <span class='ocrx_word' id='word_1_280' title='bbox 3469 808 3487 842; x_wconf 91' lang='lat'><strong><em>:</em></strong></span> <span class='ocrx_word' id='word_1_281' title='bbox 3536 790 3686 843; x_wconf 87' lang='lat' dir='ltr'><strong>tacui</strong></span> 
     </span>
    </p>
   </div>
   <div class='ocr_carea' id='block_1_38' title="bbox 2033 879 3683 951">
    <p class='ocr_par' dir='ltr' id='par_1_38' title="bbox 2033 879 3683 951">
     <span class='ocr_line' id='line_1_38' title="bbox 2033 879 3683 951; baseline -0.002 -16"><span class='ocrx_word' id='word_1_282' title='bbox 2033 884 2298 950; x_wconf 90' lang='lat' dir='ltr'><strong>peccata,</strong></span> <span class='ocrx_word' id='word_1_283' title='bbox 2349 879 2593 935; x_wconf 87' lang='lat' dir='ltr'><strong>clamavi</strong></span> <span class='ocrx_word' id='word_1_284' title='bbox 2648 881 2899 949; x_wconf 81' lang='lat' dir='ltr'><strong>merita;</strong></span> <span class='ocrx_word' id='word_1_285' title='bbox 2947 883 3096 936; x_wconf 82' lang='lat' dir='ltr'><strong>tacui</strong></span> <span class='ocrx_word' id='word_1_286' title='bbox 3124 881 3279 935; x_wconf 89' lang='lat' dir='ltr'><strong>unde</strong></span> <span class='ocrx_word' id='word_1_287' title='bbox 3311 879 3683 951; x_wconf 76' lang='lat' dir='ltr'><strong>proficerem,</strong></span> 
     </span>
    </p>
   </div>
   <div class='ocr_carea' id='block_1_39' title="bbox 2032 966 3684 1035">
    <p class='ocr_par' dir='ltr' id='par_1_39' title="bbox 2032 966 3684 1035">
     <span class='ocr_line' id='line_1_39' title="bbox 2032 966 3684 1035; baseline -0.001 -12"><span class='ocrx_word' id='word_1_288' title='bbox 2032 968 2278 1024; x_wconf 87' lang='lat' dir='ltr'><strong>clamavi</strong></span> <span class='ocrx_word' id='word_1_289' title='bbox 2298 969 2449 1024; x_wconf 90' lang='lat' dir='ltr'><strong>unde</strong></span> <span class='ocrx_word' id='word_1_290' title='bbox 2466 969 2803 1035; x_wconf 86' lang='lat' dir='ltr'><strong>deﬁcerem;</strong></span> <span class='ocrx_word' id='word_1_291' title='bbox 2825 972 2977 1024; x_wconf 88' lang='lat' dir='ltr'><strong>tacui</strong></span> <span class='ocrx_word' id='word_1_292' title='bbox 2991 988 3024 1024; x_wconf 92' lang='lat' dir='ltr'><strong>a</strong></span> <span class='ocrx_word' id='word_1_293' title='bbox 3041 969 3426 1035; x_wconf 85' lang='lat' dir='ltr'><strong>confessione,</strong></span> <span class='ocrx_word' id='word_1_294' title='bbox 3439 966 3684 1023; x_wconf 86' lang='lat' dir='ltr'><strong>clamavi</strong></span> 
     </span>
    </p>
   </div>
   <div class='ocr_carea' id='block_1_40' title="bbox 2033 1056 3686 1128">
    <p class='ocr_par' dir='ltr' id='par_1_40' title="bbox 2033 1056 3686 1128">
     <span class='ocr_line' id='line_1_40' title="bbox 2033 1056 3686 1128; baseline 0 -17"><span class='ocrx_word' id='word_1_295' title='bbox 2033 1057 2093 1111; x_wconf 92' lang='lat' dir='ltr'><strong>in</strong></span> <span class='ocrx_word' id='word_1_296' title='bbox 2116 1056 2308 1113; x_wconf 86' lang='lat' dir='ltr'><strong>laude.</strong></span> <span class='ocrx_word' id='word_1_297' title='bbox 2338 1062 2469 1113; x_wconf 90' lang='lat' dir='ltr'><strong>Tota</strong></span> <span class='ocrx_word' id='word_1_298' title='bbox 2492 1058 2605 1125; x_wconf 84' lang='lat' dir='ltr'><strong>die,</strong></span> <span class='ocrx_word' id='word_1_299' title='bbox 2627 1057 2684 1112; x_wconf 92' lang='lat' dir='ltr'><strong>id</strong></span> <span class='ocrx_word' id='word_1_300' title='bbox 2717 1063 2825 1128; x_wconf 87' lang='lat' dir='ltr'><strong>est,</strong></span> <span class='ocrx_word' id='word_1_301' title='bbox 2850 1058 3106 1126; x_wconf 87' lang='lat' dir='ltr'><strong>assidue,</strong></span> <span class='ocrx_word' id='word_1_302' title='bbox 3136 1063 3201 1113; x_wconf 92' lang='lat' dir='ltr'><strong>ut</strong></span> <span class='ocrx_word' id='word_1_303' title='bbox 3230 1057 3325 1113; x_wconf 90' lang='lat' dir='ltr'><strong>ille</strong></span> <span class='ocrx_word' id='word_1_304' title='bbox 3355 1057 3686 1113; x_wconf 66' lang='lat' dir='ltr'><strong>Pharisaeus</strong></span> 
     </span>
    </p>
   </div>
   <div class='ocr_carea' id='block_1_41' title="bbox 2034 1145 3685 1217">
    <p class='ocr_par' dir='ltr' id='par_1_41' title="bbox 2034 1145 3685 1217">
     <span class='ocr_line' id='line_1_41' title="bbox 2034 1145 3685 1217; baseline 0.001 -18"><span class='ocrx_word' id='word_1_305' title='bbox 2034 1145 2131 1217; x_wconf 91' lang='lat' dir='ltr'><strong>qui</strong></span> <span class='ocrx_word' id='word_1_306' title='bbox 2152 1147 2578 1217; x_wconf 87' lang='lat' dir='ltr'><strong>pervauitatem</strong></span> <span class='ocrx_word' id='word_1_307' title='bbox 2597 1147 3429 1217; x_wconf 87' lang='lat' dir='ltr'><strong>suabeuefactajactabat.Sed</strong></span> <span class='ocrx_word' id='word_1_308' title='bbox 3447 1147 3685 1202; x_wconf 87' lang='lat' dir='ltr'><strong>tandem</strong></span> 
     </span>
    </p>
   </div>
   <div class='ocr_carea' id='block_1_42' title="bbox 2033 1226 3688 1303">
    <p class='ocr_par' dir='ltr' id='par_1_42' title="bbox 2033 1226 3688 1303">
     <span class='ocr_line' id='line_1_42' title="bbox 2033 1226 3688 1303; baseline 0 -15"><span class='ocrx_word' id='word_1_309' title='bbox 2033 1251 2129 1290; x_wconf 83' lang='lat' dir='ltr'><strong>con</strong></span> <span class='ocrx_word' id='word_1_310' title='bbox 2140 1252 2322 1291; x_wconf 85' lang='lat' dir='ltr'><strong>versus</strong></span> <span class='ocrx_word' id='word_1_311' title='bbox 2338 1253 2457 1291; x_wconf 88' lang='lat' dir='ltr'><strong>sum</strong></span> <span class='ocrx_word' id='word_1_312' title='bbox 2477 1237 2549 1291; x_wconf 89' lang='lat' dir='ltr'><strong>ab</strong></span> <span class='ocrx_word' id='word_1_313' title='bbox 2575 1236 2674 1292; x_wconf 91' lang='lat' dir='ltr'><strong>illo</strong></span> <span class='ocrx_word' id='word_1_314' title='bbox 2698 1235 2843 1291; x_wconf 86' lang='lat' dir='ltr'><strong>falso</strong></span> <span class='ocrx_word' id='word_1_315' title='bbox 2865 1226 3116 1291; x_wconf 72' lang='lat' dir='ltr'><strong>clamore</strong></span> <span class='ocrx_word' id='word_1_316' title='bbox 3134 1236 3206 1291; x_wconf 89' lang='lat' dir='ltr'><strong>ad</strong></span> <span class='ocrx_word' id='word_1_317' title='bbox 3226 1251 3450 1303; x_wconf 90' lang='lat' dir='ltr'><strong>verum,</strong></span> <span class='ocrx_word' id='word_1_318' title='bbox 3467 1235 3688 1290; x_wconf 85' lang='lat' dir='ltr'><strong>scilicet</strong></span> 
     </span>
    </p>
   </div>
   <div class='ocr_carea' id='block_1_43' title="bbox 2035 1323 3686 1396">
    <p class='ocr_par' dir='ltr' id='par_1_43' title="bbox 2035 1323 3686 1396">
     <span class='ocr_line' id='line_1_43' title="bbox 2035 1323 3686 1396; baseline 0.001 -20"><span class='ocrx_word' id='word_1_319' title='bbox 2035 1326 2100 1377; x_wconf 88' lang='lat' dir='ltr'><strong>ut</strong></span> <span class='ocrx_word' id='word_1_320' title='bbox 2130 1340 2243 1379; x_wconf 87' lang='lat' dir='ltr'><strong>non</strong></span> <span class='ocrx_word' id='word_1_321' title='bbox 2278 1325 2649 1380; x_wconf 83' lang='lat' dir='ltr'><strong>defenderem</strong></span> <span class='ocrx_word' id='word_1_322' title='bbox 2700 1328 2961 1396; x_wconf 87' lang='lat' dir='ltr'><strong>peccata,</strong></span> <span class='ocrx_word' id='word_1_323' title='bbox 3016 1323 3118 1379; x_wconf 87' lang='lat' dir='ltr'><strong>sed</strong></span> <span class='ocrx_word' id='word_1_324' title='bbox 3166 1339 3527 1389; x_wconf 86' lang='lat' dir='ltr'><strong>accusarem,</strong></span> <span class='ocrx_word' id='word_1_325' title='bbox 3581 1339 3686 1378; x_wconf 91' lang='lat' dir='ltr'><strong>nec</strong></span> 
     </span>
    </p>
   </div>
   <div class='ocr_carea' id='block_1_44' title="bbox 2025 1410 3717 1481">
    <p class='ocr_par' dir='ltr' id='par_1_44' title="bbox 2025 1410 3717 1481">
     <span class='ocr_line' id='line_1_44' title="bbox 2025 1410 3717 1481; baseline 0.002 -16"><span class='ocrx_word' id='word_1_326' title='bbox 2025 1412 2311 1481; x_wconf 85' lang='lat' dir='ltr'><strong>jactarcm</strong></span> <span class='ocrx_word' id='word_1_327' title='bbox 2344 1412 2570 1481; x_wconf 87' lang='lat' dir='ltr'><strong>merita,</strong></span> <span class='ocrx_word' id='word_1_328' title='bbox 2606 1412 2706 1469; x_wconf 91' lang='lat' dir='ltr'><strong>sed</strong></span> <span class='ocrx_word' id='word_1_329' title='bbox 2739 1413 3103 1468; x_wconf 83' lang='lat' dir='ltr'><strong>damnurem.</strong></span> <span class='ocrx_word' id='word_1_330' title='bbox 3154 1412 3225 1466; x_wconf 91' lang='lat' dir='ltr'><strong>Et</strong></span> <span class='ocrx_word' id='word_1_331' title='bbox 3264 1410 3412 1466; x_wconf 89' lang='lat' dir='ltr'><strong>hanc</strong></span> <span class='ocrx_word' id='word_1_332' title='bbox 3443 1428 3717 1469; x_wconf 90' lang='lat' dir='ltr'><strong>couver-.</strong></span> 
     </span>
    </p>
   </div>
   <div class='ocr_carea' id='block_1_45' title="bbox 2035 1500 3686 1570">
    <p class='ocr_par' dir='ltr' id='par_1_45' title="bbox 2035 1500 3686 1570">
     <span class='ocr_line' id='line_1_45' title="bbox 2035 1500 3686 1570; baseline -0.001 -15"><span class='ocrx_word' id='word_1_333' title='bbox 2035 1500 2258 1557; x_wconf 88' lang='lat' dir='ltr'><strong>sionem</strong></span> <span class='ocrx_word' id='word_1_334' title='bbox 2279 1501 2384 1557; x_wconf 86' lang='lat' dir='ltr'><strong>feci</strong></span> <span class='ocrx_word' id='word_1_335' title='bbox 2402 1504 2456 1556; x_wconf 85' lang='lat' dir='ltr'><strong>in</strong></span> <span class='ocrx_word' id='word_1_336' title='bbox 2471 1518 2728 1559; x_wconf 76' lang='lat' dir='ltr'><strong>aerumna</strong></span> <span class='ocrx_word' id='word_1_337' title='bbox 2738 1518 2880 1569; x_wconf 87' lang='lat' dir='ltr'><strong>mea,</strong></span> <span class='ocrx_word' id='word_1_338' title='bbox 2898 1501 3205 1557; x_wconf 88' lang='lat' dir='ltr'><strong>attendens</strong></span> <span class='ocrx_word' id='word_1_339' title='bbox 3222 1500 3281 1553; x_wconf 91' lang='lat' dir='ltr'><strong>iu</strong></span> <span class='ocrx_word' id='word_1_340' title='bbox 3300 1516 3394 1555; x_wconf 90' lang='lat' dir='ltr'><strong>me</strong></span> <span class='ocrx_word' id='word_1_341' title='bbox 3411 1515 3686 1570; x_wconf 90' lang='lat' dir='ltr'><strong>magnam</strong></span> 
     </span>
    </p>
   </div>
   <div class='ocr_carea' id='block_1_46' title="bbox 2036 1586 3685 1659">
    <p class='ocr_par' dir='ltr' id='par_1_46' title="bbox 2036 1586 3685 1659">
     <span class='ocr_line' id='line_1_46' title="bbox 2036 1586 3685 1659; baseline -0.002 -15"><span class='ocrx_word' id='word_1_342' title='bbox 2036 1589 2355 1654; x_wconf 87' lang='lat' dir='ltr'><strong>miseriam,</strong></span> <span class='ocrx_word' id='word_1_343' title='bbox 2409 1590 2629 1647; x_wconf 89' lang='lat' dir='ltr'><strong>scilicet</strong></span> <span class='ocrx_word' id='word_1_344' title='bbox 2677 1590 2981 1647; x_wconf 88' lang='lat' dir='ltr'><strong>assiduam</strong></span> <span class='ocrx_word' id='word_1_345' title='bbox 3012 1588 3455 1645; x_wconf 88' lang='lat' dir='ltr'><strong>tribulationem</strong></span> <span class='ocrx_word' id='word_1_346' title='bbox 3486 1586 3685 1659; x_wconf 80' lang='lat' dir='ltr'><strong>flagel-</strong></span> 
     </span>
    </p>
   </div>
   <div class='ocr_carea' id='block_1_47' title="bbox 2035 1676 3686 1750">
    <p class='ocr_par' dir='ltr' id='par_1_47' title="bbox 2035 1676 3686 1750">
     <span class='ocr_line' id='line_1_47' title="bbox 2035 1676 3686 1750; baseline -0.002 -17"><span class='ocrx_word' id='word_1_347' title='bbox 2035 1677 2227 1734; x_wconf 91' lang='lat' dir='ltr'><strong>lorum</strong></span> <span class='ocrx_word' id='word_1_348' title='bbox 2258 1684 2512 1747; x_wconf 91' lang='lat' dir='ltr'><strong>tuorum,</strong></span> <span class='ocrx_word' id='word_1_349' title='bbox 2538 1680 2653 1734; x_wconf 88' lang='lat' dir='ltr'><strong>vidi</strong></span> <span class='ocrx_word' id='word_1_350' title='bbox 2675 1679 2971 1750; x_wconf 87' lang='lat' dir='ltr'><strong>justitiam</strong></span> <span class='ocrx_word' id='word_1_351' title='bbox 2995 1696 3122 1750; x_wconf 74' lang='lat' dir='ltr'><strong>quae</strong></span> <span class='ocrx_word' id='word_1_352' title='bbox 3150 1677 3296 1733; x_wconf 89' lang='lat' dir='ltr'><strong>mihi</strong></span> <span class='ocrx_word' id='word_1_353' title='bbox 3319 1676 3506 1732; x_wconf 85' lang='lat' dir='ltr'><strong>facilis</strong></span> <span class='ocrx_word' id='word_1_354' title='bbox 3528 1676 3686 1731; x_wconf 82' lang='lat' dir='ltr'><strong>vide-</strong></span> 
     </span>
    </p>
   </div>
   <div class='ocr_carea' id='block_1_48' title="bbox 2037 1763 3689 1841">
    <p class='ocr_par' dir='ltr' id='par_1_48' title="bbox 2037 1763 3689 1841">
     <span class='ocr_line' id='line_1_48' title="bbox 2037 1763 3689 1841; baseline -0.001 -20"><span class='ocrx_word' id='word_1_355' title='bbox 2037 1767 2212 1822; x_wconf 88' lang='lat' dir='ltr'><strong>batur</strong></span> <span class='ocrx_word' id='word_1_356' title='bbox 2241 1784 2369 1823; x_wconf 89' lang='lat' dir='ltr'><strong>esse</strong></span> <span class='ocrx_word' id='word_1_357' title='bbox 2399 1768 2675 1824; x_wconf 82' lang='lat' dir='ltr'><strong>dificilem</strong></span> <span class='ocrx_word' id='word_1_358' title='bbox 2708 1768 2835 1824; x_wconf 89' lang='lat' dir='ltr'><strong>siue</strong></span> <span class='ocrx_word' id='word_1_359' title='bbox 2858 1773 2961 1823; x_wconf 84' lang='lat' dir='ltr'><strong>tua</strong></span> <span class='ocrx_word' id='word_1_360' title='bbox 2987 1768 3196 1841; x_wconf 88' lang='lat' dir='ltr'><strong>gratia.</strong></span> <span class='ocrx_word' id='word_1_361' title='bbox 3222 1764 3475 1839; x_wconf 86' lang='lat' dir='ltr'><strong>Cognovi</strong></span> <span class='ocrx_word' id='word_1_362' title='bbox 3502 1763 3689 1819; x_wconf 88' lang='lat' dir='ltr'><strong>multa</strong></span> 
     </span>
    </p>
   </div>
   <div class='ocr_carea' id='block_1_49' title="bbox 1956 1851 3688 1928">
    <p class='ocr_par' dir='ltr' id='par_1_49' title="bbox 1956 1851 3688 1928">
     <span class='ocr_line' id='line_1_49' title="bbox 1956 1851 3688 1928; baseline -0.005 -13"><span class='ocrx_word' id='word_1_363' title='bbox 1956 1851 2003 1915; x_wconf 92' lang='lat' dir='ltr'><strong>B</strong></span> <span class='ocrx_word' id='word_1_364' title='bbox 2034 1856 2172 1912; x_wconf 89' lang='lat' dir='ltr'><strong>vitia</strong></span> <span class='ocrx_word' id='word_1_365' title='bbox 2205 1874 2297 1912; x_wconf 93' lang='lat' dir='ltr'><strong>me</strong></span> <span class='ocrx_word' id='word_1_366' title='bbox 2328 1858 2616 1928; x_wconf 86' lang='lat' dir='ltr'><strong>invadere,</strong></span> <span class='ocrx_word' id='word_1_367' title='bbox 2641 1874 2745 1913; x_wconf 91' lang='lat' dir='ltr'><strong>uec</strong></span> <span class='ocrx_word' id='word_1_368' title='bbox 2766 1856 2912 1913; x_wconf 90' lang='lat' dir='ltr'><strong>meis</strong></span> <span class='ocrx_word' id='word_1_369' title='bbox 2943 1857 3165 1912; x_wconf 90' lang='lat' dir='ltr'><strong>viribus</strong></span> <span class='ocrx_word' id='word_1_370' title='bbox 3196 1872 3369 1928; x_wconf 89' lang='lat' dir='ltr'><strong>posse</strong></span> <span class='ocrx_word' id='word_1_371' title='bbox 3395 1854 3688 1909; x_wconf 89' lang='lat' dir='ltr'><strong>resistere.</strong></span> 
     </span>
    </p>
   </div>
   <div class='ocr_carea' id='block_1_50' title="bbox 2035 1945 3690 2019">
    <p class='ocr_par' dir='ltr' id='par_1_50' title="bbox 2035 1945 3690 2019">
     <span class='ocr_line' id='line_1_50' title="bbox 2035 1945 3690 2019; baseline -0.002 -19"><span class='ocrx_word' id='word_1_372' title='bbox 2035 1946 2105 2000; x_wconf 88' lang='lat' dir='ltr'><strong>Et</strong></span> <span class='ocrx_word' id='word_1_373' title='bbox 2125 1945 2234 2001; x_wconf 92' lang='lat' dir='ltr'><strong>hoc</strong></span> <span class='ocrx_word' id='word_1_374' title='bbox 2256 1946 2406 2013; x_wconf 87' lang='lat' dir='ltr'><strong>idco,</strong></span> <span class='ocrx_word' id='word_1_375' title='bbox 2431 1948 2690 2019; x_wconf 86' lang='lat' dir='ltr'><strong>quoniam</strong></span> <span class='ocrx_word' id='word_1_376' title='bbox 2709 1952 2942 2018; x_wconf 84' lang='lat' dir='ltr'><strong>gravata</strong></span> <span class='ocrx_word' id='word_1_377' title='bbox 2964 1949 3041 2000; x_wconf 86' lang='lat' dir='ltr'><strong>est</strong></span> <span class='ocrx_word' id='word_1_378' title='bbox 3059 1961 3225 2016; x_wconf 82' lang='lat' dir='ltr'><strong>super</strong></span> <span class='ocrx_word' id='word_1_379' title='bbox 3243 1961 3332 2001; x_wconf 88' lang='lat' dir='ltr'><strong>me</strong></span> <span class='ocrx_word' id='word_1_380' title='bbox 3351 1959 3549 1999; x_wconf 85' lang='lat' dir='ltr'><strong>manus</strong></span> <span class='ocrx_word' id='word_1_381' title='bbox 3570 1952 3690 2012; x_wconf 88' lang='lat' dir='ltr'><strong>tua,</strong></span> 
     </span>
    </p>
   </div>
   <div class='ocr_carea' id='block_1_51' title="bbox 2036 2031 3693 2106">
    <p class='ocr_par' dir='ltr' id='par_1_51' title="bbox 2036 2031 3693 2106">
     <span class='ocr_line' id='line_1_51' title="bbox 2036 2031 3693 2106; baseline -0.001 -17"><span class='ocrx_word' id='word_1_382' title='bbox 2036 2050 2163 2106; x_wconf 78' lang='lat' dir='ltr'><strong>quae</strong></span> <span class='ocrx_word' id='word_1_383' title='bbox 2195 2034 2450 2091; x_wconf 88' lang='lat' dir='ltr'><strong>humiles</strong></span> <span class='ocrx_word' id='word_1_384' title='bbox 2481 2035 2782 2101; x_wconf 88' lang='lat' dir='ltr'><strong>sublevat,</strong></span> <span class='ocrx_word' id='word_1_385' title='bbox 2815 2034 3101 2106; x_wconf 89' lang='lat' dir='ltr'><strong>superbos</strong></span> <span class='ocrx_word' id='word_1_386' title='bbox 3150 2037 3371 2105; x_wconf 86' lang='lat' dir='ltr'><strong>gravat.</strong></span> <span class='ocrx_word' id='word_1_387' title='bbox 3424 2031 3693 2087; x_wconf 87' lang='lat' dir='ltr'><strong>Potentia</strong></span> 
     </span>
    </p>
   </div>
   <div class='ocr_carea' id='block_1_52' title="bbox 2036 2121 3690 2196">
    <p class='ocr_par' dir='ltr' id='par_1_52' title="bbox 2036 2121 3690 2196">
     <span class='ocr_line' id='line_1_52' title="bbox 2036 2121 3690 2196; baseline -0.002 -19"><span class='ocrx_word' id='word_1_388' title='bbox 2036 2128 2136 2188; x_wconf 83' lang='lat' dir='ltr'><strong>tua</strong></span> <span class='ocrx_word' id='word_1_389' title='bbox 2160 2122 2412 2179; x_wconf 88' lang='lat' dir='ltr'><strong>multum</strong></span> <span class='ocrx_word' id='word_1_390' title='bbox 2436 2141 2528 2180; x_wconf 92' lang='lat' dir='ltr'><strong>me</strong></span> <span class='ocrx_word' id='word_1_391' title='bbox 2550 2125 2869 2196; x_wconf 90' lang='lat' dir='ltr'><strong>superbum</strong></span> <span class='ocrx_word' id='word_1_392' title='bbox 2894 2122 3203 2194; x_wconf 88' lang='lat' dir='ltr'><strong>depressit,</strong></span> <span class='ocrx_word' id='word_1_393' title='bbox 3227 2121 3366 2192; x_wconf 91' lang='lat' dir='ltr'><strong>quia</strong></span> <span class='ocrx_word' id='word_1_394' title='bbox 3385 2124 3690 2191; x_wconf 90' lang='lat' dir='ltr'><strong>peccatum</strong></span> 
     </span>
    </p>
   </div>
   <div class='ocr_carea' id='block_1_53' title="bbox 2037 2208 3689 2284">
    <p class='ocr_par' dir='ltr' id='par_1_53' title="bbox 2037 2208 3689 2284">
     <span class='ocr_line' id='line_1_53' title="bbox 2037 2208 3689 2284; baseline -0.001 -20"><span class='ocrx_word' id='word_1_395' title='bbox 2037 2210 2183 2265; x_wconf 90' lang='lat' dir='ltr'><strong>mihi</strong></span> <span class='ocrx_word' id='word_1_396' title='bbox 2215 2213 2505 2267; x_wconf 88' lang='lat' dir='ltr'><strong>dominari</strong></span> <span class='ocrx_word' id='word_1_397' title='bbox 2539 2212 2823 2284; x_wconf 85' lang='lat' dir='ltr'><strong>permisit,</strong></span> <span class='ocrx_word' id='word_1_398' title='bbox 2865 2210 3164 2284; x_wconf 86' lang='lat' dir='ltr'><strong>justitiam</strong></span> <span class='ocrx_word' id='word_1_399' title='bbox 3196 2208 3497 2264; x_wconf 78' lang='lat' dir='ltr'><strong>difficilem</strong></span> <span class='ocrx_word' id='word_1_400' title='bbox 3530 2208 3689 2275; x_wconf 86' lang='lat' dir='ltr'><strong>fecit,</strong></span> 
     </span>
    </p>
   </div>
   <div class='ocr_carea' id='block_1_54' title="bbox 2037 2297 3686 2371">
    <p class='ocr_par' dir='ltr' id='par_1_54' title="bbox 2037 2297 3686 2371">
     <span class='ocr_line' id='line_1_54' title="bbox 2037 2297 3686 2371; baseline -0.002 -17"><span class='ocrx_word' id='word_1_401' title='bbox 2037 2315 2164 2370; x_wconf 68' lang='lat' dir='ltr'><strong>quae</strong></span> <span class='ocrx_word' id='word_1_402' title='bbox 2196 2305 2453 2371; x_wconf 86' lang='lat' dir='ltr'><strong>potestas</strong></span> <span class='ocrx_word' id='word_1_403' title='bbox 2484 2301 2605 2356; x_wconf 77' lang='lat' dir='ltr'><strong>haec</strong></span> <span class='ocrx_word' id='word_1_404' title='bbox 2636 2300 2835 2355; x_wconf 90' lang='lat' dir='ltr'><strong>omnia</strong></span> <span class='ocrx_word' id='word_1_405' title='bbox 2865 2299 3215 2364; x_wconf 89' lang='lat' dir='ltr'><strong>sublevaret,</strong></span> <span class='ocrx_word' id='word_1_406' title='bbox 3249 2297 3299 2353; x_wconf 92' lang='lat' dir='ltr'><strong>si</strong></span> <span class='ocrx_word' id='word_1_407' title='bbox 3328 2314 3444 2353; x_wconf 91' lang='lat' dir='ltr'><strong>non</strong></span> <span class='ocrx_word' id='word_1_408' title='bbox 3471 2297 3542 2352; x_wconf 91' lang='lat' dir='ltr'><strong>de</strong></span> <span class='ocrx_word' id='word_1_409' title='bbox 3572 2313 3686 2364; x_wconf 92' lang='lat' dir='ltr'><strong>me,</strong></span> 
     </span>
    </p>
   </div>
   <div class='ocr_carea' id='block_1_55' title="bbox 2036 2384 3689 2462">
    <p class='ocr_par' dir='ltr' id='par_1_55' title="bbox 2036 2384 3689 2462">
     <span class='ocr_line' id='line_1_55' title="bbox 2036 2384 3689 2462; baseline -0.002 -20"><span class='ocrx_word' id='word_1_410' title='bbox 2036 2388 2135 2443; x_wconf 92' lang='lat' dir='ltr'><strong>sed</strong></span> <span class='ocrx_word' id='word_1_411' title='bbox 2172 2389 2243 2444; x_wconf 88' lang='lat' dir='ltr'><strong>de</strong></span> <span class='ocrx_word' id='word_1_412' title='bbox 2273 2388 2372 2444; x_wconf 92' lang='lat' dir='ltr'><strong>illo</strong></span> <span class='ocrx_word' id='word_1_413' title='bbox 2403 2404 2755 2462; x_wconf 82' lang='lat' dir='ltr'><strong>praesumere</strong></span> <span class='ocrx_word' id='word_1_414' title='bbox 2784 2387 3010 2444; x_wconf 86' lang='lat' dir='ltr'><strong>vellem.</strong></span> <span class='ocrx_word' id='word_1_415' title='bbox 3064 2388 3162 2443; x_wconf 87' lang='lat' dir='ltr'><strong>Die</strong></span> <span class='ocrx_word' id='word_1_416' title='bbox 3191 2404 3256 2457; x_wconf 79' lang='lat' dir='ltr'><strong>ac</strong></span> <span class='ocrx_word' id='word_1_417' title='bbox 3284 2394 3458 2454; x_wconf 87' lang='lat' dir='ltr'><strong>nocte,</strong></span> <span class='ocrx_word' id='word_1_418' title='bbox 3507 2384 3565 2440; x_wconf 91' lang='lat' dir='ltr'><strong>id</strong></span> <span class='ocrx_word' id='word_1_419' title='bbox 3600 2388 3689 2440; x_wconf 92' lang='lat' dir='ltr'><strong>est</strong></span> 
     </span>
    </p>
   </div>
   <div class='ocr_carea' id='block_1_56' title="bbox 2037 2477 2295 2532">
    <p class='ocr_par' dir='ltr' id='par_1_56' title="bbox 2037 2477 2295 2532">
     <span class='ocr_line' id='line_1_56' title="bbox 2037 2477 2295 2532; baseline -0.004 -1"><span class='ocrx_word' id='word_1_420' title='bbox 2037 2477 2295 2532; x_wconf 86' lang='lat' dir='ltr'><strong>assidue.</strong></span> 
     </span>
    </p>
   </div>
   <div class='ocr_carea' id='block_1_57' title="bbox 2107 2616 3688 2688">
    <p class='ocr_par' dir='ltr' id='par_1_57' title="bbox 2107 2616 3688 2688">
     <span class='ocr_line' id='line_1_57' title="bbox 2107 2616 3688 2688; baseline -0.001 -17"><span class='ocrx_word' id='word_1_421' title='bbox 2107 2616 2564 2673; x_wconf 75' lang='lat' dir='ltr'><strong>Conclusitenim</strong></span> <span class='ocrx_word' id='word_1_422' title='bbox 2596 2624 2737 2674; x_wconf 89' lang='lat' dir='ltr'><strong>Deus</strong></span> <span class='ocrx_word' id='word_1_423' title='bbox 2782 2619 2973 2674; x_wconf 82' lang='lat' dir='ltr'><strong>omnia</strong></span> <span class='ocrx_word' id='word_1_424' title='bbox 3017 2617 3119 2671; x_wconf 90' lang='lat' dir='ltr'><strong>sub</strong></span> <span class='ocrx_word' id='word_1_425' title='bbox 3170 2624 3414 2688; x_wconf 86' lang='lat' dir='ltr'><strong>peccato,</strong></span> <span class='ocrx_word' id='word_1_426' title='bbox 3461 2624 3523 2672; x_wconf 88' lang='lat' dir='ltr'><strong>ut</strong></span> <span class='ocrx_word' id='word_1_427' title='bbox 3564 2632 3688 2673; x_wconf 90' lang='lat' dir='ltr'><strong>om-</strong></span> 
     </span>
    </p>
   </div>
   <div class='ocr_carea' id='block_1_58' title="bbox 2031 2704 3684 2778">
    <p class='ocr_par' dir='ltr' id='par_1_58' title="bbox 2031 2704 3684 2778">
     <span class='ocr_line' id='line_1_58' title="bbox 2031 2704 3684 2778; baseline 0 -19"><span class='ocrx_word' id='word_1_428' title='bbox 2031 2708 2188 2760; x_wconf 85' lang='lat' dir='ltr'><strong>nium</strong></span> <span class='ocrx_word' id='word_1_429' title='bbox 2216 2708 2575 2761; x_wconf 80' lang='lat' dir='ltr'><strong>misereretur</strong></span> <span class='ocrx_word' id='word_1_430' title='bbox 2607 2708 2780 2778; x_wconf 80' lang='lat' dir='ltr'><strong>(Rom.</strong></span> <span class='ocrx_word' id='word_1_431' title='bbox 2814 2712 2914 2778; x_wconf 80' lang='lat' dir='ltr'><strong>xi).</strong></span> <span class='ocrx_word' id='word_1_432' title='bbox 2948 2704 3051 2761; x_wconf 89' lang='lat' dir='ltr'><strong>Vel</strong></span> <span class='ocrx_word' id='word_1_433' title='bbox 3080 2705 3168 2760; x_wconf 87' lang='lat' dir='ltr'><strong>die</strong></span> <span class='ocrx_word' id='word_1_434' title='bbox 3191 2721 3257 2761; x_wconf 91' lang='lat' dir='ltr'><strong>ac</strong></span> <span class='ocrx_word' id='word_1_435' title='bbox 3274 2713 3448 2775; x_wconf 84' lang='lat' dir='ltr'><strong>nocte,</strong></span> <span class='ocrx_word' id='word_1_436' title='bbox 3483 2705 3540 2759; x_wconf 91' lang='lat' dir='ltr'><strong>id</strong></span> <span class='ocrx_word' id='word_1_437' title='bbox 3574 2709 3684 2769; x_wconf 91' lang='lat' dir='ltr'><strong>est,</strong></span> 
     </span>
    </p>
   </div>
   <div class='ocr_carea' id='block_1_59' title="bbox 2031 2793 3685 2867">
    <p class='ocr_par' dir='ltr' id='par_1_59' title="bbox 2031 2793 3685 2867">
     <span class='ocr_line' id='line_1_59' title="bbox 2031 2793 3685 2867; baseline 0.001 -19"><span class='ocrx_word' id='word_1_438' title='bbox 2031 2797 2088 2848; x_wconf 89' lang='lat' dir='ltr'><strong>et</strong></span> <span class='ocrx_word' id='word_1_439' title='bbox 2116 2793 2177 2849; x_wconf 91' lang='lat' dir='ltr'><strong>in</strong></span> <span class='ocrx_word' id='word_1_440' title='bbox 2208 2796 2503 2867; x_wconf 87' lang='lat' dir='ltr'><strong>prosperis</strong></span> <span class='ocrx_word' id='word_1_441' title='bbox 2533 2799 2590 2851; x_wconf 89' lang='lat' dir='ltr'><strong>et</strong></span> <span class='ocrx_word' id='word_1_442' title='bbox 2619 2796 2676 2850; x_wconf 91' lang='lat' dir='ltr'><strong>in</strong></span> <span class='ocrx_word' id='word_1_443' title='bbox 2701 2795 2982 2863; x_wconf 88' lang='lat' dir='ltr'><strong>adversis,</strong></span> <span class='ocrx_word' id='word_1_444' title='bbox 3008 2794 3149 2866; x_wconf 90' lang='lat' dir='ltr'><strong>quia</strong></span> <span class='ocrx_word' id='word_1_445' title='bbox 3171 2811 3277 2849; x_wconf 90' lang='lat' dir='ltr'><strong>nec</strong></span> <span class='ocrx_word' id='word_1_446' title='bbox 3301 2794 3361 2848; x_wconf 92' lang='lat' dir='ltr'><strong>iu</strong></span> <span class='ocrx_word' id='word_1_447' title='bbox 3388 2793 3685 2866; x_wconf 88' lang='lat' dir='ltr'><strong>prosperis</strong></span> 
     </span>
    </p>
   </div>
   <div class='ocr_carea' id='block_1_60' title="bbox 2031 2880 3685 2950">
    <p class='ocr_par' dir='ltr' id='par_1_60' title="bbox 2031 2880 3685 2950">
     <span class='ocr_line' id='line_1_60' title="bbox 2031 2880 3685 2950; baseline -0.001 -13"><span class='ocrx_word' id='word_1_448' title='bbox 2031 2882 2104 2937; x_wconf 88' lang='lat' dir='ltr'><strong>ab</strong></span> <span class='ocrx_word' id='word_1_449' title='bbox 2136 2882 2241 2938; x_wconf 90' lang='lat' dir='ltr'><strong>hac</strong></span> <span class='ocrx_word' id='word_1_450' title='bbox 2274 2884 2512 2939; x_wconf 90' lang='lat' dir='ltr'><strong>miseria</strong></span> <span class='ocrx_word' id='word_1_451' title='bbox 2541 2901 2673 2940; x_wconf 88' lang='lat' dir='ltr'><strong>sum</strong></span> <span class='ocrx_word' id='word_1_452' title='bbox 2706 2885 3016 2950; x_wconf 89' lang='lat' dir='ltr'><strong>relevatus,</strong></span> <span class='ocrx_word' id='word_1_453' title='bbox 3049 2899 3155 2938; x_wconf 90' lang='lat' dir='ltr'><strong>nec</strong></span> <span class='ocrx_word' id='word_1_454' title='bbox 3181 2883 3242 2937; x_wconf 91' lang='lat' dir='ltr'><strong>iu</strong></span> <span class='ocrx_word' id='word_1_455' title='bbox 3269 2882 3552 2937; x_wconf 83' lang='lat' dir='ltr'><strong>adversis.</strong></span> <span class='ocrx_word' id='word_1_456' title='bbox 3582 2880 3685 2936; x_wconf 90' lang='lat' dir='ltr'><strong>Vel</strong></span> 
     </span>
    </p>
   </div>
   <div class='ocr_carea' id='block_1_61' title="bbox 2029 2970 3686 3028">
    <p class='ocr_par' dir='ltr' id='par_1_61' title="bbox 2029 2970 3686 3028">
     <span class='ocr_line' id='line_1_61' title="bbox 2029 2970 3686 3028; baseline -0.001 -3"><span class='ocrx_word' id='word_1_457' title='bbox 2029 2987 2320 3027; x_wconf 87' lang='lat' dir='ltr'><strong>conversus</strong></span> <span class='ocrx_word' id='word_1_458' title='bbox 2363 2990 2488 3028; x_wconf 87' lang='lat' dir='ltr'><strong>sum</strong></span> <span class='ocrx_word' id='word_1_459' title='bbox 2517 2991 2553 3028; x_wconf 68' lang='grc' dir='ltr'>ει</span> <span class='ocrx_word' id='word_1_460' title='bbox 2583 2972 2755 3028; x_wconf 90' lang='lat' dir='ltr'><strong>laude</strong></span> <span class='ocrx_word' id='word_1_461' title='bbox 2785 2973 2845 3028; x_wconf 91' lang='lat' dir='ltr'><strong>in</strong></span> <span class='ocrx_word' id='word_1_462' title='bbox 2876 2970 3312 3028; x_wconf 87' lang='lat' dir='ltr'><strong>accusationem</strong></span> <span class='ocrx_word' id='word_1_463' title='bbox 3344 2970 3482 3024; x_wconf 91' lang='lat' dir='ltr'><strong>mei.</strong></span> <span class='ocrx_word' id='word_1_464' title='bbox 3538 2974 3686 3024; x_wconf 92' lang='lat' dir='ltr'><strong>Dum</strong></span> 
     </span>
    </p>
   </div>
   <div class='ocr_carea' id='block_1_62' title="bbox 2029 3058 3679 3132">
    <p class='ocr_par' dir='ltr' id='par_1_62' title="bbox 2029 3058 3679 3132">
     <span class='ocr_line' id='line_1_62' title="bbox 2029 3058 3679 3132; baseline 0 -19"><span class='ocrx_word' id='word_1_465' title='bbox 2029 3060 2331 3129; x_wconf 82' lang='lat' dir='ltr'><strong>conﬁgitur</strong></span> <span class='ocrx_word' id='word_1_466' title='bbox 2373 3063 2557 3132; x_wconf 86' lang='lat' dir='ltr'><strong>spina,</strong></span> <span class='ocrx_word' id='word_1_467' title='bbox 2610 3062 2665 3116; x_wconf 91' lang='lat' dir='ltr'><strong>id</strong></span> <span class='ocrx_word' id='word_1_468' title='bbox 2713 3065 2822 3129; x_wconf 90' lang='lat' dir='ltr'><strong>est,</strong></span> <span class='ocrx_word' id='word_1_469' title='bbox 2873 3062 3013 3115; x_wconf 89' lang='lat' dir='ltr'><strong>dum</strong></span> <span class='ocrx_word' id='word_1_470' title='bbox 3047 3060 3339 3132; x_wconf 88' lang='lat' dir='ltr'><strong>frangitur</strong></span> <span class='ocrx_word' id='word_1_471' title='bbox 3383 3058 3679 3130; x_wconf 88' lang='lat' dir='ltr'><strong>superbia,</strong></span> 
     </span>
    </p>
   </div>
   <div class='ocr_carea' id='block_1_63' title="bbox 2031 3148 3678 3221">
    <p class='ocr_par' dir='ltr' id='par_1_63' title="bbox 2031 3148 3678 3221">
     <span class='ocr_line' id='line_1_63' title="bbox 2031 3148 3678 3221; baseline -0.001 -18"><span class='ocrx_word' id='word_1_472' title='bbox 2031 3151 2088 3203; x_wconf 90' lang='lat' dir='ltr'><strong>et</strong></span> <span class='ocrx_word' id='word_1_473' title='bbox 2118 3148 2366 3204; x_wconf 90' lang='lat' dir='ltr'><strong>iucliuor</strong></span> <span class='ocrx_word' id='word_1_474' title='bbox 2395 3150 2466 3205; x_wconf 88' lang='lat' dir='ltr'><strong>ad</strong></span> <span class='ocrx_word' id='word_1_475' title='bbox 2492 3149 2885 3204; x_wconf 88' lang='lat' dir='ltr'><strong>humilitatem</strong></span> <span class='ocrx_word' id='word_1_476' title='bbox 2912 3166 3013 3221; x_wconf 91' lang='lat' dir='ltr'><strong>per</strong></span> <span class='ocrx_word' id='word_1_477' title='bbox 3034 3148 3179 3221; x_wconf 88' lang='lat' dir='ltr'><strong>legis</strong></span> <span class='ocrx_word' id='word_1_478' title='bbox 3200 3148 3678 3219; x_wconf 90' lang='lat' dir='ltr'><strong>prohibitionem.</strong></span> 
     </span>
    </p>
   </div>
   <div class='ocr_carea' id='block_1_64' title="bbox 260 3212 3674 3308">
    <p class='ocr_par' dir='ltr' id='par_1_64' title="bbox 260 3212 3674 3308">
     <span class='ocr_line' id='line_1_64' title="bbox 260 3212 3674 3308; baseline 0.002 -27"><span class='ocrx_word' id='word_1_479' title='bbox 260 3223 583 3281; x_wconf 88' lang='lat' dir='ltr'><strong>Dominica</strong></span> <span class='ocrx_word' id='word_1_480' title='bbox 633 3224 912 3292; x_wconf 88' lang='lat' dir='ltr'><strong>oratione,</strong></span> <span class='ocrx_word' id='word_1_481' title='bbox 944 3224 1031 3279; x_wconf 90' lang='lat' dir='ltr'><strong>vel</strong></span> <span class='ocrx_word' id='word_1_482' title='bbox 1064 3212 1414 3296; x_wconf 78' lang='lat' dir='ltr'><strong>psalmodia,</strong></span> <span class='ocrx_word' id='word_1_483' title='bbox 1445 3226 1536 3281; x_wconf 91' lang='lat' dir='ltr'><strong>vel</strong></span> <span class='ocrx_word' id='word_1_484' title='bbox 1564 3226 1799 3292; x_wconf 86' lang='lat' dir='ltr'><strong>letauia,</strong></span> <span class='ocrx_word' id='word_1_485' title='bbox 1832 3227 1921 3283; x_wconf 89' lang='lat' dir='ltr'><strong>vel</strong></span> <span class='ocrx_word' id='word_1_486' title='bbox 1953 3216 1995 3284; x_wconf 84' lang='lat' dir='ltr'>C</span> <span class='ocrx_word' id='word_1_487' title='bbox 2031 3235 2210 3306; x_wconf 89' lang='lat' dir='ltr'><strong>Spina</strong></span> <span class='ocrx_word' id='word_1_488' title='bbox 2237 3241 2325 3291; x_wconf 88' lang='lat' dir='ltr'><strong>est</strong></span> <span class='ocrx_word' id='word_1_489' title='bbox 2354 3254 2420 3291; x_wconf 90' lang='lat' dir='ltr'><strong>os</strong></span> <span class='ocrx_word' id='word_1_490' title='bbox 2452 3238 2606 3306; x_wconf 90' lang='lat' dir='ltr'><strong>quod</strong></span> <span class='ocrx_word' id='word_1_491' title='bbox 2646 3212 3161 3308; x_wconf 68' lang='lat' dir='ltr'><strong>animaliscorpus</strong></span> <span class='ocrx_word' id='word_1_492' title='bbox 3190 3212 3448 3306; x_wconf 75' lang='lat' dir='ltr'><strong>rigidum</strong></span> <span class='ocrx_word' id='word_1_493' title='bbox 3477 3238 3674 3299; x_wconf 90' lang='lat' dir='ltr'><strong>tenet;</strong></span> 
     </span>
    </p>
   </div>
   <div class='ocr_carea' id='block_1_65' title="bbox 260 3311 1925 3386">
    <p class='ocr_par' dir='ltr' id='par_1_65' title="bbox 260 3311 1925 3386">
     <span class='ocr_line' id='line_1_65' title="bbox 260 3311 1925 3386; baseline -0.001 -16"><span class='ocrx_word' id='word_1_494' title='bbox 260 3312 664 3385; x_wconf 78' lang='lat' dir='ltr'><strong>eleemosynis</strong></span> <span class='ocrx_word' id='word_1_495' title='bbox 682 3311 884 3368; x_wconf 91' lang='lat' dir='ltr'><strong>leviter</strong></span> <span class='ocrx_word' id='word_1_496' title='bbox 897 3313 1207 3369; x_wconf 89' lang='lat' dir='ltr'><strong>emendare</strong></span> <span class='ocrx_word' id='word_1_497' title='bbox 1228 3314 1437 3385; x_wconf 87' lang='lat' dir='ltr'><strong>potuit.</strong></span> <span class='ocrx_word' id='word_1_498' title='bbox 1453 3314 1587 3369; x_wconf 90' lang='lat' dir='ltr'><strong>Ideo</strong></span> <span class='ocrx_word' id='word_1_499' title='bbox 1605 3332 1720 3370; x_wconf 90' lang='lat' dir='ltr'><strong>non</strong></span> <span class='ocrx_word' id='word_1_500' title='bbox 1737 3316 1925 3386; x_wconf 89' lang='lat' dir='ltr'><strong>impu-</strong></span> 
     </span>
    </p>
   </div>
   <div class='ocr_carea' id='block_1_66' title="bbox 260 3401 1927 3475">
    <p class='ocr_par' dir='ltr' id='par_1_66' title="bbox 260 3401 1927 3475">
     <span class='ocr_line' id='line_1_66' title="bbox 260 3401 1927 3475; baseline -0.001 -16"><span class='ocrx_word' id='word_1_501' title='bbox 260 3402 444 3469; x_wconf 83' lang='lat' dir='ltr'><strong>tavit,</strong></span> <span class='ocrx_word' id='word_1_502' title='bbox 457 3401 595 3473; x_wconf 88' lang='lat' dir='ltr'><strong>quia</strong></span> <span class='ocrx_word' id='word_1_503' title='bbox 609 3416 707 3457; x_wconf 87' lang='lat' dir='ltr'><strong>nec</strong></span> <span class='ocrx_word' id='word_1_504' title='bbox 724 3410 801 3457; x_wconf 92' lang='lat' dir='ltr'><strong>est</strong></span> <span class='ocrx_word' id='word_1_505' title='bbox 819 3404 881 3457; x_wconf 87' lang='lat' dir='ltr'><strong>in</strong></span> <span class='ocrx_word' id='word_1_506' title='bbox 901 3402 1108 3472; x_wconf 82' lang='lat' dir='ltr'><strong>spiritu</strong></span> <span class='ocrx_word' id='word_1_507' title='bbox 1124 3402 1245 3472; x_wconf 84' lang='lat' dir='ltr'><strong>ejus</strong></span> <span class='ocrx_word' id='word_1_508' title='bbox 1264 3401 1438 3457; x_wconf 87' lang='lat' dir='ltr'><strong>dotus.</strong></span> <span class='ocrx_word' id='word_1_509' title='bbox 1456 3402 1517 3457; x_wconf 91' lang='lat' dir='ltr'><strong>In</strong></span> <span class='ocrx_word' id='word_1_510' title='bbox 1540 3402 1700 3458; x_wconf 90' lang='lat' dir='ltr'><strong>illius</strong></span> <span class='ocrx_word' id='word_1_511' title='bbox 1722 3405 1927 3475; x_wconf 85' lang='lat' dir='ltr'><strong>spiritu</strong></span> 
     </span>
    </p>
   </div>
   <div class='ocr_carea' id='block_1_67' title="bbox 261 3489 1929 3562">
    <p class='ocr_par' dir='ltr' id='par_1_67' title="bbox 261 3489 1929 3562">
     <span class='ocr_line' id='line_1_67' title="bbox 261 3489 1929 3562; baseline -0.002 -12"><span class='ocrx_word' id='word_1_512' title='bbox 261 3495 353 3550; x_wconf 82' lang='lat' dir='ltr'><strong>est</strong></span> <span class='ocrx_word' id='word_1_513' title='bbox 373 3490 534 3546; x_wconf 86' lang='lat' dir='ltr'><strong>dolus</strong></span> <span class='ocrx_word' id='word_1_514' title='bbox 557 3491 656 3562; x_wconf 88' lang='lat' dir='ltr'><strong>qui</strong></span> <span class='ocrx_word' id='word_1_515' title='bbox 680 3489 838 3545; x_wconf 88' lang='lat' dir='ltr'><strong>aliud</strong></span> <span class='ocrx_word' id='word_1_516' title='bbox 865 3495 957 3547; x_wconf 90' lang='lat' dir='ltr'><strong>est</strong></span> <span class='ocrx_word' id='word_1_517' title='bbox 984 3494 1041 3545; x_wconf 93' lang='lat' dir='ltr'><strong>et</strong></span> <span class='ocrx_word' id='word_1_518' title='bbox 1070 3489 1229 3545; x_wconf 89' lang='lat' dir='ltr'><strong>aliud</strong></span> <span class='ocrx_word' id='word_1_519' title='bbox 1258 3489 1519 3546; x_wconf 87' lang='lat' dir='ltr'><strong>simulat.</strong></span> <span class='ocrx_word' id='word_1_520' title='bbox 1556 3492 1719 3547; x_wconf 91' lang='lat' dir='ltr'><strong>Intus</strong></span> <span class='ocrx_word' id='word_1_521' title='bbox 1749 3492 1929 3548; x_wconf 87' lang='lat' dir='ltr'><strong>habet</strong></span> 
     </span>
    </p>
   </div>
   <div class='ocr_carea' id='block_1_68' title="bbox 261 3578 1930 3653">
    <p class='ocr_par' dir='ltr' id='par_1_68' title="bbox 261 3578 1930 3653">
     <span class='ocr_line' id='line_1_68' title="bbox 261 3578 1930 3653; baseline 0 -17"><span class='ocrx_word' id='word_1_522' title='bbox 261 3581 357 3653; x_wconf 62' lang='lat' dir='ltr'><strong>iud</strong></span> <span class='ocrx_word' id='word_1_523' title='bbox 368 3578 1350 3650; x_wconf 86' lang='lat' dir='ltr'><strong>ustitiam,forisclamatjustitiam:</strong></span> <span class='ocrx_word' id='word_1_524' title='bbox 1366 3580 1521 3652; x_wconf 91' lang='lat' dir='ltr'><strong>quod</strong></span> <span class='ocrx_word' id='word_1_525' title='bbox 1537 3580 1724 3636; x_wconf 88' lang='lat' dir='ltr'><strong>notari</strong></span> <span class='ocrx_word' id='word_1_526' title='bbox 1738 3584 1930 3653; x_wconf 86' lang='lat' dir='ltr'><strong>potest</strong></span> 
     </span>
    </p>
   </div>
   <div class='ocr_carea' id='block_1_69' title="bbox 260 3666 1927 3740">
    <p class='ocr_par' dir='ltr' id='par_1_69' title="bbox 260 3666 1927 3740">
     <span class='ocr_line' id='line_1_69' title="bbox 260 3666 1927 3740; baseline 0.001 -15"><span class='ocrx_word' id='word_1_527' title='bbox 260 3670 334 3725; x_wconf 89' lang='lat' dir='ltr'><strong>in</strong></span> <span class='ocrx_word' id='word_1_528' title='bbox 371 3668 666 3724; x_wconf 71' lang='lat' dir='ltr'><strong>Pharisseo</strong></span> <span class='ocrx_word' id='word_1_529' title='bbox 697 3674 755 3723; x_wconf 90' lang='lat' dir='ltr'><strong>et</strong></span> <span class='ocrx_word' id='word_1_530' title='bbox 782 3666 1121 3724; x_wconf 91' lang='lat' dir='ltr'><strong>Publicano.</strong></span> <span class='ocrx_word' id='word_1_531' title='bbox 1149 3670 1215 3724; x_wconf 92' lang='lat' dir='ltr'><strong>In</strong></span> <span class='ocrx_word' id='word_1_532' title='bbox 1236 3668 1445 3740; x_wconf 89' lang='lat' dir='ltr'><strong>spiritu</strong></span> <span class='ocrx_word' id='word_1_533' title='bbox 1476 3670 1781 3726; x_wconf 86' lang='lat' dir='ltr'><strong>Publicani</strong></span> <span class='ocrx_word' id='word_1_534' title='bbox 1811 3687 1927 3726; x_wconf 89' lang='lat' dir='ltr'><strong>non</strong></span> 
     </span>
    </p>
   </div>
   <div class='ocr_carea' id='block_1_70' title="bbox 262 3756 1931 3829">
    <p class='ocr_par' dir='ltr' id='par_1_70' title="bbox 262 3756 1931 3829">
     <span class='ocr_line' id='line_1_70' title="bbox 262 3756 1931 3829; baseline -0.001 -14"><span class='ocrx_word' id='word_1_535' title='bbox 262 3759 394 3815; x_wconf 84' lang='lat' dir='ltr'><strong>fuit</strong></span> <span class='ocrx_word' id='word_1_536' title='bbox 420 3757 595 3828; x_wconf 86' lang='lat' dir='ltr'><strong>dotus,</strong></span> <span class='ocrx_word' id='word_1_537' title='bbox 620 3756 761 3828; x_wconf 86' lang='lat' dir='ltr'><strong>quia</strong></span> <span class='ocrx_word' id='word_1_538' title='bbox 783 3756 939 3829; x_wconf 89' lang='lat' dir='ltr'><strong>quod</strong></span> <span class='ocrx_word' id='word_1_539' title='bbox 963 3773 1032 3813; x_wconf 83' lang='lat' dir='ltr'><strong>ex</strong></span> <span class='ocrx_word' id='word_1_540' title='bbox 1051 3772 1113 3812; x_wconf 90' lang='lat' dir='ltr'><strong>se</strong></span> <span class='ocrx_word' id='word_1_541' title='bbox 1134 3763 1258 3812; x_wconf 88' lang='lat' dir='ltr'><strong>erat</strong></span> <span class='ocrx_word' id='word_1_542' title='bbox 1278 3775 1395 3813; x_wconf 90' lang='lat' dir='ltr'><strong>non</strong></span> <span class='ocrx_word' id='word_1_543' title='bbox 1419 3760 1622 3814; x_wconf 88' lang='lat' dir='ltr'><strong>tacuit.</strong></span> <span class='ocrx_word' id='word_1_544' title='bbox 1650 3759 1931 3815; x_wconf 88' lang='lat' dir='ltr'><strong>Humilia-</strong></span> 
     </span>
    </p>
   </div>
   <div class='ocr_carea' id='block_1_71' title="bbox 263 3845 1930 3915">
    <p class='ocr_par' dir='ltr' id='par_1_71' title="bbox 263 3845 1930 3915">
     <span class='ocr_line' id='line_1_71' title="bbox 263 3845 1930 3915; baseline 0.001 -12"><span class='ocrx_word' id='word_1_545' title='bbox 263 3849 384 3915; x_wconf 83' lang='lat' dir='ltr'><strong>vit,</strong></span> <span class='ocrx_word' id='word_1_546' title='bbox 414 3862 479 3902; x_wconf 88' lang='lat' dir='ltr'><strong>se</strong></span> <span class='ocrx_word' id='word_1_547' title='bbox 497 3845 811 3913; x_wconf 89' lang='lat' dir='ltr'><strong>accusavit,</strong></span> <span class='ocrx_word' id='word_1_548' title='bbox 833 3850 982 3901; x_wconf 89' lang='lat' dir='ltr'><strong>stans</strong></span> <span class='ocrx_word' id='word_1_549' title='bbox 1001 3862 1037 3900; x_wconf 88' lang='lat' dir='ltr'><strong>a</strong></span> <span class='ocrx_word' id='word_1_550' title='bbox 1066 3846 1245 3915; x_wconf 78' lang='lat' dir='ltr'><strong>longe,</strong></span> <span class='ocrx_word' id='word_1_551' title='bbox 1273 3850 1330 3902; x_wconf 93' lang='lat' dir='ltr'><strong>et</strong></span> <span class='ocrx_word' id='word_1_552' title='bbox 1354 3863 1469 3902; x_wconf 90' lang='lat' dir='ltr'><strong>non</strong></span> <span class='ocrx_word' id='word_1_553' title='bbox 1497 3849 1718 3903; x_wconf 90' lang='lat' dir='ltr'><strong>audens</strong></span> <span class='ocrx_word' id='word_1_554' title='bbox 1751 3850 1930 3904; x_wconf 86' lang='lat' dir='ltr'><strong>oculos</strong></span> 
     </span>
    </p>
   </div>
   <div class='ocr_carea' id='block_1_72' title="bbox 264 3934 1927 4007">
    <p class='ocr_par' dir='ltr' id='par_1_72' title="bbox 264 3934 1927 4007">
     <span class='ocr_line' id='line_1_72' title="bbox 264 3934 1927 4007; baseline 0 -13"><span class='ocrx_word' id='word_1_555' title='bbox 264 3938 350 3994; x_wconf 87' lang='lat' dir='ltr'><strong>ad</strong></span> <span class='ocrx_word' id='word_1_556' title='bbox 376 3937 573 3992; x_wconf 74' lang='lat' dir='ltr'><strong>aetum</strong></span> <span class='ocrx_word' id='word_1_557' title='bbox 593 3935 791 4002; x_wconf 84' lang='lat' dir='ltr'><strong>levare,</strong></span> <span class='ocrx_word' id='word_1_558' title='bbox 809 3934 903 3990; x_wconf 88' lang='lat' dir='ltr'><strong>sed</strong></span> <span class='ocrx_word' id='word_1_559' title='bbox 923 3935 1255 4006; x_wconf 88' lang='lat' dir='ltr'><strong>percutiens</strong></span> <span class='ocrx_word' id='word_1_560' title='bbox 1267 3939 1455 4007; x_wconf 85' lang='lat' dir='ltr'><strong>pectus</strong></span> <span class='ocrx_word' id='word_1_561' title='bbox 1472 3954 1654 4003; x_wconf 89' lang='lat' dir='ltr'><strong>suum,</strong></span> <span class='ocrx_word' id='word_1_562' title='bbox 1669 3937 1927 3994; x_wconf 86' lang='lat' dir='ltr'><strong>dicebat:</strong></span> 
     </span>
    </p>
   </div>
   <div class='ocr_carea' id='block_1_73' title="bbox 268 4024 1934 4098">
    <p class='ocr_par' dir='ltr' id='par_1_73' title="bbox 268 4024 1934 4098">
     <span class='ocr_line' id='line_1_73' title="bbox 268 4024 1934 4098; baseline -0.001 -15"><span class='ocrx_word' id='word_1_563' title='bbox 268 4028 433 4083; x_wconf 83' lang='lat' dir='ltr'><strong>Deus</strong></span> <span class='ocrx_word' id='word_1_564' title='bbox 454 4026 733 4096; x_wconf 87' lang='lat' dir='ltr'><strong>propitius</strong></span> <span class='ocrx_word' id='word_1_565' title='bbox 776 4033 887 4079; x_wconf 89' lang='lat' dir='ltr'><strong>esto</strong></span> <span class='ocrx_word' id='word_1_566' title='bbox 917 4024 1056 4079; x_wconf 85' lang='lat' dir='ltr'><strong>mihi</strong></span> <span class='ocrx_word' id='word_1_567' title='bbox 1082 4027 1365 4094; x_wconf 87' lang='lat' dir='ltr'><strong>peccatori</strong></span> <span class='ocrx_word' id='word_1_568' title='bbox 1394 4026 1543 4097; x_wconf 87' lang='lat' dir='ltr'><strong>(Luc.</strong></span> <span class='ocrx_word' id='word_1_569' title='bbox 1576 4027 1754 4098; x_wconf 84' lang='lat' dir='ltr'><strong>xvm).</strong></span> <span class='ocrx_word' id='word_1_570' title='bbox 1788 4027 1934 4082; x_wconf 84' lang='lat' dir='ltr'><strong>Huic</strong></span> 
     </span>
    </p>
   </div>
   <div class='ocr_carea' id='block_1_74' title="bbox 266 4114 1934 4186">
    <p class='ocr_par' dir='ltr' id='par_1_74' title="bbox 266 4114 1934 4186">
     <span class='ocr_line' id='line_1_74' title="bbox 266 4114 1934 4186; baseline -0.001 -14"><span class='ocrx_word' id='word_1_571' title='bbox 266 4132 401 4173; x_wconf 77' lang='lat' dir='ltr'><strong>non</strong></span> <span class='ocrx_word' id='word_1_572' title='bbox 428 4116 729 4186; x_wconf 85' lang='lat' dir='ltr'><strong>imputavit</strong></span> <span class='ocrx_word' id='word_1_573' title='bbox 756 4114 1021 4169; x_wconf 87' lang='lat' dir='ltr'><strong>Dominus</strong></span> <span class='ocrx_word' id='word_1_574' title='bbox 1047 4122 1350 4185; x_wconf 88' lang='lat' dir='ltr'><strong>peccatum,</strong></span> <span class='ocrx_word' id='word_1_575' title='bbox 1374 4114 1513 4185; x_wconf 90' lang='lat' dir='ltr'><strong>quia</strong></span> <span class='ocrx_word' id='word_1_576' title='bbox 1541 4114 1813 4171; x_wconf 70' lang='lat' dir='ltr'><strong>descendit</strong></span> <span class='ocrx_word' id='word_1_577' title='bbox 1828 4118 1934 4185; x_wconf 89' lang='lat' dir='ltr'><strong>ju-</strong></span> 
     </span>
    </p>
   </div>
   <div class='ocr_carea' id='block_1_75' title="bbox 268 4202 1937 4276">
    <p class='ocr_par' dir='ltr' id='par_1_75' title="bbox 268 4202 1937 4276">
     <span class='ocr_line' id='line_1_75' title="bbox 268 4202 1937 4276; baseline -0.003 -13"><span class='ocrx_word' id='word_1_578' title='bbox 268 4205 563 4276; x_wconf 73' lang='lat' dir='ltr'><strong>stiﬁmtus</strong></span> <span class='ocrx_word' id='word_1_579' title='bbox 586 4205 646 4259; x_wconf 88' lang='lat' dir='ltr'><strong>in</strong></span> <span class='ocrx_word' id='word_1_580' title='bbox 666 4202 886 4260; x_wconf 90' lang='lat' dir='ltr'><strong>domum</strong></span> <span class='ocrx_word' id='word_1_581' title='bbox 905 4217 1068 4258; x_wconf 87' lang='lat' dir='ltr'><strong>suam</strong></span> <span class='ocrx_word' id='word_1_582' title='bbox 1086 4204 1151 4258; x_wconf 88' lang='lat' dir='ltr'><strong>ab</strong></span> <span class='ocrx_word' id='word_1_583' title='bbox 1174 4204 1290 4274; x_wconf 85' lang='lat' dir='ltr'><strong>illo,</strong></span> <span class='ocrx_word' id='word_1_584' title='bbox 1320 4202 1378 4257; x_wconf 91' lang='lat' dir='ltr'><strong>id</strong></span> <span class='ocrx_word' id='word_1_585' title='bbox 1410 4207 1517 4270; x_wconf 87' lang='lat' dir='ltr'><strong>est,</strong></span> <span class='ocrx_word' id='word_1_586' title='bbox 1541 4204 1609 4257; x_wconf 89' lang='lat' dir='ltr'><strong>ad</strong></span> <span class='ocrx_word' id='word_1_587' title='bbox 1635 4220 1937 4276; x_wconf 87' lang='lat' dir='ltr'><strong>compara-</strong></span> 
     </span>
    </p>
   </div>
   <div class='ocr_carea' id='block_1_76' title="bbox 270 4291 1939 4364">
    <p class='ocr_par' dir='ltr' id='par_1_76' title="bbox 270 4291 1939 4364">
     <span class='ocr_line' id='line_1_76' title="bbox 270 4291 1939 4364; baseline -0.001 -13"><span class='ocrx_word' id='word_1_588' title='bbox 270 4296 515 4351; x_wconf 83' lang='lat' dir='ltr'><strong>tionem</strong></span> <span class='ocrx_word' id='word_1_589' title='bbox 546 4292 842 4349; x_wconf 86' lang='lat' dir='ltr'><strong>Pharisaei.</strong></span> <span class='ocrx_word' id='word_1_590' title='bbox 875 4291 1205 4347; x_wconf 82' lang='lat' dir='ltr'><strong>Pbarisaeus</strong></span> <span class='ocrx_word' id='word_1_591' title='bbox 1229 4298 1422 4347; x_wconf 89' lang='lat' dir='ltr'><strong>autem</strong></span> <span class='ocrx_word' id='word_1_592' title='bbox 1447 4292 1628 4346; x_wconf 89' lang='lat' dir='ltr'><strong>tacuit</strong></span> <span class='ocrx_word' id='word_1_593' title='bbox 1646 4293 1798 4364; x_wconf 89' lang='lat' dir='ltr'><strong>quod</strong></span> <span class='ocrx_word' id='word_1_594' title='bbox 1822 4293 1939 4349; x_wconf 88' lang='lat' dir='ltr'><strong>cla-</strong></span> 
     </span>
    </p>
   </div>
   <div class='ocr_carea' id='block_1_77' title="bbox 273 4380 1945 4452">
    <p class='ocr_par' dir='ltr' id='par_1_77' title="bbox 273 4380 1945 4452">
     <span class='ocr_line' id='line_1_77' title="bbox 273 4380 1945 4452; baseline -0.003 -11"><span class='ocrx_word' id='word_1_595' title='bbox 273 4384 580 4441; x_wconf 86' lang='lat' dir='ltr'><strong>mandum</strong></span> <span class='ocrx_word' id='word_1_596' title='bbox 596 4382 790 4449; x_wconf 89' lang='lat' dir='ltr'><strong>fuit,et</strong></span> <span class='ocrx_word' id='word_1_597' title='bbox 805 4380 1240 4452; x_wconf 90' lang='lat' dir='ltr'><strong>clamavitquod</strong></span> <span class='ocrx_word' id='word_1_598' title='bbox 1265 4380 1577 4435; x_wconf 90' lang='lat' dir='ltr'><strong>tacendum</strong></span> <span class='ocrx_word' id='word_1_599' title='bbox 1593 4385 1742 4436; x_wconf 90' lang='lat' dir='ltr'><strong>erat:</strong></span> <span class='ocrx_word' id='word_1_600' title='bbox 1762 4381 1945 4436; x_wconf 88' lang='lat' dir='ltr'><strong>tacuit</strong></span> 
     </span>
    </p>
   </div>
   <div class='ocr_carea' id='block_1_78' title="bbox 274 4468 1943 4547">
    <p class='ocr_par' dir='ltr' id='par_1_78' title="bbox 274 4468 1943 4547">
     <span class='ocr_line' id='line_1_78' title="bbox 274 4468 1943 4547; baseline -0.002 -18"><span class='ocrx_word' id='word_1_601' title='bbox 274 4476 557 4547; x_wconf 87' lang='lat' dir='ltr'><strong>peccata,</strong></span> <span class='ocrx_word' id='word_1_602' title='bbox 588 4470 857 4527; x_wconf 87' lang='lat' dir='ltr'><strong>clamavit</strong></span> <span class='ocrx_word' id='word_1_603' title='bbox 886 4470 1114 4537; x_wconf 90' lang='lat' dir='ltr'><strong>merita,</strong></span> <span class='ocrx_word' id='word_1_604' title='bbox 1141 4474 1199 4525; x_wconf 91' lang='lat' dir='ltr'><strong>et</strong></span> <span class='ocrx_word' id='word_1_605' title='bbox 1230 4469 1358 4524; x_wconf 92' lang='lat' dir='ltr'><strong>ideo</strong></span> <span class='ocrx_word' id='word_1_606' title='bbox 1380 4468 1554 4524; x_wconf 89' lang='lat' dir='ltr'><strong>etiam</strong></span> <span class='ocrx_word' id='word_1_607' title='bbox 1583 4469 1632 4524; x_wconf 93' lang='lat' dir='ltr'><strong>si</strong></span> <span class='ocrx_word' id='word_1_608' title='bbox 1647 4470 1943 4541; x_wconf 89' lang='lat' dir='ltr'><strong>justitiam</strong></span> 
     </span>
    </p>
   </div>
   <div class='ocr_carea' id='block_1_79' title="bbox 274 4557 1943 4633">
    <p class='ocr_par' dir='ltr' id='par_1_79' title="bbox 274 4557 1943 4633">
     <span class='ocr_line' id='line_1_79' title="bbox 274 4557 1943 4633; baseline -0.002 -16"><span class='ocrx_word' id='word_1_609' title='bbox 274 4561 559 4633; x_wconf 79' lang='lat' dir='ltr'><strong>aliquam</strong></span> <span class='ocrx_word' id='word_1_610' title='bbox 583 4564 642 4616; x_wconf 89' lang='lat' dir='ltr'><strong>et</strong></span> <span class='ocrx_word' id='word_1_611' title='bbox 661 4559 937 4615; x_wconf 91' lang='lat' dir='ltr'><strong>meritum</strong></span> <span class='ocrx_word' id='word_1_612' title='bbox 958 4558 1167 4613; x_wconf 88' lang='lat' dir='ltr'><strong>habuit</strong></span> <span class='ocrx_word' id='word_1_613' title='bbox 1185 4574 1289 4630; x_wconf 89' lang='lat' dir='ltr'><strong>per</strong></span> <span class='ocrx_word' id='word_1_614' title='bbox 1309 4557 1646 4630; x_wconf 89' lang='lat' dir='ltr'><strong>superbiam</strong></span> <span class='ocrx_word' id='word_1_615' title='bbox 1669 4559 1943 4631; x_wconf 89' lang='lat' dir='ltr'><strong>perdidit,</strong></span> 
     </span>
    </p>
   </div>
   <div class='ocr_carea' id='block_1_80' title="bbox 274 4647 1951 4721">
    <p class='ocr_par' dir='ltr' id='par_1_80' title="bbox 274 4647 1951 4721">
     <span class='ocr_line' id='line_1_80' title="bbox 274 4647 1951 4721; baseline -0.002 -14"><span class='ocrx_word' id='word_1_616' title='bbox 274 4651 413 4709; x_wconf 76' lang='lat' dir='ltr'><strong>sibi</strong></span> <span class='ocrx_word' id='word_1_617' title='bbox 436 4650 766 4705; x_wconf 88' lang='lat' dir='ltr'><strong>attribuens</strong></span> <span class='ocrx_word' id='word_1_618' title='bbox 787 4649 943 4721; x_wconf 88' lang='lat' dir='ltr'><strong>quod</strong></span> <span class='ocrx_word' id='word_1_619' title='bbox 971 4664 1004 4703; x_wconf 91' lang='lat' dir='ltr'><strong>a</strong></span> <span class='ocrx_word' id='word_1_620' title='bbox 1027 4648 1139 4703; x_wconf 93' lang='lat' dir='ltr'><strong>Deo</strong></span> <span class='ocrx_word' id='word_1_621' title='bbox 1166 4647 1406 4718; x_wconf 87' lang='lat' dir='ltr'><strong>accepit.</strong></span> <span class='ocrx_word' id='word_1_622' title='bbox 1436 4649 1613 4712; x_wconf 88' lang='lat' dir='ltr'><strong>Quasi</strong></span> <span class='ocrx_word' id='word_1_623' title='bbox 1635 4648 1822 4703; x_wconf 90' lang='lat' dir='ltr'><strong>dicat:</strong></span> <span class='ocrx_word' id='word_1_624' title='bbox 1849 4648 1951 4704; x_wconf 91' lang='lat' dir='ltr'><strong>Ille</strong></span> 
     </span>
    </p>
   </div>
   <div class='ocr_carea' id='block_1_81' title="bbox 276 4736 1949 4809">
    <p class='ocr_par' dir='ltr' id='par_1_81' title="bbox 276 4736 1949 4809">
     <span class='ocr_line' id='line_1_81' title="bbox 276 4736 1949 4809; baseline -0.002 -13"><span class='ocrx_word' id='word_1_625' title='bbox 276 4745 392 4797; x_wconf 83' lang='lat' dir='ltr'><strong>est</strong></span> <span class='ocrx_word' id='word_1_626' title='bbox 418 4740 634 4805; x_wconf 86' lang='lat' dir='ltr'><strong>beatus,</strong></span> <span class='ocrx_word' id='word_1_627' title='bbox 661 4741 719 4793; x_wconf 85' lang='lat' dir='ltr'><strong>in</strong></span> <span class='ocrx_word' id='word_1_628' title='bbox 744 4738 916 4809; x_wconf 90' lang='lat' dir='ltr'><strong>cujus</strong></span> <span class='ocrx_word' id='word_1_629' title='bbox 937 4738 1136 4807; x_wconf 83' lang='lat' dir='ltr'><strong>spiritu</strong></span> <span class='ocrx_word' id='word_1_630' title='bbox 1155 4752 1266 4791; x_wconf 88' lang='lat' dir='ltr'><strong>non</strong></span> <span class='ocrx_word' id='word_1_631' title='bbox 1285 4740 1363 4791; x_wconf 90' lang='lat' dir='ltr'><strong>est</strong></span> <span class='ocrx_word' id='word_1_632' title='bbox 1383 4737 1454 4792; x_wconf 85' lang='lat' dir='ltr'><strong>do</strong></span> <span class='ocrx_word' id='word_1_633' title='bbox 1465 4736 1569 4792; x_wconf 86' lang='lat' dir='ltr'><strong>tus.</strong></span> <span class='ocrx_word' id='word_1_634' title='bbox 1595 4738 1741 4803; x_wconf 88' lang='lat' dir='ltr'><strong>Quia</strong></span> <span class='ocrx_word' id='word_1_635' title='bbox 1761 4754 1790 4793; x_wconf 90' lang='lat' dir='ltr'><strong>e</strong></span> <span class='ocrx_word' id='word_1_636' title='bbox 1812 4755 1949 4793; x_wconf 87' lang='lat' dir='ltr'><strong>cou-</strong></span> 
     </span>
    </p>
   </div>
   <div class='ocr_carea' id='block_1_82' title="bbox 274 4826 1950 4897">
    <p class='ocr_par' dir='ltr' id='par_1_82' title="bbox 274 4826 1950 4897">
     <span class='ocr_line' id='line_1_82' title="bbox 274 4826 1950 4897; baseline -0.003 -11"><span class='ocrx_word' id='word_1_637' title='bbox 274 4844 470 4886; x_wconf 81' lang='lat' dir='ltr'><strong>verso</strong></span> <span class='ocrx_word' id='word_1_638' title='bbox 504 4827 601 4882; x_wconf 90' lang='lat' dir='ltr'><strong>ille</strong></span> <span class='ocrx_word' id='word_1_639' title='bbox 631 4844 747 4882; x_wconf 91' lang='lat' dir='ltr'><strong>nou</strong></span> <span class='ocrx_word' id='word_1_640' title='bbox 777 4829 868 4882; x_wconf 90' lang='lat' dir='ltr'><strong>est</strong></span> <span class='ocrx_word' id='word_1_641' title='bbox 897 4826 1106 4891; x_wconf 83' lang='lat' dir='ltr'><strong>beatus,</strong></span> <span class='ocrx_word' id='word_1_642' title='bbox 1149 4827 1211 4880; x_wconf 85' lang='lat' dir='ltr'><strong>in</strong></span> <span class='ocrx_word' id='word_1_643' title='bbox 1239 4826 1409 4895; x_wconf 83' lang='lat' dir='ltr'><strong>cujus</strong></span> <span class='ocrx_word' id='word_1_644' title='bbox 1440 4828 1643 4897; x_wconf 87' lang='lat' dir='ltr'><strong>spiritu</strong></span> <span class='ocrx_word' id='word_1_645' title='bbox 1671 4835 1748 4882; x_wconf 88' lang='lat' dir='ltr'><strong>est</strong></span> <span class='ocrx_word' id='word_1_646' title='bbox 1775 4827 1950 4892; x_wconf 87' lang='lat' dir='ltr'><strong>dotus,</strong></span> 
     </span>
    </p>
   </div>
   <div class='ocr_carea' id='block_1_83' title="bbox 276 4915 1951 4992">
    <p class='ocr_par' dir='ltr' id='par_1_83' title="bbox 276 4915 1951 4992">
     <span class='ocr_line' id='line_1_83' title="bbox 276 4915 1951 4992; baseline -0.002 -19"><span class='ocrx_word' id='word_1_647' title='bbox 276 4919 460 4992; x_wconf 86' lang='lat' dir='ltr'><strong>quod</strong></span> <span class='ocrx_word' id='word_1_648' title='bbox 484 4916 628 4972; x_wconf 89' lang='lat' dir='ltr'><strong>mihi</strong></span> <span class='ocrx_word' id='word_1_649' title='bbox 651 4919 883 4988; x_wconf 85' lang='lat' dir='ltr'><strong>experto</strong></span> <span class='ocrx_word' id='word_1_650' title='bbox 914 4915 1290 4971; x_wconf 91' lang='lat' dir='ltr'><strong>credendum.</strong></span> <span class='ocrx_word' id='word_1_651' title='bbox 1323 4916 1767 4970; x_wconf 81' lang='lat' dir='ltr'><strong>Inveteraverunt</strong></span> <span class='ocrx_word' id='word_1_652' title='bbox 1795 4916 1951 4970; x_wconf 87' lang='lat' dir='ltr'><strong>enim</strong></span> 
     </span>
    </p>
   </div>
   <div class='ocr_carea' id='block_1_84' title="bbox 276 5004 1853 5075">
    <p class='ocr_par' dir='ltr' id='par_1_84' title="bbox 276 5004 1853 5075">
     <span class='ocr_line' id='line_1_84' title="bbox 276 5004 1853 5075; baseline -0.004 -10"><span class='ocrx_word' id='word_1_653' title='bbox 276 5023 429 5065; x_wconf 75' lang='lat' dir='ltr'><strong>ossa</strong></span> <span class='ocrx_word' id='word_1_654' title='bbox 456 5023 581 5061; x_wconf 86' lang='lat' dir='ltr'><strong>mea</strong></span> <span class='ocrx_word' id='word_1_655' title='bbox 609 5005 742 5061; x_wconf 89' lang='lat' dir='ltr'><strong>dum</strong></span> <span class='ocrx_word' id='word_1_656' title='bbox 769 5006 1072 5061; x_wconf 85' lang='lat' dir='ltr'><strong>clamarem</strong></span> <span class='ocrx_word' id='word_1_657' title='bbox 1098 5010 1218 5060; x_wconf 79' lang='lat' dir='ltr'><strong>tota</strong></span> <span class='ocrx_word' id='word_1_658' title='bbox 1247 5004 1354 5071; x_wconf 88' lang='lat' dir='ltr'><strong>die,</strong></span> <span class='ocrx_word' id='word_1_659' title='bbox 1386 5006 1652 5075; x_wconf 86' lang='lat' dir='ltr'><strong>quoniam</strong></span> <span class='ocrx_word' id='word_1_660' title='bbox 1682 5006 1853 5059; x_wconf 85' lang='lat' dir='ltr'><strong>tacui.</strong></span> 
     </span>
    </p>
   </div>
   <div class='ocr_carea' id='block_1_85' title="bbox 376 5092 1952 5166">
    <p class='ocr_par' dir='ltr' id='par_1_85' title="bbox 376 5092 1952 5166">
     <span class='ocr_line' id='line_1_85' title="bbox 376 5092 1952 5166; baseline -0.001 -17"><span class='ocrx_word' id='word_1_661' title='bbox 376 5098 501 5149; x_wconf 84' lang='lat' dir='ltr'><strong>Hoc</strong></span> <span class='ocrx_word' id='word_1_662' title='bbox 533 5095 592 5149; x_wconf 90' lang='lat' dir='ltr'><strong>in</strong></span> <span class='ocrx_word' id='word_1_663' title='bbox 625 5110 876 5166; x_wconf 91' lang='lat' dir='ltr'><strong>persona</strong></span> <span class='ocrx_word' id='word_1_664' title='bbox 904 5096 1191 5164; x_wconf 88' lang='lat' dir='ltr'><strong>cujusque</strong></span> <span class='ocrx_word' id='word_1_665' title='bbox 1222 5092 1570 5165; x_wconf 90' lang='lat' dir='ltr'><strong>pertinentis</strong></span> <span class='ocrx_word' id='word_1_666' title='bbox 1600 5092 1671 5147; x_wconf 91' lang='lat' dir='ltr'><strong>ad</strong></span> <span class='ocrx_word' id='word_1_667' title='bbox 1701 5097 1952 5148; x_wconf 87' lang='lat' dir='ltr'><strong>veterem</strong></span> 
     </span>
    </p>
   </div>
   <div class='ocr_carea' id='block_1_86' title="bbox 277 5179 1956 5255">
    <p class='ocr_par' dir='ltr' id='par_1_86' title="bbox 277 5179 1956 5255">
     <span class='ocr_line' id='line_1_86' title="bbox 277 5179 1956 5255; baseline -0.005 -12"><span class='ocrx_word' id='word_1_668' title='bbox 277 5184 634 5250; x_wconf 88' lang='lat' dir='ltr'><strong>hominem,</strong></span> <span class='ocrx_word' id='word_1_669' title='bbox 656 5182 833 5239; x_wconf 87' lang='lat' dir='ltr'><strong>dicit:</strong></span> <span class='ocrx_word' id='word_1_670' title='bbox 867 5182 1033 5248; x_wconf 90' lang='lat' dir='ltr'><strong>Quia,</strong></span> <span class='ocrx_word' id='word_1_671' title='bbox 1055 5199 1158 5255; x_wconf 90' lang='lat' dir='ltr'><strong>per</strong></span> <span class='ocrx_word' id='word_1_672' title='bbox 1178 5180 1573 5237; x_wconf 89' lang='lat' dir='ltr'><strong>humilitatem</strong></span> <span class='ocrx_word' id='word_1_673' title='bbox 1598 5179 1757 5237; x_wconf 92' lang='lat' dir='ltr'><strong>nolui</strong></span> <span class='ocrx_word' id='word_1_674' title='bbox 1780 5182 1956 5253; x_wconf 86' lang='lat' dir='ltr'><strong>perti-</strong></span> 
     </span>
    </p>
   </div>
   <div class='ocr_carea' id='block_1_87' title="bbox 277 5270 1959 5342">
    <p class='ocr_par' dir='ltr' id='par_1_87' title="bbox 277 5270 1959 5342">
     <span class='ocr_line' id='line_1_87' title="bbox 277 5270 1959 5342; baseline -0.004 -11"><span class='ocrx_word' id='word_1_675' title='bbox 277 5290 448 5333; x_wconf 83' lang='lat' dir='ltr'><strong>nere</strong></span> <span class='ocrx_word' id='word_1_676' title='bbox 477 5273 550 5328; x_wconf 90' lang='lat' dir='ltr'><strong>ad</strong></span> <span class='ocrx_word' id='word_1_677' title='bbox 583 5289 797 5328; x_wconf 90' lang='lat' dir='ltr'><strong>novum</strong></span> <span class='ocrx_word' id='word_1_678' title='bbox 828 5271 1158 5339; x_wconf 89' lang='lat' dir='ltr'><strong>hominem,</strong></span> <span class='ocrx_word' id='word_1_679' title='bbox 1192 5287 1296 5342; x_wconf 93' lang='lat' dir='ltr'><strong>per</strong></span> <span class='ocrx_word' id='word_1_680' title='bbox 1324 5270 1659 5341; x_wconf 86' lang='lat' dir='ltr'><strong>superbiam</strong></span> <span class='ocrx_word' id='word_1_681' title='bbox 1690 5270 1748 5325; x_wconf 93' lang='lat' dir='ltr'><strong>in</strong></span> <span class='ocrx_word' id='word_1_682' title='bbox 1778 5270 1959 5326; x_wconf 86' lang='lat' dir='ltr'><strong>veteri</strong></span> 
     </span>
    </p>
   </div>
   <div class='ocr_carea' id='block_1_88' title="bbox 276 5359 1958 5433">
    <p class='ocr_par' dir='ltr' id='par_1_88' title="bbox 276 5359 1958 5433">
     <span class='ocr_line' id='line_1_88' title="bbox 276 5359 1958 5433; baseline -0.004 -12"><span class='ocrx_word' id='word_1_683' title='bbox 276 5360 549 5421; x_wconf 89' lang='lat' dir='ltr'><strong>homine</strong></span> <span class='ocrx_word' id='word_1_684' title='bbox 599 5360 915 5433; x_wconf 90' lang='lat' dir='ltr'><strong>permansi.</strong></span> <span class='ocrx_word' id='word_1_685' title='bbox 964 5360 1083 5415; x_wconf 86' lang='lat' dir='ltr'><strong>Hoc</strong></span> <span class='ocrx_word' id='word_1_686' title='bbox 1129 5359 1382 5414; x_wconf 86' lang='lat' dir='ltr'><strong>maxime</strong></span> <span class='ocrx_word' id='word_1_687' title='bbox 1427 5363 1617 5429; x_wconf 90' lang='lat' dir='ltr'><strong>potest</strong></span> <span class='ocrx_word' id='word_1_688' title='bbox 1652 5360 1853 5414; x_wconf 90' lang='lat' dir='ltr'><strong>referri</strong></span> <span class='ocrx_word' id='word_1_689' title='bbox 1887 5361 1958 5415; x_wconf 88' lang='lat' dir='ltr'><strong>ad</strong></span> 
     </span>
    </p>
   </div>
   <div class='ocr_carea' id='block_1_89' title="bbox 273 5446 1963 5522">
    <p class='ocr_par' dir='ltr' id='par_1_89' title="bbox 273 5446 1963 5522">
     <span class='ocr_line' id='line_1_89' title="bbox 273 5446 1963 5522; baseline -0.002 -14"><span class='ocrx_word' id='word_1_690' title='bbox 273 5450 624 5515; x_wconf 81' lang='lat' dir='ltr'><strong>Judaicum</strong></span> <span class='ocrx_word' id='word_1_691' title='bbox 638 5450 921 5522; x_wconf 90' lang='lat' dir='ltr'><strong>populum</strong></span> <span class='ocrx_word' id='word_1_692' title='bbox 936 5449 1037 5521; x_wconf 90' lang='lat' dir='ltr'><strong>qui</strong></span> <span class='ocrx_word' id='word_1_693' title='bbox 1051 5447 1416 5521; x_wconf 81' lang='lat' dir='ltr'><strong>significatur</strong></span> <span class='ocrx_word' id='word_1_694' title='bbox 1428 5446 1963 5517; x_wconf 85' lang='lat' dir='ltr'><strong>iuPharisaeo,sicut</strong></span> 
     </span>
    </p>
   </div>
   <div class='ocr_carea' id='block_1_90' title="bbox 269 5524 1958 5629">
    <p class='ocr_par' dir='ltr' id='par_1_90' title="bbox 269 5524 1958 5629">
     <span class='ocr_line' id='line_1_90' title="bbox 269 5524 1958 5629; baseline -0.002 -31"><span class='ocrx_word' id='word_1_695' title='bbox 269 5524 551 5629; x_wconf 50' lang='lat' dir='ltr'><strong>:geutilis</strong></span> <span class='ocrx_word' id='word_1_696' title='bbox 573 5540 630 5594; x_wconf 90' lang='lat' dir='ltr'><strong>iu</strong></span> <span class='ocrx_word' id='word_1_697' title='bbox 657 5538 988 5594; x_wconf 80' lang='lat' dir='ltr'><strong>Publicano.</strong></span> <span class='ocrx_word' id='word_1_698' title='bbox 1016 5539 1144 5595; x_wconf 84' lang='lat' dir='ltr'><strong>Ossa</strong></span> <span class='ocrx_word' id='word_1_699' title='bbox 1162 5554 1303 5603; x_wconf 85' lang='lat' dir='ltr'><strong>mea,</strong></span> <span class='ocrx_word' id='word_1_700' title='bbox 1329 5536 1383 5590; x_wconf 88' lang='lat' dir='ltr'><strong>id</strong></span> <span class='ocrx_word' id='word_1_701' title='bbox 1408 5541 1517 5604; x_wconf 86' lang='lat' dir='ltr'><strong>est,</strong></span> <span class='ocrx_word' id='word_1_702' title='bbox 1543 5537 1718 5592; x_wconf 87' lang='lat' dir='ltr'><strong>robur</strong></span> <span class='ocrx_word' id='word_1_703' title='bbox 1740 5555 1958 5607; x_wconf 86' lang='lat' dir='ltr'><strong>meum,</strong></span> 
     </span>
    </p>
   </div>
   <div class='ocr_carea' id='block_1_91' title="bbox 277 5628 1962 5698">
    <p class='ocr_par' dir='ltr' id='par_1_91' title="bbox 277 5628 1962 5698">
     <span class='ocr_line' id='line_1_91' title="bbox 277 5628 1962 5698; baseline -0.002 -11"><span class='ocrx_word' id='word_1_704' title='bbox 277 5628 543 5691; x_wconf 80' lang='lat' dir='ltr'><strong>scilicet</strong></span> <span class='ocrx_word' id='word_1_705' title='bbox 572 5628 817 5684; x_wconf 86' lang='lat' dir='ltr'><strong>virtutes</strong></span> <span class='ocrx_word' id='word_1_706' title='bbox 848 5633 906 5683; x_wconf 90' lang='lat' dir='ltr'><strong>et</strong></span> <span class='ocrx_word' id='word_1_707' title='bbox 925 5628 1188 5698; x_wconf 86' lang='lat' dir='ltr'><strong>justitia,</strong></span> <span class='ocrx_word' id='word_1_708' title='bbox 1235 5629 1708 5693; x_wconf 82' lang='lat' dir='ltr'><strong>inueterauerunt,</strong></span> <span class='ocrx_word' id='word_1_709' title='bbox 1762 5628 1821 5682; x_wconf 90' lang='lat' dir='ltr'><strong>id</strong></span> <span class='ocrx_word' id='word_1_710' title='bbox 1851 5632 1962 5698; x_wconf 89' lang='lat' dir='ltr'><strong>est,</strong></span> 
     </span>
    </p>
   </div>
   <div class='ocr_carea' id='block_1_92' title="bbox 287 5713 1960 5799">
    <p class='ocr_par' dir='ltr' id='par_1_92' title="bbox 287 5713 1960 5799">
     <span class='ocr_line' id='line_1_92' title="bbox 287 5713 1960 5799; baseline -0.001 -23"><span class='ocrx_word' id='word_1_711' title='bbox 287 5718 611 5787; x_wconf 78' lang='lat' dir='ltr'><strong>nﬂrmata</strong></span> <span class='ocrx_word' id='word_1_712' title='bbox 642 5721 782 5799; x_wconf 84' lang='lat' dir='ltr'><strong>sunt</strong></span> <span class='ocrx_word' id='word_1_713' title='bbox 804 5723 883 5791; x_wconf 85' lang='lat' dir='ltr'><strong>,et</strong></span> <span class='ocrx_word' id='word_1_714' title='bbox 910 5732 1027 5774; x_wconf 89' lang='lat' dir='ltr'><strong>non</strong></span> <span class='ocrx_word' id='word_1_715' title='bbox 1046 5716 1210 5793; x_wconf 88' lang='lat' dir='ltr'><strong>potui</strong></span> <span class='ocrx_word' id='word_1_716' title='bbox 1230 5732 1334 5791; x_wconf 89' lang='lat' dir='ltr'><strong>per</strong></span> <span class='ocrx_word' id='word_1_717' title='bbox 1354 5731 1449 5774; x_wconf 88' lang='lat' dir='ltr'><strong>me</strong></span> <span class='ocrx_word' id='word_1_718' title='bbox 1475 5713 1636 5775; x_wconf 84' lang='lat' dir='ltr'><strong>vitiis</strong></span> <span class='ocrx_word' id='word_1_719' title='bbox 1666 5715 1960 5791; x_wconf 85' lang='lat' dir='ltr'><strong>resistere,</strong></span> 
     </span>
    </p>
   </div>
   <div class='ocr_carea' id='block_1_93' title="bbox 2032 3322 3679 3395">
    <p class='ocr_par' dir='ltr' id='par_1_93' title="bbox 2032 3322 3679 3395">
     <span class='ocr_line' id='line_1_93' title="bbox 2032 3322 3679 3395; baseline -0.001 -19"><span class='ocrx_word' id='word_1_720' title='bbox 2032 3338 2101 3376; x_wconf 89' lang='lat' dir='ltr'><strong>ea</strong></span> <span class='ocrx_word' id='word_1_721' title='bbox 2130 3322 2330 3390; x_wconf 88' lang='lat' dir='ltr'><strong>fracta,</strong></span> <span class='ocrx_word' id='word_1_722' title='bbox 2360 3324 2718 3378; x_wconf 87' lang='lat' dir='ltr'><strong>iucurvatur.</strong></span> <span class='ocrx_word' id='word_1_723' title='bbox 2773 3325 2937 3378; x_wconf 90' lang='lat' dir='ltr'><strong>Tunc</strong></span> <span class='ocrx_word' id='word_1_724' title='bbox 2985 3339 3090 3395; x_wconf 89' lang='lat' dir='ltr'><strong>ego</strong></span> <span class='ocrx_word' id='word_1_725' title='bbox 3137 3337 3426 3377; x_wconf 86' lang='lat' dir='ltr'><strong>conversus</strong></span> <span class='ocrx_word' id='word_1_726' title='bbox 3464 3337 3589 3376; x_wconf 87' lang='lat' dir='ltr'><strong>sum</strong></span> <span class='ocrx_word' id='word_1_727' title='bbox 3615 3322 3679 3374; x_wconf 89' lang='lat' dir='ltr'><strong>in</strong></span> 
     </span>
    </p>
   </div>
   <div class='ocr_carea' id='block_1_94' title="bbox 2034 3410 3675 3478">
    <p class='ocr_par' dir='ltr' id='par_1_94' title="bbox 2034 3410 3675 3478">
     <span class='ocr_line' id='line_1_94' title="bbox 2034 3410 3675 3478; baseline -0.001 -12"><span class='ocrx_word' id='word_1_728' title='bbox 2034 3425 2293 3466; x_wconf 69' lang='lat' dir='ltr'><strong>aerumna</strong></span> <span class='ocrx_word' id='word_1_729' title='bbox 2320 3427 2466 3475; x_wconf 87' lang='lat' dir='ltr'><strong>mea,</strong></span> <span class='ocrx_word' id='word_1_730' title='bbox 2516 3410 2574 3465; x_wconf 93' lang='lat' dir='ltr'><strong>id</strong></span> <span class='ocrx_word' id='word_1_731' title='bbox 2617 3416 2708 3466; x_wconf 90' lang='lat' dir='ltr'><strong>est</strong></span> <span class='ocrx_word' id='word_1_732' title='bbox 2745 3412 3097 3467; x_wconf 88' lang='lat' dir='ltr'><strong>attendendo</strong></span> <span class='ocrx_word' id='word_1_733' title='bbox 3123 3412 3421 3467; x_wconf 87' lang='lat' dir='ltr'><strong>miseriam</strong></span> <span class='ocrx_word' id='word_1_734' title='bbox 3453 3425 3675 3478; x_wconf 87' lang='lat' dir='ltr'><strong>meam,</strong></span> 
     </span>
    </p>
   </div>
   <div class='ocr_carea' id='block_1_95' title="bbox 2036 3499 3680 3571">
    <p class='ocr_par' dir='ltr' id='par_1_95' title="bbox 2036 3499 3680 3571">
     <span class='ocr_line' id='line_1_95' title="bbox 2036 3499 3680 3571; baseline 0.001 -18"><span class='ocrx_word' id='word_1_735' title='bbox 2036 3499 2167 3553; x_wconf 87' lang='lat' dir='ltr'><strong>dum</strong></span> <span class='ocrx_word' id='word_1_736' title='bbox 2213 3500 2500 3569; x_wconf 79' lang='lat' dir='ltr'><strong>conﬁgitur</strong></span> <span class='ocrx_word' id='word_1_737' title='bbox 2525 3501 2708 3571; x_wconf 88' lang='lat' dir='ltr'><strong>spina,</strong></span> <span class='ocrx_word' id='word_1_738' title='bbox 2742 3500 2800 3554; x_wconf 92' lang='lat' dir='ltr'><strong>id</strong></span> <span class='ocrx_word' id='word_1_739' title='bbox 2833 3505 2941 3570; x_wconf 89' lang='lat' dir='ltr'><strong>est,</strong></span> <span class='ocrx_word' id='word_1_740' title='bbox 2974 3502 3115 3555; x_wconf 90' lang='lat' dir='ltr'><strong>dum</strong></span> <span class='ocrx_word' id='word_1_741' title='bbox 3146 3500 3504 3555; x_wconf 89' lang='lat' dir='ltr'><strong>conscientia</strong></span> <span class='ocrx_word' id='word_1_742' title='bbox 3550 3515 3680 3555; x_wconf 89' lang='lat' dir='ltr'><strong>mea</strong></span> 
     </span>
    </p>
   </div>
   <div class='ocr_carea' id='block_1_96' title="bbox 2038 3586 3681 3659">
    <p class='ocr_par' dir='ltr' id='par_1_96' title="bbox 2038 3586 3681 3659">
     <span class='ocr_line' id='line_1_96' title="bbox 2038 3586 3681 3659; baseline 0 -17"><span class='ocrx_word' id='word_1_743' title='bbox 2038 3604 2165 3659; x_wconf 65' lang='lat' dir='ltr'><strong>quae</strong></span> <span class='ocrx_word' id='word_1_744' title='bbox 2220 3586 2383 3658; x_wconf 88' lang='lat' dir='ltr'><strong>prius</strong></span> <span class='ocrx_word' id='word_1_745' title='bbox 2434 3588 2547 3642; x_wconf 90' lang='lat' dir='ltr'><strong>sibi</strong></span> <span class='ocrx_word' id='word_1_746' title='bbox 2586 3587 2977 3659; x_wconf 85' lang='lat' dir='ltr'><strong>applaudebat</strong></span> <span class='ocrx_word' id='word_1_747' title='bbox 3006 3589 3077 3643; x_wconf 92' lang='lat' dir='ltr'><strong>de</strong></span> <span class='ocrx_word' id='word_1_748' title='bbox 3106 3588 3438 3643; x_wconf 90' lang='lat' dir='ltr'><strong>innocentia</strong></span> <span class='ocrx_word' id='word_1_749' title='bbox 3468 3592 3681 3658; x_wconf 83' lang='lat' dir='ltr'><strong>putans</strong></span> 
     </span>
    </p>
   </div>
   <div class='ocr_carea' id='block_1_97' title="bbox 2038 3674 3681 3749">
    <p class='ocr_par' dir='ltr' id='par_1_97' title="bbox 2038 3674 3681 3749">
     <span class='ocr_line' id='line_1_97' title="bbox 2038 3674 3681 3749; baseline -0.003 -17"><span class='ocrx_word' id='word_1_750' title='bbox 2038 3680 2273 3749; x_wconf 89' lang='lat' dir='ltr'><strong>peccata</strong></span> <span class='ocrx_word' id='word_1_751' title='bbox 2300 3692 2417 3733; x_wconf 90' lang='lat' dir='ltr'><strong>non</strong></span> <span class='ocrx_word' id='word_1_752' title='bbox 2450 3691 2578 3732; x_wconf 90' lang='lat' dir='ltr'><strong>esse</strong></span> <span class='ocrx_word' id='word_1_753' title='bbox 2604 3694 2731 3749; x_wconf 81' lang='lat' dir='ltr'><strong>quae</strong></span> <span class='ocrx_word' id='word_1_754' title='bbox 2761 3678 2929 3732; x_wconf 89' lang='lat' dir='ltr'><strong>erant</strong></span> <span class='ocrx_word' id='word_1_755' title='bbox 2957 3679 3211 3748; x_wconf 85' lang='lat' dir='ltr'><strong>peccata,</strong></span> <span class='ocrx_word' id='word_1_756' title='bbox 3245 3676 3387 3729; x_wconf 91' lang='lat' dir='ltr'><strong>dum</strong></span> <span class='ocrx_word' id='word_1_757' title='bbox 3414 3674 3516 3729; x_wconf 90' lang='lat' dir='ltr'><strong>illa</strong></span> <span class='ocrx_word' id='word_1_758' title='bbox 3545 3690 3681 3728; x_wconf 89' lang='lat' dir='ltr'><strong>cou-</strong></span> 
     </span>
    </p>
   </div>
   <div class='ocr_carea' id='block_1_98' title="bbox 2040 3762 3688 3839">
    <p class='ocr_par' dir='ltr' id='par_1_98' title="bbox 2040 3762 3688 3839">
     <span class='ocr_line' id='line_1_98' title="bbox 2040 3762 3688 3839; baseline -0.001 -20"><span class='ocrx_word' id='word_1_759' title='bbox 2040 3764 2283 3822; x_wconf 85' lang='lat' dir='ltr'><strong>scientia</strong></span> <span class='ocrx_word' id='word_1_760' title='bbox 2339 3766 2678 3839; x_wconf 82' lang='lat' dir='ltr'><strong>conﬁgitur,</strong></span> <span class='ocrx_word' id='word_1_761' title='bbox 2726 3765 2785 3820; x_wconf 87' lang='lat' dir='ltr'><strong>id</strong></span> <span class='ocrx_word' id='word_1_762' title='bbox 2818 3770 2934 3837; x_wconf 90' lang='lat' dir='ltr'><strong>est,</strong></span> <span class='ocrx_word' id='word_1_763' title='bbox 2983 3765 3265 3837; x_wconf 90' lang='lat' dir='ltr'><strong>puugitur</strong></span> <span class='ocrx_word' id='word_1_764' title='bbox 3305 3768 3363 3818; x_wconf 91' lang='lat' dir='ltr'><strong>et</strong></span> <span class='ocrx_word' id='word_1_765' title='bbox 3403 3762 3688 3817; x_wconf 80' lang='lat' dir='ltr'><strong>excitatur</strong></span> 
     </span>
    </p>
   </div>
   <div class='ocr_carea' id='block_1_99' title="bbox 2041 3851 3691 3927">
    <p class='ocr_par' dir='ltr' id='par_1_99' title="bbox 2041 3851 3691 3927">
     <span class='ocr_line' id='line_1_99' title="bbox 2041 3851 3691 3927; baseline -0.002 -17"><span class='ocrx_word' id='word_1_766' title='bbox 2041 3854 2226 3926; x_wconf 88' lang='lat' dir='ltr'><strong>spinis</strong></span> <span class='ocrx_word' id='word_1_767' title='bbox 2246 3854 2709 3927; x_wconf 90' lang='lat' dir='ltr'><strong>probibitiouum</strong></span> <span class='ocrx_word' id='word_1_768' title='bbox 2732 3859 2989 3910; x_wconf 85' lang='lat' dir='ltr'><strong>tuarum.</strong></span> <span class='ocrx_word' id='word_1_769' title='bbox 3014 3856 3189 3910; x_wconf 81' lang='lat' dir='ltr'><strong>Antea</strong></span> <span class='ocrx_word' id='word_1_770' title='bbox 3206 3854 3357 3908; x_wconf 90' lang='lat' dir='ltr'><strong>enim</strong></span> <span class='ocrx_word' id='word_1_771' title='bbox 3382 3851 3691 3908; x_wconf 86' lang='lat' dir='ltr'><strong>nesciebam</strong></span> 
     </span>
    </p>
   </div>
   <div class='ocr_carea' id='block_1_100' title="bbox 2041 3940 3687 4016">
    <p class='ocr_par' dir='ltr' id='par_1_100' title="bbox 2041 3940 3687 4016">
     <span class='ocr_line' id='line_1_100' title="bbox 2041 3940 3687 4016; baseline -0.002 -17"><span class='ocrx_word' id='word_1_772' title='bbox 2041 3945 2140 3999; x_wconf 87' lang='lat' dir='ltr'><strong>hoc</strong></span> <span class='ocrx_word' id='word_1_773' title='bbox 2191 3954 2470 4015; x_wconf 89' lang='lat' dir='ltr'><strong>peccatum</strong></span> <span class='ocrx_word' id='word_1_774' title='bbox 2518 3961 2635 4000; x_wconf 85' lang='lat' dir='ltr'><strong>esse</strong></span> <span class='ocrx_word' id='word_1_775' title='bbox 2682 3961 2850 4016; x_wconf 85' lang='lat' dir='ltr'><strong>quam</strong></span> <span class='ocrx_word' id='word_1_776' title='bbox 2908 3945 2998 3999; x_wconf 76' lang='lat' dir='ltr'><strong>tea:</strong></span> <span class='ocrx_word' id='word_1_777' title='bbox 3042 3944 3271 4014; x_wconf 85' lang='lat' dir='ltr'><strong>diceret,</strong></span> <span class='ocrx_word' id='word_1_778' title='bbox 3304 3947 3428 3998; x_wconf 68' lang='lat' dir='ltr'><strong>Non</strong></span> <span class='ocrx_word' id='word_1_779' title='bbox 3455 3940 3687 4012; x_wconf 86' lang='lat' dir='ltr'><strong>occides,</strong></span> 
     </span>
    </p>
   </div>
   <div class='ocr_carea' id='block_1_101' title="bbox 2042 4032 3696 4104">
    <p class='ocr_par' dir='ltr' id='par_1_101' title="bbox 2042 4032 3696 4104">
     <span class='ocr_line' id='line_1_101' title="bbox 2042 4032 3696 4104; baseline -0.002 -16"><span class='ocrx_word' id='word_1_780' title='bbox 2042 4033 2160 4088; x_wconf 89' lang='lat' dir='ltr'><strong>Non</strong></span> <span class='ocrx_word' id='word_1_781' title='bbox 2212 4033 2567 4088; x_wconf 72' lang='lat' dir='ltr'><strong>maechaberis</strong></span> <span class='ocrx_word' id='word_1_782' title='bbox 2614 4035 2790 4103; x_wconf 86' lang='lat' dir='ltr'><strong>(Rom.</strong></span> <span class='ocrx_word' id='word_1_783' title='bbox 2843 4034 2961 4103; x_wconf 86' lang='lat' dir='ltr'><strong>vn).</strong></span> <span class='ocrx_word' id='word_1_784' title='bbox 3011 4032 3111 4088; x_wconf 88' lang='lat' dir='ltr'><strong>Vel</strong></span> <span class='ocrx_word' id='word_1_785' title='bbox 3157 4040 3385 4104; x_wconf 88' lang='lat' dir='ltr'><strong>gravata</strong></span> <span class='ocrx_word' id='word_1_786' title='bbox 3420 4035 3503 4087; x_wconf 87' lang='lat' dir='ltr'><strong>est</strong></span> <span class='ocrx_word' id='word_1_787' title='bbox 3531 4046 3696 4103; x_wconf 88' lang='lat' dir='ltr'><strong>super</strong></span> 
     </span>
    </p>
   </div>
   <div class='ocr_carea' id='block_1_102' title="bbox 2043 4121 3696 4194">
    <p class='ocr_par' dir='ltr' id='par_1_102' title="bbox 2043 4121 3696 4194">
     <span class='ocr_line' id='line_1_102' title="bbox 2043 4121 3696 4194; baseline 0.001 -20"><span class='ocrx_word' id='word_1_788' title='bbox 2043 4136 2128 4175; x_wconf 90' lang='lat' dir='ltr'><strong>me</strong></span> <span class='ocrx_word' id='word_1_789' title='bbox 2150 4137 2349 4175; x_wconf 88' lang='lat' dir='ltr'><strong>manus</strong></span> <span class='ocrx_word' id='word_1_790' title='bbox 2380 4124 2476 4176; x_wconf 88' lang='lat' dir='ltr'><strong>tua</strong></span> <span class='ocrx_word' id='word_1_791' title='bbox 2506 4121 2636 4176; x_wconf 77' lang='lat' dir='ltr'><strong>ium</strong></span> <span class='ocrx_word' id='word_1_792' title='bbox 2663 4123 2958 4193; x_wconf 83' lang='lat' dir='ltr'><strong>conﬁgitur</strong></span> <span class='ocrx_word' id='word_1_793' title='bbox 2983 4124 3163 4194; x_wconf 87' lang='lat' dir='ltr'><strong>spina,</strong></span> <span class='ocrx_word' id='word_1_794' title='bbox 3196 4121 3253 4176; x_wconf 92' lang='lat' dir='ltr'><strong>id</strong></span> <span class='ocrx_word' id='word_1_795' title='bbox 3282 4126 3391 4189; x_wconf 89' lang='lat' dir='ltr'><strong>est,</strong></span> <span class='ocrx_word' id='word_1_796' title='bbox 3426 4122 3580 4177; x_wconf 87' lang='lat' dir='ltr'><strong>facta</strong></span> <span class='ocrx_word' id='word_1_797' title='bbox 3605 4124 3696 4177; x_wconf 88' lang='lat' dir='ltr'><strong>est</strong></span> 
     </span>
    </p>
   </div>
   <div class='ocr_carea' id='block_1_103' title="bbox 2048 4207 3697 4283">
    <p class='ocr_par' dir='ltr' id='par_1_103' title="bbox 2048 4207 3697 4283">
     <span class='ocr_line' id='line_1_103' title="bbox 2048 4207 3697 4283; baseline -0.001 -19"><span class='ocrx_word' id='word_1_798' title='bbox 2048 4207 2192 4264; x_wconf 89' lang='lat' dir='ltr'><strong>mihi</strong></span> <span class='ocrx_word' id='word_1_799' title='bbox 2216 4209 2452 4278; x_wconf 87' lang='lat' dir='ltr'><strong>justitia</strong></span> <span class='ocrx_word' id='word_1_800' title='bbox 2481 4210 2760 4278; x_wconf 86' lang='lat' dir='ltr'><strong>difﬁcilis,</strong></span> <span class='ocrx_word' id='word_1_801' title='bbox 2794 4228 2921 4282; x_wconf 70' lang='lat' dir='ltr'><strong>qua:</strong></span> <span class='ocrx_word' id='word_1_802' title='bbox 2952 4212 3118 4283; x_wconf 88' lang='lat' dir='ltr'><strong>prius</strong></span> <span class='ocrx_word' id='word_1_803' title='bbox 3149 4211 3456 4265; x_wconf 85' lang='lat' dir='ltr'><strong>videbatur</strong></span> <span class='ocrx_word' id='word_1_804' title='bbox 3486 4208 3697 4275; x_wconf 87' lang='lat' dir='ltr'><strong>facilis,</strong></span> 
     </span>
    </p>
   </div>
   <div class='ocr_carea' id='block_1_104' title="bbox 2049 4296 3698 4371">
    <p class='ocr_par' dir='ltr' id='par_1_104' title="bbox 2049 4296 3698 4371">
     <span class='ocr_line' id='line_1_104' title="bbox 2049 4296 3698 4371; baseline -0.003 -18"><span class='ocrx_word' id='word_1_805' title='bbox 2049 4298 2191 4353; x_wconf 90' lang='lat' dir='ltr'><strong>dum</strong></span> <span class='ocrx_word' id='word_1_806' title='bbox 2243 4298 2379 4351; x_wconf 85' lang='lat' dir='ltr'><strong>data</strong></span> <span class='ocrx_word' id='word_1_807' title='bbox 2424 4303 2514 4354; x_wconf 88' lang='lat' dir='ltr'><strong>est</strong></span> <span class='ocrx_word' id='word_1_808' title='bbox 2559 4299 2649 4355; x_wconf 89' lang='lat' dir='ltr'><strong>lex</strong></span> <span class='ocrx_word' id='word_1_809' title='bbox 2695 4305 2799 4355; x_wconf 89' lang='lat' dir='ltr'><strong>tua</strong></span> <span class='ocrx_word' id='word_1_810' title='bbox 2842 4317 2968 4370; x_wconf 84' lang='lat' dir='ltr'><strong>quae</strong></span> <span class='ocrx_word' id='word_1_811' title='bbox 3000 4297 3253 4371; x_wconf 89' lang='lat' dir='ltr'><strong>pupugit</strong></span> <span class='ocrx_word' id='word_1_812' title='bbox 3282 4296 3698 4352; x_wconf 88' lang='lat' dir='ltr'><strong>conscientiam</strong></span> 
     </span>
    </p>
   </div>
   <div class='ocr_carea' id='block_1_105' title="bbox 2053 4386 3698 4460">
    <p class='ocr_par' dir='ltr' id='par_1_105' title="bbox 2053 4386 3698 4460">
     <span class='ocr_line' id='line_1_105' title="bbox 2053 4386 3698 4460; baseline -0.002 -19"><span class='ocrx_word' id='word_1_813' title='bbox 2053 4402 2266 4451; x_wconf 83' lang='lat' dir='ltr'><strong>meum,</strong></span> <span class='ocrx_word' id='word_1_814' title='bbox 2288 4386 2460 4456; x_wconf 81' lang='lat' dir='ltr'><strong>juxta</strong></span> <span class='ocrx_word' id='word_1_815' title='bbox 2489 4388 2633 4442; x_wconf 86' lang='lat' dir='ltr'><strong>illud</strong></span> <span class='ocrx_word' id='word_1_816' title='bbox 2668 4388 2950 4460; x_wconf 80' lang='lat' dir='ltr'><strong>Apostoli,</strong></span> <span class='ocrx_word' id='word_1_817' title='bbox 2981 4390 3115 4442; x_wconf 84' lang='lat' dir='ltr'><strong>Ante</strong></span> <span class='ocrx_word' id='word_1_818' title='bbox 3144 4388 3318 4456; x_wconf 83' lang='lat' dir='ltr'><strong>legem</strong></span> <span class='ocrx_word' id='word_1_819' title='bbox 3346 4386 3495 4440; x_wconf 87' lang='lat' dir='ltr'><strong>enim</strong></span> <span class='ocrx_word' id='word_1_820' title='bbox 3511 4399 3698 4454; x_wconf 86' lang='lat' dir='ltr'><strong>pecca-</strong></span> 
     </span>
    </p>
   </div>
   <div class='ocr_carea' id='block_1_106' title="bbox 2056 4475 3705 4545">
    <p class='ocr_par' dir='ltr' id='par_1_106' title="bbox 2056 4475 3705 4545">
     <span class='ocr_line' id='line_1_106' title="bbox 2056 4475 3705 4545; baseline -0.002 -15"><span class='ocrx_word' id='word_1_821' title='bbox 2056 4483 2170 4530; x_wconf 83' lang='lat' dir='ltr'><strong>tum</strong></span> <span class='ocrx_word' id='word_1_822' title='bbox 2200 4478 2480 4531; x_wconf 86' lang='lat' dir='ltr'><strong>mortuum</strong></span> <span class='ocrx_word' id='word_1_823' title='bbox 2509 4484 2653 4545; x_wconf 87' lang='lat' dir='ltr'><strong>erat,</strong></span> <span class='ocrx_word' id='word_1_824' title='bbox 2684 4492 2778 4545; x_wconf 91' lang='lat' dir='ltr'><strong>ego</strong></span> <span class='ocrx_word' id='word_1_825' title='bbox 2809 4485 2994 4531; x_wconf 88' lang='lat' dir='ltr'><strong>autem</strong></span> <span class='ocrx_word' id='word_1_826' title='bbox 3019 4475 3305 4534; x_wconf 87' lang='lat' dir='ltr'><strong>vivebam;</strong></span> <span class='ocrx_word' id='word_1_827' title='bbox 3350 4489 3476 4527; x_wconf 88' lang='lat' dir='ltr'><strong>cum</strong></span> <span class='ocrx_word' id='word_1_828' title='bbox 3519 4481 3705 4527; x_wconf 90' lang='lat' dir='ltr'><strong>autem</strong></span> 
     </span>
    </p>
   </div>
   <div class='ocr_carea' id='block_1_107' title="bbox 1979 4565 3705 4648">
    <p class='ocr_par' dir='ltr' id='par_1_107' title="bbox 1979 4565 3705 4648">
     <span class='ocr_line' id='line_1_107' title="bbox 1979 4565 3705 4648; baseline -0.001 -30"><span class='ocrx_word' id='word_1_829' title='bbox 1979 4583 2025 4648; x_wconf 77' lang='grc' dir='ltr'>Ι)</span> <span class='ocrx_word' id='word_1_830' title='bbox 2056 4565 2287 4620; x_wconf 81' lang='lat' dir='ltr'><strong>venisset</strong></span> <span class='ocrx_word' id='word_1_831' title='bbox 2317 4565 2434 4627; x_wconf 75' lang='lat' dir='ltr'><strong>lex,</strong></span> <span class='ocrx_word' id='word_1_832' title='bbox 2480 4571 2762 4634; x_wconf 84' lang='lat' dir='ltr'><strong>peccatum</strong></span> <span class='ocrx_word' id='word_1_833' title='bbox 2804 4565 3034 4629; x_wconf 70' lang='lat' dir='ltr'><strong>revixit,</strong></span> <span class='ocrx_word' id='word_1_834' title='bbox 3082 4579 3175 4632; x_wconf 82' lang='lat' dir='ltr'><strong>ego</strong></span> <span class='ocrx_word' id='word_1_835' title='bbox 3223 4566 3409 4617; x_wconf 87' lang='lat' dir='ltr'><strong>autem</strong></span> <span class='ocrx_word' id='word_1_836' title='bbox 3456 4565 3705 4617; x_wconf 87' lang='lat' dir='ltr'><strong>mortuus</strong></span> 
     </span>
    </p>
   </div>
   <div class='ocr_carea' id='block_1_108' title="bbox 2058 4651 3708 4725">
    <p class='ocr_par' dir='ltr' id='par_1_108' title="bbox 2058 4651 3708 4725">
     <span class='ocr_line' id='line_1_108' title="bbox 2058 4651 3708 4725; baseline 0 -17"><span class='ocrx_word' id='word_1_837' title='bbox 2058 4671 2198 4709; x_wconf 86' lang='lat' dir='ltr'><strong>sum.</strong></span> <span class='ocrx_word' id='word_1_838' title='bbox 2231 4656 2368 4709; x_wconf 83' lang='lat' dir='ltr'><strong>Nam</strong></span> <span class='ocrx_word' id='word_1_839' title='bbox 2397 4652 2892 4725; x_wconf 78' lang='lat' dir='ltr'><strong>concupiscentiam</strong></span> <span class='ocrx_word' id='word_1_840' title='bbox 2919 4651 3222 4706; x_wconf 89' lang='lat' dir='ltr'><strong>nesciebam</strong></span> <span class='ocrx_word' id='word_1_841' title='bbox 3267 4667 3382 4707; x_wconf 85' lang='lat' dir='ltr'><strong>esse</strong></span> <span class='ocrx_word' id='word_1_842' title='bbox 3425 4660 3708 4724; x_wconf 87' lang='lat' dir='ltr'><strong>peccatum</strong></span> 
     </span>
    </p>
   </div>
   <div class='ocr_carea' id='block_1_109' title="bbox 2060 4740 3707 4813">
    <p class='ocr_par' dir='ltr' id='par_1_109' title="bbox 2060 4740 3707 4813">
     <span class='ocr_line' id='line_1_109' title="bbox 2060 4740 3707 4813; baseline -0.001 -16"><span class='ocrx_word' id='word_1_843' title='bbox 2060 4743 2169 4798; x_wconf 88' lang='lat' dir='ltr'><strong>nisi</strong></span> <span class='ocrx_word' id='word_1_844' title='bbox 2215 4744 2304 4799; x_wconf 76' lang='lat' dir='ltr'><strong>lea:</strong></span> <span class='ocrx_word' id='word_1_845' title='bbox 2352 4743 2553 4799; x_wconf 82' lang='lat' dir='ltr'><strong>diceret</strong></span> <span class='ocrx_word' id='word_1_846' title='bbox 2601 4740 2794 4813; x_wconf 74' lang='lat' dir='ltr'><strong>(Exod.</strong></span> <span class='ocrx_word' id='word_1_847' title='bbox 2845 4744 2961 4810; x_wconf 87' lang='lat' dir='ltr'><strong>xx),</strong></span> <span class='ocrx_word' id='word_1_848' title='bbox 3010 4742 3127 4796; x_wconf 81' lang='lat' dir='ltr'><strong>Non</strong></span> <span class='ocrx_word' id='word_1_849' title='bbox 3182 4743 3547 4813; x_wconf 85' lang='lat' dir='ltr'><strong>concupisces.</strong></span> <span class='ocrx_word' id='word_1_850' title='bbox 3606 4740 3707 4797; x_wconf 91' lang='lat' dir='ltr'><strong>Vel</strong></span> 
     </span>
    </p>
   </div>
   <div class='ocr_carea' id='block_1_110' title="bbox 2062 4829 3711 4901">
    <p class='ocr_par' dir='ltr' id='par_1_110' title="bbox 2062 4829 3711 4901">
     <span class='ocr_line' id='line_1_110' title="bbox 2062 4829 3711 4901; baseline -0.003 -15"><span class='ocrx_word' id='word_1_851' title='bbox 2062 4832 2190 4887; x_wconf 87' lang='lat' dir='ltr'><strong>dum</strong></span> <span class='ocrx_word' id='word_1_852' title='bbox 2231 4833 2527 4887; x_wconf 83' lang='lat' dir='ltr'><strong>clamarem</strong></span> <span class='ocrx_word' id='word_1_853' title='bbox 2575 4839 2682 4886; x_wconf 89' lang='lat' dir='ltr'><strong>tota</strong></span> <span class='ocrx_word' id='word_1_854' title='bbox 2711 4830 2802 4884; x_wconf 88' lang='lat' dir='ltr'><strong>die</strong></span> <span class='ocrx_word' id='word_1_855' title='bbox 2852 4829 3138 4885; x_wconf 88' lang='lat' dir='ltr'><strong>desiderio</strong></span> <span class='ocrx_word' id='word_1_856' title='bbox 3172 4829 3584 4901; x_wconf 90' lang='lat' dir='ltr'><strong>temporalium</strong></span> <span class='ocrx_word' id='word_1_857' title='bbox 3616 4845 3711 4882; x_wconf 87' lang='lat' dir='ltr'><strong>re-</strong></span> 
     </span>
    </p>
   </div>
   <div class='ocr_carea' id='block_1_111' title="bbox 2068 4917 3712 4990">
    <p class='ocr_par' dir='ltr' id='par_1_111' title="bbox 2068 4917 3712 4990">
     <span class='ocr_line' id='line_1_111' title="bbox 2068 4917 3712 4990; baseline -0.002 -16"><span class='ocrx_word' id='word_1_858' title='bbox 2068 4937 2230 4989; x_wconf 91' lang='lat' dir='ltr'><strong>rum,</strong></span> <span class='ocrx_word' id='word_1_859' title='bbox 2270 4925 2325 4975; x_wconf 88' lang='lat' dir='ltr'><strong>et</strong></span> <span class='ocrx_word' id='word_1_860' title='bbox 2356 4938 2470 4975; x_wconf 90' lang='lat' dir='ltr'><strong>non</strong></span> <span class='ocrx_word' id='word_1_861' title='bbox 2502 4920 2629 4975; x_wconf 89' lang='lat' dir='ltr'><strong>sine</strong></span> <span class='ocrx_word' id='word_1_862' title='bbox 2660 4935 2866 4985; x_wconf 87' lang='lat' dir='ltr'><strong>causa,</strong></span> <span class='ocrx_word' id='word_1_863' title='bbox 2923 4919 3061 4990; x_wconf 90' lang='lat' dir='ltr'><strong>quia</strong></span> <span class='ocrx_word' id='word_1_864' title='bbox 3088 4935 3292 4974; x_wconf 83' lang='lat' dir='ltr'><strong>manus</strong></span> <span class='ocrx_word' id='word_1_865' title='bbox 3327 4926 3452 4984; x_wconf 88' lang='lat' dir='ltr'><strong>tua,</strong></span> <span class='ocrx_word' id='word_1_866' title='bbox 3505 4917 3562 4971; x_wconf 90' lang='lat' dir='ltr'><strong>id</strong></span> <span class='ocrx_word' id='word_1_867' title='bbox 3594 4920 3712 4984; x_wconf 88' lang='lat' dir='ltr'><strong>est,</strong></span> 
     </span>
    </p>
   </div>
   <div class='ocr_carea' id='block_1_112' title="bbox 2066 5004 3719 5079">
    <p class='ocr_par' dir='ltr' id='par_1_112' title="bbox 2066 5004 3719 5079">
     <span class='ocr_line' id='line_1_112' title="bbox 2066 5004 3719 5079; baseline -0.004 -16"><span class='ocrx_word' id='word_1_868' title='bbox 2066 5008 2346 5079; x_wconf 89' lang='lat' dir='ltr'><strong>potentia,</strong></span> <span class='ocrx_word' id='word_1_869' title='bbox 2378 5010 2616 5076; x_wconf 86' lang='lat' dir='ltr'><strong>gravata</strong></span> <span class='ocrx_word' id='word_1_870' title='bbox 2644 5012 2721 5063; x_wconf 86' lang='lat' dir='ltr'><strong>est</strong></span> <span class='ocrx_word' id='word_1_871' title='bbox 2747 5023 2914 5077; x_wconf 86' lang='lat' dir='ltr'><strong>super</strong></span> <span class='ocrx_word' id='word_1_872' title='bbox 2942 5024 3046 5077; x_wconf 83' lang='lat' dir='ltr'><strong>me,</strong></span> <span class='ocrx_word' id='word_1_873' title='bbox 3080 5008 3137 5061; x_wconf 91' lang='lat' dir='ltr'><strong>id</strong></span> <span class='ocrx_word' id='word_1_874' title='bbox 3170 5011 3279 5072; x_wconf 86' lang='lat' dir='ltr'><strong>est,</strong></span> <span class='ocrx_word' id='word_1_875' title='bbox 3310 5021 3545 5076; x_wconf 85' lang='lat' dir='ltr'><strong>gravem</strong></span> <span class='ocrx_word' id='word_1_876' title='bbox 3585 5004 3719 5058; x_wconf 91' lang='lat' dir='ltr'><strong>viu-</strong></span> 
     </span>
    </p>
   </div>
   <div class='ocr_carea' id='block_1_113' title="bbox 2066 5091 3713 5167">
    <p class='ocr_par' dir='ltr' id='par_1_113' title="bbox 2066 5091 3713 5167">
     <span class='ocr_line' id='line_1_113' title="bbox 2066 5091 3713 5167; baseline -0.002 -16"><span class='ocrx_word' id='word_1_877' title='bbox 2066 5097 2281 5152; x_wconf 87' lang='lat' dir='ltr'><strong>dictam</strong></span> <span class='ocrx_word' id='word_1_878' title='bbox 2315 5096 2539 5167; x_wconf 87' lang='lat' dir='ltr'><strong>accepit</strong></span> <span class='ocrx_word' id='word_1_879' title='bbox 2566 5096 2637 5151; x_wconf 91' lang='lat' dir='ltr'><strong>de</strong></span> <span class='ocrx_word' id='word_1_880' title='bbox 2668 5111 2761 5151; x_wconf 91' lang='lat' dir='ltr'><strong>me</strong></span> <span class='ocrx_word' id='word_1_881' title='bbox 2792 5112 2896 5167; x_wconf 94' lang='lat' dir='ltr'><strong>pro</strong></span> <span class='ocrx_word' id='word_1_882' title='bbox 2928 5099 3158 5166; x_wconf 88' lang='lat' dir='ltr'><strong>peccato</strong></span> <span class='ocrx_word' id='word_1_883' title='bbox 3209 5092 3385 5166; x_wconf 90' lang='lat' dir='ltr'><strong>primi</strong></span> <span class='ocrx_word' id='word_1_884' title='bbox 3432 5091 3713 5164; x_wconf 87' lang='lat' dir='ltr'><strong>parentis.</strong></span> 
     </span>
    </p>
   </div>
   <div class='ocr_carea' id='block_1_114' title="bbox 2071 5183 3721 5251">
    <p class='ocr_par' dir='ltr' id='par_1_114' title="bbox 2071 5183 3721 5251">
     <span class='ocr_line' id='line_1_114' title="bbox 2071 5183 3721 5251; baseline -0.002 -11"><span class='ocrx_word' id='word_1_885' title='bbox 2071 5187 2163 5240; x_wconf 89' lang='lat' dir='ltr'><strong>Die</strong></span> <span class='ocrx_word' id='word_1_886' title='bbox 2193 5202 2258 5241; x_wconf 86' lang='lat' dir='ltr'><strong>ac</strong></span> <span class='ocrx_word' id='word_1_887' title='bbox 2298 5188 2470 5251; x_wconf 85' lang='lat' dir='ltr'><strong>nocte,</strong></span> <span class='ocrx_word' id='word_1_888' title='bbox 2524 5184 2579 5239; x_wconf 92' lang='lat' dir='ltr'><strong>id</strong></span> <span class='ocrx_word' id='word_1_889' title='bbox 2630 5189 2721 5240; x_wconf 89' lang='lat' dir='ltr'><strong>est</strong></span> <span class='ocrx_word' id='word_1_890' title='bbox 2767 5184 3023 5239; x_wconf 88' lang='lat' dir='ltr'><strong>assidue.</strong></span> <span class='ocrx_word' id='word_1_891' title='bbox 3059 5183 3176 5238; x_wconf 86' lang='lat' dir='ltr'><strong>Hoc</strong></span> <span class='ocrx_word' id='word_1_892' title='bbox 3208 5183 3382 5237; x_wconf 92' lang='lat' dir='ltr'><strong>modo</strong></span> <span class='ocrx_word' id='word_1_893' title='bbox 3430 5197 3721 5237; x_wconf 85' lang='lat' dir='ltr'><strong>conversus</strong></span> 
     </span>
    </p>
   </div>
   <div class='ocr_carea' id='block_1_115' title="bbox 2067 5270 3725 5342">
    <p class='ocr_par' dir='ltr' id='par_1_115' title="bbox 2067 5270 3725 5342">
     <span class='ocr_line' id='line_1_115' title="bbox 2067 5270 3725 5342; baseline -0.003 -12"><span class='ocrx_word' id='word_1_894' title='bbox 2067 5291 2211 5330; x_wconf 88' lang='lat' dir='ltr'><strong>sum.</strong></span> <span class='ocrx_word' id='word_1_895' title='bbox 2260 5275 2535 5328; x_wconf 77' lang='lat' dir='ltr'><strong>Delicium</strong></span> <span class='ocrx_word' id='word_1_896' title='bbox 2562 5289 2746 5329; x_wconf 89' lang='lat' dir='ltr'><strong>meum</strong></span> <span class='ocrx_word' id='word_1_897' title='bbox 2774 5272 3057 5340; x_wconf 85' lang='lat' dir='ltr'><strong>cognitum</strong></span> <span class='ocrx_word' id='word_1_898' title='bbox 3088 5272 3188 5325; x_wconf 86' lang='lat' dir='ltr'><strong>tibi</strong></span> <span class='ocrx_word' id='word_1_899' title='bbox 3222 5272 3359 5342; x_wconf 82' lang='lat' dir='ltr'><strong>feci,</strong></span> <span class='ocrx_word' id='word_1_900' title='bbox 3412 5270 3514 5341; x_wconf 90' lang='lat' dir='ltr'><strong>qui</strong></span> <span class='ocrx_word' id='word_1_901' title='bbox 3561 5270 3725 5340; x_wconf 90' lang='lat' dir='ltr'><strong>prius</strong></span> 
     </span>
    </p>
   </div>
   <div class='ocr_carea' id='block_1_116' title="bbox 2070 5359 3725 5433">
    <p class='ocr_par' dir='ltr' id='par_1_116' title="bbox 2070 5359 3725 5433">
     <span class='ocr_line' id='line_1_116' title="bbox 2070 5359 3725 5433; baseline -0.004 -14"><span class='ocrx_word' id='word_1_902' title='bbox 2070 5381 2186 5420; x_wconf 90' lang='lat' dir='ltr'><strong>non</strong></span> <span class='ocrx_word' id='word_1_903' title='bbox 2206 5362 2577 5419; x_wconf 83' lang='lat' dir='ltr'><strong>attendebam</strong></span> <span class='ocrx_word' id='word_1_904' title='bbox 2597 5361 2685 5417; x_wconf 89' lang='lat' dir='ltr'><strong>vel</strong></span> <span class='ocrx_word' id='word_1_905' title='bbox 2709 5359 3091 5417; x_wconf 85' lang='lat' dir='ltr'><strong>defendebam</strong></span> <span class='ocrx_word' id='word_1_906' title='bbox 3106 5380 3125 5415; x_wconf 89' lang='lat'><strong><em>:</em></strong></span> <span class='ocrx_word' id='word_1_907' title='bbox 3148 5377 3253 5433; x_wconf 90' lang='lat' dir='ltr'><strong>ego</strong></span> <span class='ocrx_word' id='word_1_908' title='bbox 3277 5361 3401 5431; x_wconf 92' lang='lat' dir='ltr'><strong>ipse</strong></span> <span class='ocrx_word' id='word_1_909' title='bbox 3424 5359 3725 5428; x_wconf 81' lang='lat' dir='ltr'><strong>damnavi,</strong></span> 
     </span>
    </p>
   </div>
   <div class='ocr_carea' id='block_1_117' title="bbox 2074 5448 3724 5525">
    <p class='ocr_par' dir='ltr' id='par_1_117' title="bbox 2074 5448 3724 5525">
     <span class='ocr_line' id='line_1_117' title="bbox 2074 5448 3724 5525; baseline -0.004 -16"><span class='ocrx_word' id='word_1_910' title='bbox 2074 5469 2185 5525; x_wconf 90' lang='lat' dir='ltr'><strong>ego</strong></span> <span class='ocrx_word' id='word_1_911' title='bbox 2214 5452 2339 5523; x_wconf 87' lang='lat' dir='ltr'><strong>ipse</strong></span> <span class='ocrx_word' id='word_1_912' title='bbox 2368 5451 2671 5507; x_wconf 88' lang='lat' dir='ltr'><strong>confessus</strong></span> <span class='ocrx_word' id='word_1_913' title='bbox 2701 5465 2835 5505; x_wconf 91' lang='lat' dir='ltr'><strong>sum</strong></span> <span class='ocrx_word' id='word_1_914' title='bbox 2866 5448 3166 5517; x_wconf 87' lang='lat' dir='ltr'><strong>delictum,</strong></span> <span class='ocrx_word' id='word_1_915' title='bbox 3198 5449 3253 5503; x_wconf 93' lang='lat' dir='ltr'><strong>id</strong></span> <span class='ocrx_word' id='word_1_916' title='bbox 3288 5454 3395 5517; x_wconf 89' lang='lat' dir='ltr'><strong>est,</strong></span> <span class='ocrx_word' id='word_1_917' title='bbox 3431 5448 3585 5519; x_wconf 86' lang='lat' dir='ltr'><strong>quod</strong></span> <span class='ocrx_word' id='word_1_918' title='bbox 3609 5464 3724 5503; x_wconf 90' lang='lat' dir='ltr'><strong>non</strong></span> 
     </span>
    </p>
   </div>
   <div class='ocr_carea' id='block_1_118' title="bbox 2082 5537 3730 5611">
    <p class='ocr_par' dir='ltr' id='par_1_118' title="bbox 2082 5537 3730 5611">
     <span class='ocr_line' id='line_1_118' title="bbox 2082 5537 3730 5611; baseline -0.002 -16"><span class='ocrx_word' id='word_1_919' title='bbox 2082 5541 2191 5596; x_wconf 80' lang='lat' dir='ltr'><strong>foci</strong></span> <span class='ocrx_word' id='word_1_920' title='bbox 2225 5542 2378 5611; x_wconf 77' lang='lat' dir='ltr'><strong>quod</strong></span> <span class='ocrx_word' id='word_1_921' title='bbox 2412 5541 2606 5595; x_wconf 86' lang='lat' dir='ltr'><strong>debui.</strong></span> <span class='ocrx_word' id='word_1_922' title='bbox 2656 5542 2721 5594; x_wconf 88' lang='lat' dir='ltr'><strong>Et</strong></span> <span class='ocrx_word' id='word_1_923' title='bbox 2754 5538 3077 5609; x_wconf 77' lang='lat' dir='ltr'><strong>injustitias</strong></span> <span class='ocrx_word' id='word_1_924' title='bbox 3110 5555 3269 5593; x_wconf 80' lang='lat' dir='ltr'><strong>meas</strong></span> <span class='ocrx_word' id='word_1_925' title='bbox 3298 5555 3408 5592; x_wconf 80' lang='lat' dir='ltr'><strong>non.</strong></span> <span class='ocrx_word' id='word_1_926' title='bbox 3436 5537 3730 5604; x_wconf 78' lang='lat' dir='ltr'><strong>abscondi,</strong></span> 
     </span>
    </p>
   </div>
   <div class='ocr_carea' id='block_1_119' title="bbox 2074 5625 3731 5701">
    <p class='ocr_par' dir='ltr' id='par_1_119' title="bbox 2074 5625 3731 5701">
     <span class='ocr_line' id='line_1_119' title="bbox 2074 5625 3731 5701; baseline -0.002 -15"><span class='ocrx_word' id='word_1_927' title='bbox 2074 5630 2302 5686; x_wconf 86' lang='lat' dir='ltr'><strong>scilicet</strong></span> <span class='ocrx_word' id='word_1_928' title='bbox 2333 5630 2472 5701; x_wconf 87' lang='lat' dir='ltr'><strong>quia</strong></span> <span class='ocrx_word' id='word_1_929' title='bbox 2502 5629 2610 5684; x_wconf 90' lang='lat' dir='ltr'><strong>feci</strong></span> <span class='ocrx_word' id='word_1_930' title='bbox 2643 5631 2800 5700; x_wconf 89' lang='lat' dir='ltr'><strong>quod</strong></span> <span class='ocrx_word' id='word_1_931' title='bbox 2835 5646 2950 5684; x_wconf 91' lang='lat' dir='ltr'><strong>non</strong></span> <span class='ocrx_word' id='word_1_932' title='bbox 2982 5627 3158 5683; x_wconf 88' lang='lat' dir='ltr'><strong>debui</strong></span> <span class='ocrx_word' id='word_1_933' title='bbox 3187 5645 3199 5681; x_wconf 91' lang='lat'><strong>:</strong></span> <span class='ocrx_word' id='word_1_934' title='bbox 3236 5627 3389 5697; x_wconf 88' lang='lat' dir='ltr'><strong>quod</strong></span> <span class='ocrx_word' id='word_1_935' title='bbox 3422 5625 3577 5681; x_wconf 91' lang='lat' dir='ltr'><strong>enim</strong></span> <span class='ocrx_word' id='word_1_936' title='bbox 3610 5642 3731 5682; x_wconf 91' lang='lat' dir='ltr'><strong>me-</strong></span> 
     </span>
    </p>
   </div>
   <div class='ocr_carea' id='block_1_120' title="bbox 2075 5716 3734 5799">
    <p class='ocr_par' dir='ltr' id='par_1_120' title="bbox 2075 5716 3734 5799">
     <span class='ocr_line' id='line_1_120' title="bbox 2075 5716 3734 5799; baseline -0.001 -19"><span class='ocrx_word' id='word_1_937' title='bbox 2075 5720 2242 5781; x_wconf 87' lang='lat' dir='ltr'><strong>dicus</strong></span> <span class='ocrx_word' id='word_1_938' title='bbox 2271 5719 2445 5796; x_wconf 82' lang='lat' dir='ltr'><strong>tegit,</strong></span> <span class='ocrx_word' id='word_1_939' title='bbox 2495 5721 2772 5792; x_wconf 83' lang='lat' dir='ltr'><strong>sanatur;</strong></span> <span class='ocrx_word' id='word_1_940' title='bbox 2822 5719 2977 5799; x_wconf 86' lang='lat' dir='ltr'><strong>quod</strong></span> <span class='ocrx_word' id='word_1_941' title='bbox 3020 5718 3164 5794; x_wconf 80' lang='lat' dir='ltr'><strong>tegit</strong></span> <span class='ocrx_word' id='word_1_942' title='bbox 3195 5717 3498 5791; x_wconf 83' lang='lat' dir='ltr'><strong>inﬁrmus,</strong></span> <span class='ocrx_word' id='word_1_943' title='bbox 3549 5716 3734 5779; x_wconf 82' lang='lat' dir='ltr'><strong>nutrit</strong></span> 
     </span>
    </p>
   </div>
  </div>
