4016 6192
365 350 484 413 303

931 354 1235 417 REMIGII
1275 354 2031 418 ANTISSIODORENSIS
2079 354 2249 416 OPP.
2296 354 2496 417 PARS
2543 357 2592 418 Ι.
2627 389 2703 400 -
2733 353 3194 418 EXEGE’I‘ICA.

3647 352 3765 419 804

373 481 606 539 vulnus.
661 484 721 542 Si
781 503 894 542 non
951 487 1100 561 tegis
1154 492 1216 544 tu
1277 490 1604 561 perdendo,
1663 488 1805 561 tegit
1859 493 2012 544 Deus
2044 489 2621 558 Aprcesumendum,
2653 491 2763 545 nisi
2788 491 2858 546 de
2879 489 3003 546 sola
3027 488 3121 544 Dei
3146 487 3230 544 tui
3261 487 3686 546 misericordia.
3710 489 3775 544 Et

371 573 678 629 medendo.
728 578 944 630 Revera
973 593 1081 631 non.
1113 577 1394 646 abscondi,
1436 578 1575 649 quia
1602 578 1745 644 dixi,
1795 577 1850 632 id
1900 581 2006 646 est,

361 661 630 733 cogitavi,
664 663 820 720 istud
854 665 1091 731 scilicet,
1129 667 1430 736 Conﬁtebor
1471 669 1805 738 injustitiam
1834 685 2006 722 meam

359 749 608 819 Domino,
640 753 956 809 confitebor
987 754 1036 809 ei
1069 761 1305 825 peccata
1334 773 1464 812 mea
1494 756 1779 812 adversum
1811 774 1914 826 me,
1950 756 2007 812 id

358 842 467 911 est,
501 855 595 896 me
621 843 970 898 accusando.
1005 844 1131 900 Non
1161 841 1448 918 imputavi
1475 846 1613 914 Deo,
1640 846 1731 901 vel
1758 847 1896 914 fato,
1919 845 2007 900 vel

358 928 624 995 fortunae,
656 930 743 986 vel
775 931 1226 994 constellationi.
1250 934 1340 989 vel
1371 934 1626 1002 diabolo,
1649 938 1716 988 ut
1737 934 1906 989 multi
1933 935 2011 990 fa-

360 1017 540 1074 ciunt.
590 1021 658 1075 Et
705 1020 843 1093 quia
895 1039 989 1078 me
1037 1025 1179 1079 adeo
1238 1023 1574 1092 bumiliavi,
1636 1033 1694 1080 tu
1748 1026 2012 1080 remisisti

363 1107 700 1178 impietatem
729 1112 936 1180 peccati
963 1113 1092 1178 mei,
1126 1113 1184 1166 id
1216 1117 1324 1184 est,
1359 1113 1757 1169 defensionem
1790 1113 2010 1185 peccati

365 1211 492 1266 qua
523 1202 650 1254 erat
681 1214 750 1253 ex
778 1200 1074 1271 superbia.
1101 1200 1311 1273 Magna
1333 1203 1760 1258 commendatio
1788 1203 2012 1258 miseri-

363 1285 571 1341 cordias
619 1287 740 1342 Dei.
795 1287 1067 1346 Nondum
1115 1306 1222 1345 vox
1263 1290 1322 1345 in
1373 1308 1492 1354 ore,
1541 1295 1599 1347 et
1647 1292 1765 1362 iam
1811 1291 1880 1346 ad
1914 1307 2012 1346 cor

365 1373 523 1430 auris
555 1375 676 1431 Dei.

434 1483 560 1539 Non
581 1485 737 1539 enim
756 1484 915 1551 dicit,
937 1485 1241 1542 confessus
1261 1503 1422 1542 sum:
1448 1490 1534 1541 est
1555 1494 1748 1542 autem
1772 1485 2008 1556 dixisse,

365 1572 700 1628 confessum
733 1589 880 1629 esse.
914 1580 1023 1631 Pro
1055 1575 1174 1644 hac,
1209 1575 1433 1630 scilicet
1462 1575 1779 1648 impietate,
1812 1575 1868 1630 id
1901 1580 2008 1642 est,

365 1661 710 1718 dimissione
740 1664 982 1735 peccati,
1025 1664 1392 1733 dimittenda,
1443 1664 1530 1719 vel
1564 1681 1665 1736 pro
1711 1665 1815 1720 hac
1844 1664 2012 1719 venia

361 1754 751 1822 peccatorum,
786 1753 962 1808 orabit
986 1752 1054 1809 ad
1083 1757 1134 1808 te
1164 1756 1342 1809 omnis
1370 1761 1610 1821 sanctus,
1643 1754 1699 1808 id
1735 1759 1840 1817 est,
1875 1771 2009 1809 ora-

361 1839 448 1894 bit
474 1843 530 1894 te
561 1843 625 1895 ut
653 1841 724 1896 ad
756 1844 812 1896 te
843 1841 1160 1912 perveniat,
1195 1859 1308 1898 non
1342 1847 1576 1914 propter
1606 1842 1786 1898 aliud.
1822 1844 2008 1898 Omnis
2041 1862 2086 1926 Β

359 1933 602 1997 sanctus,
651 1930 708 1985 id
744 1935 852 1999 est,
906 1930 1099 1986 omnis
1131 1932 1232 2002 qui
1264 1931 1388 1986 vult
1420 1932 1540 1985 fieri
1575 1936 1834 1987 sanctus.
1870 1931 2008 1988 Nul-

361 2017 456 2073 lus
513 2019 670 2074 enim
727 2019 1218 2088 sanciiﬁcabitur,
1278 2019 1395 2075 nisi
1443 2020 1535 2074 cui
1602 2025 1661 2075 tu
1715 2020 2011 2076 dimiseris

364 2112 622 2179 peccata.

435 2214 626 2270 Orabit
655 2214 803 2282 dico,
838 2216 895 2270 in
931 2223 1170 2288 tempore
1197 2217 1522 2287 opportuno,
1555 2215 1612 2269 id
1645 2219 1752 2282 est,
1785 2215 1842 2270 in
1865 2220 2011 2271 tem-

363 2321 502 2378 pore
533 2305 753 2378 gratiae,
778 2303 1073 2360 scilicetin
1101 2309 1364 2377 tempore
1395 2304 1815 2360 incarnationis
1847 2306 2009 2360 Chri-

364 2394 470 2461 sti;
505 2398 793 2466 quotquot
812 2396 969 2450 enim
992 2394 1341 2450 sanctificati
1364 2398 1501 2451 sunt
1521 2395 1608 2450 vel
1631 2400 1766 2450 ante
1798 2396 2011 2450 adven-

363 2487 491 2536 tum
536 2482 660 2536 Filii
694 2483 815 2550 Dei,
868 2483 956 2537 vel
988 2487 1137 2554 post,
1179 2498 1282 2553 per
1336 2484 1464 2553 ejus
1494 2483 1666 2538 fidem
1700 2482 1843 2538 salvi
1877 2484 2011 2539 facti

365 2574 506 2625 sunt
529 2585 542 2625 :
567 2574 700 2624 ante
725 2570 1061 2640 adventum,
1087 2571 1387 2625 credentes
1411 2571 1675 2624 futurum
1704 2572 1859 2641 quod
1883 2575 2014 2641 post

363 2659 678 2714 adventum
711 2657 1006 2712 credimus
1037 2658 1276 2712 factum.
1325 2659 1583 2729 Tempus
1613 2663 2010 2729 opportunum

363 2753 473 2814 est,
487 2747 558 2802 de
575 2763 690 2819 quo
708 2745 1202 2817 dicitApostolus:
1228 2747 1357 2802 Ecce
1370 2763 1519 2801 nunc
1532 2754 1741 2818 tempus
1763 2756 2008 2818 accepta-

363 2836 492 2907 bite,
544 2851 666 2892 ecce
692 2851 841 2890 nunc
880 2834 994 2890 dies
1022 2835 1220 2891 salutis
1253 2835 1323 2907 (II
1355 2837 1482 2892 Cor.
1519 2838 1617 2907 v1).
1664 2838 2010 2908 Quanquam

361 2926 608 2982 dixerim
638 2927 699 2981 in
727 2928 966 2988 tempore
995 2933 1293 2996 opportuno
1313 2969 1326 2991 ,
1382 2931 1757 2980 verumtamen
1809 2927 1868 2979 in
1921 2925 2012 2980 di-

363 3017 509 3072 luvio
534 3031 807 3087 aquarum
828 3015 1135 3070 multarum
1157 3013 1227 3069 ad
1246 3030 1371 3069 eum
1388 3030 1500 3069 non
1523 3015 2008 3086 approximabunt,

362 3105 422 3160 id
445 3109 553 3174 est,
591 3105 650 3160 in
682 3103 1116 3176 multiplicitate
1139 3104 1433 3159 variarum
1467 3103 1862 3159 doctrinarum
1895 3121 2008 3160 non

365 3194 640 3250 accedent
661 3193 730 3249 ad
763 3193 892 3264 ejus
917 3193 1401 3259 misericordiam,
1425 3191 1644 3248 scilicet
1668 3193 2010 3264 imputanda

368 3282 601 3356 culpam
623 3299 791 3340 suam
813 3281 898 3338 vel
921 3281 1349 3338 constellationi
1377 3282 1700 3337 secundum
1723 3283 2009 3353 quosdam

371 3371 734 3445 philospbos,
755 3369 844 3426 vel
867 3371 1109 3426 fortunae
1134 3369 1456 3425 secundum
1486 3367 1650 3439 alios,
1678 3374 1735 3424 et
1754 3369 1885 3424 aliis
1916 3369 2020 3425 hu-

365 3461 762 3534 jusmodi.Qui
777 3475 880 3532 per
891 3459 1301 3531 compendium
1317 3459 1387 3514 ad
1400 3475 1532 3514 eum
1550 3463 1788 3530 possent
1801 3459 2013 3527 venire,

371 3553 429 3607 id
451 3555 560 3618 est,
577 3549 907 3606 confitendo
929 3554 1164 3620 peccata
1185 3565 1310 3616 sua,
1336 3552 1393 3604 et
1417 3565 1479 3604 se
1502 3547 1867 3604 humiliando
1890 3566 2018 3622 pos-

371 3645 503 3698 sent
531 3640 744 3696 babere
774 3638 1095 3712 placatum,
1127 3654 1231 3710 per
1259 3637 1570 3694 circuitum
1617 3639 1808 3693 eundo
1841 3656 2014 3694 accu-

370 3728 706 3796 sant.Quasi
727 3727 907 3784 dicat:
928 3727 1025 3783 ille
1046 3726 1422 3783 multitudine
1442 3728 1875 3783 excusationem
1900 3745 2014 3783 non

366 3816 1002 3891 approximabunt.Ego
1023 3819 1219 3871 autem
1242 3813 1680 3886 approximabo,
1697 3815 1836 3886 quia
1849 3831 1883 3869 a
1900 3832 2015 3887 quo

367 3907 490 3980 fugi
509 3923 614 3978 per
633 3905 990 3978 superbiam,
1006 3904 1078 3961 ad
1097 3903 1268 3960 illum
1286 3901 1570 3975 refugiam
1595 3919 1697 3975 per
1719 3903 2015 3960 humilita-

365 3999 504 4050 tem.
562 3999 644 4050 Tu
689 4011 746 4050 es
795 3997 1074 4066 refugium
1118 4011 1343 4050 meum:
1387 3993 1458 4048 ad
1491 3997 1548 4048 te
1579 3993 1706 4048 volo
1738 3994 2012 4066 confuge-

368 4100 453 4149 re,
483 4099 600 4138 non
630 4087 686 4138 te
709 4099 1004 4153 accusare,
1025 4087 1081 4138 te
1110 4083 1170 4138 in
1201 4083 1372 4138 corde
1394 4083 1562 4154 quasi
1585 4099 1778 4138 arcem
1805 4082 2013 4157 refugii

368 4172 584 4228 habere
613 4174 835 4242 satago,
870 4187 985 4225 non
1017 4186 1130 4238 me,
1163 4187 1278 4227 non
1309 4171 1632 4241 hominem,
1679 4189 1790 4225 non
1836 4189 2008 4227 mun-

367 4262 510 4318 dum
532 4259 634 4333 qui
651 4259 819 4333 perit.
834 4260 874 4314 .4
896 4259 1248 4316 tribulatione
1263 4275 1386 4331 quae
1400 4259 1754 4316 circumdedit
1772 4277 1879 4330 me,
1893 4278 2008 4317 non

365 4351 668 4420 demersit,
681 4349 820 4422 quia
835 4347 1055 4406 contuli
1074 4347 1270 4420 copias
1291 4364 1452 4403 meas
1470 4348 1527 4402 in
1545 4365 1736 4404 arcem
1759 4349 2013 4422 desuper

361 4440 613 4496 irridens
633 4442 944 4512 occupatos
965 4437 1124 4493 euris
1151 4436 1320 4492 istius
1344 4436 1558 4492 saeculi.
1584 4437 1650 4492 Et
1671 4443 1802 4510 post
1826 4440 2007 4494 exsul-

361 4532 495 4586 tatio
527 4546 646 4585 mea
667 4530 724 4584 in
745 4532 801 4584 te
823 4528 935 4584 erit
964 4526 1109 4583 mihi
1135 4544 1146 4594 ;
1180 4532 1234 4582 et
1264 4543 1419 4582 nunc
1439 4527 1614 4582 etiam
1645 4544 1706 4582 es
1733 4532 1796 4582 tu
1817 4527 2006 4584 exsule

359 4619 522 4685 talio,
553 4619 656 4674 sed
686 4618 745 4673 in
777 4634 899 4690 spc.
938 4618 1002 4672 Et
1032 4616 1172 4688 quia
1204 4617 1258 4670 in
1282 4633 1340 4672 re
1363 4615 1552 4671 adhuc
1575 4619 1663 4671 est
1683 4615 2003 4685 tribulatio,

357 4723 488 4763 erue
541 4722 627 4761 me
677 4724 712 4761 a
766 4705 1235 4762 circumdantibus
1281 4721 1393 4774 me,
1445 4705 1667 4761 scilicet
1713 4707 1784 4760 ab
1835 4705 2005 4778 aquis

359 4795 585 4862 multis,
617 4794 704 4849 vel
735 4811 769 4849 a
795 4794 1278 4850 tribulationibus
1309 4794 1522 4860 carnis,
1557 4797 1622 4848 ut
1644 4810 1746 4865 per
1770 4811 1867 4850 eas
1888 4812 2002 4850 non

357 4887 616 4943 devocer.
643 4883 818 4948 Quasi
841 4883 1026 4938 dicat:
1055 4884 1201 4950 Dixi,
1219 4882 1541 4952 Conﬁtebor,
1565 4886 1618 4936 et
1639 4885 1699 4936 tu
1719 4885 2000 4955 remisisti,

355 4976 478 5032 hare
526 4973 671 5030 mibi
719 4973 942 5040 dicens,
989 4973 1331 5027 Intellectum
1361 4972 1464 5027 tibi
1490 4972 1652 5039 dabo,
1685 4971 1853 5028 illum
1885 4975 2002 5030 sci-

357 5065 514 5131 licet,
537 5079 711 5136 quem
733 5063 866 5119 dedi
891 5063 948 5116 in
973 5060 1163 5134 prima
1185 5062 1494 5131 creatione,
1519 5061 1660 5134 quia
1679 5079 1804 5118 cum
1827 5065 1886 5118 in
1906 5064 2000 5119 ho-

352 5171 489 5212 nore
516 5171 680 5221 esses,
713 5153 770 5208 id
803 5157 911 5222 est,
943 5151 1002 5206 in
1033 5150 1318 5223 dignitate
1349 5155 1570 5206 natura:
1602 5152 1920 5217 rationalis,
1947 5158 2002 5210 et
2067 5225 2082 5232 ﬁ

354 5261 466 5302 non
487 5243 820 5301 intellexisti
837 5246 902 5298 ut
925 5240 1186 5296 moribus
1207 5255 1536 5309 exornares,
1553 5241 1672 5296 vita
1691 5241 1998 5315 excoleres,

351 5340 694 5405 comparatus
721 5349 774 5388 es
795 5333 1062 5404 jumentis
1082 5331 1489 5402 iusipientibus,
1511 5335 1564 5385 et
1591 5332 1798 5387 similis
1820 5336 2000 5403 factus

349 5437 404 5477 es
433 5421 550 5476 illis
581 5420 760 5491 (Psal.
793 5420 1008 5491 xcvm),
1041 5418 1258 5474 oblitus
1289 5417 1388 5473 Dei
1419 5417 1525 5484 tui,
1557 5419 1684 5474 sine
1707 5436 1822 5491 quo
1844 5425 1997 5477 stare

329 5510 408 5566 'in
437 5508 538 5566 illa
565 5509 848 5581 dignitate
879 5524 992 5563 non
1025 5507 1288 5580 potuisti.
1334 5507 1498 5562 Nunc
1530 5512 1724 5564 autem
1755 5510 1895 5582 quia
1924 5511 1996 5567 ad

351 5615 443 5654 me
473 5614 576 5672 per
595 5597 988 5653 humilitatem
1016 5597 1192 5662 redis,
1219 5595 1579 5652 intellectum
1612 5597 1764 5654 dabo
1793 5600 1897 5656 tibi
1923 5601 1992 5656 ad

351 5686 776 5758 beatitudinem
807 5684 1201 5744 necessarium
1221 5727 1234 5754 ,
1288 5689 1353 5741 ut
1394 5686 1546 5744 scias
1575 5688 1646 5745 de
1675 5688 1837 5746 nullo
1867 5705 1996 5747 esse

2118 576 2178 630 in
2203 575 2302 631 illo
2326 575 2623 632 intellectu
2651 580 2923 633 instruam
2947 586 3017 642 te,
3042 581 3104 631 ut
3127 577 3279 648 quod
3302 577 3448 632 bene
3466 575 3774 648 intelligis,

2120 683 2350 721 morum
2376 667 2681 724 honestate
2703 668 3016 740 compleas,
3041 669 3105 722 In
3124 668 3215 721 via
3237 665 3337 721 hac
3359 682 3466 736 qua
3483 666 3779 737 gradieris,

2119 753 2176 809 id
2209 758 2318 822 est,
2350 754 2408 809 in
2444 755 2552 811 hac
2573 755 2688 810 vita
2709 757 2768 812 in
2792 773 2906 828 qua
2927 773 3043 810 non
3065 755 3180 810 eris
3203 754 3384 826 piger,
3417 755 3519 810 sed
3541 770 3782 826 semper

2119 843 2393 915 gradiens
2425 845 2495 900 de
2525 844 2737 901 virtute
2768 844 2827 900 in
2858 845 3154 900 virtutem.

2191 931 2287 987 Vel
2319 933 2376 987 in
2409 933 2656 989 honesto
2685 935 2980 1007 proposito
3014 933 3168 1004 quod
3193 932 3396 1004 eliges,
3427 931 3665 1002 ﬁrmabo
3683 950 3777 989 su-

2115 1037 2215 1093 per
2242 1030 2293 1076 te
2322 1023 2507 1077 oculos
2538 1039 2697 1088 meos,
2733 1023 2790 1078 id
2821 1028 2929 1086 est,
2958 1038 3262 1092 nunquam
3284 1025 3394 1077 ate
3416 1022 3646 1078 recedet
3668 1023 3780 1078 mi-

2120 1109 2438 1166 sericordia
2468 1127 2618 1173 mea,
2652 1111 2789 1182 quia
2819 1127 3050 1181 semper
3073 1111 3142 1165 ad
3171 1126 3265 1166 me
3285 1110 3561 1182 respiciet
3578 1111 3776 1168 humi-

2121 1198 2256 1254 litas
2289 1203 2412 1266 tua,
2445 1204 2508 1254 ut
2539 1199 2638 1264 ibi,
2675 1200 2830 1254 Oculi
2849 1202 2957 1254 mei
2976 1215 3191 1270 semper
3210 1199 3280 1254 ad
3301 1199 3613 1271 Dominum,
3637 1217 3775 1272 quo-

2119 1289 2274 1342 niam
2305 1290 2421 1358 ipse
2448 1289 2637 1344 evellet
2685 1288 2750 1343 de
2777 1289 2976 1358 laqueo
3005 1287 3163 1359 pedes
3192 1303 3336 1343 meos
3385 1289 3564 1359 (Psal.
3594 1290 3772 1359 xxiv).

2122 1377 2268 1449 Ergo
2320 1377 2380 1432 in
2429 1380 2590 1432 tanto
2641 1377 2860 1432 honore
2909 1377 3104 1449 positi,
3148 1380 3205 1432 et
3234 1377 3517 1433 habentes
3548 1381 3772 1434 tantam

2123 1483 2285 1530 Spem
2317 1483 2418 1538 per
2450 1465 2911 1522 misericordiam
2945 1465 3067 1531 Dei,
3101 1465 3497 1537 intelligenter
3521 1471 3579 1522 et
3600 1466 3774 1523 ratio-

2123 1553 2392 1612 nabiliter
2420 1555 2630 1624 vivere,
2665 1555 2840 1610 Nolite
2867 1557 2994 1625 ﬁeri
3017 1557 3160 1610 sicut
3189 1571 3380 1626 equus,
3413 1557 3511 1626 qui
3537 1557 3666 1612 sine
3687 1557 3773 1612 di-

2121 1644 2375 1700 cretionc
2398 1650 2515 1700 tam
2545 1649 2735 1716 portat
2758 1661 2933 1699 suum
2957 1661 3246 1700 sessorem
3272 1661 3448 1716 quam
3472 1644 3678 1700 alium.
3703 1651 3773 1704 Et

2118 1734 2302 1789 mulus
2319 1738 2438 1788 tam
2461 1733 2704 1789 alterius
2721 1734 3119 1790 indifferenter
3133 1750 3283 1789 onus
3303 1733 3578 1801 sustinet,
3592 1751 3780 1806 quam

2119 1822 2210 1878 sui
2242 1823 2484 1878 domini.
2538 1823 2637 1878 Vel
2673 1822 2850 1878 nolite
2878 1839 3006 1878 esse
3037 1823 3163 1879 sine
3195 1828 3434 1889 rectore,
3488 1839 3562 1880 ne
3590 1824 3773 1880 lasci-

2119 1910 2338 1967 vientes
2370 1928 2474 1984 per
2503 1913 2754 1984 abrupta
2783 1912 3030 1978 cadatis,
3081 1912 3234 1967 sicut
3273 1929 3463 1984 equus
3491 1916 3548 1968 et
3578 1913 3776 1971 mulus

2121 2017 2255 2056 cum
2287 2001 2413 2055 sine
2445 2005 2664 2056 rectore
2690 2005 2852 2069 sunt,
2880 2017 2983 2072 per
3005 2001 3174 2057 devia
3192 2001 3415 2056 vadunt
3440 2018 3452 2055 :
3484 2001 3572 2056 vel
3597 2002 3777 2059 nolite

2121 2089 2192 2145 de
2211 2089 2434 2145 viribus
2455 2089 2663 2145 vestris
2685 2106 3060 2161 praesumere,
3083 2090 3184 2161 qui
3208 2089 3570 2146 intellectum
3596 2090 3774 2148 babe-

2123 2178 2728 2249 tis,sicutl‘acitequus
2741 2184 2797 2234 et
2811 2179 3007 2234 mulus
3022 2179 3216 2250 quibus
3229 2195 3338 2236 non
3354 2188 3436 2235 est
3451 2181 3771 2238 intellectus.

2193 2268 2326 2338 Sed,
2342 2285 2373 2322 ο
2394 2268 2658 2335 Domine,
2679 2268 2779 2339 qui
2801 2267 3028 2323 malunt
3048 2285 3176 2324 esse
3193 2269 3325 2339 equi
3352 2272 3409 2324 et
3429 2268 3575 2326 muli
3599 2286 3773 2342 quam

2123 2356 2223 2410 tibi
2257 2357 2682 2429 approximare,
2712 2359 2769 2411 in
2803 2374 2956 2412 camo
2974 2361 3027 2412 et
3048 2357 3229 2431 ﬁ'eno,
3255 2357 3312 2412 id
3337 2362 3446 2425 est,
3475 2359 3534 2414 in
3563 2375 3776 2432 magna

2121 2445 2506 2501 refrenatione
2537 2451 2592 2500 et
2623 2463 2836 2518 magna
2863 2447 3234 2512 contritione,
3282 2449 3550 2506 maxillas
3577 2463 3774 2504 eorum

2121 2536 2448 2606 constringe,
2479 2534 2536 2588 id
2569 2539 2674 2604 est,
2710 2536 3022 2606 superbam
3055 2551 3251 2591 vocem
3287 2553 3491 2592 eorum
3525 2539 3770 2610 compri-

2123 2639 2235 2688 me,
2260 2623 2491 2678 discant
2517 2641 2631 2678 non
2653 2624 2876 2695 jactare
2901 2624 3129 2694 merita,
3153 2625 3252 2680 sed
3277 2626 3382 2680 tibi
3408 2643 3512 2698 per
3535 2627 3770 2682 humili-

2119 2715 2299 2766 tatem
2319 2713 2581 2767 conﬁteri
2605 2717 2860 2784 peccata.
2877 2713 3114 2768 Illorum
3135 2714 3471 2784 superbiam
3489 2716 3769 2788 deprime,

2120 2799 2297 2854 verba
2326 2799 2471 2872 legis
2501 2805 2612 2854 tua:
2643 2801 2702 2855 in
2735 2818 2832 2856 ore
2859 2818 3062 2857 eorum
3093 2818 3263 2873 pone,
3297 2820 3426 2875 quae
3458 2821 3558 2862 eos
3590 2805 3769 2862 refre-

2123 2892 2260 2943 nent
2292 2905 2325 2942 a
2364 2889 2641 2960 superbia
2687 2894 2743 2946 et
2795 2907 2939 2963 vago
2990 2907 3216 2964 gressu,
3270 2895 3367 2963 qui
3415 2898 3623 2950 euntes
3672 2910 3774 2966 per

2120 2976 2450 3044 circuitum,
2481 2994 2593 3034 non
2621 2981 3018 3051 approximant
3045 2981 3119 3036 ad
3149 2985 3216 3036 te.
3243 2983 3400 3046 Quod
3425 2983 3474 3038 si
3498 2983 3772 3056 approxi-

2121 3082 2280 3121 mare
2311 3065 2584 3138 noluerit,
2630 3070 2804 3125 multa
2833 3070 3076 3140 ﬂagella,
3122 3069 3183 3125 id
3219 3074 3322 3135 est,
3355 3070 3544 3127 multa
3572 3089 3772 3143 penna,

2119 3154 2230 3209 erit
2245 3159 2568 3226 peccatoris,
2594 3156 2650 3212 id
2684 3162 2794 3223 est,
2817 3158 2874 3212 in
2909 3162 3145 3230 peccato
3170 3158 3601 3231 perseverantis.
3626 3164 3772 3232 Spe-

2041 3232 2082 3298 C
2121 3247 2332 3299 rantem
2363 3254 2548 3301 autem
2569 3247 2628 3301 in
2651 3247 2897 3315 Domino,
2923 3247 3122 3303 nonin
3147 3247 3368 3304 meritis
3391 3247 3537 3313 suis,
3559 3264 3678 3304 non
3703 3249 3766 3306 in

2127 3333 2359 3404 saeculo,
2391 3335 2769 3391 misericordia
2797 3337 3189 3403 circumdabit,
3217 3336 3275 3392 id
3306 3341 3410 3408 est,
3432 3337 3685 3406 muniet,
3716 3342 3779 3395 et

2126 3421 2219 3477 hic
2242 3439 2343 3495 per
2363 3424 2610 3497 ﬂagella,
2636 3429 2693 3480 et
2713 3424 2772 3478 in
2795 3425 2992 3480 futuro
3015 3442 3118 3498 per
3136 3426 3693 3482 remunerationem.
3713 3427 3780 3484 Et

2127 3515 2190 3565 ut
2218 3511 2378 3568 illius
2409 3513 2811 3569 misericordia
2849 3531 2950 3570 vos
3000 3515 3344 3579 circumdet,
3398 3516 3676 3572 lxtamini
3720 3517 3775 3574 in

2128 3602 2378 3669 Domino,
2411 3619 2526 3658 non
2550 3603 2607 3657 in
2632 3601 2864 3669 saeculo,
2891 3604 3061 3673 cujus
3085 3602 3286 3659 laetitia
3311 3604 3650 3661 transitoria
3670 3609 3776 3663 est.

2129 3690 2426 3744 Lartamini
2459 3695 2672 3758 mente,
2703 3695 2754 3747 et
2786 3693 3058 3748 exsatiate
3089 3693 3149 3747 in
3177 3710 3444 3766 corpore,
3467 3693 3525 3749 in
3557 3711 3662 3766 spe
3692 3699 3781 3750 ta-

2127 3794 2256 3832 men
2278 3779 2440 3849 justi,
2476 3779 2615 3850 quia
2645 3780 2851 3850 injusti
2883 3781 2941 3835 in
2974 3781 3184 3837 szeculo
3215 3782 3534 3850 exsultant,
3564 3800 3680 3840 non
3716 3785 3774 3840 in

2125 3867 2388 3922 Domino.
2418 3868 2481 3922 Et
2509 3869 2747 3924 tandem
2777 3868 3110 3940 gloriamini
3137 3872 3395 3942 perfecta
3420 3871 3609 3944 gloria
3629 3873 3685 3928 in
3715 3890 3773 3931 ne

2119 3973 2306 4012 omnes
2325 3959 2465 4012 recti
2483 3957 2658 4014 corde.
2684 3964 2829 4014 Nam
2857 3959 3086 4015 distorti
3107 3961 3279 4016 corde
3302 3962 3500 4018 nonin
3524 3961 3772 4020 Domino

2120 4045 2475 4118 gloriantur;
2501 4065 2632 4102 cum
2655 4049 2854 4104 dicant
2874 4052 2976 4104 aut
2993 4048 3176 4105 Deum
3201 4066 3316 4105 non
3340 4067 3469 4106 esse
3490 4049 3549 4104 in
3570 4052 3769 4118 rebus,

2120 4135 2221 4190 sed
2244 4151 2383 4191 casu
2405 4137 2603 4191 omnia
2624 4135 2982 4210 contingere,
3013 4142 3078 4211 ut
3099 4138 3310 4211 pagani
3334 4157 3346 4206 ;
3374 4137 3462 4194 vel
3490 4139 3540 4195 si
3569 4139 3774 4197 dicunt

2120 4225 2303 4280 Deum
2334 4241 2481 4293 esse,
2507 4226 2710 4280 dicunt
2737 4207 2873 4281 eum
2904 4227 2984 4297 inj
2997 4207 3218 4293 ustum,
3243 4232 3310 4283 ut
3336 4226 3467 4284 falsi
3489 4227 3772 4286 Christia-

2121 4315 2199 4383 ni,
2250 4331 2384 4370 cum
2417 4314 2613 4370 vident
2645 4331 2707 4370 se
2748 4315 2807 4370 in
2850 4315 3070 4385 labore,
3121 4321 3178 4372 et
3225 4316 3369 4372 alios
3414 4317 3604 4373 Deum
3655 4334 3770 4376 non

2118 4403 2392 4458 timentes
2423 4403 2481 4458 in
2516 4403 2752 4476 requie;
2789 4421 2852 4460 se
2881 4421 3191 4477 pauperes,
3226 4405 3358 4461 illos
3389 4406 3602 4462 divites
3630 4425 3644 4462 :
3685 4405 3772 4464 vel

2119 4493 2318 4547 dicunt
2350 4509 2483 4547 eum
2511 4492 2636 4549 sola
2655 4493 2913 4550 caelestia
2937 4511 3162 4566 curare,
3192 4496 3427 4550 infirma
3447 4496 3770 4568 despicere.

2036 4603 2083 4668 D
2115 4581 2274 4636 Recti
2307 4587 2501 4636 autem
2535 4582 2709 4637 corde
2740 4587 2898 4649 sunt,
2951 4584 3053 4654 qui
3098 4601 3265 4640 suam
3298 4583 3662 4641 voluntatem
3695 4584 3768 4642 ad

2114 4670 2210 4725 Dei
2235 4669 2594 4726 voluntatem
2621 4670 2911 4743 dirigunt;
2936 4677 2992 4728 et
3016 4672 3065 4728 si
3089 4689 3188 4728 eos
3221 4673 3534 4730 conturbat
3563 4673 3772 4730 buma-

2114 4776 2188 4814 na
2218 4759 2550 4824 inﬁrmitas,
2575 4759 2915 4816 consolatur
2936 4777 3034 4817 eos
3065 4761 3270 4816 divinae
3292 4762 3590 4834 aaquitatis
3615 4762 3771 4833 judi-

2113 4847 2289 4902 cium.
2307 4847 2437 4903 Etsi
2461 4847 2631 4903 aliter
2653 4864 2827 4919 quam
2847 4849 3053 4905 volunt
3071 4853 3392 4923 contingat,
3407 4849 3766 4907 voluntatem

2117 4938 2210 4992 Dei
2237 4955 2354 4992 suae
2378 4936 2660 4993 voluntati
2683 4944 3063 5011 praeponunt:
3098 4939 3157 4994 hi
3181 4941 3493 5012 semperin
3524 4941 3767 4996 Domino

2110 5025 2454 5098 gloriantur.

2634 5134 2968 5192 PSALMUS
3017 5135 3232 5191 XXXII.

2525 5240 2585 5278 IN
2628 5240 2804 5279 FINEM
2847 5241 3108 5281 PSALMUS
3147 5241 3337 5282 DAVID.

2179 5353 2206 5379 «
2243 5331 2556 5400 Exsultate,
2577 5330 2750 5400 justi,
2777 5330 2835 5384 in
2862 5331 3129 5400 Domino,
3159 5336 3350 5388 rectos
3373 5332 3538 5388 decet
3564 5330 3766 5388 lauda-

2110 5443 2138 5471 υ
2168 5419 2268 5475 tio.
2303 5419 2670 5475 Conﬁtemini
2706 5419 2951 5476 Domino
2983 5421 3042 5475 in
3073 5421 3317 5489 cithara,
3373 5421 3434 5476 in
3482 5420 3762 5493 psalterio

2106 5531 2134 5559 ‹‹
2168 5509 2363 5564 decem
2381 5508 2732 5564 chordarum
2752 5509 2984 5580 psallite
3007 5509 3113 5565 illi.
3128 5511 3369 5567 Cantate
3385 5510 3437 5567 ei
3455 5511 3755 5570 canticum

2105 5614 2403 5666 «novum,
2451 5597 2601 5655 bene
2645 5597 2877 5671 psallite
2921 5599 2970 5654 ei
3022 5600 3079 5654 in
3119 5599 3550 5657 vociferatione.
3607 5600 3759 5666 Qui.

2106 5711 2134 5740 ‹‹
2168 5692 2392 5746 rectum
2424 5693 2515 5745 est
2543 5689 2785 5746 verbum
2817 5689 3073 5764 Domini,
3113 5695 3169 5747 et
3195 5691 3394 5752 omnia
3420 5706 3599 5768 opera
3628 5692 3759 5772 ejul
