4016 6192
306 341 429 412 305

1441 345 2050 412 ENARRATIONES
2093 345 2175 410 IN
2218 346 2606 413 PSALMOS.

3604 348 3725 414 306

310 501 340 532 κ
374 481 433 537 in
463 478 598 539 flde.
618 479 813 553 Diligit
835 482 1297 540 misericordiam
1321 485 1709 556 etjudicium,
1736 484 1957 541 miseri-
1984 485 2041 553 Α
2069 483 2364 540 ambulate
2388 487 2564 554 (Rom.
2597 484 2699 557 v1),
2734 484 2873 558 quia
2900 486 3070 541 rectos
3100 480 3248 540 decet
3278 481 3414 539 talis
3460 482 3725 541 laudatio.

309 591 345 625 α
376 572 579 628 cordia
603 572 834 627 Domini
859 572 1031 644 plena
1056 579 1144 629 est
1170 578 1342 629 terra.
1366 575 1554 630 Verbo
1589 574 1818 631 Domini
1837 573 1962 629 oculi

307 683 337 711 «
373 661 588 716 ﬁrmati
623 666 780 728 sunt,
822 670 879 717 et
926 664 1137 734 spiritu
1189 664 1308 719 oris
1365 666 1493 735 ejus
1554 666 1747 719 omnis
1778 665 1964 719 virtus

304 772 333 799 ‹‹
370 765 593 806 eorum.
622 751 995 823 Congregans
1018 752 1170 808 sicut
1188 754 1245 807 in
1271 758 1401 808 utre
1422 770 1607 824 aquas
1630 754 1833 820 maris,
1859 770 1962 825 po-

305 862 335 889 ‹‹
369 855 515 894 nens
540 840 596 894 in
620 840 912 895 thesauris
928 842 1189 914 abyssos.
1205 842 1757 898 TimeatDominum
1772 844 1964 898 omnis

305 949 336 977 «
370 934 546 997 terra,
570 930 641 984 ab
664 946 729 985 eo
752 938 948 985 autem
999 936 1482 987 commoveantur
1502 949 1705 987 omnes
1729 932 1962 988 inhabi-

305 1038 337 1068 ‹‹
369 1022 562 1073 tantes
584 1019 804 1073 orbem.
833 1020 1117 1083 Quoniam
1150 1022 1275 1091 ipse
1325 1021 1491 1085 dixit,
1523 1026 1579 1076 et
1610 1022 1760 1076 facta
1784 1030 1921 1077 sunt
1948 1040 1961 1088 ;

305 1128 334 1155 «
370 1106 496 1177 ipse
529 1108 849 1175 mandavit,
882 1114 938 1163 et
964 1112 1157 1165 creata
1189 1114 1347 1164 sunt.
1400 1110 1684 1165 Dominus
1714 1111 1965 1183 dissipat

309 1216 339 1246 α
372 1195 618 1251 consilia
640 1196 923 1268 gentium,
955 1200 1226 1270 reprobat
1243 1204 1432 1254 autem
1457 1200 1837 1270 cogitationes
1869 1218 1964 1270 po-

304 1306 334 1334 «
370 1285 669 1357 pulorum,
704 1291 760 1340 et
792 1291 1063 1358 reprobat
1092 1288 1333 1344 consilio
1378 1288 1728 1360 principum.
1762 1289 1960 1345 Consi-

303 1395 333 1423 «
372 1373 519 1429 lium
550 1377 743 1430 autem
771 1375 1001 1430 Domini
1034 1378 1091 1430 in
1115 1382 1397 1433 mternum
1421 1383 1635 1447 manet,
1666 1379 1963 1450 cogitatio-

306 1484 335 1511 «
370 1478 475 1517 nes
505 1463 695 1518 cordis
727 1465 853 1534 ejus
882 1464 940 1519 in
969 1466 1340 1537 generatione
1386 1472 1443 1521 et
1498 1468 1959 1539 generationem.

304 1573 337 1602 κ
372 1555 546 1607 Beata
575 1568 720 1625 gens
750 1554 921 1624 cujus
943 1560 1031 1609 est
1052 1556 1336 1611 Dominus
1363 1556 1514 1611 Deus
1533 1557 1681 1625 ejus,
1708 1555 1962 1628 populus

306 1662 335 1689 «
371 1657 549 1712 quem
570 1641 746 1714 elegit
768 1643 823 1696 in
841 1642 1240 1699 haereditatem
1267 1646 1400 1700 sibi.
1423 1646 1504 1700 De
1543 1645 1686 1701 caalo
1711 1647 1964 1717 respexit

307 1750 337 1779 ‹‹
370 1728 677 1800 Dominus,
704 1730 846 1786 vidit
866 1747 1068 1787 omnes
1092 1732 1243 1787 filios
1266 1731 1596 1787 hominum.
1638 1733 1717 1787 De
1739 1750 1959 1805 praepa-

306 1840 333 1869 ‹‹
370 1824 495 1874 rato
519 1818 850 1874 habitacula
873 1837 978 1875 suo
1002 1822 1255 1893 respexit
1285 1838 1463 1893 super
1493 1838 1695 1877 omnes
1721 1823 1820 1894 qui
1850 1822 1959 1877 ha-

311 1928 332 1957 ι
369 1907 559 1962 bitant
587 1916 824 1962 terram.
859 1909 967 1975 Qui
999 1910 1166 1964 ﬁnxit
1197 1909 1499 1982 sigillatim
1531 1912 1707 1966 corda
1736 1927 1961 1981 eorum,

312 2016 333 2042 ι
370 1995 469 2067 qui
494 1995 769 2069 intelligit
792 1998 990 2053 omnia
1010 2015 1187 2070 Opera
1208 2016 1430 2054 eorum.
1451 2000 1573 2055 Non
1595 1999 1855 2056 salvatur
1868 2017 1967 2055 rex

307 2106 335 2133 «
370 2100 473 2155 per
502 2084 750 2140 multam
787 2087 1083 2153 virtutem,
1118 2093 1175 2143 et
1201 2088 1365 2159 gigas
1396 2106 1512 2144 non
1555 2089 1875 2144 salvabitur
1905 2090 1965 2143 in

310 2194 339 2222 «
373 2173 753 2229 multitudine
770 2175 999 2230 virtutis
1020 2194 1157 2231 suae.
1179 2176 1377 2231 Fallax
1393 2194 1581 2249 equus
1599 2180 1669 2233 ad
1689 2177 1962 2245 salutem,

310 2283 339 2310 ‹‹
368 2261 432 2315 in
464 2263 829 2317 abundantia
850 2268 1044 2319 autem
1074 2265 1308 2320 virtutis
1340 2282 1457 2321 sure
1483 2283 1597 2321 non
1622 2266 1963 2321 salvabitur.

315 2369 344 2397 ‹‹
376 2349 519 2404 Ecce
540 2350 690 2404 oculi
716 2351 945 2406 Domini
976 2369 1153 2423 super
1177 2356 1503 2409 metuentes
1525 2371 1682 2419 eum,
1707 2359 1764 2410 et
1792 2354 1851 2408 in
1884 2354 1967 2409 eis

310 2458 342 2485 ‹‹
373 2438 474 2508 qui
508 2444 747 2510 sperant
777 2457 955 2512 super
1002 2442 1406 2497 misericordia
1442 2445 1596 2513 ejus.
1642 2444 1710 2499 Ut
1740 2449 1906 2499 eruat
1936 2462 1968 2499 a

305 2548 336 2573 «
371 2532 560 2581 morte
591 2528 819 2584 animas
850 2545 1073 2593 eorum,
1106 2535 1163 2585 et
1193 2531 1311 2586 alat
1339 2548 1438 2587 eos
1466 2532 1524 2587 in
1549 2534 1719 2588 fame.
1755 2534 1968 2588 Anima

304 2636 335 2663 ‹‹
370 2620 572 2669 nostra
601 2616 855 2671 sustinet
886 2618 1224 2687 Dominum,
1287 2621 1565 2691 quoniam
1625 2622 1878 2692 adjutor,
1912 2627 1969 2677 et

302 2724 337 2752 «
370 2707 665 2775 protector
694 2711 893 2761 noster
916 2710 1018 2761 est.
1054 2708 1201 2771 Quia
1231 2708 1289 2762 in
1324 2724 1390 2763 eo
1422 2709 1716 2764 laetabitur
1746 2727 1844 2765 cor
1866 2727 1965 2765 no-

308 2813 339 2843 ‹‹
368 2797 581 2861 strum,
616 2798 673 2848 et
703 2794 759 2848 in
793 2795 1027 2850 nomine
1052 2800 1252 2851 sancto
1275 2798 1405 2868 ejus
1429 2800 1813 2869 speravimus.
1841 2799 1966 2854 Fiat

304 2901 340 2931 ‹‹
370 2880 772 2937 misericordia
800 2888 923 2950 tua,
951 2884 1213 2955 Domine,
1238 2901 1416 2957 super
1436 2903 1563 2957 nos,
1589 2889 1965 2959 quemadmo-

300 2993 334 3020 ι(
368 2971 511 3026 dum
544 2972 911 3043 speravimus
942 2974 1000 3028 in
1040 2978 1117 3028 te.
1152 2997 1179 3021 ››

913 3132 1052 3188 ENA
1062 3133 1349 3190 RRATIO.

372 3271 649 3328 Psalmus
682 3274 792 3330 iste
822 3291 956 3330 cum
1007 3275 1293 3346 superiori
1352 3276 1750 3345 continuatur,
1792 3283 1848 3333 et
1878 3283 1971 3334 est

292 3379 415 3417 vox
447 3362 766 3435 Prophetaa,
790 3363 1078 3419 hortantis
1100 3380 1305 3419 omnes
1327 3364 1547 3433 ﬁdeles,
1583 3370 1647 3420 ut
1672 3367 1971 3435 justiﬁeati

294 3453 485 3523 gratis
538 3468 637 3523 per
698 3454 936 3523 gratiam
994 3452 1094 3508 Dei
1154 3454 1326 3523 (Rom.
1391 3454 1494 3523 ιιι),
1560 3470 1672 3509 non
1714 3454 1968 3525 amplius

294 3538 601 3596 exsultent
620 3540 678 3595 in
699 3540 930 3609 saeculo,
955 3542 1125 3612 cujus
1144 3542 1426 3613 gaudium
1447 3541 1623 3596 finem
1644 3542 1843 3597 habet:
1867 3544 1968 3599 sed

294 3630 363 3686 in
388 3630 661 3698 Domino,
685 3630 744 3685 in
768 3648 882 3701 quo
906 3631 1030 3686 sine
1058 3632 1170 3686 [ine
1215 3629 1576 3703 gaudebunt,
1604 3635 1659 3686 et
1708 3632 1967 3687 innovati

294 3723 547 3775 cantent
566 3720 856 3775 canticum
903 3737 1140 3786 novum,
1178 3722 1332 3791 quod
1364 3725 1633 3775 cantatur
1665 3738 1780 3777 non
1810 3738 1966 3787 voce,

295 3809 413 3866 sed
445 3826 592 3864 nova.
626 3810 779 3864 vita:
841 3808 1061 3865 scilicet
1092 3826 1297 3864 novam
1357 3808 1775 3877 humilitatem,
1828 3827 1965 3866 voce

298 3898 707 3954 animositatis
755 3898 1041 3969 deposita,
1102 3915 1312 3954 novam
1353 3899 1722 3965 charitatem,
1756 3916 1964 3955 novam

287 3986 622 4059 justitiam,
656 3987 991 4056 induentes,
1024 4004 1224 4043 novum
1254 3988 1527 4042 hominem
1556 3990 1649 4058 qui
1669 3990 1967 4044 secundum

287 4077 477 4131 Deum
504 4081 720 4131 creatus
750 4084 826 4131 est
855 4076 1012 4148 (Eph.
1050 4077 1145 4147 ιν).
1182 4076 1329 4131 Dicit
1361 4077 1590 4146 itaque:

370 4165 678 4235 Exsultate,
703 4167 864 4236 justi,
926 4168 986 4219 in
1044 4167 1305 4221 Domino.
1377 4165 1551 4229 Quasi
1612 4166 1805 4221 dicat:
1840 4168 1965 4222 Dixi

286 4270 505 4325 supra,
528 4253 844 4323 Exsultate,
863 4253 1033 4323 justi,
1059 4254 1273 4308 iterum
1305 4254 1455 4317 dico,
1489 4255 1778 4325 exsuttate,
1804 4257 1964 4326 justi,

282 4359 419 4399 non
450 4343 512 4397 in
545 4343 757 4399 saeculo
788 4344 947 4415 quod
978 4343 1334 4414 injustorum
1367 4346 1475 4410 cst,
1505 4359 1758 4414 quorum
1785 4345 1971 4415 gloria

282 4433 481 4487 ﬁnem
505 4430 680 4487 habet
705 4450 717 4499 ;
744 4433 843 4487 sed
868 4433 1161 4499 exsatiate,
1186 4432 1245 4486 id
1272 4435 1379 4496 est,
1427 4436 1587 4486 extra
1609 4449 1709 4487 vos
1735 4433 1965 4502 saltata,

285 4537 423 4577 non
450 4520 508 4574 in
527 4522 691 4576 vobis
718 4522 1071 4593 gaudentes,
1096 4521 1193 4577 sed
1219 4521 1278 4575 in
1304 4521 1547 4576 Domino
1572 4537 1583 4573 :
1634 4526 1863 4577 tantum
1887 4522 1969 4577 illi

2072 573 2224 629 Justi
2259 579 2399 629 sunt
2422 574 2526 641 illi,
2562 574 2661 647 qui
2685 576 2788 647 jus
2820 592 2996 631 suum
3028 592 3144 630 non
3194 577 3410 646 negant
3455 573 3725 629 Domino.

2149 682 2261 736 Hoc
2294 681 2466 737 modo
2524 683 2812 739 exsultate
2840 702 2851 738 :
2910 684 3261 755 Conﬁtemini
3300 683 3529 737 Domino
3561 683 3621 737 in
3650 684 3728 738 ci-

2074 771 2254 837 thara,
2308 770 2365 824 id
2422 774 2532 837 est,
2592 772 2939 828 mortiﬁcata
2998 774 3263 829 membra
3314 777 3529 837 vestra,
3591 773 3731 844 quia

2074 858 2296 914 cithara
2326 860 2396 914 de
2424 860 2680 915 inferiori
2715 866 2904 917 sonat.
2939 864 3008 918 Et
3038 866 3098 917 in
3122 864 3381 935 psalterio
3400 862 3644 934 psallite,
3670 862 3728 917 id

2074 952 2180 1014 est,
2234 948 2506 1020 spiritum
2556 949 2845 1018 roborate,
2906 951 3041 1021 quia
3092 951 3435 1024 psalterium
3479 952 3732 1024 desuper

2075 1042 2263 1091 sonat.
2293 1037 2395 1092 Vel
2416 1038 2647 1093 laudate
2667 1056 2800 1094 eum
2824 1041 2885 1094 in
2914 1041 3148 1109 cithara,
3188 1042 3245 1097 id
3269 1046 3378 1110 est,
3402 1041 3461 1096 in
3494 1041 3728 1097 inferio-

2074 1125 2238 1181 ribus
2268 1127 2455 1197 gratia
2485 1127 2584 1182 Dei
2617 1128 2781 1184 vobis
2812 1129 3058 1197 collatis,
3094 1147 3195 1202 per
3226 1148 3327 1186 sex
3357 1147 3534 1203 opera
3559 1132 3729 1187 mise-

2072 1214 2333 1269 ricordias
2373 1218 2480 1271 Deo
2513 1218 2731 1288 gratias
2764 1218 2952 1290 agite:
2986 1219 3265 1274 esurienti
3298 1236 3509 1292 panem
3541 1219 3727 1291 porri-

2072 1304 2210 1375 gite,
2234 1309 2289 1359 et
2308 1305 2533 1359 nudum
2556 1307 2779 1361 vestite.
2804 1306 2906 1361 Vel
2931 1308 2990 1362 in
3015 1308 3308 1379 prosperis
3326 1308 3505 1379 hujus
3528 1307 3727 1364 saeculi

2071 1396 2129 1447 et
2158 1393 2421 1448 adversis
2447 1399 2627 1449 Deum
2660 1396 3007 1451 benedicite.
3041 1401 3106 1451 Et
3139 1398 3198 1451 in
3226 1397 3508 1469 psalterio,
3534 1396 3591 1451 id
3615 1400 3726 1462 est,

2072 1481 2142 1536 de
2174 1483 2484 1553 superiori,
2523 1484 2765 1554 psallite,
2818 1485 3245 1557 subjungentes
3297 1484 3593 1540 dilectioni
3624 1485 3727 1541 Dei

2072 1570 2443 1626 dilectionem
2471 1572 2739 1643 proximi,
2764 1574 3055 1645 rapientes
3078 1573 3224 1629 alios
3251 1574 3321 1629 ad
3346 1589 3603 1628 amorem
3626 1572 3727 1628 Dei

2072 1659 2455 1728 obsecrando,
2471 1660 3392 1732 hortando,monendo,rationem
3408 1661 3723 1717 reddendo.

2072 1757 2295 1820 Quibus
2321 1759 2507 1813 tribus
2532 1760 2722 1815 modis
2758 1761 2824 1815 ﬁt
2844 1760 3249 1833 eleemosyna:
3277 1761 3507 1816 duobus
3538 1758 3730 1815 modis

1995 1860 2041 1924 Β
2073 1846 2143 1901 de
2165 1848 2471 1918 superiori,
2496 1848 2717 1904 scilicet
2738 1850 2994 1920 primum
3019 1867 3153 1907 cum
3172 1867 3280 1905 nos
3302 1850 3463 1922 ipsos
3500 1849 3729 1921 impen-

2076 1935 2293 2004 dimus,
2320 1937 2473 2008 quod
2498 1937 2854 2009 praecipuum
2874 1944 2993 2007 est;
3020 1940 3367 2009 secundum,
3388 1955 3521 1994 cum
3546 1938 3731 2010 proxi-

2075 2040 2238 2079 mum
2269 2026 2337 2079 ad
2363 2025 2707 2081 charitatem
2732 2027 2833 2082 Dei
2858 2029 3170 2083 trahimus.
3198 2028 3460 2083 Tertium
3492 2028 3563 2081 de
3584 2026 3729 2081 infe-

2076 2113 2233 2179 riori,
2269 2131 2403 2168 cum
2426 2114 2486 2168 in
2512 2116 2848 2171 carnalibus
2875 2116 3157 2188 proximis
3180 2116 3590 2181 ministrando,
3614 2114 3730 2169 Deo

2078 2202 2385 2257 servimus.
2447 2205 2507 2257 In
2562 2206 2835 2276 psalterio
2892 2206 3081 2259 decem
3132 2204 3463 2259 chordarum
3511 2204 3734 2274 psallite

2077 2290 2186 2357 illi,
2219 2291 2277 2345 id
2309 2296 2421 2359 est,
2443 2293 2643 2347 decem
2666 2295 2842 2348 verba
2866 2294 3077 2366 legatis
3102 2294 3357 2365 desuper
3377 2294 3534 2358 data,
3559 2291 3734 2362 spiri-

2077 2378 2317 2435 tualiter
2341 2380 2603 2452 implete,
2627 2381 2923 2455 diligendo
2945 2382 3128 2438 Deum
3150 2386 3204 2436 et
3226 2381 3522 2454 diligendo
3544 2379 3734 2453 proxi-

2079 2485 2265 2524 mum.
2298 2471 2441 2524 Cum
2469 2471 2623 2525 enim
2656 2471 2853 2526 decem
2888 2472 3006 2526 sint
3036 2476 3341 2542 praecepta,
3392 2470 3505 2524 tria
3555 2468 3731 2542 perti-

2077 2563 2217 2613 nent
2247 2560 2317 2612 ad
2350 2558 2721 2615 dilectionem
2770 2560 2886 2627 Dei,
2948 2565 3171 2631 septem
3231 2560 3301 2614 ad
3358 2557 3733 2614 dilectionem

2076 2645 2343 2715 proximi.
2378 2646 2604 2701 Chorda
2634 2664 2765 2702 cum
2792 2648 2889 2714 sit,
2915 2648 3173 2719 primum
3198 2648 3548 2715 extenditur,
3569 2647 3733 2702 dein-

2075 2736 2145 2788 de
2203 2734 2476 2805 siccatur,
2537 2732 2783 2808 et'post
2860 2742 3185 2809 torquetur.
3264 2738 3351 2793 Ita
3406 2742 3463 2793 et
3519 2754 3625 2793 nos
3684 2736 3733 2792 si

2072 2822 2343 2878 volumus
2377 2823 2499 2879 ﬁeri
2532 2824 2641 2879 tale
2674 2826 3133 2882 instrumentum
3167 2832 3277 2883 Deo
3324 2842 3427 2899 per
3457 2825 3733 2881 similitu-

2073 2912 2292 2977 dinem,
2309 2914 2618 2968 extendere
2633 2931 2740 2969 nos
2756 2914 3057 2980 debemus,
3073 2915 3482 2988 crucifigentes
3499 2929 3734 2969 carnem

2075 3007 2333 3056 nostram
2366 3019 2500 3056 cum
2530 3003 2689 3058 vitiis
2718 3008 2775 3059 et
2817 3005 3329 3077 concupiscentiis.
3365 3004 3596 3060 Siccare
3626 3020 3735 3060 nos

2074 3090 2376 3155 debemus,
2403 3090 2458 3145 id
2479 3097 2586 3162 est,
2613 3110 2646 3146 a
2667 3092 3002 3150 carnalibus
3019 3095 3326 3151 desideriis
3346 3092 3693 3149 subtrahere
3718 3110 3732 3161 ;

2072 3180 2332 3249 torqueri
2364 3181 2539 3235 etiam
2573 3182 2881 3248 debemus,
2914 3183 2971 3237 id
3013 3188 3123 3251 est,
3174 3187 3468 3238 tormenta
3495 3182 3735 3238 aliunde

2076 3266 2239 3321 illata
2270 3268 2559 3335 patienter
2586 3269 2854 3337 tolerare,
2889 3271 2987 3342 qui
3048 3273 3163 3326 duo
3223 3288 3292 3326 ex
3348 3271 3442 3324 his
3472 3271 3531 3324 in
3564 3270 3734 3325 nobis

2078 3359 2236 3421 sunt,
2272 3371 2456 3409 unum
2491 3360 2671 3411 extra.
2706 3359 2880 3421 Quasi
2940 3359 3136 3413 dicat:
3194 3363 3251 3414 et
3294 3358 3404 3412 hoc
3431 3357 3731 3424 facientes,

2081 3444 2313 3497 Cantate
2342 3445 2392 3496 ei
2420 3446 2693 3498 canticum
2722 3462 2923 3500 novum
2954 3445 3177 3502 scilicet
3218 3447 3539 3519 deponentes
3571 3463 3733 3502 mel-

2078 3530 2335 3596 dacium,
2366 3530 2825 3599 simulationem,
2851 3536 3073 3600 odium,
3098 3536 3399 3604 invidiam,
3424 3535 3732 3592 detractio-

2078 3636 2213 3675 nem
2237 3624 2291 3675 et
2309 3636 2524 3675 omnem
2553 3622 2855 3691 malitiam,
2889 3640 3015 3693 quae
3040 3628 3178 3679 sunt
3215 3623 3425 3678 veteris
3448 3623 3731 3688 hominis,

2078 3712 2234 3781 quasi
2262 3709 2418 3765 modo
2470 3711 2645 3781 geniti
2701 3712 2959 3783 infantes,
3012 3710 3409 3780 rationabiles,
3467 3712 3586 3766 sine
3614 3710 3735 3766 dolo

2077 3799 2321 3855 virtutes
2346 3799 2477 3855 novi
2506 3799 2767 3856 hominis
2818 3801 3064 3864 induite,
3115 3801 3211 3871 qui
3236 3797 3533 3855 secundum
3562 3803 3737 3854 Deum

2076 3897 2289 3943 creatus
2312 3893 2392 3944 est
2420 3890 2475 3944 in
2492 3891 2716 3961 justitia
2735 3891 3102 3945 etsanctitate
3122 3890 3380 3944 veritatis
3414 3888 3467 3960 (Ι
3493 3888 3638 3943 Petr.
3673 3904 3737 3950 1.;

2078 3988 2266 4057 Ephes.
2301 3993 2399 4058 ιν).
2436 3991 2616 4042 Vetus
2648 3988 2945 4042 canticum
2979 3992 3087 4058 est,
3133 3985 3500 4053 animositas,
3532 4001 3739 4058 super-

2078 4076 2194 4139 bia,
2218 4075 2439 4129 odium.
2461 4075 2686 4129 Novum
2704 4092 2837 4131 vero
2858 4076 3176 4146 canticum,
3196 4080 3304 4145 est,
3322 4076 3737 4143 mansuetudo,

2078 4162 2406 4227 humilitas,
2440 4164 2716 4220 Charitas.
2742 4166 2811 4220 Et
2852 4182 2966 4221 non
2994 4166 3187 4222 solum
3230 4170 3457 4221 cantate
3483 4181 3602 4233 ore,
3634 4164 3735 4221 sed

2084 4254 2217 4307 bene
2243 4254 2462 4321 psallite
2493 4256 2562 4321 ei,
2594 4253 2653 4309 id
2681 4260 2789 4321 est,
2823 4255 2971 4311 bene
3010 4257 3306 4328 operando
3337 4255 3570 4309 laudate
3601 4267 3737 4307 eum

2082 4344 2140 4396 in
2171 4344 2563 4412 vociferatione
2594 4343 2650 4398 id
2684 4348 2791 4415 est,
2826 4345 2985 4399 omni
3020 4344 3235 4400 mentis
3268 4342 3617 4409 intentione,
3648 4339 3736 4394 vel

2080 4430 2472 4486 ineti‘abiliter.
2491 4432 2662 4501 Alibi,
2692 4434 3113 4503 injubilaiione.
3138 4433 3269 4487 Ideo
3287 4426 3740 4484 Deminumlau-

2081 4521 2233 4591 date,
2267 4523 2323 4575 et
2350 4519 2399 4574 ei
2432 4518 2601 4573 vivite
2631 4538 2642 4574 :
2673 4521 2807 4587 Quia
2840 4525 3055 4576 rectum
3097 4528 3178 4576 est
3222 4520 3448 4573 verbum
3477 4517 3734 4571 Domini:

286 4609 629 4676 attribuite,
665 4611 725 4665 in
758 4627 873 4681 quo
904 4615 1121 4666 aeterna
1164 4614 1253 4665 est
1298 4608 1629 4665 exsultatio.
1684 4610 1816 4665 Ideo
1848 4629 1969 4679 vos,
2003 4598 2049 4661 D
2082 4611 2273 4664 omnis
2304 4608 2616 4681 promissio
2647 4609 2774 4677 ejus
2796 4625 2968 4675 vera;
3003 4607 3149 4662 nihil
3186 4604 3493 4679 promittit,
3526 4608 3583 4661 et
3621 4621 3736 4661 non

273 4700 467 4772 justi,
499 4699 782 4755 exsultate
811 4702 868 4753 in
896 4702 1151 4765 Domino,
1178 4699 1233 4752 in
1270 4699 1545 4754 omnibus
1572 4700 1797 4771 gratias
1819 4701 1971 4772 agite

286 4789 447 4855 Deo,
474 4787 613 4858 quia
632 4796 805 4843 rectos
832 4788 1073 4853 scilicet,
1096 4792 1151 4843 et
1179 4792 1293 4843 nan
1337 4786 1484 4842 alios
1524 4787 1671 4843 decet
1695 4789 1973 4844 collauda-

286 4881 407 4934 ιὶο.
437 4877 561 4932 Non
619 4878 778 4933 enim
835 4887 913 4934 est
970 4880 1212 4949 speciosa
1270 4878 1390 4932 laus
1446 4879 1507 4930 in
1558 4894 1650 4932 ore
1677 4881 1975 4947 peccatoris

288 4966 503 5039 (Eccli.
528 4966 641 5037 xv).
671 4965 937 5021 Peccator
984 4967 1045 5021 in
1096 4964 1392 5037 prosperis
1440 4964 1731 5019 benedicit
1766 4966 1971 5031 Deum,

287 5056 371 5112 in
392 5054 660 5111 adversis
679 5055 986 5128 vituperat,
1012 5055 1151 5126 quia
1171 5058 1261 5111 est
1279 5054 1563 5109 distortus
1586 5054 1779 5108 corde.
1808 5054 1977 5110 Recte

291 5148 517 5201 autem
539 5144 639 5215 qui
660 5144 757 5200 Dei
776 5143 1134 5199 voluntatem
1156 5160 1273 5198 sua:
1292 5141 1578 5198 voluntati
1604 5159 1876 5215 praeponu
1888 5148 1971 5209 nt,
1986 5212 2009 5225 Ψ

292 5239 368 5290 at
392 5231 494 5304 qui
522 5232 717 5288 sciunt
738 5233 936 5288 omnia
963 5232 1072 5289 sibi
1091 5232 1384 5303 cooperari
1404 5232 1463 5285 in
1486 5232 1728 5299 bonum,
1749 5248 1979 5303 semper

290 5328 502 5377 Deum
532 5320 795 5387 laudant,
829 5326 893 5376 ut
921 5321 1053 5388 Joh,
1085 5322 1349 5377 Dominus
1380 5319 1545 5388 dedit,
1579 5322 1839 5376 Dominus
1861 5323 1979 5376 abs-

291 5409 465 5477 tulit,
500 5412 642 5465 sicut
668 5411 896 5466 Domino
919 5411 1151 5483 placuit,
1184 5411 1261 5465 ita
1281 5412 1491 5479 [actum
1538 5412 1636 5476 est,
1668 5410 1740 5462 sit
1780 5426 1978 5465 nomen

286 5501 538 5557 Domini
567 5499 906 5555 benedictum
936 5501 1058 5571 (Job
1088 5500 1167 5567 x).
1198 5498 1314 5553 Vos
1346 5496 1448 5568 qui
1489 5497 1636 5567 justi
1670 5497 1832 5563 estis,
1878 5500 1978 5570 qui

288 5606 422 5663 per
442 5593 696 5661 grattam
717 5588 1006 5660 redempti
1028 5587 1190 5656 estis,
1214 5588 1283 5642 ad
1305 5602 1519 5641 novum
1537 5584 1837 5641 hominem
1857 5604 1981 5658 per-

283 5681 598 5749 tinentes,
618 5678 895 5736 exsatiate
914 5680 972 5733 in
996 5678 1246 5747 Domino,
1270 5677 1327 5732 id
1349 5680 1456 5743 est,
1478 5674 1536 5730 in
1570 5674 1825 5732 novitate
1852 5678 1979 5733 vitae

2081 4700 2294 4755 reddit.
2329 4700 2391 4753 Et
2436 4699 2623 4753 omnia
2673 4714 2835 4768 opera
2893 4698 3009 4768 ejus
3067 4714 3194 4768 quae
3219 4696 3390 4766 jubet
3420 4695 3567 4763 fieri,
3599 4698 3740 4751 sunt

2086 4790 2143 4843 in
2174 4789 2297 4855 ﬁde,
2332 4788 2554 4843 scilicet
2584 4786 2879 4841 neminem
2914 4785 3194 4841 fallentia.
3228 4784 3402 4840 Nulla
3422 4784 3576 4841 enim
3601 4787 3742 4840 sunt

2086 4878 2210 4932 sine
2241 4877 2629 4931 retributione
2658 4892 2669 4928 :
2706 4875 2804 4946 qui
2840 4875 3296 4932 misericorditer
3346 4874 3623 4946 dignatus
3653 4874 3743 4926 est

2086 4965 2618 5021 remunerationem
2653 4963 3009 5035 promittere,
3042 4964 3292 5020 fideliter
3311 4962 3437 5016 vult
3458 4958 3743 5032 persolve-

2086 5072 2165 5110 re.
2202 5056 2532 5109 Teneamus
2566 5052 2982 5109 fidelissimum
3014 5054 3359 5122 debitorem,
3394 5048 3534 5121 quia
3562 5048 3742 5103 habe-

2088 5162 2221 5199 mus
2256 5141 2873 5198 misericordissimum
2901 5141 3319 5212 promissorem
3345 5156 3357 5193 :
3383 5136 3633 5193 ﬁdeliter
3653 5152 3743 5191 ex-

2087 5233 2331 5297 hibebit,
2366 5231 2413 5286 si
2448 5230 2697 5285 ﬁdeliter
2727 5232 3050 5302 exigamus.
3084 5228 3224 5291 Quis
3256 5243 3422 5299 opera
3451 5227 3571 5297 ejus
3603 5228 3743 5280 sunt

2087 5325 2148 5377 in
2177 5322 2302 5391 ﬁde,
2336 5324 2392 5375 et
2423 5324 2623 5375 nostra
2653 5319 2774 5373 sint
2804 5319 2860 5372 in
2911 5319 3044 5373 fide.
3101 5322 3418 5373 Possumus
3447 5318 3504 5371 et
3533 5314 3617 5370 sic
3647 5313 3741 5368 di-

2090 5426 2251 5467 cere:
2314 5407 2537 5461 Cantate
2595 5407 2825 5460 Domino
2903 5406 3178 5459 canticum
3233 5419 3455 5466 novum,
3512 5400 3570 5456 id
3627 5403 3736 5468 est,

2089 5499 2381 5554 canticum
2414 5495 2568 5559 fidei,
2593 5495 2734 5565 quia
2754 5495 2876 5548 sine
2912 5493 3017 5562 ﬁde
3044 5493 3385 5563 impossibile
3416 5496 3492 5546 est
3520 5491 3739 5562 placere

2089 5590 2192 5644 Deo
2223 5586 2410 5658 (Hebr.
2442 5584 2539 5655 xx).
2574 5583 2685 5638 Sed
2719 5582 2856 5654 quia
2910 5581 3038 5653 ﬁdes
3090 5583 3211 5636 sine
3266 5579 3521 5652 aperibus
3551 5578 3740 5635 otiosa

2090 5682 2165 5734 est
2196 5678 2328 5750 (Jac.
2364 5675 2446 5746 ιι),
2478 5673 2608 5729 ideo
2667 5672 2903 5729 subdit:
2964 5674 3108 5728 Bene
3157 5670 3382 5744 psallite
3428 5670 3502 5737 ei,
3535 5667 3593 5726 id
3625 5672 3735 5738 est,
