4016 6192
308 332 426 402 307
883 336 1189 402 REMIGII
1232 329 1982 401 ANTISSIODORENSIS
2025 327 2198 392 OPP.
2245 325 2446 388 PARS
2490 322 2541 387 I.
2571 355 2649 369 -
2677 311 3148 385 EXEGETICA.
3592 300 3710 369 308

298 474 641 547 jubilatione
666 470 756 529 vel
786 475 1192 545 vociferatione,
1226 471 1283 525 id
1328 473 1435 534 est,
1495 466 1786 540 operando
1816 480 1951 519 cum
1981 466 2035 530 Α
2065 461 2184 517 sint
2212 459 2327 515 nisi
2357 456 2651 531 permissi,
2674 455 2828 511 sicut
2847 467 2997 524 aqua
3022 449 3083 505 in
3131 448 3262 501 utre
3299 458 3418 498 non
3440 437 3578 547 exit,
3599 437 3716 494 nisi

311 531 529 635 inagna
550 531 980 618 intentionedln
1004 531 1235 616 tantum
1261 576 1395 614 eum
1419 531 1673 624 laudate,
1702 560 1765 610 ut
1782 555 1959 610 verba
2068 567 2203 606 cum
2233 548 2357 603 vult
2388 547 2483 603 ille
2515 545 2615 618 qui
2640 545 2699 599 in
2731 544 3016 616 potestate
3031 537 3219 635 habet
3246 531 3720 635 Intrem.‘Ponen8

307 652 586 709 laudibus
609 652 903 716 deﬁciant,
929 650 1067 722 quia
1098 650 1361 720 jubilum
1384 652 1473 703 est
1494 647 1621 701 laus
1643 644 1744 700 Dei
1768 643 1960 699 verbis
2068 641 2129 695 in
2161 638 2432 694 thesauris
2488 637 2730 707 abyssos,
2789 648 2904 687 non
2962 626 3155 684 solum
3208 623 3377 691 alios,
3408 619 3512 675 sed
3542 617 3723 722 etiam

310 740 758 813 inexplicabilis.
793 741 924 795 Ideo
957 740 1014 794 in
1048 740 1162 794 ﬁde
1190 736 1536 810 operamini,
1572 734 1710 807 quia
1736 738 1961 789 rectum
2070 726 2522 801 perditissimos,
2540 724 2716 780 etiam
2740 722 3077 792 desperatos
3093 714 3152 770 in
3175 727 3408 769 camera
3423 724 3534 765 sua
3549 706 3729 813 habet

310 835 400 886 est
419 830 661 886 verbum
685 828 940 897 Domini,
965 828 1190 883 scilicet
1212 828 1455 882 verbum
1477 824 1637 880 fidei:
1662 823 1819 879 unde
1839 838 1966 894 pro-

310 920 526 993 pheta:
584 920 820 974 Verbum
870 918 1341 988 breviutumfaciet
1370 916 1640 971 Dominus
1666 928 1828 983 super
1854 915 1965 967 ter-

313 1026 433 1064 ram
464 1011 590 1078 (Isa.
624 1008 681 1079 x)
708 1027 721 1076 ;
751 1009 821 1063 de
854 1024 968 1079 quo
1000 1005 1313 1079 Apostolus
1340 1021 1352 1059 :
1404 1007 1508 1059 Hoc
1539 1008 1616 1058 est
1646 1002 1869 1058 verbum
1898 1000 1965 1070 ﬁ-

313 1098 403 1153 dei
431 1098 572 1167 quod
621 1097 997 1167 praedicamus
1052 1097 1225 1165 (Rom.
1283 1096 1382 1165 1x).
1430 1093 1575 1149 Illud
1610 1092 1851 1147 verbum
1884 1105 1969 1143 re-

316 1189 476 1242 ctum
507 1189 617 1255 est,
651 1186 792 1257 quia
822 1190 911 1240 est
942 1186 1002 1239 in
1044 1185 1416 1256 Operatione:
1480 1182 1634 1237 unde
1664 1179 1966 1252 sequitur:

317 1285 381 1340 Et
412 1286 600 1340 omnia
657 1300 825 1354 Opera
882 1283 997 1353 ejus
1054 1285 1114 1337 in
1164 1282 1289 1352 ﬁde.
1350 1279 1560 1336 Nullus
1608 1283 1797 1351 potest
1826 1278 1974 1332 bene

320 1372 548 1446 operari
573 1376 735 1428 extra
755 1373 952 1438 fidem,
978 1373 1097 1427 sive
1121 1371 1252 1440 hoc,
1276 1369 1393 1425 sive
1442 1369 1539 1424 illo
1579 1368 1751 1423 modo
1777 1386 1789 1436 ;
1819 1366 1973 1438 quod

323 1462 612 1534 sequitur,
640 1460 724 1516 sic
755 1460 1149 1516 continuatur.
1186 1461 1403 1515 Revera
1431 1462 1571 1514 sunt
1601 1457 1659 1511 in
1683 1457 1815 1525 ﬁde,
1837 1454 1978 1526 quia

324 1550 526 1607 omnia
556 1554 656 1605 aut
684 1553 825 1604 sunt
855 1548 1277 1619 misericordia,
1313 1553 1413 1603 aut
1435 1546 1762 1618 judicium:
1798 1548 1855 1599 et
1870 1543 1979 1597 hoc

323 1642 388 1695 in
414 1640 539 1711 ﬁde,
574 1638 711 1718 quia
744 1655 1051 1710 nunquam
1106 1638 1232 1694 sine
1264 1635 1754 1693 remuneratione.
1788 1634 1981 1704 Diligit

323 1728 803 1785 misericordiam:
837 1744 974 1799 ergo
1005 1731 1062 1782 et
1112 1744 1217 1783 nos
1275 1726 1593 1799 diligamus
1647 1723 1980 1779 misericor-

327 1819 507 1874 diam.
542 1821 676 1884 Quae
708 1818 898 1888 major
927 1820 1117 1889 potest
1146 1832 1275 1872 esse
1298 1817 1417 1871 haec
1440 1815 1534 1871 Dei
1557 1811 1979 1878 misericordia,
2010 1837 2058 1903 B

326 1916 481 1988 quod
517 1930 750 1970 aversos
782 1917 966 1980 vocat,
1001 1914 1154 1985 quod
1206 1913 1516 1976 condonet,
1566 1911 1720 1983 quod
1755 1909 1978 1981 patiens

326 2009 418 2061 est
449 2021 629 2076 super
649 2008 982 2075 peccatores
1005 2004 1187 2058 donec
1209 2005 1623 2058 convertantur
1643 2000 1669 2054 ‘I
1702 1999 1981 2054 Hortatur

327 2093 547 2166 pigros,
581 2091 917 2148 consolatur
947 2091 1219 2159 afﬂictos,
1243 2092 1413 2146 docet
1433 2088 1750 2158 studiosos,
1774 2084 1981 2141 oblivi-

335 2182 518 2238 scitur
538 2181 849 2254 praaterita,
875 2179 1166 2252 promittit
1188 2180 1403 2235 futura.
1430 2180 1553 2234 Non
1586 2176 1803 2234 deserit
1822 2175 1980 2231 labo-

331 2276 527 2327 rantes
550 2274 607 2326 et
631 2271 689 2325 in
712 2268 812 2325 illo
844 2269 1241 2337 confidentes;
1274 2270 1454 2325 donat
1484 2268 1637 2323 unde
1668 2266 1781 2323 sibi
1803 2262 1982 2321 sacri-

333 2361 560 2428 ﬁcetur,
593 2360 802 2415 tribuit
832 2360 985 2414 unde
1016 2359 1311 2431 placetur:
1344 2358 1432 2414 vel
1464 2357 1578 2414 alia
1607 2374 1785 2412 causa
1806 2369 1986 2425 quare

333 2450 412 2506 sit
440 2450 817 2515 cantandum,
853 2449 993 2520 quia
1024 2448 1218 2521 diligit
1250 2447 1708 2504 misericordiam
1742 2461 1859 2516 qua
1887 2459 1985 2498 vo-

333 2542 445 2606 cat,
476 2536 914 2607 quajustificat,
946 2539 997 2591 et
1045 2537 1340 2607 judicium,
1390 2551 1506 2606 quo
1537 2550 1676 2589 suos
1708 2529 1987 2603 ﬂagellat,

337 2623 525 2679 malos
556 2627 826 2679 excaecat.
856 2625 1051 2692 Diligit
1081 2628 1133 2678 et
1163 2624 1451 2691 iudicium,
1511 2621 1651 2693 quia
1708 2618 1991 2675 discernit

332 2712 732 2784 interjustum
751 2715 807 2767 et
828 2712 1100 2784 impium,
1116 2711 1299 2783 justis
1320 2713 1468 2766 dans
1492 2709 1817 2782 praemium,
1844 2708 1992 2762 dans

334 2801 576 2874 injustis
606 2818 859 2873 poenam.
917 2805 1005 2856 Ita
1060 2805 1112 2856 et
1173 2817 1278 2855 nos
1337 2798 1653 2871 diligamus
1675 2795 1991 2868 judicium,

332 2892 495 2964 justo
544 2890 904 2962 judicemus.
964 2889 1130 2944 Multi
1202 2893 1415 2961 putant
1487 2905 1549 2943 se
1601 2887 1746 2943 bene
1800 2901 1991 2958 agere,

342 2996 475 3035 cum
508 2979 872 3034 defendendo
904 2995 1143 3034 causam
1190 2976 1483 3050 pauperis,
1532 2980 1769 3032 vertunt
1803 2975 1905 3045 jus
1935 2973 1994 3027 in

340 3068 733 3141 injustitiam:
797 3068 952 3139 quod
1003 3084 1118 3122 non
1178 3071 1267 3122 est
1325 3066 1682 3135 faciendum,
1730 3063 1869 3136 quia
1894 3079 1999 3118 nec

347 3156 753 3213 misericordia
781 3157 953 3212 debet
999 3156 1286 3228 impedire
1333 3156 1650 3226 judicium,
1710 3170 1815 3210 nec
1839 3152 1999 3223 judi-

349 3247 513 3304 cium
545 3246 1035 3302 misericordiam.
1068 3246 1128 3301 Si
1183 3244 1460 3300 volumus
1514 3243 1756 3317 pauperi
1807 3242 2009 3297 subve-

348 3336 496 3403 nire,
528 3339 661 3407 post
699 3334 996 3406 judicium
1057 3333 1525 3390 misericordiam
1584 3331 1891 3398 faciamus,
1923 3346 1991 3385 ve

350 3424 720 3498 postulemus
743 3440 776 3479 a
798 3424 973 3478 fonte.
1004 3423 1211 3478 Probat
1248 3422 1404 3494 quod
1428 3421 1890 3477 misericordiam
1921 3418 2013 3473 di—

348 3514 519 3586 ligat.
553 3511 931 3569 Misericordia
982 3513 1203 3568 Domini
1256 3513 1423 3583 plena
1477 3518 1558 3567 est
1613 3519 1779 3579 terra,
1812 3510 1871 3565 id
1901 3512 2012 3570 est,

347 3610 629 3683 Ecclesia,
663 3627 791 3683 quir-
823 3614 911 3665 est
942 3614 1097 3665 terra
1132 3609 1361 3665 Domini
1416 3614 1473 3665 et
1519 3610 1649 3680 ejus
1678 3607 2009 3693 haereditas,

348 3704 439 3757 est
458 3700 633 3773 plena
656 3699 1056 3771 operariorum
1081 3698 1494 3755 misericordia:
1530 3694 1783 3753 Domini.
1808 3696 2013 3751 Osten-

348 3789 438 3845 dit
458 3806 561 3861 per
581 3805 731 3860 quos
760 3788 1057 3860 operarios
1100 3786 1375 3859 implevit
1396 3786 1549 3841 hanc
1574 3790 1815 3840 terram.
1849 3784 2017 3839 Verbo

344 3879 573 3934 Domini
596 3878 719 3933 ειεἰὶ
774 3878 988 3948 ﬁrmati
1022 3882 1176 3944 sunt,
1238 3876 1296 3931 id
1328 3879 1437 3944 est,
1497 3872 1762 3931 doctrina
1790 3876 1850 3927 et
1877 3888 2012 3943 ope-

344 3966 573 4021 ratione
599 3965 748 4020 Filii.
773 3964 934 4033 Ccsli,
958 3966 1017 4021 id
1055 3970 1166 4034 est,
1213 3963 1461 4036 apostoli
1498 3962 1768 4035 pluentes
1801 3961 2014 4016 doctri-

349 4054 464 4117 nis,
499 4057 771 4108 tonantes
804 4054 1004 4121 minis,
1039 4058 1418 4111 coruscantes
1449 4051 1772 4119 miraculis,
1796 4050 2012 4106 firmati

351 4146 494 4199 sunt
524 4142 583 4196 in
617 4142 749 4210 ﬁde,
782 4158 885 4214 spe
916 4147 973 4197 ct
1029 4143 1333 4199 charitate.
1392 4142 1579 4197 Filius
1622 4140 1721 4197 Dei
1753 4140 2010 4195 Verbum

350 4230 583 4302 dicitur,
617 4230 756 4301 quia
792 4230 1213 4302 interpretatur
1241 4231 1404 4286 vobis
1425 4230 1779 4286 voluntatem
1804 4229 1922 4285 Dei.
1946 4230 2011 4284 Et

348 4321 553 4393 spiritu
583 4321 694 4376 oris
741 4321 881 4389 eius,
944 4320 999 4375 id
1044 4323 1150 4387 est,
1212 4320 1432 4391 Spiritu
1492 4324 1694 4375 sancto
1726 4319 1908 4375 misso
1940 4319 2010 4374 de

349 4408 530 4477 caelis,
556 4409 630 4464 ab
654 4425 751 4465 ore
784 4409 935 4481 ejus,
962 4409 1020 4464 id
1044 4413 1154 4474 est,
1185 4408 1437 4479 Christo,
1480 4408 1581 4480 qui
1604 4412 1692 4464 est
1711 4424 1776 4464 os
1797 4406 2004 4475 Patris,

349 4498 491 4571 quia
521 4514 624 4571 per
656 4498 822 4553 illum
855 4498 1026 4554 nobis
1084 4497 1337 4554 locutus.
1405 4498 1503 4553 llic
1561 4496 1818 4553 ostendit
1848 4497 2003 4567 quod

2073 794 2363 889 repositos
2390 835 2402 884 ;
2432 814 2517 870 illi
2537 814 2711 870 etiam
2758 810 2820 866 in
2843 809 3130 881 potestate
3179 818 3288 858 sua
3308 803 3467 889 sunt,
3491 794 3727 889 ut‘nihil

2074 885 2301 979 possint
2322 904 2435 960 nisi
2482 899 2775 974 permissi,
2810 903 2875 953 ut
2893 895 3107 952 habeat
3127 891 3281 947 unde
3301 887 3523 979 tribuat
3542 885 3732 940 dona-

2076 978 2163 1051 ria
2185 995 2475 1050 militibus
2496 991 2642 1058 suis,
2666 989 2820 1045 unde
2841 988 3078 1042 coronet
3098 983 3303 1049 bonos,
3341 978 3580 1032 damnet
3601 990 3732 1029 ma-

2077 1086 2184 1151 los,
2208 1100 2346 1139 suos
2369 1082 2592 1154 probet,
2619 1078 2832 1150 impios
2854 1075 3180 1130 consumat.
3232 1070 3381 1140 Ergo
3413 1068 3608 1121 timeat
3633 1064 3736 1154 Do-

2078 1176 2295 1229 minum
2324 1152 2503 1228 omnis
2532 1178 2699 1235 terra,
2735 1166 2792 1221 id
2821 1167 2929 1234 est,
2955 1177 3159 1218 omnes
3180 1158 3266 1214 illi
3287 1156 3385 1229 qui
3409 1160 3649 1223 terram,
3672 1152 3734 1207 id

2082 1270 2189 1331 est,
2224 1278 2436 1334 corpus
2467 1275 2641 1316 suum
2673 1258 2755 1312 ita
2784 1254 3181 1316 excoluerunt,
3242 1253 3307 1303 ut
3353 1245 3592 1301 tandem
3622 1242 3733 1298 im-

2085 1332 2392 1410 mortalem
2423 1348 2726 1421 recipiant,
2750 1345 2917 1400 illum
2942 1340 3132 1397 solum
3156 1338 3403 1394 timeant
3423 1333 3517 1390 cui
3535 1332 3738 1388 omnia

2085 1442 2365 1500 obediunt
2392 1420 2762 1495 necessitate.
2796 1432 2969 1490 Saevit
2993 1444 3255 1500 serpens,
3306 1424 3511 1480 timeat
3542 1420 3734 1477 Domi-

2087 1549 2230 1588 num
2256 1549 2269 1598 ;
2303 1529 2466 1586 saevit
2493 1527 2604 1603 leo,
2637 1526 2844 1581 timeat
2869 1520 3177 1577 Dominum
3209 1514 3409 1584 ;saevit
3427 1517 3736 1585 tyrannus,

2089 1622 2294 1678 timeat
2323 1617 2636 1673 Dominum
2670 1631 2683 1669 :
2717 1611 2868 1668 nihil
2920 1609 3075 1665 enim
3137 1604 3271 1678 plus
3314 1603 3436 1658 haec
3467 1603 3738 1673 possunt,

2091 1709 2206 1766 nisi
2244 1712 2532 1780 quantum
2563 1704 2662 1759 ille
2692 1699 3041 1774 permiserit.
3075 1696 3190 1752 Nec
3221 1699 3525 1748 moveatur
3546 1687 3745 1760 aliquo

2092 1775 2324 1863 horum,
2349 1794 2570 1851 scilicet
2589 1810 2622 1848 a
2651 1808 2757 1847 suo
2789 1787 3105 1860 proposito.
3135 1783 3224 1839 ΑΙ)
3253 1797 3313 1838 eo
3341 1783 3550 1847 autem,
3583 1775 3746 1833 scili-

2091 1891 2180 1943 cet
2209 1884 2477 1950 Domino,
2517 1885 2965 1938 commoveantur
3020 1888 3205 1930 omnes
3259 1868 3635 1926 inhabitantes
3665 1880 3750 1919 or-

2090 1977 2228 2044 bem,
2261 1978 2325 2029 ut
2357 1988 2472 2044 quo
2503 1970 2600 2026 ille
2620 1967 2872 2041 jusserit
2902 1966 3266 2026 moveantur,
3298 1962 3506 2016 euntes
3536 1955 3607 2011 de
3636 1954 3749 2009 vir-

2090 2069 2215 2121 tute
2243 2064 2304 2118 in
2335 2063 2628 2126 virtutem,
2665 2074 2871 2114 omnes
2901 2052 3138 2128 perfecti
3186 2049 3288 2123 qui
3333 2063 3542 2120 agrum
3572 2060 3749 2100 suum

2093 2151 2493 2211 orbiculatum
2524 2150 2809 2215 fecerunt,
2841 2144 3001 2201 omni
3045 2140 3392 2198 enormitate
3421 2138 3750 2206 amputata,

2092 2244 2151 2298 id
2183 2246 2290 2309 est,
2319 2240 2418 2313 qui
2444 2254 2679 2295 carnem
2706 2252 2877 2293 suam
2900 2231 3315 2289 cruciﬁxerunt
3355 2242 3491 2283 cum
3513 2222 3677 2280 vitiis
3695 2224 3751 2277 et

2094 2327 2605 2403 concupiscentiis,
2624 2330 2683 2383 et
2703 2326 2788 2381 sic
2806 2322 3139 2379 inhabitant
3155 2318 3322 2374 illum
3342 2316 3545 2372 orbem
3562 2318 3623 2369 et
3641 2328 3754 2367 non

2097 2421 2541 2486 inhabitantur;
2584 2415 2670 2471 illi
2700 2415 2946 2469 timeant
2976 2408 3288 2467 Dominum
3331 2404 3545 2461 timore
3570 2405 3755 2474 casto,

2096 2514 2153 2566 et
2173 2526 2289 2564 non
2318 2507 2628 2572 mundum,
2653 2499 2914 2575 quinihil
2932 2502 3122 2572 potest
3143 2497 3203 2552 in
3223 2511 3342 2565 eos,
3375 2491 3492 2549 nisi
3511 2489 3755 2563 permis-

2099 2615 2221 2655 sus.
2245 2597 2428 2652 Aliter
2455 2614 2467 2651 :
2494 2599 2559 2651 Et
2589 2594 2796 2666 spiritu
2827 2592 2937 2646 oris
2964 2589 3109 2656 eius,
3139 2585 3199 2640 id
3220 2587 3330 2651 est,
3364 2582 3575 2654 spiritu
3592 2577 3754 2666 Chrif

2101 2688 2198 2755 sti,
2224 2685 2415 2740 omnis
2435 2665 2625 2738 virtus
2652 2686 2880 2744 eorum,
2905 2676 3130 2734 scilicet
3149 2670 3576 2746 apostolorum.
3598 2665 3765 2732 Quod

2102 2774 2370 2845 sequitur
2400 2773 2472 2827 ad
2505 2772 2664 2827 istud
2696 2770 2780 2825 sic
2808 2766 3193 2824 continuatur
3220 2779 3234 2817 :
3281 2761 3409 2833 Ejus
3454 2758 3584 2814 dico
3615 2775 3629 2812 :
3661 2754 3765 2845 qui

2103 2844 2571 2935 estcongregans,
2596 2858 2818 2914 scilicet
2840 2873 2940 2929 per
2960 2853 3092 2910 illos
3135 2850 3331 2918 caelos,
3356 2863 3531 2920 aquas
3566 2844 3766 2910 maris,

2105 2954 2165 3008 id
2199 2933 2521 3023 est,vhujus
2553 2947 2750 3004 saeculi
2783 2947 2997 3001 ﬂuetus
3028 2947 3088 2999 et
3130 2938 3564 3014 persecutiones
3596 2933 3771 3007 quasi

2111 3041 2171 3096 in
2203 3044 2422 3105 utrem,
2453 3042 2520 3093 ut
2551 3038 2610 3092 in
2642 3035 2845 3108 paucis
2870 3035 2997 3106 jam
3031 3030 3228 3087 saeviat
3273 3027 3424 3083 istud
3452 3023 3768 3089 saeculum,

2112 3147 2247 3186 cum
2262 3130 2386 3201 jam
2412 3144 2514 3199 per
2525 3125 2850 3181 doctrinam
2866 3120 3257 3195 apostolorum
3277 3115 3461 3185 major
3470 3128 3610 3184 pars
3628 3128 3774 3167 con-

2039 3205 2081 3273 C
2118 3234 2284 3274 versa
2304 3216 2382 3274 sit
2402 3217 2473 3272 ad
2498 3214 2694 3270 ﬁdem.
2718 3214 2788 3269 Et
2810 3230 2881 3268 ne
2907 3209 3124 3283 aliquis
3144 3206 3478 3281 gloriaretur
3507 3204 3769 3255 temera-

2124 3307 2211 3363 ria
2231 3305 2636 3372 exsultatione,
2658 3303 2859 3358 dicens
2882 3320 2895 3357 :
2920 3299 3078 3356 Nihil
3101 3314 3237 3370 ergo
3262 3291 3605 3359 timendum,
3625 3286 3776 3359 quia

2123 3399 2482 3468 congregatae
2503 3396 2644 3449 sunt
2665 3408 2827 3463 aquae
2850 3389 3052 3456 maris,
3074 3388 3204 3457 subj
3214 3384 3418 3457 ungit:
3444 3382 3647 3437 Timeat
3675 3377 3779 3432 Do-

2121 3488 2336 3541 minum
2367 3500 2545 3540 omnis
2574 3491 2742 3537 terra.
2775 3478 3056 3543 Exsultet,
3090 3476 3228 3549 quia
3255 3468 3631 3529 misericordia
3660 3470 3774 3523 Do-

2120 3575 2269 3630 mini
2298 3575 2465 3645 plena
2492 3576 2571 3627 est
2593 3574 2760 3625 terra.
2794 3569 2998 3625 Timent
3027 3572 3225 3622 autem
3255 3575 3494 3636 peccare
3523 3561 3582 3612 et
3610 3555 3683 3611 ab
3706 3570 3774 3610 eo

2123 3663 2410 3719 recedere.
2440 3659 2752 3716 Dominum
2795 3657 2987 3713 solum
3038 3657 3230 3711 timeat
3282 3648 3541 3707 Ecclesia
3567 3649 3626 3702 et
3656 3659 3773 3699 non

2125 3751 2259 3820 alia,
2287 3750 2427 3821 quia
2449 3748 2566 3804 alia
2585 3748 2784 3803 omnia
2802 3746 2862 3819 in
2910 3747 3040 3817 ejus
3071 3747 3212 3800 sunt
3231 3742 3519 3814 potestate
3538 3739 3597 3791 et
3626 3730 3776 3789 nihil

2122 3843 2371 3913 possunt
2402 3838 2515 3895 nisi
2540 3854 2606 3894 eo
2637 3836 3029 3910 permittente.

2197 3965 2469 4034 Quoniam
2496 3965 2613 4035 ipse
2643 3962 2808 4031 dixit,
2839 3970 2894 4017 et
2911 3963 3057 4033 facta
3074 3965 3223 4023 sunt,
3247 3953 3471 4011 scilicet
3487 3949 3778 4007 creatione

2123 4054 2315 4126 prima
2340 4052 2458 4121 ;vel
2485 4055 2606 4125 ipse
2635 4052 2805 4118 dixit,
2833 4051 2891 4105 id
2919 4053 3026 4116 est,
3056 4044 3344 4120 permisit,
3366 4047 3425 4099 et
3459 4043 3617 4112 facta
3651 4043 3780 4126 sunt

2123 4124 2490 4215 quascunque
2512 4124 2683 4209 iiunt,
2706 4141 2827 4197 sive
2849 4156 2976 4212 quae
2998 4138 3124 4210 ipse
3146 4134 3301 4205 fecit,
3341 4131 3465 4188 sive
3499 4146 3629 4202 qua:
3651 4124 3778 4182 ﬁeri

2120 4233 2426 4305 permittit,
2450 4236 2507 4289 et
2532 4230 2679 4286 nihil
2703 4231 2767 4285 fit
2786 4246 2851 4285 eo
2882 4245 2997 4284 non
3039 4224 3431 4299 permittente.
3458 4220 3527 4275 Et
3546 4218 3695 4273 bene
3717 4216 3778 4269 in

2119 4340 2185 4379 eo
2209 4322 2363 4396 quod
2388 4321 2549 4388 dicit,
2572 4323 2721 4392 facta
2739 4316 3127 4389 intelligimus
3148 4314 3367 4382 omnia,
3393 4308 3535 4382 quia
3555 4307 3778 4396 factum

2119 4417 2209 4467 est
2229 4394 2536 4483 quoddam
2567 4410 2857 4464 incertum
2889 4410 2948 4462 et
2975 4405 3308 4467 confusum,
3356 4399 3467 4455 hoc
3497 4394 3625 4453 solo
3654 4409 3779 4449 cer-

2122 4481 2430 4571 tum—quod
2460 4500 2677 4554 factum
2706 4502 2813 4552 est.
2835 4496 2906 4550 Et
2947 4494 3079 4550 ideo
3099 4491 3255 4564 quod
3278 4488 3420 4545 dicit
3461 4485 3635 4553 dixit,
3666 4481 3780 4539 mi-

349 4587 606 4657 Spiritus
637 4592 877 4643 sanctus
924 4605 958 4643 a
1013 4587 1158 4642 Filio
1208 4585 1509 4659 procedit:
1542 4588 1614 4642 ab
1647 4585 1746 4641 illo
1801 4585 2012 4657 spiritu
2044 4576 2089 4641 D
2123 4606 2234 4645 nus
2257 4587 2791 4661 intelligiturquam
2806 4572 3779 4656 quoddicit,mandavit,quiaquod

351 4677 534 4732 omnis
564 4677 741 4730 virtus
779 4692 988 4745 eorum,
1049 4675 1276 4732 scilicet
1331 4676 1487 4747 quod
1548 4681 1688 4731 sunt
1742 4678 2013 4730 tonantes

358 4762 560 4831 minis,
593 4770 966 4819 coruscantes
990 4764 1292 4820 miraculis
1317 4780 1330 4819 :
1359 4764 1455 4819 hic
1475 4763 1731 4819 Trinitas
1758 4766 2011 4819 notatur.

355 4855 482 4907 Huc
539 4868 727 4924 usque
784 4855 1043 4909 ostensio
1101 4852 1538 4910 misericordiae.
1599 4851 1799 4923 Diligit
1846 4860 1896 4908 et
1917 4854 2014 4925 ju-

354 4942 588 5017 dictum,
619 4956 952 5013 congregans
1008 4943 1150 4997 sicut
1209 4946 1268 4998 in
1325 4946 1447 4997 utre
1504 4959 1674 5015 aquas
1726 4943 1925 5009 maris,
1958 4941 2014 4996 id

357 5035 466 5098 est,
503 5046 805 5086 reservans
839 5030 919 5085 ibi
971 5031 1270 5086 ﬂuitantes
1315 5030 1644 5087 voluntates
1692 5031 2014 5087 amarican-

358 5120 510 5176 tium
533 5124 1000 5192 persecutorum,
1024 5136 1403 5192 compescens
1427 5137 1525 5175 eas
1550 5124 1614 5175 ut
1638 5137 1753 5175 non
1776 5120 2020 5176 saeviant

361 5208 476 5264 nisi
508 5224 575 5265 eo
605 5210 997 5281 permittente,
1031 5215 1096 5265 ut
1150 5210 1365 5265 habeat
1420 5210 1575 5265 unde
1608 5209 1761 5265 ﬁlios
1789 5210 2020 5265 erudiat

360 5303 419 5353 et
447 5314 647 5354 servos
679 5298 921 5370 puniat;
946 5301 1154 5373 probet
1210 5299 1361 5372 pios,
1394 5302 1450 5353 et
1496 5299 1737 5354 damnet
1763 5299 2014 5372 impios;

361 5393 502 5451 suos
534 5394 755 5451 milites
785 5403 1042 5465 coronet,
1076 5404 1134 5454 et
1164 5396 1643 5470 persequentium
1673 5396 1893 5451 rabiem
1925 5412 2020 5451 re-

360 5485 603 5540 tundat:
632 5484 717 5539 vel
742 5491 1177 5557 persecutorum
1196 5486 1477 5542 saevitiam
1505 5502 1633 5556 quae
1660 5484 1799 5540 olim
1823 5490 2020 5556 aperte

363 5579 418 5630 et
438 5573 661 5645 passim
701 5576 1029 5648 vagabatur
1057 5575 1291 5648 collegit
1319 5581 1377 5630 et
1408 5574 1756 5630 constrinxit
1787 5574 1843 5628 in
1878 5590 2018 5646 pau-

366 5660 471 5728 cis,
492 5664 556 5717 ut
579 5663 850 5735 quamvis
868 5664 1123 5722 habeant
1143 5664 1524 5736 voluntatem,
1545 5680 1659 5720 non
1675 5667 1871 5720 tamen
1895 5679 2023 5736 pos-

2124 4679 2478 4741 mandamus
2510 4680 2703 4732 ratum
2733 4690 2864 4730 esse
2905 4671 3196 4729 volumus.
3248 4670 3363 4741 Ipse
3387 4664 3699 4730 mandavit,
3730 4663 3781 4717 ei

2121 4776 2306 4825 creata
2326 4774 2476 4822 sunt.
2497 4765 2568 4821 Et
2590 4781 2717 4837 quae
2739 4761 3052 4835 separatim
3085 4763 3217 4832 post
3254 4758 3513 4814 recreata
3549 4756 3691 4809 sunt
3719 4750 3779 4805 in

2126 4856 2649 4914 sanctiﬁcationem
2681 4852 2880 4909 omnia
2909 4868 2979 4906 ex
3007 4866 3074 4906 eo
3105 4852 3264 4917 sunt,
3287 4849 3346 4902 et
3364 4842 3511 4901 nihil
3532 4842 3784 4916 possunt

2123 4946 2246 5002 hinc
2270 4945 2356 5001 vel
2388 4944 2470 4999 illi
2505 4943 2620 4999 nisi
2660 4959 2763 5015 per
2791 4957 2947 4997 eum.
3009 4938 3077 4994 Et
3102 4938 3231 4994 ideo
3260 4936 3525 4992 Dominus
3552 4931 3785 5002 dissipat

2125 5036 2360 5092 consilia
2387 5036 2638 5104 gentium
2689 5028 3075 5103 quaerentium
3132 5041 3347 5082 nomen
3406 5024 3536 5095 ejus
3565 5020 3779 5085 delere,
3889 5062 3900 5072 .

2126 5129 2360 5181 sanctos
2384 5124 2514 5194 ejus
2551 5121 2722 5177 morti
2771 5119 3020 5187 tradere,
3052 5120 3110 5172 et
3137 5133 3172 5172 a
3200 5120 3314 5171 Deo
3346 5127 3454 5170 suo
3482 5112 3779 5167 devocare.

2128 5213 2341 5273 Gentes
2367 5215 2562 5267 autem
2586 5226 2702 5265 non
2729 5207 3021 5279 dissipant
3044 5203 3357 5261 consilium
3392 5200 3651 5258 Domini.
3681 5199 3782 5253 Re-

2122 5302 2338 5374 probat,
2357 5309 2549 5357 autem
2571 5300 2919 5372 cogitationes
2944 5292 3639 5368 papulorum,Judaaorum
3670 5287 3782 5344 sci-

2127 5392 2299 5447 licet:
2331 5391 2471 5448 Jube
2524 5406 2649 5461 ergo
2708 5386 2971 5443 custodiri
3026 5383 3358 5456 sepulcrum,
3414 5395 3487 5435 ne
3530 5380 3674 5450 forte
3699 5392 3783 5433 ve-

2128 5483 2288 5535 niant
2317 5480 2589 5552 discipuli
2616 5479 2756 5550 ejus,
2786 5486 2838 5532 el
2867 5478 3130 5547 furentur
3157 5488 3281 5530 eum
3315 5479 3367 5527 et
3394 5469 3584 5525 dicant
3610 5466 3778 5540 plebi,

2130 5570 2390 5625 Surrexit
2415 5587 2449 5624 a
2474 5570 2705 5625 mortuis
2735 5564 2957 5639 (Matth.
2981 5562 3154 5635 xxvn)
3176 5578 3196 5616 :
3222 5558 3422 5634 populi
3444 5562 3643 5614 autem
3667 5571 3781 5611 non

2132 5659 2444 5731 reprobant
2500 5657 2811 5715 consilium
2867 5652 3116 5715 Domini.
3150 5653 3214 5710 Et
3241 5648 3498 5723 reprobat
3544 5646 3785 5704 consilia
