4016 6192
249 349 366 413 313

1368 348 1976 413 ENARRATIONES
2019 347 2096 412 IN
2145 347 2531 412 PSALMOS.

3535 353 3655 415 3η

248 501 471 543 carnem
498 485 608 556 ﬁlii
631 482 886 554 hominis,
918 491 975 541 et
1007 485 1207 542 biberit
1232 487 1350 559 ejus
1388 487 1732 558 sanguinem,
1791 501 1901 542 non
1926 484 1982 552 Α
2015 483 2242 552 dere,ut
2273 487 2558 540 amatores
2589 481 2783 540 seculi
2815 481 2886 539 ad
2919 481 3027 539 hoc
3057 482 3212 555 quod
3247 481 3520 557 diligunt,
3555 486 3656 543 sed

249 576 471 632 habebit
499 576 667 631 vitam
698 577 872 646 (Joan.
906 576 984 646 v1)
1013 575 1219 631 :multi
1268 577 1573 632 audientes
1632 581 1688 631 et
1737 575 1902 648 igno-

249 671 460 723 rantes
487 682 633 739 opus
654 665 981 721 divinitatis
1000 665 1059 720 in
1086 665 1179 722 his
1200 666 1397 734 latere,
1428 665 1697 721 abierunt
1723 671 1902 721 retro-

249 773 440 826 rsum,
474 757 648 810 etiam
679 772 749 810 ex
779 754 1106 827 discipulis,
1139 754 1436 811 dicentes:
1474 757 1653 810 Durus
1685 761 1763 810 est
1819 757 1908 810 hic

250 861 450 912 sermo,
483 849 535 900 et
565 846 684 916 quis
711 845 921 916 poterit
948 861 1073 900 eum
1103 845 1295 900 audire
1337 847 1511 916 (Jean.
1535 847 1621 917 γι)
1649 849 1670 900 Ρ
1725 850 1905 899 Puta—

251 936 397 991 bant
422 934 577 990 enim
599 939 662 990 ut
682 951 916 989 carnem
939 951 1132 1000 suam,
1156 951 1333 1005 quam
1357 935 1651 1001 videbant,
1677 935 1760 990 eis
1790 933 1906 989 vel-

249 1025 332 1080 let
363 1025 503 1080 dare
525 1024 594 1078 ad
622 1024 1123 1081 manducandum.
1152 1025 1222 1079 Et
1262 1041 1584 1086 conversus
1621 1024 1912 1078 Dominus

253 1115 326 1170 ad
363 1113 686 1185 discipulos
719 1129 858 1168 suos
889 1114 1184 1179 undecim,
1215 1114 1393 1168 dixit:
1428 1113 1710 1184 Numquid
1741 1122 1790 1168 et
1819 1129 1909 1168 vos

252 1205 422 1260 vultis
454 1203 612 1259 abire
633 1201 661 1257 ?
693 1202 1014 1274 Respondit
1045 1203 1246 1258 Petrus
1277 1219 1380 1274 pro
1437 1202 1713 1258 omnibus
1739 1220 1749 1256 :
1807 1203 1910 1258 Do-

252 1295 430 1360 mine,
454 1294 535 1348 ad
563 1307 723 1365 quem
753 1293 998 1348 ibimus?
1027 1292 1195 1349 Verba
1226 1294 1356 1349 vitae
1374 1291 1536 1348 habes
1561 1293 1751 1364 (lbid.)
1784 1293 1912 1363 Spi-

254 1385 398 1438 ritus
426 1391 504 1439 est
531 1384 627 1454 qui
653 1383 916 1453 viviﬁcat,
949 1398 1074 1437 caro
1106 1387 1302 1438 autem
1336 1383 1571 1437 inﬁrma
1591 1387 1680 1437 est
1731 1382 1911 1453 (lbid.)

193 1469 204 1472 ’
253 1482 319 1537 In
341 1481 436 1536 bis
468 1481 568 1552 qui
613 1485 934 1535 retrorsum
995 1480 1286 1547 abierunt,
1348 1496 1462 1534 non
1516 1479 1914 1551 intelligentes

255 1567 777 1625 commutationem
810 1567 990 1636 hujus
1013 1568 1306 1632 sacriﬁcii,
1338 1567 1685 1639 intelligitur
1714 1567 1912 1636 Achis,

256 1658 359 1730 qui
389 1657 804 1728 interpretatur
838 1657 968 1728 quid
1000 1666 1077 1712 est
1105 1659 1250 1712 hoc?
1291 1661 1348 1713 et
1404 1656 1696 1729 signiﬁcat
1750 1657 1914 1729 igno-

257 1747 534 1812 rantiam,
562 1745 716 1818 apud
749 1763 898 1817 quos
950 1763 1084 1801 cum
1144 1763 1177 1801 a
1226 1746 1534 1802 Pharisaeis
1567 1751 1624 1801 et
1663 1746 1915 1801 summis

257 1835 664 1892 sacerdotibus
697 1840 753 1890 et
783 1835 994 1890 scribis
1043 1837 1116 1890 ad
1149 1840 1394 1891 mortem
1449 1840 1823 1906 quaereretur,
1857 1835 1914 1890 in

258 1930 430 1998 porta
478 1925 729 1981 civitatis
780 1925 1157 1980 manentibus
1205 1924 1660 1996 tympanizabat,
1713 1924 1768 1979 id
1804 1930 1911 1992 est,

260 2014 542 2086 apostolis
570 2015 627 2068 in
661 2015 771 2069 ﬁde
795 2015 920 2084 jam
974 2015 1182 2085 positis
1232 2031 1356 2086 quae
1405 2019 1493 2069 est
1537 2013 1812 2070 introitus
1843 2014 1913 2070 ad

256 2103 592 2160 Jerusalem
616 2103 1151 2171 cmlestem,sonum
1177 2103 1406 2158 dulcem
1423 2103 1777 2176 detympano
1792 2121 1918 2175 pro—

255 2192 422 2260 tulit,
463 2191 787 2247 doctrinam
822 2191 1044 2247 scilicet
1073 2191 1264 2247 carnis
1308 2208 1425 2246 suae
1477 2191 1915 2247 mortiﬁcanda.

260 2285 336 2335 Et
367 2281 506 2352 quia
533 2279 630 2335 ille
672 2279 924 2351 populus
968 2279 1306 2334 incredulus
1351 2281 1920 2336 commendationem

261 2369 388 2423 veri
420 2368 690 2424 sacriﬁcii
722 2367 1044 2439 intelligere
1071 2369 1342 2436 noluit,et
1371 2369 1704 2440 exemplum
1733 2369 1922 2425 humi-

256 2456 453 2512 litatis
485 2457 700 2512 Christi
733 2473 849 2511 non
882 2457 1120 2527 recepit,
1153 2456 1378 2512 dimisit
1407 2475 1542 2512 eum
1574 2458 1844 2514 Christus
1867 2463 1922 2513 et

255 2544 430 2616 abiit,
463 2546 520 2599 id
555 2549 664 2612 est,
693 2545 1000 2600 transtulit
1045 2546 1117 2600 ad
1167 2551 1392 2616 gentes,
1427 2552 1491 2601 ut
1539 2563 1642 2618 per
1669 2547 1777 2602 hoc
1807 2547 1919 2602 sal-

248 2638 559 2691 varentur.
593 2634 664 2688 Et
694 2638 784 2688 est
812 2649 920 2688 vox
952 2633 1163 2689 Christi
1200 2634 1260 2688 in
1320 2634 1429 2689 hoc
1481 2634 1728 2705 psalmo,
1762 2652 1918 2690 com-

252 2723 603 2779 mendantis
635 2738 851 2777 novum
874 2721 1228 2777 sacriﬁcium
1253 2723 1510 2794 corporis
1537 2728 1591 2778 et
1615 2723 1920 2794 sanguinis

252 2812 360 2868 sui
387 2830 400 2867 :
435 2817 492 2868 et
515 2810 898 2884 proponentis
922 2811 981 2865 in
1008 2827 1069 2867 se
1091 2811 1421 2883 exemplum
1445 2812 1794 2868 humilitatis
1818 2813 1920 2867 hu-

253 2918 445 2958 mano
475 2901 695 2974 generi,
730 2901 986 2972 qui,cum
1016 2903 1076 2955 in
1105 2903 1286 2970 forma
1315 2902 1414 2957 Dei
1441 2910 1594 2968 esset,
1609 2904 1920 2957 exinanivit

251 2993 627 3060 semetipsum
656 2991 898 3060 formam
928 2991 1073 3045 servi
1105 2989 1432 3062 suscipiens
1465 2991 1635 3061 (Phil.
1674 2992 1754 3063 11).

335 3097 666 3153 Benedicam
699 3098 986 3152 Dominum
1043 3098 1108 3152 in
1156 3099 1306 3151 omni
1335 3106 1591 3169 tempore.
1649 3099 1782 3171 Ego,
1819 3100 1919 3171 qui

255 3187 555 3243 hactenus
587 3186 856 3242 benedixi
888 3185 1203 3242 Dominum
1233 3187 1305 3242 ad
1338 3186 1542 3243 horam
1576 3205 1678 3259 per
1710 3188 1920 3260 legalia

259 3275 560 3332 sacriﬁcia
581 3276 905 3332 secundum
926 3275 1193 3331 ordinem
1212 3277 1402 3330 Aaron
1425 3276 1483 3329 in
1503 3276 1716 3348 pepulo
1735 3278 1919 3333 Israe-

254 3366 611 3437 litico,nunc
640 3365 981 3421 benedicam
1005 3381 1154 3420 novo
1178 3363 1464 3420 sacriﬁcio
1487 3367 1810 3420 secundum
1837 3383 1924 3420 or-

257 3457 466 3513 dinem
500 3454 950 3520 Melchisedech,
979 3455 1079 3526 qui
1137 3457 1196 3508 et
1248 3457 1507 3524 tempore
1552 3457 1608 3508 et
1644 3453 1926 3525 dignitate

257 3545 430 3619 prior
460 3544 588 3610 fuit,
621 3543 714 3599 cui
745 3543 960 3599 Abram
992 3541 1250 3598 decimas
1281 3541 1462 3609 dedit,
1495 3541 1551 3597 in
1586 3559 1701 3614 quo
1733 3549 1924 3598 Aaron

259 3632 602 3690 decimatus
636 3632 766 3688 fuit.
789 3634 860 3688 Et
890 3632 997 3688 hoc
1020 3631 1230 3687 faciam
1255 3631 1313 3686 in
1337 3632 1552 3704 populo
1575 3631 1922 3697 Christiano,

261 3723 562 3780 sumendo
595 3739 809 3794 corpus
840 3726 895 3778 et
920 3721 1270 3794 sanguinem
1303 3737 1522 3787 meum,
1558 3721 1614 3776 id
1647 3726 1756 3788 est,
1791 3721 1923 3776 imi-

261 3813 452 3869 tando
485 3810 886 3867 humilitatem
918 3827 1132 3877 meam,
1159 3827 1274 3866 non
1305 3811 1376 3866 ad
1408 3810 1742 3876 horam,sed
1764 3811 1923 3866 omni

262 3909 555 3974 tempore,
589 3901 725 3972 quia
755 3900 864 3955 hoc
925 3898 1278 3956 sacriﬁcium
1326 3917 1442 3955 non
1472 3904 1561 3955 est
1589 3900 1659 3955 ad
1690 3904 1924 3972 tempus

265 3991 639 4047 institutum.
678 3988 905 4046 Scilicet
937 4004 1152 4060 semper
1201 3989 1321 4042 laus
1367 3989 1504 4060 ejus,
1538 3987 1758 4044 scilicet
1792 3990 1922 4058 erit,

265 4082 332 4136 in
367 4096 459 4135 ore
487 4079 697 4146 meo,id
732 4081 906 4146 est,et
936 4078 996 4132 in
1029 4077 1325 4149 prosperis
1354 4082 1410 4132 et
1440 4077 1499 4131 in
1526 4076 1922 4132 adversis.Su-

264 4169 438 4243 perbi
468 4167 650 4241 hujus
681 4167 877 4224 seaculi
909 4165 1293 4239 prosperitate
1341 4165 1477 4220 elati
1528 4166 1586 4220 in
1629 4166 1924 4238 prosperis

261 4257 710 4324 benedicunt,id
745 4255 1010 4312 adversis
1039 4254 1401 4310 maledicunt
1428 4271 1526 4310 ore
1577 4254 1837 4326 corporis
1867 4260 1925 4310 et

263 4366 371 4406 ore
402 4348 613 4404 cordis.
646 4348 910 4403 Dominus
943 4344 1114 4412 dedit,
1146 4345 1410 4399 Dominus
1439 4343 1664 4398 abstulit
1687 4344 1823 4410 (Job.
1857 4344 1921 4414 ι).

260 4451 390 4503 Hoc
411 4447 584 4502 modo
617 4443 960 4500 benedicam
988 4459 1003 4498 :
1041 4443 1100 4496 in
1132 4442 1366 4498 Domino
1397 4440 1715 4496 laudabitur
1733 4444 1925 4496 anima

263 4552 392 4592 mea
417 4553 437 4590 :
467 4534 588 4590 vita
618 4550 746 4590 mea
772 4549 874 4606 per
897 4549 958 4588 se
981 4529 1388 4603 vituperabilis
1409 4529 1809 4601 laudabitur,id
1835 4535 1925 4586 est

2014 578 2300 646 quotquot
2333 573 2728 645 possum,volo
2763 590 2991 629 mecum
3030 573 3260 630 trahere
3292 575 3364 630 ad
3399 591 3657 631 amorem

2014 663 2136 733 Dei,
2166 663 2942 731 obsecrando,admonendo,
2959 664 3196 730 orando,
3222 665 3506 720 rationem
3531 665 3660 720 red-

2015 753 2226 808 dendo.
2261 753 2304 807 Ο
2335 769 2456 818 vos,
2491 755 2804 819 mansueti,
2835 757 3192 828 mugniﬁcate
3221 756 3513 811 Dominum
3556 771 3664 810 me-

2016 861 2158 909 cum,
2193 843 2338 898 bene
2371 844 2662 913 operando
2689 861 2699 898 :
2734 846 3114 901 humiliamini
3132 849 3230 902 sub
3257 849 3468 919 potenti
3493 864 3663 902 manu

2017 933 2131 1000 Dei,
2167 937 2226 987 ut
2252 948 2339 987 vos
2370 933 2567 986 exultet
2598 933 2644 1002 (1
2671 938 2823 988 Petr.
2859 935 2912 1005 v)
2946 953 3174 992 mecum
3205 954 3217 992 :
3254 941 3319 991 ut
3368 936 3520 992 sicut
3557 953 3662 1010 ego

2017 1031 2145 1085 vivo
2177 1035 2412 1102 propter
2450 1035 2700 1097 Patrem,
2734 1031 2815 1086 ita
2870 1037 2927 1088 et
2981 1051 3082 1090 vos
3139 1040 3376 1107 propter
3413 1053 3568 1092 eum.
3602 1037 3665 1091 Et

2018 1121 2326 1176 exaltemus
2358 1136 2552 1175 nomen
2582 1122 2698 1192 ejus
2730 1122 2793 1176 in
2822 1122 3152 1192 idipsum.ln
3176 1125 3346 1180 nobis
3381 1142 3662 1199 magnum

2021 1209 2305 1265 faciamus
2335 1226 2468 1264 eum
2500 1215 2650 1264 recte
2680 1211 3008 1277 vivendo,et
3029 1213 3173 1268 alios
3201 1215 3271 1269 ad
3299 1232 3558 1272 amorem
3596 1215 3665 1270 il-

2021 1299 2137 1354 lius
2167 1298 2702 1365 trahendo,scilicct
2732 1299 3116 1358 exsultatione
3138 1304 3411 1360 tendente
3432 1305 3490 1360 in
3517 1305 3671 1378 idip-

2023 1387 2240 1453 sum,id
2275 1392 2364 1443 est
2393 1387 2451 1442 in
2485 1388 2918 1453 Deum,scilicet
2945 1389 3004 1445 in
3035 1392 3308 1447 omnibus
3341 1393 3469 1464 ejus
3500 1395 3671 1450 mise—

2024 1477 2335 1532 ricordiam
2356 1478 2953 1544 commendantes,vel
2977 1479 3034 1534 in
3058 1480 3301 1536 invicem
3336 1482 3504 1538 aliter
3533 1484 3669 1540 alte-

2023 1567 2146 1622 rius
2177 1584 2353 1622 onera
2379 1567 2682 1638 portando,
2708 1571 2763 1622 et
2794 1567 2877 1623 sic
2908 1567 3093 1641 legem
3127 1569 3338 1626 Christi
3371 1571 3670 1645 implendo

2025 1655 2165 1726 (Gal.
2199 1659 2274 1725 vn)
2303 1674 2315 1723 ;
2347 1662 2403 1711 et
2445 1656 2503 1711 in
2562 1656 2671 1712 hoc
2716 1674 2809 1713 me
2865 1657 3072 1714 habete
3120 1659 3477 1732 exemplum,
3531 1662 3672 1734 quia

2025 1744 2294 1800 Christus
2321 1762 2332 1800 :
2369 1747 2650 1816 exquisivi
2679 1748 3006 1802 Dominum:
3027 1765 3095 1804 ex
3116 1749 3390 1805 omnibus
3413 1749 3532 1806 illis
3554 1750 3673 1824 glo-

2026 1834 2173 1890 riam
2206 1834 2465 1906 qumsivi,
2499 1834 2667 1890 illum
2725 1836 2914 1892 solum
2973 1838 3182 1893 amavi.
3216 1839 3279 1894 Et
3323 1838 3462 1911 quia
3505 1839 3671 1895 illum

2025 1923 2216 1980 solum
2249 1923 2508 1995 quaesivi,
2537 1926 2820 1980 exaudivit
2867 1943 2975 1994 me,
3029 1927 3252 1984 scilicet
3296 1929 3405 1984 hac
3437 1930 3672 1985 exaudi-

2026 2014 2266 2069 ditione.
2300 2015 2368 2069 Et
2399 2031 2468 2069 ea:
2498 2016 2751 2071 omnibus
2783 2017 3231 2074 tribulationibus
3281 2020 3418 2074 meis
3473 2021 3678 2092 eripuit

2025 2119 2130 2170 me,
2164 2108 2283 2158 tam
2316 2103 2698 2160 exterioribus
2731 2122 2908 2177 quam
2939 2105 3338 2163 interioribus.
3362 2109 3676 2181 Ergo,meo

2029 2191 2317 2262 exemplo,
2349 2192 2584 2247 accedite
2613 2193 2683 2247 ad
2723 2209 2844 2248 eum
2874 2194 3093 2261 animo,
3127 2212 3243 2251 non
3283 2195 3431 2263 loco,
3464 2215 3577 2252 non
3610 2214 3677 2253 eo

2030 2280 2203 2335 modo
2230 2297 2344 2351 quo
2376 2279 2456 2334 illi
2509 2287 2884 2337 accesserunt
2944 2283 3041 2354 qui
3092 2301 3185 2339 me
3224 2284 3674 2341 cruciﬁxerunt:

2031 2370 2132 2426 sed
2165 2370 2452 2425 sumendo
2484 2387 2697 2442 corpus
2728 2376 2784 2426 et
2814 2371 3162 2443 sanguinem
3195 2373 3428 2439 Christi,
3455 2380 3512 2430 et
3540 2374 3678 2431 imi-

2030 2459 2208 2514 tando
2241 2460 2368 2530 ejus
2398 2459 2814 2515 humilitatem.
2839 2461 2902 2515 Et
2923 2460 3030 2516 hoc
3054 2462 3226 2518 modo
3257 2463 3583 2519 accedendo
3605 2465 3674 2518 il-

2033 2549 2396 2602 luminamini
2415 2565 2447 2601 a
2463 2548 2720 2603 tenebris
2739 2549 3172 2622 ignorantiae,ut
3193 2568 3308 2606 non
3331 2551 3459 2607 sitis
3475 2552 3673 2620 Achis,

2031 2645 2283 2699 scientes
2314 2643 2451 2716 quid
2487 2644 2563 2700 sit
2593 2646 2948 2702 sacriﬁcium
2980 2647 3212 2715 illud,et
3239 2649 3378 2720 quid
3433 2654 3591 2705 notet
3620 2653 3679 2706 et

2030 2738 2268 2805 propter
2297 2733 2436 2804 quid
2470 2733 2548 2789 sit
2568 2734 2739 2805 juxta
2761 2735 2905 2792 illud
2930 2736 3218 2810 Apostoli:
3245 2738 3541 2810 Surge,qui
3557 2739 3679 2795 dor-

2027 2824 2153 2890 mis,
2185 2826 2236 2877 et
2264 2839 2494 2893 exsurge
2520 2841 2553 2879 a
2581 2827 2836 2885 mortuis.
2867 2829 2917 2881 et
2950 2827 3296 2882 illuminabit
3340 2833 3394 2882 te
3425 2827 3677 2883 Christus

2030 2911 2242 2982 (Ephes.
2276 2915 2353 2978 v),
2387 2912 2488 2982 qui
2520 2917 2608 2968 est
2636 2912 2734 2968 lux
2763 2931 2938 2969 vera:
2983 2915 3109 2987 ipse
3164 2915 3323 2971 enim
3369 2920 3458 2971 est
3505 2915 3674 2972 nobis

2027 2999 2175 3055 liber
2205 3004 2260 3054 et
2289 2999 2588 3072 exemplar
2617 3002 2767 3058 vitae.
2792 3005 2856 3059 Et
2881 3006 3011 3074 post
3032 3005 3160 3076 ejus
3184 3004 3676 3062 illuminationem

2027 3089 2205 3162 facies
2226 3092 2416 3143 vestrae.
2447 3105 2553 3144 non
2581 3092 3261 3148 erubescent.lnteriores
3298 3092 3519 3150 scilicet
3540 3111 3676 3150 con-

2030 3177 2288 3231 scientias
2312 3179 2438 3246 jam
2473 3179 2884 3246 mundata,vel
2917 3182 3251 3253 exteriores,
3284 3199 3400 3238 non
3444 3186 3676 3254 confun-

2033 3265 2232 3320 dentur
2261 3269 2394 3319 ante
2411 3282 2609 3321 verum
2627 3268 3109 3341 judicem,neque
3130 3271 3224 3325 hic
3244 3271 3590 3327 erubescent
3606 3273 3677 3328 de

2035 3356 2375 3424 paupertate
2406 3357 2462 3407 et
2492 3354 2834 3425 ignominia.
2873 3357 3048 3423 Quasi
3081 3358 3266 3412 dicat:
3302 3359 3370 3412 Et
3401 3362 3466 3413 ut
3505 3359 3681 3416 facies

2033 3445 2238 3495 vestra:
2271 3458 2385 3496 non
2418 3442 2873 3510 confundantur,
2929 3444 3242 3500 imitamini
3287 3445 3680 3502 humilitatem

2035 3545 2249 3598 meam,
2283 3530 2540 3600 quicum
2565 3531 2727 3586 dives
2750 3534 3158 3600 essem,factus
3180 3550 3311 3589 sum
3334 3551 3557 3608 pauper
3577 3553 3681 3609 pro

2033 3618 2197 3674 vobis
2220 3620 2293 3690 (II
2322 3619 2440 3674 Cor.
2467 3622 2612 3687 VIII);
2635 3619 2715 3674 ita
2741 3624 2796 3675 et
2815 3637 2917 3676 vos
2941 3621 3116 3678 nolite
3157 3622 3400 3695 gloriam
3428 3630 3680 3680 vestram

2035 3725 2312 3780 quaerere,
2342 3709 2442 3764 sed
2477 3708 2600 3764 Dei.
2635 3710 2739 3765 Iste
2765 3726 2996 3781 pauper,
3033 3711 3090 3766 id
3122 3715 3231 3781 est,
3277 3727 3383 3784 ego
3415 3712 3679 3784 humilis,

2035 3824 2147 3863 non
2184 3824 2545 3879 praesumens
2577 3807 2689 3864 nisi
2723 3808 2794 3864 de
2825 3807 2949 3863 sola
2977 3808 3071 3864 Dei
3121 3809 3543 3874 misericordia.
3575 3811 3684 3866 cla-

2031 3897 2224 3965 mavit,
2259 3897 2312 3952 id
2342 3901 2450 3961 est,
2478 3897 2633 3953 omni
2667 3897 2990 3954 intentione
3019 3899 3092 3954 ad
3118 3898 3303 3954 Deum
3337 3915 3399 3954 se
3430 3899 3686 3968 erexit,et

2034 4005 2147 4043 non
2184 3987 2291 4042 fuit
2321 3988 2624 4056 confusus,
2655 3988 2795 4059 quia
2823 3989 3086 4044 Dominus
3115 3987 3403 4045 exaudivit
3433 4006 3580 4059 eum,
3612 4006 3684 4046 ex

2033 4077 2286 4132 omnibus
2314 4076 2776 4132 tribulationibus
2821 4079 2940 4148 ejus
2998 4077 3232 4134 salvabit
3271 4095 3413 4134 eum.
3449 4079 3596 4153 Ergo
3625 4084 3682 4136 et

2033 4181 2134 4220 vos
2161 4165 2449 4235 exaudiet,
2484 4165 2532 4220 si
2563 4165 2822 4222 humiles
2854 4167 3158 4239 fueritis,si
3189 4168 3262 4224 ad
3294 4186 3430 4224 eum
3464 4168 3680 4226 clama-

2031 4253 2250 4309 veritis.
2283 4255 2350 4309 Et
2380 4271 2577 4310 revera
2632 4256 2877 4327 potestis
2925 4257 3201 4328 clamare,
3261 4258 3402 4330 quia
3453 4258 3682 4315 habetis

2037 4359 2127 4397 me
2158 4359 2274 4397 non
2307 4342 2498 4398 solum
2529 4345 2884 4416 exemplum,
2934 4346 3034 4401 sed
3095 4351 3152 4400 et
3193 4345 3501 4411 auxilium,
3544 4347 3684 4418 quia

2035 4431 2268 4501 angelus
2297 4431 2763 4500 Domini,scilicet
2792 4432 3060 4488 Christus
3094 4433 3290 4504 magni
3328 4431 3556 4488 consilii
3587 4451 3684 4488 an-

2033 4518 2199 4592 gelus
2231 4520 2360 4591 (Isa.
2395 4520 2495 4590 ix),
2528 4521 2876 4588 immittet,id
2908 4525 2997 4576 est
3027 4521 3456 4576 immissionem
3489 4521 3679 4590 faciet,

263 4623 590 4681 laudabilis
621 4622 750 4690 erit,
772 4601 843 4678 in
876 4601 1190 4685 Domino,id
1222 4623 1328 4686 est,
1349 4618 1407 4672 in
1440 4619 1841 4674 misericordia
1869 4624 1925 4675 et
1955 4601 2000 4666 Ῐ)
2032 4618 2090 4673 id
2123 4622 2209 4674 est
2240 4617 2523 4674 auxilium
2556 4634 2754 4685 suum,
2788 4620 2849 4673 in
2879 4619 3114 4673 circuitu
3160 4620 3483 4675 timentium
3533 4636 3679 4687 eum,

261 4717 328 4770 in
361 4714 533 4770 donis
564 4711 797 4768 Domini
830 4727 843 4766 :
878 4709 1025 4766 nihil
1085 4708 1230 4764 mihi
1291 4707 1628 4763 attrilvuam.
1662 4708 1922 4780 Audiant,

263 4803 496 4861 scilicet
525 4801 676 4858 hanc
705 4799 1102 4856 humilitatem
1133 4814 1347 4864 meam,
1371 4797 1926 4866 mansueti,humiles

263 4892 521 4950 audiant
551 4895 609 4948 et
634 4891 963 4958 imitentur,
998 4888 1055 4943 id
1088 4891 1196 4956 est,
1221 4887 1450 4942 discant
1471 4886 1728 4941 animam
1753 4903 1923 4942 suam

261 4983 328 5039 in
360 4981 608 5038 Domino
639 4979 902 5050 laudare,
934 4982 992 5033 et
1022 4994 1137 5032 non
1169 4976 1227 5032 in
1260 4992 1341 5043 se,
1375 4992 1489 5030 non
1523 4974 1581 5028 in
1610 4974 1842 5042 saeculo,
1872 4980 1925 5030 et

261 5071 528 5126 lxtentur
554 5085 689 5124 vera
715 5065 936 5122 laetitia.
965 5065 1097 5121 Ideo
1120 5063 1412 5120 mansueti
1435 5061 1679 5118 audiant
1695 5061 1804 5118 hoc
1825 5079 1924 5118 sa-

261 5159 558 5215 criﬁcium
588 5157 972 5213 immutatum
1032 5157 1088 5210 et
1139 5151 1468 5224 intelligant
1516 5151 1653 5223 quia
1685 5151 1923 5224 superbi

261 5247 476 5305 audire
515 5246 854 5313 noluerunt,
895 5244 996 5317 qui
1025 5243 1299 5298 dixerunt
1327 5260 1340 5297 :
1374 5243 1548 5297 Durus
1579 5249 1656 5296 est
1683 5242 1773 5296 hic
1803 5257 1923 5296 ser-

259 5355 356 5395 mo
387 5338 566 5409 (Joan.
598 5337 698 5409 v1),
733 5339 787 5391 et
819 5336 1084 5392 laetentur
1135 5331 1196 5386 in
1245 5329 1574 5401 exemplum
1627 5330 1762 5398 mei,
1807 5347 1922 5385 non

260 5427 694 5484 contristentur
715 5429 780 5480 ut
795 5423 881 5479 illi
909 5421 1009 5495 qui
1028 5421 1300 5476 dixerunt
1320 5435 1332 5471 :
1355 5427 1406 5474 et
1427 5418 1547 5489 quis
1561 5419 1773 5490 poterit
1798 5435 1923 5474 eum

261 5517 522 5573 audire?
549 5513 734 5586 (ibid.)
767 5513 833 5568 Et
861 5511 1001 5584 quia
1032 5509 1089 5564 in
1121 5508 1229 5563 hac
1259 5506 1460 5560 laetitia
1492 5522 1605 5560 non
1638 5509 1726 5561 est
1759 5504 1921 5562 locus

257 5605 588 5673 invidiae,et
618 5618 790 5660 omne
821 5601 1038 5658 bonum
1063 5599 1122 5654 in
1145 5612 1456 5653 commune
1482 5594 1756 5650 collatum
1790 5595 1919 5668 pul-

258 5695 470 5752 chrius
499 5689 928 5761 enitescit,nolo
962 5689 1121 5748 solus
1152 5683 1531 5756 habere,nolo
1563 5683 1723 5742 solus
1753 5701 1918 5742 acce-

2035 4707 2091 4762 id
2126 4712 2232 4776 est,
2265 4707 2337 4763 ad
2369 4705 2768 4762 defensionem
2801 4705 3035 4762 illorum
3068 4707 3164 4779 qui
3199 4725 3333 4764 eum
3366 4709 3596 4767 timent.
3620 4713 3684 4767 Et

2032 4799 2229 4868 eripiet
2259 4813 2366 4863 eos,
2401 4796 2495 4850 hic
2527 4796 2598 4851 ab
2630 4795 2890 4850 interiori
2943 4797 3308 4865 confusione,
3341 4803 3399 4855 et
3441 4802 3680 4856 tandem

2034 4885 2322 4941 exteriori.
2356 4884 2456 4940 Vel
2489 4885 2745 4940 immittet
2803 4884 3077 4957 angelum
3145 4887 3433 4944 Dominus
3480 4888 3541 4943 in
3570 4890 3679 4942 cir-

2030 4976 2185 5030 cuitu
2217 4975 2532 5028 timentium
2559 4989 2706 5039 eum,
2763 4977 2815 5028 et
2862 4976 3058 5046 eripiet
3094 4992 3201 5042 eos,
3253 4975 3389 5048 quia
3429 4975 3680 5048 quisque

2033 5061 2224 5118 ﬁdelis
2252 5062 2430 5116 habet
2460 5060 2732 5133 angelum
2766 5063 2986 5119 bonum
3017 5063 3117 5135 qui
3150 5079 3285 5118 eum
3317 5063 3678 5130 custodit,si-

2031 5156 2132 5206 cut
2163 5151 2221 5204 in
2254 5149 2563 5222 Evangelio
2593 5166 2605 5205 ε
2635 5152 2834 5220 Angeli
2863 5169 3052 5208 eorum
3105 5167 3314 5222 semper
3361 5151 3552 5207 vident
3577 5155 3676 5223 fa-

2030 5241 2168 5295 ciem
2201 5240 2384 5295 Patris
2435 5239 2604 5308 (Matt.
2662 5240 2846 5311 xvm).
2904 5241 3051 5311 Ergo
3110 5239 3246 5310 quia
3304 5255 3398 5296 me
3452 5239 3678 5296 habetis

2031 5325 2382 5398 exemplum,
2416 5325 2646 5381 habetis
2675 5331 2732 5383 et
2761 5326 3066 5393 auxilium,
3096 5332 3308 5398 gustate
3341 5328 3676 5396 Dominum,

2032 5415 2248 5471 sumite
2280 5431 2487 5486 cerpus
2519 5415 2646 5486 ejus
2677 5419 2732 5470 et
2763 5417 3108 5487 sanguinem
3138 5434 3150 5471 :
3179 5425 3230 5472 et
3262 5417 3457 5485 videte,
3489 5415 3548 5472 id
3587 5423 3678 5474 est

2031 5503 2357 5575 intelligite,
2391 5506 2653 5576 quoniam
2690 5507 2878 5560 suavis
2907 5510 2983 5561 est
3024 5507 3307 5560 Dominus.
3367 5507 3446 5561 Ac
3489 5505 3538 5562 si
3587 5506 3674 5561 di-

2030 5598 2158 5650 cat:
2189 5593 2416 5648 Sumite
2447 5593 2803 5650 sacriﬁcium
2837 5595 3096 5668 corporis
3118 5598 3175 5650 et
3202 5594 3506 5667 sanguinis
3537 5596 3673 5663 mei,

2030 5687 2087 5740 et
2115 5681 2421 5755 intelligite
2439 5681 2579 5754 quid
2603 5683 3019 5757 sumatis,quia
3038 5683 3098 5742 in
3121 5683 3452 5759 exemplum
3472 5683 3668 5746 humi-
