4016 6192
321 305 441 371 315

925 306 1231 374 REMIGII
1276 303 2026 375 ANTISSIODORENSIS
2070 302 2244 368 OPP.
2289 305 2490 372 PARS
2535 306 2585 372 Ι.
2618 338 2697 356 -
2723 307 3193 377 EXEGETIGA.

3606 307 3732 375 316

319 441 504 500 litatis
534 445 592 499 et
619 441 916 515 patientiae
947 460 1088 499 mea:
1118 444 1229 501 hoc
1286 446 1541 516 sumitis,
1573 451 1641 502 ut
1684 444 1838 501 sicut
1866 459 1971 516 ego
2002 438 2058 506 Α
2088 448 2219 506 tam,
2252 442 2311 497 id
2341 446 2449 509 est,
2483 443 2587 516 qui
2616 443 2676 499 in
2706 444 2809 500 Dei
2841 428 3059 513 studio,
3091 445 3153 501 in
3181 444 3282 502 Dei
3310 460 3486 519 opere
3517 461 3626 503 suo
3655 446 3736 503 ad

324 530 572 607 gloriam
604 548 792 588 meam
820 549 935 589 non
968 534 1341 605 quesivi,sed
1374 534 1716 605 Domini,ita
1747 538 1803 591 et
1831 549 1969 593 vos:

325 629 539 687 sumite
569 645 701 685 cum
733 629 943 685 timore
972 634 1029 686 et
1057 631 1398 699 reverentia,
1427 637 1483 688 et
1523 630 1798 687 videbitis
1828 647 1970 703 quo-

325 720 483 775 niam
519 719 714 775 suavis
736 723 824 775 est
854 720 1327 777 Dominus.Sicut
1350 738 1454 794 ego
1485 722 1556 776 de
1587 725 1774 776 morte
1789 725 1974 776 trans-

323 808 399 864 ivi
432 809 504 863 ad
537 809 739 878 vitam,
775 810 843 864 de
875 809 1144 880 passione
1163 812 1233 865 ad
1258 811 1599 866 suavitatem
1623 813 1679 866 et
1702 809 1969 881 gloriam,

322 897 424 969 ita,
459 902 516 953 et
543 914 645 953 vos
676 898 1045 953 oomedentes
1088 916 1201 965 me,
1249 899 1303 954 id
1354 904 1461 969 est,
1493 900 1792 955 imitantes
1837 916 1966 971 pas-

323 987 548 1042 sionem
579 991 634 1042 et
667 985 1057 1043 humilitatem
1090 1005 1279 1044 meam
1310 989 1367 1043 in
1400 989 1509 1044 hac
1539 989 1675 1054 vita,
1698 988 1971 1044 videbitis

318 1077 555 1131 tandem
580 1075 858 1147 quoniam
872 1076 1282 1149 Dominus,qui
1299 1079 1470 1133 modo
1483 1095 1721 1133 amarus
1743 1078 1972 1134 videtur

244 1228 253 1234 ,
318 1170 558 1238 propter
588 1165 931 1236 passionum
963 1164 1560 1233 tolerantiam,suavis
1582 1172 1669 1221 est
1691 1167 1747 1221 in
1782 1184 1970 1221 remu-

318 1252 869 1310 neratione.Gustate
898 1258 955 1309 et
983 1253 1158 1310 nolite
1190 1272 1319 1311 esse
1349 1255 1545 1323 Achis,
1579 1256 1633 1310 id
1667 1261 1774 1322 est,
1809 1272 1970 1312 error

317 1346 374 1397 et
403 1341 828 1412 ignorantia,ut
857 1340 1066 1397 dicatis
1090 1359 1102 1397 :
1129 1342 1403 1410 Quomodo
1433 1342 1542 1397 iste
1576 1342 1787 1413 poterit
1814 1342 1969 1398 nobis

304 1430 448 1486 dare
474 1446 699 1485 carnem
732 1431 1085 1486 manducare
1107 1431 1399 1502 (Joan.vr)?
1421 1430 1480 1486 Si
1512 1431 1770 1503 ignoras,
1795 1436 1970 1503 gusta

315 1522 374 1575 et
400 1520 552 1581 vide,
586 1520 850 1590 quoniam
893 1522 1078 1575 suavis
1107 1529 1186 1576 est
1214 1522 1496 1575 Dominus.
1528 1520 1583 1574 Si
1618 1524 1811 1575 autem
1851 1538 1967 1575 non

314 1607 723 1680 intelligis,rex
751 1607 1235 1663 Achisimmutat
1266 1608 1471 1664 faciem
1505 1625 1696 1676 suam,
1722 1612 1778 1663 et
1806 1624 1967 1664 rece-

313 1697 401 1753 dit
427 1715 460 1752 a
487 1701 565 1753 te.
600 1698 666 1752 Et
696 1697 841 1768 quia
870 1698 1065 1753 suavis
1097 1703 1189 1753 est
1220 1697 1505 1754 Dominus
1534 1697 1597 1752 in
1626 1714 1965 1755 remunera-

311 1786 491 1852 tione,
525 1787 711 1842 beatus
742 1788 832 1841 vir
860 1788 958 1857 qui
981 1790 1163 1857 sperat
1177 1789 1237 1842 in
1268 1803 1328 1843 eo
1355 1805 1367 1842 :
1400 1786 1540 1858 quia
1562 1788 1670 1843 etsi
1701 1803 1857 1841 nunc
1876 1787 1963 1842 vi-
1992 1807 2041 1871 B

312 1875 519 1931 deatur
548 1875 745 1941 miser,
777 1875 1015 1930 tandem
1047 1874 1254 1932 beatus
1284 1875 1413 1947 erit,
1446 1892 1574 1932 cum
1602 1876 1832 1931 mortale
1859 1876 1957 1931 hoc

310 1964 517 2020 induet
545 1964 1030 2019 immortalitatem
1052 1964 1100 2035 (I
1128 1963 1370 2032 Cor.xv).
1399 1965 1470 2020 Et
1501 1964 1638 2035 quia
1671 1982 1804 2037 spes
1831 1965 1958 2020 sine

307 2057 569 2125 tempore
599 2053 981 2126 presumptio
1015 2057 1125 2119 est,
1185 2055 1369 2109 timete
1425 2055 1717 2109 Dominum
1746 2053 1954 2109 timore

309 2146 491 2208 casto,
522 2141 799 2198 timentes
830 2158 965 2196 eum
1021 2143 1333 2197 offendere.
1393 2142 1569 2209 Quasi
1626 2142 1821 2199 dicat:
1854 2142 1955 2198 Ti-

309 2232 522 2288 mendo
550 2248 686 2287 eum
718 2248 833 2287 non
867 2231 1270 2298 mentiar,non
1301 2231 1568 2288 fraudem
1603 2232 1955 2299 faciam,non

306 2337 404 2378 ero
434 2338 661 2388 avarus,
699 2338 813 2376 non
845 2320 1215 2388 ambitiosus,
1271 2326 1331 2378 et
1386 2323 1515 2378 ideo
1574 2338 1834 2394 pauper:
1881 2322 1955 2377 ad

305 2409 441 2477 hoc,
473 2413 733 2483 quoniam
760 2426 868 2465 non
901 2415 981 2466 est
1031 2412 1223 2483 inopia
1272 2402 1590 2468 timentibus
1642 2428 1767 2468 eum
1788 2430 1807 2467 :
1837 2410 1955 2467 veri

308 2499 445 2554 boni
475 2499 664 2570 inopia
691 2515 801 2554 non
831 2504 910 2555 est
930 2502 1247 2555 timentibus
1267 2501 1560 2572 eum,quia
1580 2501 1799 2556 habent
1819 2516 1952 2555 eum

308 2586 367 2641 in
403 2602 519 2658 quo
551 2590 691 2641 sunt
716 2587 915 2642 omnia
937 2587 1111 2654 bona,
1145 2592 1201 2642 et
1231 2587 1279 2641 si
1309 2604 1595 2658 pauperes
1623 2588 1954 2655 videantur,

310 2699 425 2740 non
459 2683 746 2739 habentes
775 2682 897 2738 haec
952 2682 1102 2739 falsa
1132 2684 1304 2750 bona,
1329 2687 1526 2739 tamen
1557 2683 1717 2738 intus
1748 2683 1954 2740 divites

309 2776 466 2840 sunt,
500 2776 558 2828 et
586 2772 939 2843 quandoque
968 2771 1109 2827 foris
1140 2772 1464 2843 indigentia
1493 2772 1957 2845 supplebitur.Et

311 2860 441 2918 ideo
473 2859 649 2917 nolite
677 2861 885 2916 timere
914 2876 1202 2933 pauperes
1224 2860 1348 2915 fieri
1378 2860 1439 2915 in
1468 2860 1562 2917 his
1592 2861 1755 2917 falsis
1785 2862 1953 2918 bonis

308 2955 544 3023 propter
572 2966 729 3013 eum,
762 2949 901 3019 quia
929 2949 1126 3005 divites
1154 2948 1334 3020 hujus
1365 2948 1955 3016 seculi,abundantes

307 3037 527 3094 divitiis
540 3041 592 3092 et
608 3036 719 3092 sibi
742 3054 809 3092 su
819 3037 1010 3092 lficere
1029 3038 1552 3104 credentes,tamen
1565 3049 1835 3110 eguerunt
1855 3039 1954 3096 illo

305 3142 442 3182 vero
473 3127 627 3182 bono
652 3143 665 3181 :
700 3125 842 3181 foris
871 3126 1269 3193 divites,intus
1291 3131 1431 3182 sunt
1458 3130 1949 3201 pauperes.Quasi

306 3214 499 3271 dicat:
548 3215 880 3270 Timentibus
911 3220 1091 3270 Deum
1152 3232 1262 3271 non
1320 3224 1397 3271 est
1422 3218 1635 3287 inopia,
1668 3234 1805 3272 nam
1835 3234 1951 3273 non

304 3302 651 3361 timentibus
673 3310 763 3359 est
794 3303 1119 3377 inopia.Vel
1146 3309 1634 3377 vos,gentes,quae
1666 3323 1951 3378 pauperes

305 3394 471 3461 estis,
502 3393 561 3451 id
593 3398 701 3461 est,
734 3410 863 3464 qua:
894 3393 966 3449 ad
994 3393 1287 3465 justitiam
1320 3394 1482 3449 vobis
1518 3411 1631 3450 non
1682 3395 1952 3452 sufﬁcere

305 3480 566 3545 creditis,
601 3482 856 3537 accedite
883 3480 953 3537 ad
987 3498 1147 3548 eum,
1208 3483 1348 3554 quia
1400 3483 1547 3537 nihil
1596 3484 1762 3540 vobis
1790 3483 1850 3540 in
1883 3500 1950 3540 eo

305 3570 511 3626 deerit.
546 3571 774 3640 Divites,
807 3569 865 3625 id
895 3569 1324 3643 est,.ludzei,qui
1357 3571 1465 3627 sibi
1499 3571 1558 3627 in
1591 3571 1715 3645 lege
1743 3578 1800 3629 et
1834 3577 1951 3630 ter-

305 3659 465 3716 renis
478 3658 647 3715 bonis
672 3659 938 3716 sufﬁcere
952 3664 1606 3732 putaverunt,eguerunt
1616 3679 1765 3734 pane
1783 3662 1953 3718 Verbi

305 3758 424 3814 Dei.
451 3757 613 3814 Unde
639 3757 957 3830 propheta:
985 3759 1128 3813 Ecce
1149 3774 1254 3830 ego
1284 3759 1501 3813 mittam
1530 3758 1589 3812 in
1620 3775 1719 3813 vos
1746 3761 1952 3829 famem

307 3863 421 3904 non
447 3849 635 3919 panis,
665 3847 757 3903 sed
786 3846 1056 3903 audiendi
1081 3845 1256 3901 Verbi
1286 3847 1386 3901 Dei
1434 3845 1634 3917 (Amos.
1691 3847 1838 3919 VIII).
1888 3852 1955 3904 Et

306 3952 645 4007 quanquam
679 3939 967 4006 eguerunt
995 3935 1095 3990 illo
1125 3950 1261 3991 vero
1292 3935 1464 4003 bono,
1516 3939 1711 3991 tamen
1742 3939 1953 3992 esurie-

303 4032 436 4080 runt
460 4022 714 4079 naturali
744 4023 1085 4092 intentione,
1110 4023 1249 4095 quia
1277 4023 1625 4080 naturaliter
1653 4041 1858 4082 omnes
1879 4026 1952 4081 ad

307 4110 731 4180 beatitudinem
763 4110 1034 4179 tendunt,
1067 4113 1177 4167 etsi
1206 4113 1495 4183 quosdam
1552 4114 1754 4169 devius
1792 4131 1954 4170 error

307 4200 566 4257 abducit.
600 4200 945 4271 Inquirentes
973 4208 1158 4254 autem
1189 4201 1507 4273 Dominum,
1543 4201 1760 4258 scilicet
1788 4208 1951 4259 intus

306 4291 632 4362 quaerentes
662 4287 936 4360 passibus
966 4285 1146 4342 animi
1206 4303 1323 4342 non
1372 4289 1650 4361 corporis,
1683 4290 1851 4346 illum
1892 4292 1950 4347 in

307 4396 424 4451 quo
455 4382 544 4434 est
573 4394 773 4434 verum
806 4380 864 4431 et
894 4392 1197 4432 summum
1229 4376 1472 4445 bonum,
1494 4394 1604 4433 non
1624 4381 1954 4437 minuentur

303 4468 458 4525 omni
488 4467 647 4537 bono,
678 4467 796 4522 imo
827 4465 1219 4538 augebantur,
1252 4465 1391 4537 quia
1440 4483 1597 4522 nunc
1634 4467 1855 4525 habent
1883 4486 1951 4526 ex

2082 530 2194 586 hoc
2223 531 2503 597 tendit,ut
2533 532 2649 589 Deo
2683 533 3059 600 adhaereat,in
3092 550 3207 607 quo
3238 538 3326 592 est
3354 551 3492 592 vera
3518 536 3739 592 vita.Et

2080 618 2178 675 ille
2210 620 2327 675 vult
2357 622 2547 690 vitam,
2582 622 2681 693 qui
2709 623 2893 692 diligit
2922 623 3106 679 videre
3151 625 3270 680 dies
3318 625 3501 689 bonos,
3536 625 3591 680 id
3623 629 3738 696 est,

2081 717 2181 788 qui
2215 735 2330 773 non
2363 718 2686 775 delectatur
2716 720 2773 775 in
2802 712 3014 777 diebus
3044 721 3345 792 malis,sed
3361 722 3741 778 omniinten-

2082 805 2237 860 tione
2267 807 2339 861 ad
2372 804 2536 863 illam
2566 809 2745 864 vitam
2778 809 3049 879 tendit,in
3074 827 3188 881 qua
3211 810 3375 866 nulla
3402 811 3513 866 erit
3533 811 3740 885 adver-

2080 893 2244 949 sitas.
2274 894 2459 951 Aliter
2483 912 2495 950 :
2531 896 2668 965 Quis
2696 902 2775 953 est
2802 899 2959 954 homo
2987 900 3085 971 qui
3112 901 3231 955 vult
3261 901 3517 966 vitam,et
3543 899 3739 970 diligit

2078 983 2261 1039 videre
2289 984 2403 1039 dies
2436 985 2598 1041 bonos
2625 989 2651 1040 .9
2679 986 2936 1059 Quisque
2991 986 3154 1053 dicit,
3186 1005 3292 1062 ego
3319 1004 3332 1043 :
3379 1004 3515 1061 ergo
3548 989 3638 1045 fac
3667 1006 3740 1045 ea

2079 1088 2210 1142 quae
2239 1077 2588 1144 sequuntur.
2625 1075 2867 1131 Prohibe
2921 1076 3173 1148 linguam
3225 1081 3381 1132 tuam
3407 1094 3441 1131 a
3469 1077 3640 1145 malo,
3672 1081 3739 1133 ut

2077 1160 2268 1215 eundo
2291 1177 2394 1232 per
2425 1162 2738 1218 circuitum
2762 1181 3001 1220 accuses
3023 1164 3520 1235 Creatorem,cum
3553 1168 3612 1220 te
3640 1183 3735 1222 ac-

2078 1249 2558 1321 ousando,possis
2589 1252 2660 1306 de
2689 1253 3034 1324 compendio
3061 1270 3195 1309 eum
3222 1253 3473 1326 placare.
3493 1255 3735 1312 Prohibe

2078 1337 2331 1408 linguam
2361 1342 2514 1394 tuam
2545 1358 2575 1395 a
2606 1340 2774 1405 malo,
2801 1341 2942 1412 quia
2973 1342 3262 1414 perfectus
3318 1346 3407 1397 est
3463 1343 3563 1414 qui
3611 1361 3728 1399 non

2077 1431 2280 1498 peccat
2308 1426 2368 1481 in
2402 1427 2622 1500 lingua,
2652 1446 2686 1483 a
2716 1430 2879 1496 malo,
2913 1430 2970 1484 id
3028 1434 3119 1487 est
3177 1448 3211 1486 a
3254 1430 3648 1488 detractione:
3678 1436 3731 1489 et

2081 1514 2233 1570 labia
2261 1520 2358 1571 tua
2390 1533 2458 1572 ne
2492 1517 2787 1589 loquantur
2813 1518 3000 1574 dolum
3027 1537 3043 1572 :
3072 1518 3229 1575 labia
3258 1518 3450 1575 cordis
3482 1537 3595 1575 non
3619 1521 3730 1576 cir-

2076 1604 2450 1660 cumveniant
2479 1606 2717 1661 fratrem
2749 1607 3112 1664 doloseJllors
3145 1611 3198 1663 et
3227 1610 3344 1664 vita
3364 1610 3421 1664 in
3455 1609 3730 1666 manibus

2076 1692 2286 1764 linguae
2315 1695 2500 1765 (Prov.
2535 1696 2719 1767 xvm).
2752 1696 2822 1751 Et
2852 1695 2992 1751 alibi
3022 1713 3034 1752 :
3095 1695 3301 1753 Cultus
3342 1697 3613 1768 justitia,
3647 1699 3730 1754 si-

2074 1781 2323 1837 lentium
2354 1786 2411 1837 et
2441 1800 2553 1855 pax
2608 1784 2740 1855 (Isa.
2773 1784 2968 1856 xxxu).
3026 1784 3263 1840 Declina
3318 1802 3354 1840 a
3383 1787 3532 1841 malo
3565 1805 3584 1840 :
3610 1803 3727 1842 non

2070 1871 2308 1938 sufﬁcit,
2344 1870 2481 1942 quia
2511 1888 2626 1927 non
2657 1877 2747 1928 est
2777 1873 2920 1929 satis
2953 1890 3067 1932 non
3097 1873 3351 1945 spoliare
3378 1891 3723 1947 pauperem,

2067 1959 2178 2015 nisi
2212 1976 2347 2014 eum
2378 1960 2791 2017 vestias.Dives
2820 1961 2915 2017 ille
2946 1962 3050 2034 qui
3084 1962 3144 2017 in
3176 1961 3405 2018 inferno
3423 1962 3729 2020 cruciaba-

2063 2050 2180 2116 tur,
2214 2064 2330 2103 non
2361 2047 2579 2121 legitur
2610 2050 2767 2121 quod
2823 2052 2896 2106 de
2927 2050 3134 2123 rapina
3163 2050 3392 2120 vixerit,
3424 2052 3526 2108 secl
3559 2054 3719 2124 quod

2066 2152 2176 2191 sua
2206 2152 2340 2191 cum
2374 2141 2583 2193 Lazaro
2608 2155 2723 2193 non
2755 2139 2954 2195 divisit
2983 2140 3136 2211 (Luc.
3169 2141 3303 2212 xvr).
3347 2140 3478 2196 Ideo
3520 2142 3720 2214 sequi-

2063 2228 2161 2279 tur
2189 2242 2201 2279 :
2235 2226 2300 2281 Et
2326 2228 2416 2297 [ac
2452 2226 2674 2297 bonum,
2707 2243 2881 2283 omne
2912 2228 3065 2300 quod
3101 2228 3461 2300 potes.Nibil
3479 2230 3721 2301 prodest

2066 2313 2114 2368 si
2143 2314 2400 2369 destruis
2431 2318 2489 2370 et
2510 2332 2624 2371 non
2647 2316 2900 2372 aediﬁcas
2924 2335 2937 2384 ;
2958 2317 3008 2372 si
3039 2317 3296 2373 destruis
3322 2317 3480 2383 vitia,
3514 2324 3571 2373 et
3600 2336 3717 2375 non

2066 2403 2318 2458 aediﬁcas
2346 2404 2594 2461 virtutes
2618 2422 2787 2460 :nam
2814 2405 3000 2462 habeo
3024 2406 3338 2462 Dominum
3361 2408 3714 2478 adjutorem.

2067 2500 2134 2555 Et
2166 2501 2430 2557 faciendo
2452 2502 2819 2570 bonum,noli
2843 2520 3103 2576 quaerere
3125 2504 3219 2560 hic
3246 2506 3594 2577 mercedem,
3610 2506 3710 2562 sed

2064 2590 2286 2660 inquire
2310 2608 2520 2663 pacem,
2549 2592 2606 2648 id
2637 2597 2745 2659 est,
2779 2595 3351 2651 remunerationem:
3386 2611 3459 2651 ne
3488 2596 3591 2650 tibi
3621 2596 3708 2650 di-

2064 2674 2269 2733 caturi
2306 2680 2593 2752 Recepisti
2625 2682 2974 2737 mercedem.
3008 2684 3075 2738 Et
3119 2698 3450 2755 persequere
3483 2701 3623 2752 eam,
3656 2685 3713 2740 id

2064 2771 2173 2834 est,
2199 2784 2270 2822 ne
2300 2768 2652 2825 desistas.Et
2674 2775 2837 2842 potes
2858 2788 2988 2827 eam
3047 2772 3367 2844 inquirere,
3401 2774 3542 2847 quia
3572 2775 3721 2831 oculi

2068 2856 2305 2924 Domini,
2339 2856 2397 2911 id
2428 2861 2540 2923 est,
2568 2864 2870 2931 respectus
2904 2860 3320 2916 misericordia:
3352 2862 3717 2930 Domini,su-

2057 2960 2157 3016 per
2170 2947 2382 3015 justas,
2415 2945 2473 3000 id
2507 2950 2798 3020 est,super
2827 2965 2926 3005 eos
2956 2949 3059 3022 qui
3088 2949 3445 3006 voluntatem
3483 2951 3718 3008 Domini

2062 3032 2165 3087 Dei
2193 3032 2282 3088 sui
2317 3051 2437 3089 suae
2468 3026 2758 3091 voluntati
2785 3044 3158 3110 praeponunt.-
3208 3041 3271 3094 Et
3292 3056 3452 3095 aures
3492 3041 3617 3113 ejus
3649 3043 3714 3097 in

2058 3137 2247 3194 preces
2275 3139 2482 3191 eorum,
2517 3125 2656 3196 quia
2686 3125 2833 3181 nihil
2865 3127 3196 3184 desiderant
3224 3127 3329 3183 nisi
3362 3128 3516 3198 quod
3548 3127 3709 3183 desi-

1982 3174 2027 3243 c
2058 3174 2391 3266 derandum
2420 3174 2552 3281 est,1
2562 3213 2620 3267 id
2654 3218 2761 3285 est,
2821 3216 3115 3273 exauditio
3146 3218 3270 3289 ejus
3311 3174 3701 3288 etjdispositio

2062 3298 2477 3356 misericordias
2508 3301 2568 3357 in
2600 3318 2801 3375 preces
2834 3319 3077 3369 eorum.,
3117 3306 3239 3361 Etsi
3293 3306 3447 3361 enim
3475 3321 3590 3360 non
3620 3304 3705 3360 vi-

2061 3387 2308 3444 deantur
2335 3390 2601 3446 exaudiri
2632 3392 2930 3448 interdum
2962 3410 3096 3449 cum
3128 3394 3405 3467 clamant,
3430 3394 3490 3449 in
3516 3394 3712 3450 tribu-

2059 3474 2383 3534 lationibus
2413 3487 2606 3535 tamen
2639 3481 3055 3551 exaudiuntur,
3090 3483 3232 3553 quia
3278 3482 3577 3539 tribulatio
3608 3500 3712 3557 pa-

2059 3565 2324 3622 tientiam
2360 3573 2635 3640 operatur
2665 3569 2838 3641 (Rom.
2864 3575 2922 3640 ν)
2944 3588 2961 3624 :
2986 3571 3273 3644 quidquid
3307 3572 3419 3629 sibi
3453 3570 3592 3628 utile
3620 3590 3712 3628 ro-

2061 3658 2202 3726 gant
2222 3656 2393 3726 justi,
2428 3663 2641 3728 praesto
2673 3663 2762 3714 est
2791 3659 2859 3714 ad
2895 3659 3272 3716 tribuendum
3307 3663 3496 3734 gratia
3519 3661 3715 3717 Dei.Et

2061 3758 2134 3797 ne
2165 3744 2298 3814 quis
2326 3761 2540 3816 pravus
2572 3745 2681 3802 hoc
2712 3748 2910 3804 audito
2935 3748 3411 3825 diceret:8ecure
3441 3750 3711 3823 peccabo,

2061 3832 2201 3903 quia
2231 3832 2384 3889 Deus
2407 3833 2604 3906 justos
2626 3839 2855 3892 tantum
2877 3837 3175 3904 videt,non
3202 3855 3295 3895 me
3322 3857 3336 3908 ;
3363 3838 3562 3895 addit:
3589 3840 3715 3895 γυι-

2061 3928 2149 3976 tus
2177 3928 2362 3976 autem
2396 3925 2625 3980 Domini
2649 3942 2818 3997 super
2839 3928 3099 3998 facientes
3125 3928 3295 3999 mala,
3327 3944 3445 3984 non
3475 3928 3549 3983 ad
3597 3926 3714 3984 sal-

2060 4010 2341 4076 vandum,
2376 4012 2476 4066 sed
2511 4020 2569 4067 ut
2590 4014 2809 4084 perdat
2836 4014 2901 4071 de
2931 4024 3079 4071 terra
3121 4016 3346 4073 scilicet
3391 4016 3713 4072 viventium

2058 4100 2383 4155 memoriam
2412 4116 2625 4167 eorum,
2658 4102 2714 4157 id
2744 4106 2846 4171 est,
2878 4084 3094 4161 famam
3127 4110 3184 4161 et
3219 4105 3491 4178 gloriam,
3532 4122 3713 4178 quam

2062 4187 2174 4243 sibi
2204 4195 2560 4259 paraverunt
2589 4190 2650 4245 in
2682 4194 2838 4247 terra
2867 4193 3399 4250 morientium.Non
3428 4192 3559 4250 ideo
3590 4210 3716 4266 per-

2060 4276 2157 4331 det
2188 4277 2344 4349 quod
2376 4278 2452 4333 ibi
2486 4277 2602 4347 sit;
2635 4281 2736 4335 sed
2771 4280 2909 4353 quia
2934 4281 3046 4354 ipsi
3078 4286 3287 4355 putant
3314 4299 3378 4339 se
3407 4281 3715 4339 habituros

2060 4365 2216 4421 sicut
2244 4365 2356 4421 hic.
2392 4366 2622 4423 Dictum
2656 4372 2765 4433 est,
2788 4371 2852 4425 Et
2866 4387 3034 4428 aures
3056 4373 3173 4444 ejus
3188 4374 3245 4427 in
3272 4387 3459 4444 preces
3488 4388 3709 4429 eorum:

2059 4468 2119 4519 et
2150 4462 2378 4532 merito,
2413 4466 2552 4536 quia
2581 4467 2963 4524 clamauerunt
2991 4470 3144 4538 iusti,
3167 4467 3388 4526 scilicet
3416 4470 3489 4526 ad
3523 4470 3719 4527 Domi-

305 4560 554 4628 parte,et
581 4555 815 4611 tandem
849 4553 1149 4610 habebunt
1180 4553 1625 4624 perfecte.Nullo
1657 4557 1807 4612 bono
1841 4557 1948 4613 mi-
1978 4547 2026 4611 D
2057 4569 2223 4619 num,
2251 4553 2311 4608 id
2337 4554 2698 4621 est,liberam
2727 4561 2783 4612 et
2808 4557 3064 4614 validam
3083 4558 3471 4615 intentionem
3506 4560 3627 4615 oris
3654 4566 3715 4617 et

309 4647 587 4711 nuentur,
620 4644 760 4714 quia
787 4642 1089 4698 habebunt
1118 4641 1284 4697 illum
1316 4643 1373 4696 in
1408 4659 1524 4715 quo
1546 4648 1637 4700 est
1657 4661 1828 4700 omne
1853 4645 1953 4701 ho-

307 4748 473 4787 num.
507 4732 576 4787 Et
605 4731 744 4804 quia
772 4748 888 4786 non
920 4736 1011 4786 est
1039 4730 1239 4803 inopia
1258 4731 1605 4788 timentibus
1636 4737 1953 4801 eum,veni-

306 4823 379 4888 te,
411 4821 540 4893 ﬁlii,
575 4819 849 4891 passibus
877 4818 1045 4875 ﬁdei:
1080 4823 1138 4875 et
1167 4820 1215 4874 si
1248 4819 1494 4875 dixerim
1517 4837 1617 4876 vos
1642 4822 1955 4891 timere,ta-

305 4926 441 4965 men
473 4907 578 4964 ﬁlii
609 4907 752 4965 estis
776 4908 947 4979 juxta
977 4906 1123 4962 illud
1148 4925 1161 4962 :
1192 4908 1461 4979 Quotquot
1478 4913 1950 4981 receperunteum,

306 4999 455 5056 dedit
484 5000 562 5057 eis
585 5001 915 5072 potestatem
945 4998 1088 5067 ﬁlios
1116 4997 1218 5051 Dei
1270 4999 1390 5066 ﬁeri
1444 4998 1627 5069 (Joan.
1662 4999 1703 5070 ι)
1730 5017 1742 5054 :
1774 5002 1957 5056 venite

306 5089 453 5145 bene
479 5089 771 5160 operando
796 5106 809 5157 ;
842 5104 889 5141 si
917 5087 1027 5157 ﬁlii
1054 5086 1293 5143 Abrahae
1318 5088 1468 5154 estis,
1502 5103 1666 5159 opera
1718 5089 1954 5145 Abrahae

302 5180 476 5251 facite
506 5180 696 5249 (Joan.
728 5176 875 5249 vm),
905 5175 1096 5232 audite
1124 5189 1211 5228 me
1265 5190 1407 5230 aure
1452 5176 1749 5232 audiendi.
1785 5179 1955 5233 Timo-

305 5283 422 5323 rem
452 5268 679 5323 Domini
705 5266 899 5322 doeebo
938 5280 1048 5334 vos,
1109 5263 1165 5319 id
1216 5268 1325 5332 est,
1385 5262 1638 5336 qualiter
1692 5266 1953 5323 debeatis

308 5368 489 5421 Deum
520 5364 747 5428 timere,
780 5368 846 5418 ut
874 5361 1021 5417 nihil
1051 5360 1216 5417 vobis
1248 5360 1400 5416 desit
1430 5360 1487 5416 in
1519 5361 1636 5417 ullo
1663 5362 1833 5420 bono.
1886 5365 1957 5420 Et

308 5470 382 5510 ne
410 5453 682 5526 quisquis
714 5452 873 5508 dicat
896 5468 959 5506 se
987 5451 1192 5506 timere
1232 5448 1569 5518 Dominum,
1602 5452 1958 5510 determinat

307 5542 441 5613 quis
472 5543 551 5599 sit
579 5543 677 5615 qui
714 5540 1026 5597 Dominum
1057 5538 1259 5594 timeat
1286 5538 1497 5594 timore
1529 5543 1853 5611 casto.Quis
1880 5549 1956 5601 est

308 5629 716 5702 homo,scilicet
745 5630 846 5705 qui
877 5630 1046 5686 timet
1075 5627 1390 5683 Dominum
1416 5628 1445 5684 ‘I
1475 5628 1578 5687 Ille
1603 5633 1702 5705 qui
1726 5633 1843 5689 vult
1872 5635 1954 5689 vi-

2060 4642 2254 4714 operis
2286 4643 2356 4697 ad
2389 4660 2522 4699 eum
2554 4644 2910 4718 direxerunt,
2934 4647 2993 4702 id
3023 4652 3132 4715 est,
3154 4648 3396 4705 idoneos
3420 4652 3477 4704 et
3501 4648 3713 4722 dignos

2060 4732 2193 4803 ejus
2225 4732 2594 4789 exauditione
2625 4734 2886 4791 fecerunt
2916 4735 3215 4793 irremisse
3238 4737 3557 4810 agendo.Et
3583 4738 3714 4796 ideo

2062 4821 2329 4877 Dominus
2360 4822 2646 4878 exaudivit
2677 4839 2801 4880 eos:
2833 4826 2989 4897 quod
3023 4826 3171 4881 mihi
3226 4830 3404 4899 patet,
3465 4828 3608 4900 quia
3643 4845 3715 4884 ex

2060 4910 2313 4967 munibus
2343 4912 2798 4969 tribulationibus
2824 4929 3015 4971 eorum
3072 4916 3328 4972 liberavit
3355 4932 3463 4973 eos.
3498 4916 3603 4973 Hic
3640 4917 3713 4973 li-

2060 4998 2302 5066 beravit,
2336 4999 2477 5071 quia
2506 5000 2695 5073 magis
2724 5003 3073 5074 profuerunt
3093 5004 3505 5062 tribulationes
3530 5023 3712 5079 quam

2061 5088 2419 5157 obessent,et
2436 5089 2674 5146 tandem
2699 5092 2934 5163 penitus
2959 5091 3325 5150 liberabit.Et
3345 5110 3460 5151 non
3491 5096 3711 5152 mirum

2064 5177 2112 5233 si
2135 5193 2235 5233 eos
2256 5175 2631 5249 liberat,quia
2647 5180 2818 5251 juxta
2839 5181 3367 5240 est.Clamaverunt
3385 5188 3507 5241 tres
3545 5187 3712 5258 pueri

2062 5270 2121 5322 et
2149 5265 2378 5321 liberati
2410 5270 2552 5322 sunt
2583 5269 2888 5327 manifeste
2919 5274 3091 5344 (Dan.
3142 5272 3229 5344 III)
3259 5288 3274 5329 :
3311 5272 3712 5332 clamaverunt

2065 5354 2405 5427 Machabaai,
2441 5356 2713 5412 similiter
2732 5359 2903 5433 justi,
2937 5365 2994 5418 et
3016 5378 3131 5419 non
3198 5366 3342 5418 sunt
3369 5362 3622 5436 liberati,
3655 5370 3712 5421 et

2060 5458 2258 5509 tamen
2281 5452 2514 5525 utrique
2535 5471 2671 5511 vera
2690 5455 3005 5515 salvatione
3028 5462 3168 5516 sunt
3184 5458 3415 5517 liberati
3434 5461 3515 5534 (II
3529 5463 3707 5520 Maeli.

2061 5545 2186 5611 vn).
2218 5549 2390 5598 Juxta
2440 5551 2517 5599 est
2570 5545 2854 5617 Dominus,
2914 5547 2973 5604 id
3013 5553 3123 5617 est,
3155 5547 3442 5605 auxilium
3473 5549 3711 5607 Domini

2063 5634 2275 5706 praesto
2295 5636 2517 5689 estnon
2540 5634 2815 5693 omnibus
2832 5636 2935 5710 qui
2959 5636 3447 5711 tribulantur,sed
3475 5637 3593 5697 illis
3613 5642 3713 5714 qui
