4016 6192
255 290 375 362 817

1377 302 1985 368 ENARRATIONES
2030 298 2110 365 IN
2154 302 2538 369 PSALMOS.

3544 302 3665 371 318

257 434 518 490 tribulato
573 441 701 491 sunt
728 437 904 509 corde,
936 437 994 494 id
1049 444 1156 508 est,
1190 440 1289 512 qui
1320 442 1379 496 in
1426 440 1907 497 tribulationibus
1937 447 1989 512 Α
2020 464 2047 489 ‹‹
2080 439 2272 511 laquei
2320 441 2432 511 sui,
2468 456 2825 514 supervacue
2872 437 3364 512 exprobraverunt
3402 438 3661 493 animam

257 540 358 580 cor
401 541 599 591 suum,
634 526 689 581 id
741 532 853 595 est,
885 530 1219 601 superbiam
1269 532 1461 586 cordis
1497 536 1806 586 conterunt
1855 535 1910 585 et

256 612 613 681 humiliant;
647 618 799 686 quod
844 622 900 671 et
945 619 1270 692 subjungit,
1304 627 1353 675 et
1400 622 1634 676 humiles
1684 622 1907 689 spiritu,

258 718 378 757 non
417 707 617 756 contra
646 703 961 760 Dominum
1014 715 1451 764 murmurantes
1499 709 1569 763 de
1598 707 1908 777 injustitia,

259 790 363 845 sed
421 791 549 860 ejus
599 797 902 862 paternam
958 796 1329 868 disciplinam
1364 804 1429 851 ut
1460 799 1593 853 boni
1648 797 1751 851 ﬁlii
1801 797 1909 850 hu—

258 877 480 933 militer
536 881 944 952 suscipientes,
990 884 1237 940 salvabit
1286 904 1438 940 nunc
1484 887 1715 939 interim
1772 885 1913 938 inte-

256 966 396 1022 riori
420 967 763 1036 salvatioue,
790 976 846 1025 et
870 973 1101 1027 tandem
1128 975 1302 1028 etiam
1327 974 1611 1029 exteriori.
1640 974 1787 1027 Aliis
1814 972 1909 1025 tri-

255 1056 477 1112 bulatis
510 1074 624 1111 non
667 1064 756 1113 est
805 1076 1002 1132 prope,
1038 1063 1135 1117 sed
1171 1063 1341 1134 longe
1364 1066 1532 1134 juxta
1578 1063 1722 1117 illud
1760 1078 1770 1116 :
1805 1064 1912 1131 Ego

256 1162 384 1201 sum
425 1147 568 1201 Deus
616 1148 679 1202 de
718 1165 905 1220 prope,
938 1157 988 1206 et
1038 1158 1185 1208 Deus
1233 1154 1302 1207 de
1350 1156 1506 1221 longe
1538 1155 1667 1221 (Jer.
1722 1157 1906 1218 xxui).

255 1233 434 1300 Quasi
466 1235 623 1289 dicat
655 1254 667 1290 :
716 1238 833 1309 Ego
868 1240 1005 1306 dixi,
1041 1258 1108 1295 ea:
1156 1243 1405 1297 omnibus
1458 1242 1912 1296 tribulationibus

256 1323 515 1378 liberabit
556 1325 773 1393 justos.
824 1328 969 1383 Nam
1004 1332 1195 1387 multa:
1242 1337 1381 1386 sunt
1413 1332 1909 1401 tribulationesju-

254 1420 485 1468 storum.
522 1412 716 1469 Omnes
747 1419 896 1472 enim
924 1422 1019 1489 qui
1043 1423 1135 1491 pie
1158 1422 1346 1476 volunt
1377 1423 1558 1477 vivere
1584 1423 1643 1475 in
1676 1404 1910 1488 Christo,

251 1505 701 1572 persecutionem
726 1509 1015 1576 patiuntur
1040 1510 1113 1580 (II
1142 1513 1290 1565 Tim.
1318 1515 1423 1581 in),
1454 1511 1521 1565 de
1550 1511 1802 1566 omnibus
1828 1510 1913 1564 his

260 1591 521 1646 liberabit
549 1608 657 1663 eos,
692 1596 928 1651 tandem
954 1598 1008 1652 in
1042 1600 1298 1669 praemio.
1325 1601 1565 1655 Interim
1597 1606 1791 1655 autem
1818 1617 1912 1654 eu-

254 1680 425 1735 stodit
453 1682 717 1738 Dominus
746 1688 935 1741 omnia
959 1704 1080 1743 ossa
1109 1706 1317 1755 eorum,
1343 1691 1401 1743 id
1434 1694 1541 1760 est,
1566 1706 1770 1745 omnes
1797 1691 1914 1744 vir-

254 1772 415 1824 tutes
460 1786 586 1840 quae
618 1778 757 1826 sunt
806 1775 984 1831 robur
1032 1778 1258 1834 animae.
1293 1779 1495 1834 Dando
1546 1780 1912 1851 patientiam,

257 1859 550 1933 custodiet
576 1864 637 1914 ut
659 1861 715 1915 in
749 1862 910 1919 nulla
931 1865 1142 1922 virtute
1171 1873 1227 1922 et
1248 1868 1408 1923 nullo
1441 1870 1591 1923 bono
1618 1868 1913 1940 proposito

255 1946 555 2002 deficiant.
594 1950 770 2005 Unum
799 1968 870 2006 ea:
900 1955 1005 2021 his,
1040 1956 1261 2012 scilicet
1309 1958 1563 2023 ossibus,
1596 1974 1706 2013 non
1736 1961 1913 2013 conte-

252 2039 432 2101 retur,
466 2040 523 2092 et
553 2038 602 2092 si
653 2044 987 2098 conteratur
1018 2062 1081 2099 os
1114 2047 1394 2117 corporis,
1428 2048 1534 2101 etsi
1586 2047 1913 2118 frangatur,

250 2128 309 2178 et
345 2124 731 2199 diminuatur,
757 2146 889 2185 ossa
920 2132 1128 2187 anima:
1153 2151 1267 2189 non
1291 2135 1482 2189 solum
1512 2154 1625 2190 non
1655 2137 1918 2205 frangen-

254 2214 381 2278 tur,
416 2213 535 2266 imo
578 2216 906 2273 robustiora
937 2220 1076 2275 ﬁent
1111 2238 1123 2274 :
1158 2222 1350 2277 carnis
1399 2224 1555 2277 enim
1588 2223 1919 2277 domatione

261 2299 512 2371 Spiritus
546 2304 852 2360 roboratur
899 2308 1205 2364 Justorum
1226 2327 1347 2366 ossa
1377 2312 1607 2367 custodit
1636 2313 1917 2376 Dominus,

261 2388 628 2458 injustorum
665 2400 859 2449 autem
911 2399 1258 2471 confringet.
1296 2402 1363 2455 Et
1392 2401 1519 2456 ideo
1565 2418 1714 2455 mors
1738 2418 1923 2471 pecca-

254 2480 448 2531 torum
474 2481 731 2549 pessima,
769 2485 908 2554 quia
947 2486 1007 2540 in
1040 2504 1105 2542 eo
1140 2491 1295 2559 quod
1345 2489 1631 2560 optimum
1682 2489 1919 2558 habent,

256 2564 618 2634 moriuntur,
652 2568 709 2622 id
742 2577 846 2639 est,
884 2574 939 2627 in
969 2576 1185 2631 anima.
1218 2578 1371 2632 Mors
1402 2578 1558 2632 enim
1590 2578 1924 2644 animae,est

256 2655 527 2726 separari
560 2674 592 2710 a
627 2658 744 2715 Deo
788 2679 915 2729 suo,
950 2665 1075 2718 sine
1126 2683 1241 2737 quo
1288 2667 1479 2721 vivere
1527 2667 1731 2738 nequit
1762 2686 1773 2720 :
1811 2666 1920 2721 etsi

258 2744 605 2799 moriantur
626 2747 681 2801 in
707 2749 951 2822 deliciis,
978 2754 1235 2823 pessima
1259 2760 1345 2809 est
1376 2755 1512 2826 quia
1534 2773 1648 2810 non
1668 2755 1921 2810 moriun-

263 2837 366 2886 tur
399 2832 719 2891 laboribus.
753 2840 861 2893 Sed
895 2840 1032 2911 quia
1063 2842 1262 2897 nullus
1283 2848 1370 2899 est
1401 2844 1527 2899 sine
1558 2850 1811 2915 peccato,
1848 2861 1919 2898 ne

260 2920 382 2977 hoc
422 2923 621 2980 ﬁdeles
668 2927 1005 2994 deterreret,
1058 2932 1363 3005 subjungit
1396 2952 1408 2988 ε
1441 2936 1507 2987 Et
1551 2936 1645 3005 qui
1690 2934 1918 2989 oderunt

257 3011 483 3083 justum
531 3013 867 3086 delinquent.
904 3020 1078 3082 Quasi
1126 3021 1323 3075 dicat:
1360 3022 1426 3075 Et
1454 3021 1532 3076 illi
1585 3022 1691 3077 soli
1740 3022 1919 3076 delin-

254 3106 447 3172 quent
477 3101 535 3156 in
566 3104 768 3174 vitam,
801 3112 857 3161 et
882 3107 1181 3164 incurrent
1205 3111 1354 3165 hanc
1376 3117 1645 3179 mortem,
1678 3112 1917 3181 quiode-

2020 553 2047 579 ‹‹
2082 547 2294 584 meam.
2336 532 2545 585 Veniat
2593 531 2673 586 illi
2705 531 2949 603 laqueus
2980 545 3149 598 quem
3201 528 3450 600 ignorat,
3481 532 3537 582 et
3566 543 3661 582 ca-

2020 641 2047 667 «
2083 618 2203 690 ptio
2234 635 2409 689 quam
2444 620 2749 674 abscondit
2777 620 3175 693 apprehendat
3206 634 3363 685 eum,
3395 622 3453 672 et
3483 616 3541 670 in
3574 614 3663 670 1a-

2019 732 2047 757 ‹‹
2085 725 2298 778 qucum
2332 709 2501 763 cadat
2531 709 2587 762 in
2622 709 2837 780 ipsum.
2862 709 3068 763 A‘nima
3086 713 3276 763 autem
3311 724 3438 761 mea
3464 704 3663 761 exsul-

2023 818 2048 845 ‹‹
2086 797 2226 851 tavit
2270 798 2327 851 in
2374 798 2633 862 Domino,
2668 804 2723 852 et
2770 798 3153 854 delectabitur
3199 814 3375 869 super
3421 795 3663 851 salutari

2029 905 2050 932 α
2086 903 2210 939 suo.
2246 886 2454 940 Omnia
2474 903 2607 941 ossa
2630 904 2753 941 mea
2788 888 2982 942 dicent
3012 904 3023 940 :
3053 887 3313 957 Domine,
3343 887 3475 958 quis
3497 885 3661 941 simi-

2023 998 2049 1024 ‹‹
2086 974 2157 1029 lis
2182 975 2282 1029 tibi
2304 976 2330 1028 ?
2350 975 2611 1045 Eripiens
2633 976 2865 1047 inOpem
2890 978 2959 1031 de
2987 995 3163 1033 manu
3188 977 3493 1032 fortiorum
3515 977 3661 1046 ejus,

2024 1088 2051 1113 ‹‹
2086 1082 2333 1136 egenum
2365 1071 2420 1120 et
2468 1082 2782 1137 pauperem
2816 1084 2849 1121 a
2897 1068 3309 1138 diripientibus
3340 1085 3492 1123 eum.
3527 1072 3665 1122 Sur-

2023 1176 2049 1202 «
2083 1159 2283 1225 gentes
2337 1160 2512 1209 testes
2552 1155 2759 1226 iniqui,
2794 1174 2918 1227 qua:
2952 1158 3291 1227 ignorabam
3342 1158 3666 1229 interroga-

2022 1266 2049 1291 ‹‹
2084 1244 2224 1297 bant
2257 1260 2367 1297 me.
2392 1244 2807 1299 ltetribuerunt
2826 1245 2966 1299 mihi
2993 1245 3147 1300 mala
3171 1264 3271 1317 pro
3298 1247 3665 1316 bonis,steri-

2026 1354 2051 1381 κ
2083 1331 2305 1386 litatem
2330 1334 2536 1387 anima:
2570 1335 2862 1406 meze.Ego
2895 1339 3090 1389 autem
3112 1352 3246 1388 cum
3271 1336 3413 1389 mihi
3436 1335 3662 1391 molesti

2023 1443 2050 1470 «
2083 1426 2298 1486 essent,
2334 1422 2618 1477 induebar
2667 1422 2874 1478 cilicio.
2906 1423 3299 1478 Humiliabam
3350 1424 3410 1478 in
3436 1425 3663 1495 jejunio

2026 1532 2053 1561 «
2084 1511 2341 1565 animam
2377 1528 2588 1578 meam,
2622 1517 2677 1566 et
2721 1511 2902 1567 oratio
2938 1528 3066 1567 mea
3098 1512 3154 1565 in
3204 1510 3335 1566 sinu
3370 1528 3495 1565 meo
3527 1528 3663 1566 con-

2023 1622 2050 1649 ‹‹
2087 1605 2357 1655 vertetur.
2393 1601 2564 1663 Quasi
2601 1602 2951 1672 proximum,
2986 1606 3043 1655 et
3091 1602 3259 1673 quasi
3292 1601 3527 1655 fratrem
3559 1617 3667 1655 no-

2023 1711 2052 1738 «
2085 1692 2271 1743 strum
2306 1689 2389 1743 sic
2435 1690 2890 1760 complacebam,
2924 1690 3094 1760 quasi
3132 1690 3340 1761 lugens
3370 1694 3427 1745 et
3455 1688 3668 1745 contri-

2030 1796 2050 1823 α
2085 1782 2273 1832 status
2292 1777 2375 1832 sic
2397 1778 2852 1833 humiliabar.Et
2872 1780 3180 1835 adversum
3203 1795 3295 1833 me
3318 1778 3490 1833 laetati
3510 1782 3669 1843 sunt,

2027 1889 2053 1916 «
2089 1871 2145 1921 et
2173 1873 2567 1922 convenerunt
2599 1885 2610 1921 :
2647 1872 2999 1940 congregata
3051 1874 3189 1923 sunt
3225 1885 3402 1939 super
3452 1884 3543 1922 me
3575 1868 3671 1921 fla-

2027 1980 2053 2005 ‹‹
2088 1956 2258 2027 gella,
2295 1962 2349 2010 et
2382 1957 2660 2029 ignoravi.
2696 1958 2971 2028 Dissipati
3013 1962 3169 2028 sunt,
3203 1974 3307 2011 nec
3337 1956 3671 2028 compuncti

2028 2067 2054 2093 ‹‹
2086 2049 2455 2101 tentaverunt
2486 2064 2579 2102 me
2614 2063 2626 2100 :
2662 2047 3174 2103 subsannaverunt
3220 2063 3313 2101 me
3343 2048 3670 2102 subsanna—

2028 2157 2054 2183 «
2092 2134 2266 2201 tione,
2301 2136 2686 2190 irenduerunt
2736 2154 2911 2207 super
2942 2153 3036 2190 me
3084 2136 3355 2190 dentibus
3387 2136 3531 2189 suis.
3564 2139 3671 2189 Do-

2034 2244 2061 2272 ‹‹
2095 2223 2272 2290 mine,
2294 2227 2525 2295 quando
2550 2225 2846 2295 respicies,
2871 2224 3111 2279 restitue
3142 2223 3401 2279 animam
3434 2239 3623 2278 meam
3642 2239 3676 2277 a

2032 2312 2455 2384 «malignitate
2503 2330 2727 2377 eorum,
2774 2330 2807 2367 a
2855 2312 3121 2367 leonibus
3166 2312 3403 2366 unicam
3462 2327 3672 2365 meam.

2033 2424 2059 2449 ι(
2095 2401 2425 2456 Conﬁtebor
2452 2402 2557 2456 tibi
2592 2403 2649 2456 in
2682 2400 2940 2456 Ecclesia
2966 2417 3200 2473 magna,
3225 2401 3283 2454 in
3313 2399 3530 2471 populo
3551 2416 3676 2471 gra-

2038 2514 2058 2538 ι
2093 2489 2146 2543 vi
2172 2490 2424 2545 laudabo
2447 2495 2519 2545 te.
2544 2492 2667 2546 Non
2693 2491 3163 2562 supergaudeant
3185 2488 3328 2544 mihi
3350 2489 3450 2559 qui
3474 2489 3675 2543 adver-

2035 2601 2061 2625 «
2096 2583 2301 2634 santur
2330 2580 2469 2633 mihi
2506 2578 2725 2650 inique,
2751 2578 2849 2649 qui
2876 2579 3125 2633 oderunt
3155 2595 3245 2632 me
3273 2578 3454 2649 gratis
3485 2582 3541 2633 et
3570 2594 3674 2632 an-

2033 2691 2059 2716 «
2095 2672 2244 2721 nunt
2292 2667 2496 2722 oculis.
2530 2668 2811 2731 Quoniam
2864 2666 3008 2722 mihi
3053 2667 3289 2737 quidem
3321 2666 3559 2738 paciﬁce
3588 2665 3671 2721 lo-

2030 2779 2058 2805 ‹‹
2092 2756 2441 2826 quebantur,
2468 2761 2523 2810 et
2556 2756 2613 2809 in
2645 2756 2945 2810 iracundia
2972 2760 3138 2810 terra:
3160 2756 3483 2828 loquentes,
3507 2755 3672 2810 dolos

2032 2866 2059 2895 ‹‹
2092 2845 2446 2916 cogitabant.
2485 2846 2553 2899 Et
2581 2844 2973 2900 dilataverunt
3017 2861 3195 2916 super
3226 2861 3319 2899 me
3349 2861 3413 2899 os
3446 2861 3618 2899 suum
3656 2862 3668 2899 :

2030 2958 2055 2983 ‹‹
2091 2935 2382 3002 dixerunt,
2415 2936 2592 3005 Euge,
2626 2952 2791 3005 euge,
2820 2934 3087 2989 viderunt
3135 2933 3287 2989 oculi
3337 2932 3540 2988 nostri.
3576 2932 3671 2986 Vi-

2029 3047 2056 3073 ‹‹
2092 3024 2250 3095 disti,
2280 3024 2546 3090 Domine,
2579 3042 2649 3079 ne
2691 3024 2899 3078 sileas:
2941 3024 3200 3089 Domine,
3237 3038 3307 3077 ne
3342 3022 3609 3076 discedas
3642 3038 3675 3076 a

2030 3134 2055 3161 ‹‹
2092 3130 2204 3167 me.
2241 3114 2498 3183 Exsurge
2528 3117 2585 3167 et
2616 3113 2853 3167 intende
2877 3111 3100 3183 judicio
3134 3128 3282 3179 meo,
3308 3110 3461 3166 Deus
3486 3127 3671 3177 meus,

254 3193 397 3244 runt
429 3207 521 3245 me
542 3193 777 3263 justum,
813 3198 1158 3253 salvatorem
1192 3204 1248 3254 et
1294 3200 1789 3254 reconcrliatorem
1821 3217 1915 3253 eo-
1949 3182 1990 3247 C
2030 3223 2056 3247 ‹‹
2090 3206 2146 3254 et
2174 3202 2454 3256 Dominus
2486 3218 2651 3256 meus
2696 3202 2755 3255 in
2806 3217 3044 3255 causam
3096 3216 3308 3254 meam.
3342 3199 3551 3254 Judica
3581 3216 3675 3253 me

256 3284 425 3347 rum,
458 3280 558 3351 qui
604 3290 1038 3341 sacramentum
1073 3288 1331 3358 corporis
1364 3294 1420 3341 et
1468 3288 1774 3358 sanguinis
1807 3287 1918 3341 mei

257 3368 400 3423 odio
433 3368 669 3441 habent,
694 3380 1137 3430 contemnentes
1166 3392 1277 3443 me,
1309 3375 1484 3429 Achis
1508 3375 1751 3429 similes.
1778 3375 1923 3438 Quia

263 3456 461 3513 multa
480 3464 620 3515 sunt
639 3477 852 3533 genera
875 3470 1268 3536 peccatorum,
1290 3468 1345 3518 et
1369 3481 1481 3518 non
1513 3479 1640 3518 esse
1659 3467 1921 3533 peccato-

258 3562 395 3602 rem
425 3546 483 3601 in
516 3548 623 3603 hac
655 3551 772 3607 vita
803 3552 1041 3608 difﬁcile
1068 3558 1176 3623 est,
1211 3555 1379 3623 cujus
1412 3552 1730 3625 peccatoris
1763 3568 1921 3606 mors

258 3637 347 3690 sit
371 3636 646 3706 pessima,
671 3640 1042 3698 determinat.
1068 3643 1169 3697 Hic
1192 3648 1280 3697 est
1302 3643 1457 3697 enim
1482 3643 1693 3696 modus
1717 3641 1923 3695 huma-

258 3741 355 3779 na:
375 3725 725 3795 justitiaa,ut
753 3731 869 3785 vita
887 3732 1150 3787 mortalis
1172 3731 1607 3802 quantumlibet
1634 3729 1917 3803 proﬁciat,

256 3814 409 3885 quia
440 3814 563 3871 sine
595 3817 804 3874 delicto
828 3836 955 3875 esse.
988 3838 1101 3875 non
1127 3826 1333 3892 potest,
1370 3822 1427 3875 in
1454 3822 1560 3876 hoc
1594 3838 1706 3875 non
1730 3818 1916 3874 delin-

254 3907 430 3974 quat,
464 3905 603 3960 dum
637 3912 835 3977 sperat
863 3908 919 3963 in
942 3926 1075 3963 eum
1103 3910 1158 3964 in
1180 3927 1294 3981 quo
1318 3915 1407 3965 est
1433 3910 1699 3965 remissio
1723 3925 1918 3980 pecca-

255 3996 485 4047 torum.
528 3994 769 4051 Redimet
819 3998 1107 4065 Dominus,
1142 4000 1364 4054 scilicet
1396 3999 1467 4052 ab
1516 3998 1614 4052 illa
1660 3997 1916 4069 pessima

258 4085 473 4152 morte,
511 4099 611 4154 per
641 4102 818 4155 quam
853 4104 886 4140 a
916 4088 1223 4159 temporali
1257 4088 1492 4142 miseria
1540 4087 1824 4141 transitur
1854 4086 1913 4140 in

256 4175 564 4237 aeternam,
612 4176 830 4228 animos
878 4192 1159 4232 servorum
1204 4184 1550 4240 suorum;et
1602 4175 1712 4229 hoc
1762 4174 1913 4239 ideo,

254 4260 405 4332 quia
432 4276 537 4316 non
570 4262 913 4335 delinquent,
939 4264 1160 4320 scilicet
1181 4265 1527 4336 gravissimo
1559 4262 1912 4329 delicto,non

254 4350 553 4405 credendo
584 4351 642 4407 in
675 4369 811 4408 eum
844 4354 903 4408 in
936 4371 1049 4426 quo
1083 4359 1171 4410 est
1202 4354 1471 4410 remissio
1504 4355 1908 4425 peccatorum:

254 4454 447 4494 omnes
475 4456 568 4511 qui
596 4447 815 4514 sperant
846 4444 905 4498 in
933 4460 1013 4499 eo.

782 4567 1107 4626 PSALMUS
1144 4568 1383 4623 XXXIV.

612 4671 670 4709 ΙΝ
709 4672 881 4711 FINEM
921 4674 1181 4713 PSALMUS
1220 4674 1330 4713 IPSl
1369 4675 1559 4715 DAVID.

337 4763 358 4789 ι
392 4740 619 4810 Judiea,
653 4743 917 4813 Domine,
953 4751 1226 4802 nocentes
1268 4764 1382 4813 me,
1418 4762 1686 4819 expugna
1717 4747 1910 4819 impu-

252 4851 282 4877 «
316 4834 567 4901 gnantes
602 4847 712 4887 me.
746 4834 1134 4905 Apprehende
1164 4853 1328 4891 arma
1358 4840 1414 4891 et
1442 4842 1698 4907 scutum,
1733 4842 1790 4891 et
1819 4853 1911 4891 ex-

249 4940 280 4967 ‹‹
319 4933 499 4989 surge
530 4919 589 4975 in
637 4922 994 4993 adjutorium
1046 4924 1212 4979 mihi.
1246 4926 1490 4980 Eli‘unde
1522 4927 1822 4993 frameam,
1855 4929 1912 4979 et

249 5029 280 5055 ‹‹
318 5007 602 5063 conclude
632 5011 912 5067 adversus
943 5028 1041 5068 eos
1062 5013 1163 5084 qui
1193 5018 1628 5085 persequuntur
1658 5031 1751 5069 me
1776 5030 1787 5067 :
1816 5014 1907 5068 dic

253 5118 283 5145 ‹‹
317 5096 529 5151 animis
543 5114 706 5155 mea:
734 5100 904 5156 Salus
924 5105 1026 5157 tua
1050 5118 1153 5174 ego
1196 5120 1350 5158 sum.
1388 5103 1831 5158 Confundantur
1852 5106 1909 5158 et

255 5207 284 5235 α
316 5194 694 5243 revereantur
713 5195 1038 5261 querentes
1063 5192 1320 5246 animam
1344 5195 1909 5253 meam.Avertantur

258 5296 281 5323 π
320 5280 646 5332 retrorsum
677 5282 733 5334 et
755 5280 1191 5335 confundantur
1212 5281 1534 5353 cogitantes
1562 5283 1706 5337 mihi
1728 5282 1903 5337 mala.

252 5388 283 5414 ι(
321 5364 495 5421 Fiant
522 5369 805 5439 tanquam
839 5368 1029 5441 pulvis
1060 5372 1193 5423 ante
1226 5370 1431 5425 faciem
1465 5372 1639 5435 venti,
1661 5377 1716 5426 et
1737 5389 1907 5443 ange-

254 5477 285 5505 ‹‹
324 5453 420 5509 lus
445 5455 671 5511 Domini
691 5463 993 5513 coarctans
1022 5474 1139 5513 eos.
1170 5458 1335 5512 Fiant
1363 5459 1464 5513 vim
1488 5460 1720 5515 illorum
1746 5465 1905 5517 tene-

259 5566 289 5593 ‹‹
325 5544 443 5599 bra:
474 5548 531 5601 et
567 5543 881 5616 lubricum,
914 5552 970 5603 et
998 5546 1240 5619 angelus
1272 5546 1501 5603 Domini
1552 5565 1904 5621 persequens

259 5654 292 5683 ι(
326 5649 445 5690 eos.
476 5633 759 5699 Quoniam
780 5637 964 5710 gratis
984 5637 1418 5694 absconderant
1439 5638 1585 5693 mihi
1602 5637 1904 5695 interitum

2026 3311 2059 3338 ηε(
2094 3289 2729 3359 secundumjustitiam
2758 3293 2944 3351 tuam,
2974 3288 3215 3342 Domine
3238 3288 3394 3341 Deus
3418 3292 3676 3355 meus,et

2032 3399 2057 3425 α
2095 3394 2209 3430 non
2241 3378 2712 3447 supergaudeant
2739 3377 2905 3430 mihi.
2931 3377 3054 3431 Non
3087 3375 3283 3429 dicant
3313 3376 3368 3428 in
3401 3375 3675 3431 cordibus

2032 3487 2059 3514 ‹‹
2094 3465 2238 3531 suis,
2269 3466 2446 3535 Euge,
2469 3481 2616 3535 euge
2648 3464 2856 3519 animre
2889 3469 3137 3530 nostrae;
3170 3480 3276 3517 nec
3308 3463 3542 3518 dicant:
3568 3464 3675 3518 De-

2037 3579 2056 3603 a
2091 3553 2423 3607 voravimus
2442 3569 2595 3606 eum.
2621 3552 2983 3607 Erubescant
3005 3558 3060 3607 et
3080 3558 3450 3607 revereantur
3471 3552 3672 3620 simul,

2030 3667 2055 3691 ‹‹
2092 3641 2189 3713 qui
2213 3640 2587 3713 gratulantur
2604 3639 2775 3695 malis
2800 3641 2967 3695 meis.
2988 3641 3312 3696 Induantur
3332 3641 3672 3695 confusione

2031 3755 2056 3781 ‹‹
2089 3737 2144 3787 et
2175 3731 2515 3799 reverentia,
2550 3730 2648 3802 qui
2683 3729 2941 3800 maligna
2988 3728 3310 3800 loquuntur
3354 3744 3529 3799 super
3560 3744 3671 3783 me.

2027 3844 2054 3871 ‹‹
2091 3821 2391 3875 Exsultcnt
2412 3825 2469 3875 et
2488 3819 2777 3888 laetentur,
2803 3817 2902 3890 qui
2924 3815 3430 3887 voluntjustitiam
3458 3832 3669 3871 meam:

2027 3934 2053 3959 ‹‹
2088 3916 2143 3965 et
2172 3911 2367 3965 dicant
2392 3926 2624 3981 semper
2655 3926 2666 3964 :
2693 3909 3100 3980 Magniﬁcetur
3126 3905 3426 3975 Dominus,
3454 3905 3553 3976 qui
3576 3921 3671 3959 vo-

2025 4022 2051 4048 ‹‹
2087 3999 2217 4054 lunt
2250 4015 2448 4070 pacem
2472 3999 2621 4053 servi
2653 3999 2887 4068 ejus.Et
2917 3997 3118 4068 lingua
3139 4011 3269 4050 mea
3296 3994 3673 4051 meditabitur

2025 4110 2052 4136 «
2081 4089 2378 4158 justitiam
2411 4092 2596 4154 tuam,
2632 4091 2754 4142 tota
2785 4087 2876 4142 die
2906 4086 3142 4142 laudem
3172 4091 3356 4141 tuam.
3395 4108 3420 4133 ››

2643 4213 3039 4269 ENARRATIO.

2095 4302 2157 4356 In
2191 4300 2299 4355 hoc
2339 4300 2565 4372 psalmo
2595 4319 2701 4357 vox
2730 4308 2819 4357 est
2848 4302 3058 4374 capitis
3077 4301 3383 4356 nostrisuo
3403 4299 3667 4370 exemplo

2022 4390 2283 4447 docentis
2316 4390 2373 4444 in
2402 4390 2880 4446 tribulationibus
2913 4390 3222 4453 orandum,
3257 4392 3321 4442 ut
3350 4388 3669 4442 liberemur

2023 4481 2094 4535 ab
2119 4479 2373 4534 inimicis
2396 4480 2775 4534 interioribus
2797 4483 2853 4532 et
2873 4475 3458 4533 exterioribus.David
3485 4476 3666 4531 inter-

2022 4574 2284 4641 pretatur
2332 4585 2505 4623 manu
2543 4570 2726 4638 fortis,
2760 4567 2898 4637 quia
2947 4570 3207 4620 nostram
3263 4569 3508 4619 mortem
3559 4582 3668 4619 sua

2023 4663 2207 4715 morte
2237 4658 2450 4713 devicit
2481 4676 2496 4711 :
2528 4656 2647 4711 visu
2676 4654 3075 4719 desiderabilis,
3110 4653 3250 4723 quia
3293 4651 3468 4708 vitam
3500 4658 3664 4709 aeter-

2024 4765 2160 4803 nam
2193 4748 2479 4820 promisit.
2513 4746 2659 4809 Quid
2711 4748 2903 4798 autem
2946 4742 3152 4797 fortius
3189 4760 3256 4798 ea
3304 4760 3503 4810 manu,
3538 4761 3663 4816 quae

2021 4837 2214 4909 tetigit
2240 4835 2494 4892 loculum
2521 4853 2533 4890 :
2559 4840 2612 4889 et
2634 4832 2846 4889 resedit
2866 4840 3129 4887 mortuus
3148 4831 3174 4885 ‘I
3196 4833 3342 4900 (Luc.
3378 4833 3660 4904 vu.)Quid

2020 4926 2228 4981 fortius
2258 4943 2323 4980 ea
2367 4941 2569 4989 manu,
2603 4940 2729 4994 quae
2762 4923 3049 4977 mundum
3099 4922 3330 4991 devicit,
3364 4921 3661 4976 diabolum

2018 5016 2188 5084 ejecit
2219 5032 2331 5069 non
2383 5022 2605 5068 armata
2662 5013 2832 5074 ferro,
2865 5014 2963 5067 sed
3006 5011 3184 5066 clavis
3234 5011 3405 5065 afﬁxa
3457 5009 3661 5081 ligno?

2018 5104 2163 5169 Quid
2195 5102 2640 5158 desiderabilius
2663 5102 2789 5155 visu
2814 5118 2900 5172 eo,
2925 5117 3099 5172 quem
3124 5104 3189 5154 ut
3213 5100 3407 5153 videre
3424 5103 3663 5168 possent

2016 5192 2201 5248 sancti
2236 5197 2539 5263 martyres,
2575 5192 2675 5262 qui
2706 5208 2838 5245 eum
2875 5207 2988 5244 non
3020 5188 3309 5251 viderunt,
3345 5204 3445 5257 per
3461 5187 3660 5241 omnia

2014 5260 2437 5338 tormentorum
2453 5260 2663 5353 genera
2680 5281 2750 5334 ad
2778 5295 2910 5333 eum
2938 5278 3129 5331 venire
3147 5293 3261 5330 non
3284 5274 3660 5331 dubitarunt?

2015 5372 2197 5426 Totus
2229 5370 2494 5426 Christus
2524 5370 2617 5424 hic
2648 5367 2907 5438 loquitur
2937 5370 2994 5420 et
3023 5366 3118 5421 hic
3148 5366 3474 5436 orat,prius
3504 5365 3563 5420 in
3597 5380 3659 5420 se

2016 5477 2247 5532 passus,
2280 5465 2337 5514 et
2369 5474 2523 5514 nunc
2554 5456 2815 5530 quotidie
2846 5455 3071 5527 patiens
3106 5456 3162 5509 in
3197 5453 3479 5509 membris
3509 5455 3655 5510 suis.

2083 5548 2298 5620 Judica,
2349 5550 2603 5613 Domine,
2636 5549 2885 5601 nocentes
2914 5560 3018 5599 me.
3073 5544 3115 5599 Ο
3165 5542 3408 5599 Domine
3451 5542 3656 5599 Pater!

2013 5637 2123 5704 vel,
2134 5639 2372 5695 Domine
2386 5638 2638 5694 Verbum
2652 5680 2665 5706 ,
2680 5651 2784 5709 age
2798 5635 2953 5707 quod
2967 5633 3114 5705 agis,
3129 5647 3326 5689 exerce
3340 5632 3660 5704 potentiam
