4016 6192
347 329 470 397 119

927 332 1234 398 REMIGII
1275 321 2038 397 ANTISSIODORENSIS
2083 319 2258 388 OPP.
2304 324 2505 390 PARS
2547 324 2596 390 Ῑ.
2627 358 2705 374 --
2732 322 3198 392 EXEGETICA.

3639 319 3773 390 820

345 465 740 524 tuamJudica
760 466 892 524 illos
913 468 1011 540 qui
1023 469 1631 541 judiciariapotestate
1651 472 1819 524 tuum
1835 466 1997 539 judi-
2027 460 2080 525 A
2111 464 2275 532 Putet
2305 460 2502 516 anima
2545 477 2696 527 mea,
2729 461 2963 517 obedire
3011 461 3119 517 tibi
3151 477 3340 535 usque
3381 461 3454 518 ad
3486 463 3764 520 mortem.

349 557 506 614 cium
531 558 865 614 subvertere
879 563 1193 627 conantur;
1212 560 1286 614 da
1300 576 1398 614 eos
1421 559 1477 614 in
1501 559 1814 614 caecitatem
1841 575 1998 614 men-

345 646 754 702 tisznisienim
779 648 973 719 pravis
991 649 1216 704 meritis
1229 666 1429 704 eorum
1459 650 1996 721 exigentibusintus

348 736 614 792 excaacati
663 741 878 802 essent,
912 754 1283 809 nequaquam
1331 738 1389 793 in
1440 742 1734 794 auctorem
1785 736 1995 792 salutis

347 840 551 881 eorum
566 827 884 882 sententias
910 827 1114 883 mortis
1140 829 1366 898 darent,
1385 828 1567 884 Judaei
1587 828 1645 883 in
1674 827 1990 894 Christum,

348 918 405 971 et
433 914 530 970 alii
558 914 838 970 increduli
867 915 926 970 in
960 917 1367 988 praedicatores
1398 917 1577 987 hujus
1610 917 1841 973 salutis.

308 1079 311 1082 ί
417 1011 515 1066 Vel
550 1011 734 1080 iudica
764 1012 915 1067 inter
963 1031 1056 1069 me
1085 1015 1381 1070 Christum
1432 1019 1486 1069 et
1512 1015 1747 1070 Judreos
1795 1032 1994 1086 perse-

347 1105 612 1172 quentes,
645 1101 700 1156 id
736 1106 846 1167 est,
879 1102 1142 1157 discerne
1167 1109 1222 1158 et
1251 1103 1402 1158 inter
1431 1104 1747 1159 Ecclesiam
1778 1108 1835 1158 et
1856 1120 1992 1158 suos

345 1193 766 1260 persecutores,
800 1193 864 1243 ut
910 1189 1002 1244 his
1048 1190 1152 1244 fiat
1197 1191 1267 1244 ad
1301 1191 1738 1245 damnationem
1789 1207 1991 1244 eorum

343 1277 689 1350 persecutio,
722 1295 839 1348 qua
869 1293 961 1332 me
992 1283 1050 1333 et
1082 1295 1243 1333 meos
1274 1285 1728 1350 persequuntur,
1761 1279 1902 1332 mihi
1935 1283 1993 1334 et

344 1366 492 1422 meis
523 1367 593 1421 ad
617 1367 883 1438 gloriam.
911 1367 972 1421 Et
1002 1367 1111 1422 hoc
1145 1369 1317 1423 modo
1349 1368 1563 1438 iudica.
1597 1373 1864 1438 Expugna
1887 1369 1990 1422 im-

341 1460 660 1528 pugnantes
686 1471 790 1509 me.
828 1455 941 1525 Ipsi
963 1455 1236 1525 judicant
1267 1473 1361 1512 me
1401 1462 1459 1511 et
1491 1473 1650 1511 meos
1682 1457 1990 1510 manifesto

335 1545 580 1617 judicio,
610 1545 710 1600 sed
743 1549 804 1598 tu
838 1545 1035 1614 iudica
1065 1562 1164 1601 eos
1190 1545 1436 1601 occulto.
1470 1548 1763 1617 Expugna,
1797 1545 1854 1599 id
1881 1550 1988 1612 est,

343 1633 729 1703 superaintus
750 1635 1145 1703 impugnantes
1169 1651 1260 1689 me
1275 1634 1675 1702 foris,Judazos
1691 1651 1781 1689 me
1805 1635 1992 1704 impu-

342 1726 592 1794 gnantes
623 1726 679 1777 et
710 1721 974 1778 membra
1003 1739 1153 1778 mea.
1195 1723 1296 1778 Vel
1329 1722 1628 1778 diabolum
1659 1727 1716 1779 et
1753 1721 1991 1794 angelos

343 1811 473 1883 ejus
497 1827 786 1884 expugna,
810 1815 874 1865 ut
913 1811 1057 1866 meis
1080 1829 1195 1867 non
1234 1812 1600 1885 praevaleant.
1628 1817 1693 1866 Et
1713 1817 1778 1867 ut
1807 1829 1990 1884 expu-
2023 1835 2070 1899 Β

343 1915 508 1973 gnes,
551 1901 895 1972 apprehende
947 1918 1106 1956 arma
1135 1906 1189 1956 et
1234 1911 1467 1968 scutum,
1502 1901 1558 1957 id
1592 1905 1700 1966 est,
1733 1901 1990 1956 animam

343 2004 536 2044 meam
559 1993 616 2043 et
643 2004 905 2043 meorum
930 1990 1187 2060 potentia
1208 1990 1531 2045 divinitatis
1553 1995 1664 2045 tuae
1683 1990 1988 2046 sustineat:

343 2103 470 2159 quae
501 2085 708 2140 animae
739 2091 878 2141 sunt
897 2103 1080 2152 arma,
1106 2087 1244 2158 quia
1266 2104 1369 2158 per
1399 2087 1532 2143 illas
1559 2087 1778 2144 militas
1798 2093 1854 2143 et
1873 2087 1993 2142 vul-

344 2190 516 2230 neras
549 2175 838 2246 inimicos,
863 2175 1000 2246 quia
1030 2180 1264 2231 scutum
1287 2180 1446 2242 sunt,
1471 2176 1610 2248 quia
1637 2180 1692 2232 et
1713 2193 1776 2232 se
1801 2181 1992 2248 prote-

341 2267 488 2337 gunt
516 2267 569 2319 et
589 2263 734 2320 alios
763 2280 775 2318 :
801 2269 857 2319 et
881 2264 1001 2320 haec
1023 2269 1218 2320 tamen
1239 2283 1403 2321 arma
1433 2266 1564 2322 aliis
1587 2265 1764 2321 armis
1788 2283 1991 2321 nume-

343 2357 564 2420 rantur,
589 2354 761 2424 juxta
793 2353 936 2410 illud
995 2355 1244 2426 Apostoli
1284 2373 1295 2410 :
1332 2357 1391 2410 In
1423 2357 1673 2412 omnibus
1719 2360 1992 2411 sumentes

340 2447 556 2496 scutum
577 2442 707 2510 ﬁdei
724 2445 773 2497 el
795 2444 1020 2514 galeam
1038 2446 1244 2500 salutis
1265 2451 1318 2500 et
1327 2445 1575 2516 gladium
1598 2443 1995 2515 spiritus,quod

343 2534 423 2584 est
455 2531 679 2584 verbum
704 2532 806 2585 Dei
830 2532 986 2603 (Eph.
1019 2534 1117 2602 vx).
1150 2534 1320 2587 Aliud
1344 2533 1520 2588 est'in
1544 2534 1758 2588 divinis
1789 2534 1992 2596 armis,

345 2617 503 2672 aliud
534 2616 590 2670 in
611 2617 990 2673 humanis.ln
1014 2620 1242 2686 divinis,
1267 2638 1450 2676 unum
1485 2621 1543 2674 in
1576 2622 1822 2677 diversis
1843 2621 1995 2676 acci-

345 2703 520 2777 pitur,
548 2708 613 2760 ut
643 2705 787 2759 fides
815 2721 914 2774 pro
946 2710 1110 2762 scuto
1133 2713 1190 2762 et
1210 2707 1394 2778 galea.
1413 2709 1476 2762 In
1508 2707 1803 2775 humanis,
1821 2708 1997 2763 mini-

345 2809 458 2850 me.
489 2793 575 2847 Tu
622 2794 984 2865 apprehende,
1017 2795 1155 2866 quia
1182 2812 1347 2850 arma
1377 2795 1832 2867 quamtumlibet
1857 2802 1997 2852 sunt

343 2885 480 2955 apta
530 2882 602 2937 ad
652 2898 932 2954 pugnam,
966 2899 1068 2954 per
1113 2899 1174 2939 se
1226 2883 1368 2938 nihil
1404 2885 1644 2951 faciunt,
1697 2885 1811 2940 nisi
1863 2886 1993 2941 forti

344 2988 522 3028 manu
536 2973 1138 3045 gestentur.Magnum
1163 2973 1338 3028 etiam
1354 2973 1627 3030 fidelibus
1639 2976 1993 3047 prabetpro.

344 3061 520 3134 pheta
542 3059 1104 3132 spectaculum,cum
1127 3061 1354 3117 inducit
1372 3063 1556 3118 Deum
1577 3066 1866 3118 armatum
1891 3079 1994 3135 pro

346 3147 473 3205 suis
504 3153 676 3204 stare.
711 3151 780 3204 Et
828 3149 913 3204 sic
961 3155 1248 3216 armatus,
1280 3169 1516 3221 exsurge
1549 3155 1610 3207 in
1658 3153 1993 3224 adjutorium

345 3237 612 3306 mihi,me
635 3237 1398 3306 sublimando,adversarios
1423 3241 1821 3313 deprimendo.
1845 3246 1994 3296 Deus

347 3325 736 3382 immutabilis
767 3331 856 3382 est
889 3344 900 3381 :
937 3328 1036 3383 sed
1070 3333 1210 3384 tunc
1241 3328 1456 3384 dicitur
1477 3330 1692 3401 jacere,
1719 3346 1852 3386 cum
1886 3347 1994 3385 nos

347 3414 632 3488 permittit
661 3415 925 3472 deﬁcere.
947 3417 1113 3472 Tunc
1144 3433 1274 3472 vero
1297 3417 1508 3473 dicitur
1528 3435 1838 3491 exsurgere
1859 3435 1993 3474 cum

352 3521 457 3560 nos
487 3504 667 3560 armis
696 3503 977 3560 virtutum
1013 3506 1083 3560 ad
1116 3523 1377 3578 pugnam
1410 3513 1598 3579 parat,
1631 3512 1687 3564 et
1715 3508 1894 3564 fortes
1921 3507 1994 3562 ad

348 3591 744 3648 resistendum
768 3593 921 3649 facit.
945 3598 1065 3649 Hoc
1092 3595 1262 3650 modo
1285 3611 1528 3668 exsurge
1549 3595 1606 3650 in
1637 3595 1996 3666 adjutorium

350 3680 515 3737 mihi.
545 3681 777 3754 Effunde
809 3685 1100 3755 frameam,
1135 3683 1193 3738 id
1240 3691 1347 3751 est,
1381 3683 1706 3756 multiplica
1733 3683 1995 3755 gladium

348 3775 539 3838 tuum,
574 3771 777 3828 ﬁdeles
798 3776 954 3840 tuos,
980 3789 1083 3845 per
1113 3789 1260 3844 quos
1291 3771 1496 3843 vigiles
1527 3771 1796 3827 inimicos
1814 3787 1995 3826 meos.

349 3868 745 3939 Velframeam
757 3871 1006 3938 tuam,id
1025 3875 1113 3926 est
1136 3870 1535 3926 meChristum
1557 3869 1849 3941 tuum,qui
1865 3885 1998 3924 sum

351 3958 595 4024 framea,
631 3959 687 4013 id
719 3962 826 4024 est,
864 3958 1094 4029 gladius
1125 3962 1286 4014 tuus.
1309 3959 1425 4013 Non
1454 3960 1603 4014 enim
1633 3959 1759 4013 veni
1786 3959 2002 4013 mittere

349 4047 613 4116 pacemin
630 4054 854 4111 terram,
871 4047 1447 4119 sedgladium(Matth.
1472 4047 1782 4117 x:Luc.x1).
1814 4048 2000 4119 Effun-

354 4134 441 4203 de,
466 4132 524 4187 id
546 4137 653 4203 est,
677 4133 735 4188 in
759 4135 1022 4206 gentium
1048 4137 1314 4191 notitiam
1339 4137 1503 4202 educ,
1530 4140 1593 4191 ut
1623 4137 1694 4191 ad
1727 4136 2000 4191 imitatio-

357 4236 493 4276 nem
534 4237 695 4292 meae,
731 4221 927 4277 multae
959 4223 1189 4278 frameae
1220 4225 1378 4280 ﬁant.
1426 4227 1488 4280 Et
1516 4225 1624 4280 hoc
1655 4227 1825 4281 modo
1877 4241 2006 4281 con-

355 4310 530 4379 ctude,
563 4310 621 4366 id
655 4315 762 4382 est,
797 4313 958 4368 muni
991 4328 1084 4369 me
1115 4317 1172 4368 et
1212 4329 1410 4380 meos;
1445 4319 1664 4385 quanto
1702 4315 1857 4370 enim
1892 4314 2005 4370 mei

356 4401 625 4456 frameati
649 4400 846 4473 plures
866 4406 1224 4470 erunt,tanto
1248 4403 1437 4473 magis
1463 4404 1728 4460 munitus
1748 4403 2002 4470 ero.Vel,

356 4490 634 4557 conclude,
668 4489 890 4547 scilicet
909 4508 1011 4547 ora
1041 4490 1414 4547 inimicorum
1440 4509 1452 4548 :
1477 4496 1536 4547 et
1567 4493 1656 4548 fac
1679 4492 1879 4548 ﬁdeles
1906 4509 2008 4564 per

2180 551 2249 605 Et
2277 551 2462 606 effusa
2493 551 2731 620 framea,
2766 551 2822 606 id
2855 555 2964 616 est,
2988 550 3307 607 clariﬁcata
3336 550 3769 607 resurrectione

2108 645 2165 695 et
2195 639 2539 696 ascensione
2557 656 2705 706 mea,
2727 640 2990 712 mihique
3011 640 3767 714 divulgata,confundantur

2107 737 2157 784 et
2187 733 2540 784 revereantur
2570 727 2672 794 illi,
2702 727 2801 799 qui
2822 728 2986 798 prius
3017 728 3356 799 quarebant
3377 729 3617 799 perdere
3638 728 3763 782 ani-

2110 834 2275 883 mam,
2293 818 2349 871 id
2381 822 2489 883 est,
2508 815 2684 872 vitam
2710 832 2885 871 meam
2916 820 2972 870 et
2996 832 3260 870 meorum
3287 833 3299 871 :
3325 815 3761 888 confundantur,

2106 908 2468 962 attendentes
2504 911 2738 978 peccata
2759 923 2868 960 sua
2895 923 2907 960 :
2930 905 3279 960 erubescant
3301 914 3352 961 et
3373 915 3759 971 revereantur,

2103 995 2637 1065 scilicetjudicium
2673 1011 2868 1049 meum
2903 1011 3004 1066 pro
3035 994 3152 1049 illis
3183 995 3456 1067 peccatis.
3495 997 3562 1050 Et
3599 1012 3762 1051 reve-

2104 1085 2283 1140 rendo
2307 1084 2599 1155 judicium
2625 1101 2842 1149 meum,
2859 1087 3184 1138 avertantur
3199 1087 3523 1154 retrorsum,
3549 1089 3615 1139 ut
3636 1085 3762 1140 imi-

2101 1178 2317 1228 tatores
2342 1175 2504 1239 fiant,
2530 1173 2628 1244 qui
2663 1172 2824 1244 prius
2859 1173 3177 1242 praecedere
3200 1173 3488 1240 volebant,
3507 1177 3562 1227 et
3589 1190 3758 1229 suum

2101 1279 2354 1318 errorem
2392 1262 2802 1318 defendebant.
2836 1263 2899 1316 Et
2933 1262 3015 1316 sic
3053 1263 3508 1334 confundantur;
3539 1262 3760 1319 scilicet

2102 1353 2255 1408 bona
2285 1352 2648 1418 confusione,
2683 1354 2982 1421 cogitantes
3022 1353 3165 1406 mihi
3191 1353 3360 1418 mala,
3397 1369 3513 1407 non
3568 1351 3756 1407 solum

2103 1442 2380 1496 facientes
2402 1440 2544 1495 mihi
2568 1445 2624 1494 et
2642 1439 2808 1494 meis.
2839 1440 2895 1494 Si
2928 1444 3125 1495 autem
3157 1444 3480 1496 retrorsum
3503 1440 3756 1496 converti

2101 1529 2414 1596 noluerint,
2421 1528 2839 1600 ﬁanttanquam
2849 1529 3172 1600 pulvisante
3181 1529 3389 1603 [aciem
3401 1533 3554 1586 venti
3559 1530 3634 1594 ,id
3651 1535 3754 1597 est,

2102 1623 2341 1690 pereant
2355 1635 2458 1674 con
2470 1618 2696 1673 fusione
2711 1618 3062 1673 aeterna.Hic
3077 1619 3192 1675 duo
3205 1635 3419 1692 genera
3431 1619 3754 1675 carnalium

2101 1713 2540 1780 persecutorum
2557 1711 2736 1762 notat.
2761 1706 3186 1775 Unum,eorum
3201 1709 3299 1779 qui
3316 1708 3400 1764 sic
3420 1724 3759 1781 expugnan-

2101 1802 2217 1864 tur,
2253 1803 2318 1852 ut
2361 1799 2433 1852 de
2476 1813 2720 1851 numero
2771 1796 3247 1868 persequentium
3296 1798 3503 1854 devota
3549 1799 3759 1871 pietate

2102 1891 2399 1942 transeant
2431 1885 2488 1939 in
2523 1900 2767 1939 numero
2801 1883 3082 1939 fidelium.
3115 1885 3397 1957 Alterum,
3428 1903 3633 1942 eorum
3657 1887 3755 1959 qui

2102 1975 2185 2031 sic
2213 1977 2642 2046 expugnantur,
2682 1989 2796 2027 non
2846 1977 2911 2028 ut
2957 1973 3188 2030 Christo
3236 1982 3754 2047 concorporentur,

2103 2065 2201 2120 sed
2227 2069 2290 2118 ut
2311 2064 2532 2118 scilicet
2551 2062 2624 2117 ab
2647 2077 2713 2116 eo
2728 2062 3144 2133 separati,cum
3164 2063 3363 2136 impiis
3383 2065 3750 2119 damnentur.

2104 2160 2203 2216 Vel
2237 2161 2344 2215 hoc
2377 2159 2548 2214 modo
2571 2159 2627 2213 in
2662 2158 2906 2213 malum.
2935 2159 3086 2214 Dixit
3106 2161 3381 2232 superius
3405 2179 3417 2229 ;
3439 2161 3757 2220 Dicanimée

2102 2266 2235 2306 mea:
2263 2267 2282 2304 :
2316 2249 2475 2304 Salus
2504 2257 2602 2304 tua
2632 2265 2730 2319 ego
2762 2263 2888 2303 sum
2915 2266 2934 2301 :
2966 2253 3024 2304 et
3050 2249 3202 2304 dicta
3233 2249 3333 2306 illa
3364 2249 3551 2306 salute
3584 2253 3754 2319 meis,

2102 2337 2532 2411 confundantur,
2565 2337 2622 2391 id
2673 2341 2762 2392 est
2791 2343 3150 2393 excaacentur
3201 2338 3448 2395 interius
3483 2357 3496 2396 :
3528 2345 3580 2396 et
3612 2357 3757 2396 reve-

2104 2438 2354 2497 reantur,
2389 2427 2445 2481 id
2497 2429 2607 2495 est,
2641 2425 2888 2481 timeant
2938 2426 3445 2483 resurrectionem.
3481 2431 3758 2496 Qazrentes

2104 2520 2357 2574 animam
2391 2532 2571 2571 meam
2596 2515 2666 2570 ad
2702 2515 3164 2582 damnationem,
3191 2521 3523 2574 avertantur
3551 2530 3758 2574 retror-

2102 2624 2241 2674 sum,
2267 2606 2324 2660 id
2348 2609 2456 2674 est,
2481 2605 2694 2660 cadant
2711 2608 2883 2670 retro,
2911 2605 3050 2676 quia
3069 2603 3166 2661 ille
3197 2623 3370 2662 casus
3391 2612 3480 2663 est
3508 2610 3757 2681 gravior.

2107 2703 2207 2759 Ille
2238 2701 2393 2758 cadit
2410 2706 2582 2767 retro,
2606 2701 2703 2774 qui
2735 2705 2955 2774 peccat,
2979 2706 3036 2758 et
3058 2719 3167 2758 sua
3196 2709 3436 2776 peccata
3467 2723 3584 2762 non
3619 2723 3760 2762 con-

2106 2792 2325 2848 siderat
2359 2808 2372 2845 :
2407 2790 2504 2846 ille
2551 2791 2610 2845 in
2655 2791 2888 2858 faciem,
2920 2790 3020 2862 qui
3071 2809 3179 2847 sua
3208 2799 3444 2864 peccata
3491 2795 3763 2868 proponit

2105 2886 2239 2936 ante
2270 2895 2352 2934 se.
2377 2879 2556 2946 Quasi
2580 2880 2737 2935 dicat
2769 2898 2780 2935 :
2818 2881 2880 2935 In
2915 2897 3044 2936 mea
3069 2881 3485 2939 clariﬁcatione
3508 2885 3656 2941 meis
3678 2885 3762 2941 sic

2105 2969 2405 3041 contingat
2439 2984 2451 3022 :
2477 2971 2666 3040 justus
2681 2970 3027 3039 justiﬁcetur
3045 2971 3223 3026 adhuc
3250 2989 3270 3026 :
3301 2971 3549 3040 alienus,
3575 2977 3676 3045 qui
3704 2975 3763 3029 in

2102 3059 2352 3114 sordibus
2371 3062 2468 3124 est,
2496 3057 2768 3114 sordescat
2797 3059 2986 3114 adhuc
3023 3060 3203 3131 (Apoc.
3229 3063 3386 3127 xxn).
3412 3060 3519 3125 Qui
3545 3062 3764 3119 nolunt

2106 3148 2306 3215 averti,
2331 3149 2469 3218 ﬁant
2497 3152 2766 3218 tanquam
2793 3148 2980 3219 pulvis
3012 3153 3140 3205 ante
3163 3150 3358 3220 faciem
3387 3150 3553 3204 venti.
3586 3150 3760 3206 Sicut

2108 3235 2298 3310 pulvis
2331 3253 2445 3291 non
2475 3240 2666 3306 potest
2698 3241 2852 3292 stare
2875 3241 3076 3293 contra
3103 3243 3369 3303 ventum;
3403 3235 3482 3292 ita
3503 3237 3600 3292 isti
3621 3238 3754 3300 sine

2106 3325 2400 3382 soliditate
2443 3325 2576 3380 ﬁdei
2611 3342 2726 3380 non
2775 3325 3006 3381 valeant
3049 3327 3317 3383 resistere
3358 3331 3523 3382 vento
3571 3330 3759 3382 tenta-

2106 3414 2372 3486 tionis,et
2401 3413 2632 3485 angelus
2662 3415 2902 3483 Domini,
2924 3414 3218 3487 malignus
3250 3414 3761 3488 spiritus,Domini

2109 3521 2211 3576 per
2239 3508 2532 3570 naturam,
2555 3502 2643 3558 vel
2677 3503 2817 3574 quia
2833 3502 2977 3558 nihil
3010 3509 3200 3576 potest
3230 3505 3343 3561 nisi
3377 3505 3705 3577 permissus
3731 3522 3765 3560 a

2109 3593 2382 3659 Domino;
2407 3592 2483 3646 sit
2501 3601 2788 3646 coarctans
2812 3608 2921 3660 eos,
2947 3592 3006 3648 id
3030 3597 3138 3664 est,
3166 3593 3432 3666 undique
3449 3611 3552 3666 per
3571 3595 3762 3650 varias

2107 3681 2459 3737 tentationes
2489 3697 2588 3736 eos
2609 3681 2680 3735 ad
2709 3681 3097 3753 praecipitium
3121 3682 3456 3754 impellens.
3479 3684 3640 3738 Fiant
3661 3684 3762 3738 vias

2108 3772 2334 3826 illorum
2365 3769 2604 3826 tenebrae
2618 3775 2670 3825 et
2703 3771 2999 3841 lubricum,
3014 3779 3065 3827 et
3081 3773 3321 3845 angelus
3341 3773 3571 3829 Domini
3580 3788 3762 3844 perse-

2109 3875 2277 3931 quens
2295 3875 2382 3914 eos
2402 3875 2421 3919 ;
2438 3858 2492 3912 id
2516 3863 2624 3927 est,
2645 3859 2704 3912 in
2730 3859 2838 3914 hac
2859 3860 2950 3914 via
2969 3859 3192 3916 similes
3224 3860 3345 3916 sint
3388 3861 3503 3917 iter
3528 3861 3762 3917 facienti

2111 3966 2212 4021 per
2231 3949 2502 4002 tenebras
2529 3952 2584 4003 et
2606 3947 2919 4018 lubricum,
2936 3949 3030 4004 cui
3051 3950 3122 4004 ad
3145 3949 3378 4023 lapsum
3396 3955 3453 4006 et
3471 3951 3765 4024 impulsor

2112 4037 2367 4094 accedit:
2396 4038 2514 4092 sint
2544 4037 2602 4091 in
2653 4037 2910 4092 tenebris
2953 4038 3151 4110 positi,
3186 4039 3243 4093 id
3295 4043 3386 4094 est
3430 4039 3762 4112 ignorantia

2111 4131 2168 4182 et
2197 4125 2450 4181 caecitate
2480 4125 2716 4192 mentis,
2748 4130 2804 4180 et
2853 4126 2910 4180 in
2966 4126 3211 4195 lubrico,
3243 4127 3302 4183 id
3353 4131 3462 4196 est,
3511 4127 3764 4184 luxuria.

2114 4224 2496 4280 Luxuriosam
2513 4224 2690 4278 vitam
2714 4223 3091 4296 ducant,quae
3109 4229 3198 4280 est
3209 4225 3280 4280 ad
3298 4241 3544 4282 causam
3561 4242 3767 4297 prona;

2113 4318 2171 4369 et
2198 4319 2394 4368 tamen
2427 4330 2541 4368 non
2583 4312 2734 4368 desit
2764 4311 2880 4368 illis
2932 4318 3271 4385 persecutor
3312 4313 3606 4370 diabolus.
3640 4319 3771 4371 Hzec

2116 4419 2231 4456 non
2263 4400 2517 4472 optando
2548 4399 2708 4466 dicit,
2741 4399 2844 4454 sed
2877 4400 3303 4472 prophetando.
3338 4399 3730 4474 Hieronymus
3757 4419 3770 4456 :

2115 4490 2240 4546 Non
2275 4494 2628 4561 cognoscant
2649 4488 2850 4544 lumen
2882 4489 3169 4558 veritatis,
3190 4505 3296 4546 nec
3317 4489 3492 4544 ﬁrma
3520 4490 3776 4545 statione

357 4579 867 4635 confirmationem
899 4580 1012 4636 mei
1047 4579 1128 4635 ita
1159 4581 1638 4652 circumspectos,
1673 4586 1737 4636 ut
1766 4599 1880 4637 non
1904 4581 2007 4639 ha-
2039 4572 2086 4638 D
2117 4577 2461 4644 consistant,
2492 4577 2591 4633 sed
2624 4594 2865 4650 gressus
2895 4594 3098 4634 eorum
3130 4580 3231 4651 qui
3281 4578 3342 4634 in
3368 4578 3477 4634 hac
3503 4579 3778 4652 passione

360 4668 536 4722 beant
556 4669 867 4724 adversarii
889 4670 1027 4741 quid
1053 4669 1480 4726 contradicere:
1503 4670 1623 4726 imo
1645 4670 2013 4744 habeantper

362 4755 759 4811 innocentiam
778 4763 836 4814 et
856 4759 1040 4814 bonos
1058 4775 1250 4814 mores
1272 4759 1803 4830 revereri,adversus
1815 4776 1901 4816 eos
1916 4763 2014 4831 qui

361 4861 448 4900 me
472 4849 898 4916 persequuntur.
915 4848 1010 4901 Dic
1034 4849 1239 4905 animae
1267 4863 1424 4918 meae,
1458 4847 1514 4902 id
1548 4852 1656 4913 est,
1685 4849 1773 4904 fac
1795 4849 2011 4905 intelli-

361 4951 498 5009 gere
518 4934 783 4991 animam
807 4950 995 4990 meam
1020 4939 1074 4990 et
1099 4952 1383 4998 meorum.
1408 4953 1441 4991 a
1471 4940 1527 4992 te
1557 4936 1681 4993 solo
1706 4953 1833 4994 esse
1854 4938 2011 4994 salu-

360 5030 502 5081 tem.
528 5023 618 5080 Illi
641 5024 846 5080 dicunt
867 5023 1126 5079 humano
1157 5024 1313 5080 cordi
1339 5025 1522 5080 Deum
1541 5043 1654 5081 non
1687 5044 1815 5084 esse
1845 5029 2012 5099 adju-

362 5120 570 5185 torem,
594 5119 660 5169 ut
684 5114 875 5170 aliena
890 5113 1107 5168 auxilia
1128 5117 1329 5186 petens
1354 5115 1426 5169 ab
1451 5115 1535 5170 eis
1560 5117 1890 5188 opprimar;
1911 5120 2011 5174 sed

362 5208 424 5258 tu
458 5201 552 5257 dic
584 5201 793 5256 animas
825 5218 964 5257 mea:
1001 5218 1012 5256 :
1049 5200 1213 5256 Salus
1242 5205 1337 5255 tua
1365 5217 1465 5268 ego
1493 5215 1636 5256 sum.
1671 5203 1766 5258 Dic
1810 5206 2016 5263 animi?

363 5307 518 5357 mea,
553 5290 610 5345 id
645 5295 754 5356 est,
781 5290 971 5347 dicere
1004 5307 1312 5363 nunquam
1343 5289 1561 5345 desiste
1595 5307 1608 5345 :
1641 5295 1698 5346 et
1725 5292 1806 5347 ita
1837 5293 1928 5349 dic
1954 5298 2017 5350 ut

364 5380 649 5436 audiam:
696 5397 812 5436 non
861 5385 950 5436 est
993 5381 1107 5437 dici
1154 5380 1267 5436 nisi
1313 5379 1596 5447 audienti,
1642 5385 1784 5437 tunc
1835 5382 2014 5452 dices,

367 5479 412 5535 si
445 5479 705 5535 audiam.
739 5479 873 5533 Adae
926 5477 1069 5533 illud
1117 5478 1310 5534 dicere
1357 5494 1469 5533 non
1519 5477 1751 5548 dedisti,
1784 5482 2017 5550 quando

360 5565 571 5624 illicito
631 5569 974 5637 delectatus,
1019 5583 1325 5623 assensum
1376 5567 1621 5638 praebuit
1667 5568 1819 5639 (Gen.
1873 5573 1956 5641 ιιι)
2002 5586 2016 5628 :

370 5653 538 5710 Salus
564 5659 665 5711 tua
711 5671 808 5724 ego
839 5672 985 5724 sum,
1017 5660 1075 5712 et
1124 5654 1254 5712 ideo
1304 5654 1532 5711 nullum
1573 5657 1858 5715 damnum
1908 5659 2020 5717 sibi

2117 4670 2480 4742 grassantur,
2514 4665 2720 4722 lubrici
2754 4667 2917 4734 fiant,
2941 4671 3000 4723 et
3028 4667 3236 4740 angelo
3266 4667 3552 4724 claritatis
3582 4667 3778 4724 Domi-

2119 4757 2262 4814 nica:
2293 4755 2651 4827 afﬂigantur.
2697 4756 2874 4819 Quasi
2919 4757 3114 4814 dicat:
3153 4759 3222 4812 Et
3254 4757 3360 4814 hoc
3390 4757 3510 4813 illis
3551 4757 3777 4812 eveniat

2121 4865 2236 4903 non
2259 4861 2328 4902 ex
2349 4843 2546 4900 divina
2567 4845 2874 4916 injuslitia,
2896 4847 2998 4902 sed
3019 4863 3222 4902 eorum
3245 4846 3481 4915 merito;
3514 4849 3777 4919 quoniam

2119 4938 2296 5009 gratis
2325 4933 2726 4991 absconderant
2768 4936 2918 4991 mihi
2944 4936 3236 4992 interitum
3269 4937 3457 5008 laquei
3503 4938 3596 4992 sui
3624 4953 3644 4990 :
3675 4933 3777 5008 qui

2123 5043 2291 5083 meus
2321 5023 2593 5080 interitus
2618 5023 2782 5092 foris,
2812 5024 2972 5081 intus
3004 5025 3118 5082 fuit
3145 5025 3230 5082 eis
3260 5025 3539 5098 laqueus;
3575 5025 3637 5080 in
3667 5025 3775 5082 hoc

2123 5115 2279 5172 enim
2317 5112 2572 5186 laqueati
2621 5117 2780 5180 sunt,
2813 5131 2928 5186 quo
2975 5130 3067 5171 me
3114 5114 3352 5187 laquere
3399 5117 3769 5186 putaverunt.

2126 5214 2396 5284 Laqueus
2422 5227 2624 5267 eorum
2656 5211 2942 5269 contritus
2969 5215 3078 5282 est,
3111 5213 3169 5268 id
3201 5217 3307 5282 est,
3322 5212 3665 5285 temporalis
3694 5211 3781 5267 in-

2125 5303 2359 5366 teritus,
2387 5301 2524 5373 quia
2559 5317 2666 5374 ego
2688 5301 2976 5358 resurrexi
2999 5320 3011 5371 ;
3038 5303 3140 5359 sed
3161 5301 3245 5358 illi
3267 5302 3327 5358 in
3350 5305 3598 5358 mortem
3623 5304 3782 5358 cter-

2127 5409 2262 5448 nam
2293 5390 2650 5456 ceciderunt,
2682 5391 2756 5446 de
2785 5408 2900 5463 qua
2930 5409 3048 5450 non
3070 5395 3380 5464 resurgant
3411 5408 3425 5446 :
3457 5391 3655 5464 laquei
3687 5391 3779 5448 sui

2127 5481 2265 5553 quia
2293 5497 2407 5536 non
2453 5496 2565 5550 me,
2601 5480 2702 5536 sed
2754 5481 2981 5552 seipsos
3011 5481 3476 5554 illaqueaverunt
3506 5481 3565 5536 in
3596 5481 3783 5537 vindi-

2127 5574 2283 5626 ctam
2316 5585 2330 5624 :
2363 5583 2698 5640 supervacue
2716 5570 3188 5642 exprobrauerunt
3215 5572 3467 5626 animam
3494 5585 3699 5638 meam,
3722 5569 3782 5625 id

2131 5661 2243 5730 est,
2275 5656 2464 5714 multa
2483 5658 2699 5730 probra
2723 5659 2858 5718 vita
2882 5659 3476 5733 meeimpoe-uerunt.
3514 5659 3627 5717 Vah
3648 5661 3787 5734 Ιᾳαί

3747 5945 3778 5964 κ
