  <div class='ocr_page' id='page_1' title='image "/cluster/home/n/w/nwhite01/storage/ocr_20150623/131/hvd.32044054759923/168.png"; bbox 0 0 4016 6192; ppageno 0'>
   <div class='ocr_carea' id='block_1_1' title="bbox 259 343 373 406">
    <p class='ocr_par' dir='ltr' id='par_1_1' title="bbox 259 343 373 406">
     <span class='ocr_line' id='line_1_1' title="bbox 259 343 373 406; baseline -0.009 -1"><span class='ocrx_word' id='word_1_1' title='bbox 259 343 373 406; x_wconf 72' lang='grc'>321</span> 
     </span>
    </p>
   </div>
   <div class='ocr_carea' id='block_1_2' title="bbox 1386 340 2549 407">
    <p class='ocr_par' dir='ltr' id='par_1_2' title="bbox 1386 340 2549 407">
     <span class='ocr_line' id='line_1_2' title="bbox 1386 340 2549 407; baseline 0.001 -4"><span class='ocrx_word' id='word_1_2' title='bbox 1386 340 1994 405; x_wconf 78' lang='lat' dir='ltr'>ENARRATIONES</span> <span class='ocrx_word' id='word_1_3' title='bbox 2040 341 2116 405; x_wconf 85' lang='grc' dir='ltr'>ΙΝ</span> <span class='ocrx_word' id='word_1_4' title='bbox 2164 342 2549 407; x_wconf 83' lang='lat' dir='ltr'>PSALMOS.</span> 
     </span>
    </p>
   </div>
   <div class='ocr_carea' id='block_1_3' title="bbox 3553 346 3670 408">
    <p class='ocr_par' dir='ltr' id='par_1_3' title="bbox 3553 346 3670 408">
     <span class='ocr_line' id='line_1_3' title="bbox 3553 346 3670 408; baseline 0.026 -3"><span class='ocrx_word' id='word_1_5' title='bbox 3553 346 3670 408; x_wconf 65' lang='lat'>33!</span> 
     </span>
    </p>
   </div>
   <div class='ocr_carea' id='block_1_4' title="bbox 260 471 3668 548">
    <p class='ocr_par' dir='ltr' id='par_1_4' title="bbox 260 471 3668 548">
     <span class='ocr_line' id='line_1_4' title="bbox 260 471 3668 548; baseline -0.001 -17"><span class='ocrx_word' id='word_1_6' title='bbox 260 476 504 533; x_wconf 88' lang='lat' dir='ltr'>destruis</span> <span class='ocrx_word' id='word_1_7' title='bbox 525 480 787 548; x_wconf 79' lang='lat' dir='ltr'><strong><em>templum</em></strong></span> <span class='ocrx_word' id='word_1_8' title='bbox 802 477 905 535; x_wconf 89' lang='lat' dir='ltr'>Dei</span> <span class='ocrx_word' id='word_1_9' title='bbox 917 476 1323 548; x_wconf 84' lang='lat' dir='ltr'>(Matth.xxv11)</span> <span class='ocrx_word' id='word_1_10' title='bbox 1342 494 1354 545; x_wconf 90' lang='lat'><strong>;</strong></span> <span class='ocrx_word' id='word_1_11' title='bbox 1375 478 1490 532; x_wconf 85' lang='lat' dir='ltr'>Non</span> <span class='ocrx_word' id='word_1_12' title='bbox 1506 478 1579 531; x_wconf 87' lang='lat' dir='ltr'>est</span> <span class='ocrx_word' id='word_1_13' title='bbox 1599 475 1687 531; x_wconf 88' lang='lat' dir='ltr'>hic</span> <span class='ocrx_word' id='word_1_14' title='bbox 1704 475 1911 530; x_wconf 92' lang='lat' dir='ltr'>homoa</span> <span class='ocrx_word' id='word_1_15' title='bbox 1943 478 1993 541; x_wconf 83' lang='grc' dir='ltr'><strong>Α</strong></span> <span class='ocrx_word' id='word_1_16' title='bbox 2023 473 2213 528; x_wconf 82' lang='lat' dir='ltr'>verbis</span> <span class='ocrx_word' id='word_1_17' title='bbox 2236 477 2741 547; x_wconf 81' lang='lat' dir='ltr'>numerositatem,</span> <span class='ocrx_word' id='word_1_18' title='bbox 2766 475 2823 530; x_wconf 93' lang='lat' dir='ltr'>in</span> <span class='ocrx_word' id='word_1_19' title='bbox 2852 474 3018 531; x_wconf 87' lang='lat' dir='ltr'>factis</span> <span class='ocrx_word' id='word_1_20' title='bbox 3042 471 3428 530; x_wconf 78' lang='lat' dir='ltr'>sterilitatem.</span> <span class='ocrx_word' id='word_1_21' title='bbox 3454 474 3668 533; x_wconf 89' lang='lat' dir='ltr'>Aliter:</span> 
     </span>
    </p>
   </div>
   <div class='ocr_carea' id='block_1_5' title="bbox 260 564 1911 637">
    <p class='ocr_par' dir='ltr' id='par_1_5' title="bbox 260 564 1911 637">
     <span class='ocr_line' id='line_1_5' title="bbox 260 564 1911 637; baseline -0.002 -16"><span class='ocrx_word' id='word_1_22' title='bbox 260 570 377 621; x_wconf 90' lang='lat' dir='ltr'>Deo</span> <span class='ocrx_word' id='word_1_23' title='bbox 400 566 583 634; x_wconf 82' lang='lat' dir='ltr'>(Joan.</span> <span class='ocrx_word' id='word_1_24' title='bbox 612 570 687 637; x_wconf 82' lang='lat' dir='ltr'>ix)</span> <span class='ocrx_word' id='word_1_25' title='bbox 710 584 723 633; x_wconf 89' lang='lat'><strong>;</strong></span> <span class='ocrx_word' id='word_1_26' title='bbox 748 567 845 623; x_wconf 90' lang='lat' dir='ltr'>sed</span> <span class='ocrx_word' id='word_1_27' title='bbox 869 582 1218 637; x_wconf 82' lang='lat' dir='ltr'>supervacue,</span> <span class='ocrx_word' id='word_1_28' title='bbox 1254 565 1311 620; x_wconf 91' lang='lat' dir='ltr'>id</span> <span class='ocrx_word' id='word_1_29' title='bbox 1343 569 1450 632; x_wconf 90' lang='lat' dir='ltr'>est,</span> <span class='ocrx_word' id='word_1_30' title='bbox 1477 564 1835 619; x_wconf 80' lang='lat' dir='ltr'>mendaciter</span> <span class='ocrx_word' id='word_1_31' title='bbox 1854 568 1911 618; x_wconf 90' lang='lat' dir='ltr'>et</span> 
     </span>
    </p>
   </div>
   <div class='ocr_carea' id='block_1_6' title="bbox 257 653 1909 727">
    <p class='ocr_par' dir='ltr' id='par_1_6' title="bbox 257 653 1909 727">
     <span class='ocr_line' id='line_1_6' title="bbox 257 653 1909 727; baseline -0.001 -18"><span class='ocrx_word' id='word_1_32' title='bbox 257 655 387 710; x_wconf 89' lang='lat' dir='ltr'>sine</span> <span class='ocrx_word' id='word_1_33' title='bbox 408 656 669 723; x_wconf 80' lang='lat' dir='ltr'>veritate,</span> <span class='ocrx_word' id='word_1_34' title='bbox 692 655 840 711; x_wconf 88' lang='lat' dir='ltr'>nihil</span> <span class='ocrx_word' id='word_1_35' title='bbox 868 658 1024 711; x_wconf 90' lang='lat' dir='ltr'>enim</span> <span class='ocrx_word' id='word_1_36' title='bbox 1055 658 1371 727; x_wconf 91' lang='lat' dir='ltr'>potuerunt</span> <span class='ocrx_word' id='word_1_37' title='bbox 1401 656 1665 726; x_wconf 89' lang='lat' dir='ltr'>probare.</span> <span class='ocrx_word' id='word_1_38' title='bbox 1697 653 1800 707; x_wconf 81' lang='lat' dir='ltr'>Vel</span> <span class='ocrx_word' id='word_1_39' title='bbox 1823 655 1909 708; x_wconf 89' lang='lat' dir='ltr'>in-</span> 
     </span>
    </p>
   </div>
   <div class='ocr_carea' id='block_1_7' title="bbox 255 741 1911 814">
    <p class='ocr_par' dir='ltr' id='par_1_7' title="bbox 255 741 1911 814">
     <span class='ocr_line' id='line_1_7' title="bbox 255 741 1911 814; baseline -0.002 -15"><span class='ocrx_word' id='word_1_40' title='bbox 255 743 482 799; x_wconf 83' lang='lat' dir='ltr'>teritum</span> <span class='ocrx_word' id='word_1_41' title='bbox 508 744 702 814; x_wconf 77' lang='lat' dir='ltr'>laquei</span> <span class='ocrx_word' id='word_1_42' title='bbox 717 746 808 799; x_wconf 88' lang='lat' dir='ltr'>sui</span> <span class='ocrx_word' id='word_1_43' title='bbox 829 744 1249 812; x_wconf 73' lang='lat' dir='ltr'>absconderant,</span> <span class='ocrx_word' id='word_1_44' title='bbox 1284 760 1492 811; x_wconf 88' lang='lat' dir='ltr'>causas</span> <span class='ocrx_word' id='word_1_45' title='bbox 1523 742 1716 798; x_wconf 84' lang='lat' dir='ltr'>causis</span> <span class='ocrx_word' id='word_1_46' title='bbox 1747 741 1911 796; x_wconf 87' lang='lat' dir='ltr'>inne-</span> 
     </span>
    </p>
   </div>
   <div class='ocr_carea' id='block_1_8' title="bbox 255 832 1910 900">
    <p class='ocr_par' dir='ltr' id='par_1_8' title="bbox 255 832 1910 900">
     <span class='ocr_line' id='line_1_8' title="bbox 255 832 1910 900; baseline -0.002 -12"><span class='ocrx_word' id='word_1_47' title='bbox 255 836 483 888; x_wconf 85' lang='lat' dir='ltr'>ctentes</span> <span class='ocrx_word' id='word_1_48' title='bbox 510 850 522 887; x_wconf 90' lang='lat'>:</span> <span class='ocrx_word' id='word_1_49' title='bbox 555 835 662 900; x_wconf 88' lang='lat' dir='ltr'>sui,</span> <span class='ocrx_word' id='word_1_50' title='bbox 697 833 918 890; x_wconf 85' lang='lat' dir='ltr'>scilicet</span> <span class='ocrx_word' id='word_1_51' title='bbox 949 851 1063 889; x_wconf 91' lang='lat' dir='ltr'>non</span> <span class='ocrx_word' id='word_1_52' title='bbox 1090 851 1159 889; x_wconf 84' lang='lat' dir='ltr'>ex</span> <span class='ocrx_word' id='word_1_53' title='bbox 1185 849 1341 900; x_wconf 90' lang='lat' dir='ltr'>vero,</span> <span class='ocrx_word' id='word_1_54' title='bbox 1366 833 1466 888; x_wconf 86' lang='lat' dir='ltr'>sed</span> <span class='ocrx_word' id='word_1_55' title='bbox 1490 849 1559 888; x_wconf 84' lang='lat' dir='ltr'>ex</span> <span class='ocrx_word' id='word_1_56' title='bbox 1585 832 1910 896; x_wconf 89' lang='lat' dir='ltr'>mendacio,</span> 
     </span>
    </p>
   </div>
   <div class='ocr_carea' id='block_1_9' title="bbox 258 920 1910 994">
    <p class='ocr_par' dir='ltr' id='par_1_9' title="bbox 258 920 1910 994">
     <span class='ocr_line' id='line_1_9' title="bbox 258 920 1910 994; baseline 0 -21"><span class='ocrx_word' id='word_1_57' title='bbox 258 920 408 976; x_wconf 85' lang='lat' dir='ltr'>Vere</span> <span class='ocrx_word' id='word_1_58' title='bbox 440 920 530 975; x_wconf 90' lang='lat' dir='ltr'>sui</span> <span class='ocrx_word' id='word_1_59' title='bbox 562 920 760 993; x_wconf 85' lang='lat' dir='ltr'>laquei</span> <span class='ocrx_word' id='word_1_60' title='bbox 790 922 1092 977; x_wconf 86' lang='lat' dir='ltr'>interitum</span> <span class='ocrx_word' id='word_1_61' title='bbox 1134 926 1506 994; x_wconf 87' lang='lat' dir='ltr'>paraverunt,</span> <span class='ocrx_word' id='word_1_62' title='bbox 1542 926 1598 975; x_wconf 90' lang='lat' dir='ltr'>et</span> <span class='ocrx_word' id='word_1_63' title='bbox 1630 937 1743 974; x_wconf 92' lang='lat' dir='ltr'>non</span> <span class='ocrx_word' id='word_1_64' title='bbox 1776 920 1910 986; x_wconf 92' lang='lat' dir='ltr'>mei,</span> 
     </span>
    </p>
   </div>
   <div class='ocr_carea' id='block_1_10' title="bbox 261 1016 1915 1091">
    <p class='ocr_par' dir='ltr' id='par_1_10' title="bbox 261 1016 1915 1091">
     <span class='ocr_line' id='line_1_10' title="bbox 261 1016 1915 1091; baseline -0.001 -18"><span class='ocrx_word' id='word_1_65' title='bbox 261 1017 403 1090; x_wconf 90' lang='lat' dir='ltr'>quia</span> <span class='ocrx_word' id='word_1_66' title='bbox 431 1018 623 1074; x_wconf 86' lang='lat' dir='ltr'>veniet</span> <span class='ocrx_word' id='word_1_67' title='bbox 652 1018 760 1087; x_wconf 87' lang='lat' dir='ltr'>illi,</span> <span class='ocrx_word' id='word_1_68' title='bbox 795 1019 1017 1075; x_wconf 84' lang='lat' dir='ltr'>scilicet</span> <span class='ocrx_word' id='word_1_69' title='bbox 1046 1020 1261 1091; x_wconf 92' lang='lat' dir='ltr'>populo</span> <span class='ocrx_word' id='word_1_70' title='bbox 1286 1020 1647 1087; x_wconf 84' lang='lat' dir='ltr'>Judaeorum,</span> <span class='ocrx_word' id='word_1_71' title='bbox 1685 1016 1915 1088; x_wconf 79' lang='lat' dir='ltr'>laqueus</span> 
     </span>
    </p>
   </div>
   <div class='ocr_carea' id='block_1_11' title="bbox 260 1106 1913 1181">
    <p class='ocr_par' dir='ltr' id='par_1_11' title="bbox 260 1106 1913 1181">
     <span class='ocr_line' id='line_1_11' title="bbox 260 1106 1913 1181; baseline -0.001 -18"><span class='ocrx_word' id='word_1_72' title='bbox 260 1122 423 1178; x_wconf 83' lang='lat' dir='ltr'>quem</span> <span class='ocrx_word' id='word_1_73' title='bbox 453 1108 690 1179; x_wconf 85' lang='lat' dir='ltr'>ignorat,</span> <span class='ocrx_word' id='word_1_74' title='bbox 725 1108 947 1164; x_wconf 83' lang='lat' dir='ltr'>scilicet</span> <span class='ocrx_word' id='word_1_75' title='bbox 975 1108 1165 1181; x_wconf 85' lang='lat' dir='ltr'>captio</span> <span class='ocrx_word' id='word_1_76' title='bbox 1197 1108 1312 1163; x_wconf 90' lang='lat' dir='ltr'>Titi</span> <span class='ocrx_word' id='word_1_77' title='bbox 1336 1112 1392 1163; x_wconf 89' lang='lat' dir='ltr'>et</span> <span class='ocrx_word' id='word_1_78' title='bbox 1411 1106 1755 1179; x_wconf 85' lang='lat' dir='ltr'>Vespasiani</span> <span class='ocrx_word' id='word_1_79' title='bbox 1781 1127 1793 1156; x_wconf 90' lang='lat'>:</span> <span class='ocrx_word' id='word_1_80' title='bbox 1824 1106 1913 1161; x_wconf 85' lang='lat' dir='ltr'>vel</span> 
     </span>
    </p>
   </div>
   <div class='ocr_carea' id='block_1_12' title="bbox 262 1196 1912 1268">
    <p class='ocr_par' dir='ltr' id='par_1_12' title="bbox 262 1196 1912 1268">
     <span class='ocr_line' id='line_1_12' title="bbox 262 1196 1912 1268; baseline -0.001 -17"><span class='ocrx_word' id='word_1_81' title='bbox 262 1196 737 1267; x_wconf 86' lang='lat' dir='ltr'>persecutoribus</span> <span class='ocrx_word' id='word_1_82' title='bbox 771 1197 1034 1253; x_wconf 70' lang='lat' dir='ltr'>Ecclesia:</span> <span class='ocrx_word' id='word_1_83' title='bbox 1064 1198 1257 1254; x_wconf 89' lang='lat' dir='ltr'>veniet</span> <span class='ocrx_word' id='word_1_84' title='bbox 1282 1197 1528 1268; x_wconf 88' lang='lat' dir='ltr'>laqueus</span> <span class='ocrx_word' id='word_1_85' title='bbox 1549 1212 1724 1267; x_wconf 89' lang='lat' dir='ltr'>quem</span> <span class='ocrx_word' id='word_1_86' title='bbox 1748 1196 1912 1267; x_wconf 89' lang='lat' dir='ltr'>igno-</span> 
     </span>
    </p>
   </div>
   <div class='ocr_carea' id='block_1_13' title="bbox 261 1284 1917 1358">
    <p class='ocr_par' dir='ltr' id='par_1_13' title="bbox 261 1284 1917 1358">
     <span class='ocr_line' id='line_1_13' title="bbox 261 1284 1917 1358; baseline -0.001 -19"><span class='ocrx_word' id='word_1_87' title='bbox 261 1288 417 1350; x_wconf 89' lang='lat' dir='ltr'>rant,</span> <span class='ocrx_word' id='word_1_88' title='bbox 471 1284 529 1339; x_wconf 92' lang='lat' dir='ltr'>in</span> <span class='ocrx_word' id='word_1_89' title='bbox 563 1300 628 1340; x_wconf 90' lang='lat' dir='ltr'>eo</span> <span class='ocrx_word' id='word_1_90' title='bbox 658 1286 813 1357; x_wconf 90' lang='lat' dir='ltr'>quod</span> <span class='ocrx_word' id='word_1_91' title='bbox 847 1303 974 1342; x_wconf 88' lang='lat' dir='ltr'>eam</span> <span class='ocrx_word' id='word_1_92' title='bbox 1014 1286 1231 1357; x_wconf 87' lang='lat' dir='ltr'>injuste</span> <span class='ocrx_word' id='word_1_93' title='bbox 1280 1288 1741 1358; x_wconf 88' lang='lat' dir='ltr'>persequuntur;</span> <span class='ocrx_word' id='word_1_94' title='bbox 1776 1284 1917 1356; x_wconf 84' lang='lat' dir='ltr'>quia</span> 
     </span>
    </p>
   </div>
   <div class='ocr_carea' id='block_1_14' title="bbox 260 1372 1914 1446">
    <p class='ocr_par' dir='ltr' id='par_1_14' title="bbox 260 1372 1914 1446">
     <span class='ocr_line' id='line_1_14' title="bbox 260 1372 1914 1446; baseline 0.001 -19"><span class='ocrx_word' id='word_1_95' title='bbox 260 1372 545 1429; x_wconf 86' lang='lat' dir='ltr'>funiculis</span> <span class='ocrx_word' id='word_1_96' title='bbox 564 1379 933 1445; x_wconf 86' lang='lat' dir='ltr'>peccatorum</span> <span class='ocrx_word' id='word_1_97' title='bbox 949 1392 1188 1430; x_wconf 92' lang='lat' dir='ltr'>suorum</span> <span class='ocrx_word' id='word_1_98' title='bbox 1210 1376 1369 1429; x_wconf 88' lang='lat' dir='ltr'>intus</span> <span class='ocrx_word' id='word_1_99' title='bbox 1387 1374 1829 1446; x_wconf 88' lang='lat' dir='ltr'>ligantur,unde</span> <span class='ocrx_word' id='word_1_100' title='bbox 1842 1374 1914 1428; x_wconf 90' lang='lat' dir='ltr'>ad</span> 
     </span>
    </p>
   </div>
   <div class='ocr_carea' id='block_1_15' title="bbox 258 1462 1913 1536">
    <p class='ocr_par' dir='ltr' id='par_1_15' title="bbox 258 1462 1913 1536">
     <span class='ocr_line' id='line_1_15' title="bbox 258 1462 1913 1536; baseline 0.001 -19"><span class='ocrx_word' id='word_1_101' title='bbox 258 1462 701 1518; x_wconf 88' lang='lat' dir='ltr'>damnationem</span> <span class='ocrx_word' id='word_1_102' title='bbox 756 1464 1099 1519; x_wconf 85' lang='lat' dir='ltr'>trahantur:</span> <span class='ocrx_word' id='word_1_103' title='bbox 1138 1469 1191 1519; x_wconf 91' lang='lat' dir='ltr'>et</span> <span class='ocrx_word' id='word_1_104' title='bbox 1218 1466 1393 1535; x_wconf 82' lang='lat' dir='ltr'>captio</span> <span class='ocrx_word' id='word_1_105' title='bbox 1424 1481 1588 1536; x_wconf 86' lang='lat' dir='ltr'>quam</span> <span class='ocrx_word' id='word_1_106' title='bbox 1616 1463 1913 1530; x_wconf 73' lang='lat' dir='ltr'>abscondit,</span> 
     </span>
    </p>
   </div>
   <div class='ocr_carea' id='block_1_16' title="bbox 259 1550 1919 1624">
    <p class='ocr_par' dir='ltr' id='par_1_16' title="bbox 259 1550 1919 1624">
     <span class='ocr_line' id='line_1_16' title="bbox 259 1550 1919 1624; baseline -0.001 -18"><span class='ocrx_word' id='word_1_107' title='bbox 259 1550 512 1623; x_wconf 90' lang='lat' dir='ltr'>populus</span> <span class='ocrx_word' id='word_1_108' title='bbox 535 1553 837 1616; x_wconf 88' lang='lat' dir='ltr'>Judaicus,</span> <span class='ocrx_word' id='word_1_109' title='bbox 857 1553 913 1607; x_wconf 92' lang='lat' dir='ltr'>id</span> <span class='ocrx_word' id='word_1_110' title='bbox 938 1558 1047 1620; x_wconf 92' lang='lat' dir='ltr'>est,</span> <span class='ocrx_word' id='word_1_111' title='bbox 1067 1557 1311 1608; x_wconf 90' lang='lat' dir='ltr'>mortem</span> <span class='ocrx_word' id='word_1_112' title='bbox 1334 1570 1512 1623; x_wconf 89' lang='lat' dir='ltr'>quam</span> <span class='ocrx_word' id='word_1_113' title='bbox 1533 1552 1675 1607; x_wconf 88' lang='lat' dir='ltr'>mihi</span> <span class='ocrx_word' id='word_1_114' title='bbox 1696 1551 1919 1624; x_wconf 88' lang='lat' dir='ltr'>paravit</span> 
     </span>
    </p>
   </div>
   <div class='ocr_carea' id='block_1_17' title="bbox 259 1641 1917 1713">
    <p class='ocr_par' dir='ltr' id='par_1_17' title="bbox 259 1641 1917 1713">
     <span class='ocr_line' id='line_1_17' title="bbox 259 1641 1917 1713; baseline -0.001 -17"><span class='ocrx_word' id='word_1_115' title='bbox 259 1641 542 1697; x_wconf 89' lang='lat' dir='ltr'>absconse</span> <span class='ocrx_word' id='word_1_116' title='bbox 557 1642 628 1697; x_wconf 90' lang='lat' dir='ltr'>ad</span> <span class='ocrx_word' id='word_1_117' title='bbox 649 1641 1123 1713; x_wconf 83' lang='lat' dir='ltr'>illaqueationem</span> <span class='ocrx_word' id='word_1_118' title='bbox 1146 1646 1203 1697; x_wconf 90' lang='lat' dir='ltr'>et</span> <span class='ocrx_word' id='word_1_119' title='bbox 1224 1641 1528 1697; x_wconf 91' lang='lat' dir='ltr'>interitum</span> <span class='ocrx_word' id='word_1_120' title='bbox 1547 1641 1726 1696; x_wconf 83' lang='lat' dir='ltr'>totius</span> <span class='ocrx_word' id='word_1_121' title='bbox 1745 1658 1917 1696; x_wconf 90' lang='lat' dir='ltr'>mun—</span> 
     </span>
    </p>
   </div>
   <div class='ocr_carea' id='block_1_18' title="bbox 260 1729 1916 1803">
    <p class='ocr_par' dir='ltr' id='par_1_18' title="bbox 260 1729 1916 1803">
     <span class='ocr_line' id='line_1_18' title="bbox 260 1729 1916 1803; baseline 0 -18"><span class='ocrx_word' id='word_1_122' title='bbox 260 1730 343 1795; x_wconf 89' lang='lat' dir='ltr'>di,</span> <span class='ocrx_word' id='word_1_123' title='bbox 374 1729 745 1801; x_wconf 82' lang='lat' dir='ltr'>apprehendat</span> <span class='ocrx_word' id='word_1_124' title='bbox 775 1748 925 1795; x_wconf 86' lang='lat' dir='ltr'>eum,</span> <span class='ocrx_word' id='word_1_125' title='bbox 956 1731 1039 1786; x_wconf 90' lang='lat' dir='ltr'>vel</span> <span class='ocrx_word' id='word_1_126' title='bbox 1074 1736 1460 1803; x_wconf 76' lang='lat' dir='ltr'>peccatorum.</span> <span class='ocrx_word' id='word_1_127' title='bbox 1487 1730 1661 1787; x_wconf 77' lang='lat' dir='ltr'>Cedat</span> <span class='ocrx_word' id='word_1_128' title='bbox 1683 1730 1739 1785; x_wconf 89' lang='lat' dir='ltr'>in</span> <span class='ocrx_word' id='word_1_129' title='bbox 1768 1730 1916 1801; x_wconf 91' lang='lat' dir='ltr'>ipso,</span> 
     </span>
    </p>
   </div>
   <div class='ocr_carea' id='block_1_19' title="bbox 2022 562 3670 635">
    <p class='ocr_par' dir='ltr' id='par_1_19' title="bbox 2022 562 3670 635">
     <span class='ocr_line' id='line_1_19' title="bbox 2022 562 3670 635; baseline 0 -18"><span class='ocrx_word' id='word_1_130' title='bbox 2022 564 2376 617; x_wconf 79' lang='lat' dir='ltr'>Sterilitalem</span> <span class='ocrx_word' id='word_1_131' title='bbox 2407 568 2610 620; x_wconf 70' lang='lat' dir='ltr'>animae</span> <span class='ocrx_word' id='word_1_132' title='bbox 2638 581 2790 619; x_wconf 74' lang='lat' dir='ltr'>meaz.</span> <span class='ocrx_word' id='word_1_133' title='bbox 2821 565 2960 619; x_wconf 91' lang='lat' dir='ltr'>dum</span> <span class='ocrx_word' id='word_1_134' title='bbox 2994 562 3222 635; x_wconf 89' lang='lat' dir='ltr'>regnari</span> <span class='ocrx_word' id='word_1_135' title='bbox 3251 578 3312 617; x_wconf 90' lang='lat' dir='ltr'>se</span> <span class='ocrx_word' id='word_1_136' title='bbox 3345 578 3457 616; x_wconf 91' lang='lat' dir='ltr'>non</span> <span class='ocrx_word' id='word_1_137' title='bbox 3492 562 3670 632; x_wconf 83' lang='lat' dir='ltr'>patie-</span> 
     </span>
    </p>
   </div>
   <div class='ocr_carea' id='block_1_20' title="bbox 2020 652 3668 719">
    <p class='ocr_par' dir='ltr' id='par_1_20' title="bbox 2020 652 3668 719">
     <span class='ocr_line' id='line_1_20' title="bbox 2020 652 3668 719; baseline 0 -12"><span class='ocrx_word' id='word_1_138' title='bbox 2020 654 2233 707; x_wconf 86' lang='lat' dir='ltr'>bantur</span> <span class='ocrx_word' id='word_1_139' title='bbox 2253 652 2323 707; x_wconf 89' lang='lat' dir='ltr'>ad</span> <span class='ocrx_word' id='word_1_140' title='bbox 2350 653 2919 719; x_wconf 84' lang='lat' dir='ltr'>vitam,sterilitatem</span> <span class='ocrx_word' id='word_1_141' title='bbox 2943 652 3481 707; x_wconf 65' lang='lat' dir='ltr'>reddebantanimw</span> <span class='ocrx_word' id='word_1_142' title='bbox 3506 666 3668 717; x_wconf 71' lang='lat' dir='ltr'>mea},</span> 
     </span>
    </p>
   </div>
   <div class='ocr_carea' id='block_1_21' title="bbox 2022 747 3673 823">
    <p class='ocr_par' dir='ltr' id='par_1_21' title="bbox 2022 747 3673 823">
     <span class='ocr_line' id='line_1_21' title="bbox 2022 747 3673 823; baseline -0.001 -20"><span class='ocrx_word' id='word_1_143' title='bbox 2022 749 2079 805; x_wconf 92' lang='lat' dir='ltr'>id</span> <span class='ocrx_word' id='word_1_144' title='bbox 2102 757 2210 814; x_wconf 84' lang='lat' dir='ltr'>est,</span> <span class='ocrx_word' id='word_1_145' title='bbox 2234 749 2523 805; x_wconf 81' lang='lat' dir='ltr'>desiderio</span> <span class='ocrx_word' id='word_1_146' title='bbox 2550 767 2700 807; x_wconf 90' lang='lat' dir='ltr'>meo.</span> <span class='ocrx_word' id='word_1_147' title='bbox 2733 754 2842 820; x_wconf 82' lang='lat' dir='ltr'>Ego</span> <span class='ocrx_word' id='word_1_148' title='bbox 2864 758 3050 807; x_wconf 78' lang='lat' dir='ltr'>autem</span> <span class='ocrx_word' id='word_1_149' title='bbox 3082 750 3250 823; x_wconf 88' lang='lat' dir='ltr'>quasi</span> <span class='ocrx_word' id='word_1_150' title='bbox 3284 750 3388 805; x_wconf 82' lang='lat' dir='ltr'>feci</span> <span class='ocrx_word' id='word_1_151' title='bbox 3414 749 3569 805; x_wconf 90' lang='lat' dir='ltr'>unde</span> <span class='ocrx_word' id='word_1_152' title='bbox 3590 747 3673 802; x_wconf 90' lang='lat' dir='ltr'>illi</span> 
     </span>
    </p>
   </div>
   <div class='ocr_carea' id='block_1_22' title="bbox 2022 839 3670 911">
    <p class='ocr_par' dir='ltr' id='par_1_22' title="bbox 2022 839 3670 911">
     <span class='ocr_line' id='line_1_22' title="bbox 2022 839 3670 911; baseline -0.001 -17"><span class='ocrx_word' id='word_1_153' title='bbox 2022 840 2353 908; x_wconf 90' lang='lat' dir='ltr'>deﬁcerent,</span> <span class='ocrx_word' id='word_1_154' title='bbox 2379 844 2435 894; x_wconf 87' lang='lat' dir='ltr'>et</span> <span class='ocrx_word' id='word_1_155' title='bbox 2460 839 2572 893; x_wconf 85' lang='lat' dir='ltr'>mei</span> <span class='ocrx_word' id='word_1_156' title='bbox 2600 840 2978 910; x_wconf 87' lang='lat' dir='ltr'>proﬁcerent:</span> <span class='ocrx_word' id='word_1_157' title='bbox 3014 842 3153 911; x_wconf 88' lang='lat' dir='ltr'>quia</span> <span class='ocrx_word' id='word_1_158' title='bbox 3175 839 3449 895; x_wconf 86' lang='lat' dir='ltr'>delictum</span> <span class='ocrx_word' id='word_1_159' title='bbox 3470 854 3670 893; x_wconf 90' lang='lat' dir='ltr'>eorum</span> 
     </span>
    </p>
   </div>
   <div class='ocr_carea' id='block_1_23' title="bbox 2024 927 3673 999">
    <p class='ocr_par' dir='ltr' id='par_1_23' title="bbox 2024 927 3673 999">
     <span class='ocr_line' id='line_1_23' title="bbox 2024 927 3673 999; baseline 0 -17"><span class='ocrx_word' id='word_1_160' title='bbox 2024 927 2182 983; x_wconf 88' lang='lat' dir='ltr'>salus</span> <span class='ocrx_word' id='word_1_161' title='bbox 2215 928 2490 999; x_wconf 79' lang='lat' dir='ltr'>gentibus</span> <span class='ocrx_word' id='word_1_162' title='bbox 2522 927 2767 992; x_wconf 82' lang='lat' dir='ltr'>scilicet,</span> <span class='ocrx_word' id='word_1_163' title='bbox 2799 946 2923 983; x_wconf 90' lang='lat' dir='ltr'>cum</span> <span class='ocrx_word' id='word_1_164' title='bbox 2966 931 3108 983; x_wconf 89' lang='lat' dir='ltr'>mihi</span> <span class='ocrx_word' id='word_1_165' title='bbox 3136 930 3349 983; x_wconf 79' lang='lat' dir='ltr'>molesti</span> <span class='ocrx_word' id='word_1_166' title='bbox 3387 931 3577 994; x_wconf 85' lang='lat' dir='ltr'>essent,</span> <span class='ocrx_word' id='word_1_167' title='bbox 3614 927 3673 982; x_wconf 90' lang='lat' dir='ltr'>id</span> 
     </span>
    </p>
   </div>
   <div class='ocr_carea' id='block_1_24' title="bbox 2022 1016 3665 1088">
    <p class='ocr_par' dir='ltr' id='par_1_24' title="bbox 2022 1016 3665 1088">
     <span class='ocr_line' id='line_1_24' title="bbox 2022 1016 3665 1088; baseline -0.001 -15"><span class='ocrx_word' id='word_1_168' title='bbox 2022 1022 2128 1083; x_wconf 86' lang='lat' dir='ltr'>est,</span> <span class='ocrx_word' id='word_1_169' title='bbox 2163 1034 2296 1071; x_wconf 87' lang='lat' dir='ltr'>cum</span> <span class='ocrx_word' id='word_1_170' title='bbox 2330 1033 2421 1071; x_wconf 90' lang='lat' dir='ltr'>me</span> <span class='ocrx_word' id='word_1_171' title='bbox 2452 1021 2686 1088; x_wconf 88' lang='lat' dir='ltr'>propter</span> <span class='ocrx_word' id='word_1_172' title='bbox 2716 1016 2980 1072; x_wconf 87' lang='lat' dir='ltr'>habitum</span> <span class='ocrx_word' id='word_1_173' title='bbox 3016 1018 3214 1073; x_wconf 87' lang='lat' dir='ltr'>miseri</span> <span class='ocrx_word' id='word_1_174' title='bbox 3265 1016 3665 1087; x_wconf 86' lang='lat' dir='ltr'>molestarent,</span> 
     </span>
    </p>
   </div>
   <div class='ocr_carea' id='block_1_25' title="bbox 2023 1105 3670 1173">
    <p class='ocr_par' dir='ltr' id='par_1_25' title="bbox 2023 1105 3670 1173">
     <span class='ocr_line' id='line_1_25' title="bbox 2023 1105 3670 1173; baseline 0 -12"><span class='ocrx_word' id='word_1_175' title='bbox 2023 1106 2289 1161; x_wconf 87' lang='lat' dir='ltr'>induebar</span> <span class='ocrx_word' id='word_1_176' title='bbox 2315 1105 2524 1172; x_wconf 81' lang='lat' dir='ltr'>cilicio,</span> <span class='ocrx_word' id='word_1_177' title='bbox 2560 1106 2615 1159; x_wconf 92' lang='lat' dir='ltr'>id</span> <span class='ocrx_word' id='word_1_178' title='bbox 2649 1111 2759 1173; x_wconf 91' lang='lat' dir='ltr'>est,</span> <span class='ocrx_word' id='word_1_179' title='bbox 2794 1105 2935 1160; x_wconf 88' lang='lat' dir='ltr'>latui</span> <span class='ocrx_word' id='word_1_180' title='bbox 2969 1106 3122 1161; x_wconf 86' lang='lat' dir='ltr'>infra</span> <span class='ocrx_word' id='word_1_181' title='bbox 3167 1112 3353 1161; x_wconf 86' lang='lat' dir='ltr'>metas</span> <span class='ocrx_word' id='word_1_182' title='bbox 3398 1106 3670 1161; x_wconf 87' lang='lat' dir='ltr'>humani-</span> 
     </span>
    </p>
   </div>
   <div class='ocr_carea' id='block_1_26' title="bbox 2022 1194 3672 1267">
    <p class='ocr_par' dir='ltr' id='par_1_26' title="bbox 2022 1194 3672 1267">
     <span class='ocr_line' id='line_1_26' title="bbox 2022 1194 3672 1267; baseline 0.001 -17"><span class='ocrx_word' id='word_1_183' title='bbox 2022 1196 2181 1256; x_wconf 85' lang='lat' dir='ltr'>tatis,</span> <span class='ocrx_word' id='word_1_184' title='bbox 2208 1212 2318 1250; x_wconf 91' lang='lat' dir='ltr'>non</span> <span class='ocrx_word' id='word_1_185' title='bbox 2340 1195 2656 1250; x_wconf 90' lang='lat' dir='ltr'>ostendens</span> <span class='ocrx_word' id='word_1_186' title='bbox 2681 1194 2796 1249; x_wconf 91' lang='lat' dir='ltr'>illis</span> <span class='ocrx_word' id='word_1_187' title='bbox 2817 1195 3182 1249; x_wconf 84' lang='lat' dir='ltr'>divinitatem</span> <span class='ocrx_word' id='word_1_188' title='bbox 3210 1212 3397 1250; x_wconf 88' lang='lat' dir='ltr'>meam</span> <span class='ocrx_word' id='word_1_189' title='bbox 3432 1212 3534 1267; x_wconf 89' lang='lat' dir='ltr'>per</span> <span class='ocrx_word' id='word_1_190' title='bbox 3562 1197 3672 1252; x_wconf 89' lang='lat' dir='ltr'>mi-</span> 
     </span>
    </p>
   </div>
   <div class='ocr_carea' id='block_1_27' title="bbox 2024 1284 3678 1355">
    <p class='ocr_par' dir='ltr' id='par_1_27' title="bbox 2024 1284 3678 1355">
     <span class='ocr_line' id='line_1_27' title="bbox 2024 1284 3678 1355; baseline 0.001 -16"><span class='ocrx_word' id='word_1_191' title='bbox 2024 1284 2257 1340; x_wconf 88' lang='lat' dir='ltr'>racula:</span> <span class='ocrx_word' id='word_1_192' title='bbox 2294 1285 2352 1339; x_wconf 91' lang='lat' dir='ltr'>in</span> <span class='ocrx_word' id='word_1_193' title='bbox 2386 1284 2545 1339; x_wconf 90' lang='lat' dir='ltr'>nullo</span> <span class='ocrx_word' id='word_1_194' title='bbox 2578 1284 2731 1338; x_wconf 89' lang='lat' dir='ltr'>enim</span> <span class='ocrx_word' id='word_1_195' title='bbox 2767 1285 2823 1338; x_wconf 93' lang='lat' dir='ltr'>in</span> <span class='ocrx_word' id='word_1_196' title='bbox 2858 1285 3128 1355; x_wconf 87' lang='lat' dir='ltr'>passione</span> <span class='ocrx_word' id='word_1_197' title='bbox 3161 1286 3465 1339; x_wconf 88' lang='lat' dir='ltr'>ostendere</span> <span class='ocrx_word' id='word_1_198' title='bbox 3489 1286 3678 1341; x_wconf 88' lang='lat' dir='ltr'>noluit</span> 
     </span>
    </p>
   </div>
   <div class='ocr_carea' id='block_1_28' title="bbox 2025 1372 3675 1445">
    <p class='ocr_par' dir='ltr' id='par_1_28' title="bbox 2025 1372 3675 1445">
     <span class='ocr_line' id='line_1_28' title="bbox 2025 1372 3675 1445; baseline 0.001 -17"><span class='ocrx_word' id='word_1_199' title='bbox 2025 1374 2345 1445; x_wconf 89' lang='lat' dir='ltr'>potentiam</span> <span class='ocrx_word' id='word_1_200' title='bbox 2400 1390 2569 1428; x_wconf 80' lang='lat' dir='ltr'>suam</span> <span class='ocrx_word' id='word_1_201' title='bbox 2607 1391 2618 1427; x_wconf 90' lang='lat'>:</span> <span class='ocrx_word' id='word_1_202' title='bbox 2671 1372 2729 1427; x_wconf 89' lang='lat' dir='ltr'>Si</span> <span class='ocrx_word' id='word_1_203' title='bbox 2758 1375 2909 1427; x_wconf 86' lang='lat' dir='ltr'>enim</span> <span class='ocrx_word' id='word_1_204' title='bbox 2940 1374 3329 1443; x_wconf 78' lang='lat' dir='ltr'>cognovissent,</span> <span class='ocrx_word' id='word_1_205' title='bbox 3382 1389 3494 1428; x_wconf 86' lang='lat' dir='ltr'>non</span> <span class='ocrx_word' id='word_1_206' title='bbox 3541 1391 3675 1430; x_wconf 89' lang='lat' dir='ltr'>eum</span> 
     </span>
    </p>
   </div>
   <div class='ocr_carea' id='block_1_29' title="bbox 2024 1462 3677 1533">
    <p class='ocr_par' dir='ltr' id='par_1_29' title="bbox 2024 1462 3677 1533">
     <span class='ocr_line' id='line_1_29' title="bbox 2024 1462 3677 1533; baseline 0.001 -16"><span class='ocrx_word' id='word_1_207' title='bbox 2024 1463 2425 1531; x_wconf 63' lang='lat' dir='ltr'>cruci/icissent</span> <span class='ocrx_word' id='word_1_208' title='bbox 2468 1464 2511 1530; x_wconf 91' lang='grc' dir='ltr'>(Ι</span> <span class='ocrx_word' id='word_1_209' title='bbox 2543 1462 2662 1516; x_wconf 88' lang='lat' dir='ltr'>Cor.</span> <span class='ocrx_word' id='word_1_210' title='bbox 2697 1464 2781 1532; x_wconf 70' lang='grc' dir='ltr'>ιι),</span> <span class='ocrx_word' id='word_1_211' title='bbox 2827 1466 2882 1517; x_wconf 91' lang='lat' dir='ltr'>et</span> <span class='ocrx_word' id='word_1_212' title='bbox 2914 1462 2969 1516; x_wconf 92' lang='lat' dir='ltr'>in</span> <span class='ocrx_word' id='word_1_213' title='bbox 3004 1462 3109 1516; x_wconf 86' lang='lat' dir='ltr'>hoc</span> <span class='ocrx_word' id='word_1_214' title='bbox 3142 1462 3311 1516; x_wconf 88' lang='lat' dir='ltr'>nobis</span> <span class='ocrx_word' id='word_1_215' title='bbox 3342 1462 3677 1533; x_wconf 80' lang='lat' dir='ltr'>exemplum</span> 
     </span>
    </p>
   </div>
   <div class='ocr_carea' id='block_1_30' title="bbox 2028 1550 3677 1623">
    <p class='ocr_par' dir='ltr' id='par_1_30' title="bbox 2028 1550 3677 1623">
     <span class='ocr_line' id='line_1_30' title="bbox 2028 1550 3677 1623; baseline 0.001 -17"><span class='ocrx_word' id='word_1_216' title='bbox 2028 1550 2411 1607; x_wconf 87' lang='lat' dir='ltr'>humanitatis</span> <span class='ocrx_word' id='word_1_217' title='bbox 2441 1556 2497 1605; x_wconf 89' lang='lat' dir='ltr'>et</span> <span class='ocrx_word' id='word_1_218' title='bbox 2526 1552 2816 1622; x_wconf 70' lang='lat' dir='ltr'>patientiae</span> <span class='ocrx_word' id='word_1_219' title='bbox 2851 1552 3115 1623; x_wconf 62' lang='lat' dir='ltr'>praebuit.</span> <span class='ocrx_word' id='word_1_220' title='bbox 3163 1550 3435 1605; x_wconf 87' lang='lat' dir='ltr'>Induebar</span> <span class='ocrx_word' id='word_1_221' title='bbox 3474 1552 3677 1616; x_wconf 86' lang='lat' dir='ltr'>cilicio,</span> 
     </span>
    </p>
   </div>
   <div class='ocr_carea' id='block_1_31' title="bbox 2028 1638 3681 1711">
    <p class='ocr_par' dir='ltr' id='par_1_31' title="bbox 2028 1638 3681 1711">
     <span class='ocr_line' id='line_1_31' title="bbox 2028 1638 3681 1711; baseline 0.001 -18"><span class='ocrx_word' id='word_1_222' title='bbox 2028 1640 2081 1695; x_wconf 91' lang='lat' dir='ltr'>id</span> <span class='ocrx_word' id='word_1_223' title='bbox 2116 1645 2223 1710; x_wconf 87' lang='lat' dir='ltr'>est,</span> <span class='ocrx_word' id='word_1_224' title='bbox 2258 1640 2510 1695; x_wconf 87' lang='lat' dir='ltr'>latebam</span> <span class='ocrx_word' id='word_1_225' title='bbox 2544 1641 2598 1694; x_wconf 90' lang='lat' dir='ltr'>in</span> <span class='ocrx_word' id='word_1_226' title='bbox 2644 1639 3031 1695; x_wconf 88' lang='lat' dir='ltr'>similitudine</span> <span class='ocrx_word' id='word_1_227' title='bbox 3077 1638 3269 1694; x_wconf 87' lang='lat' dir='ltr'>carnis</span> <span class='ocrx_word' id='word_1_228' title='bbox 3319 1640 3559 1711; x_wconf 90' lang='lat' dir='ltr'>peccati.</span> <span class='ocrx_word' id='word_1_229' title='bbox 3612 1640 3681 1695; x_wconf 85' lang='lat' dir='ltr'>Et</span> 
     </span>
    </p>
   </div>
   <div class='ocr_carea' id='block_1_32' title="bbox 2028 1729 3681 1801">
    <p class='ocr_par' dir='ltr' id='par_1_32' title="bbox 2028 1729 3681 1801">
     <span class='ocr_line' id='line_1_32' title="bbox 2028 1729 3681 1801; baseline 0.001 -17"><span class='ocrx_word' id='word_1_230' title='bbox 2028 1735 2222 1784; x_wconf 89' lang='lat' dir='ltr'>tamen</span> <span class='ocrx_word' id='word_1_231' title='bbox 2255 1746 2593 1801; x_wconf 87' lang='lat' dir='ltr'>quanquam</span> <span class='ocrx_word' id='word_1_232' title='bbox 2626 1729 2762 1784; x_wconf 90' lang='lat' dir='ltr'>mihi</span> <span class='ocrx_word' id='word_1_233' title='bbox 2789 1729 3158 1784; x_wconf 85' lang='lat' dir='ltr'>sterilitatem</span> <span class='ocrx_word' id='word_1_234' title='bbox 3183 1730 3473 1798; x_wconf 85' lang='lat' dir='ltr'>atferrent,</span> <span class='ocrx_word' id='word_1_235' title='bbox 3499 1746 3681 1800; x_wconf 89' lang='lat' dir='ltr'>quan-</span> 
     </span>
    </p>
   </div>
   <div class='ocr_carea' id='block_1_33' title="bbox 263 1816 3679 1915">
    <p class='ocr_par' dir='ltr' id='par_1_33' title="bbox 263 1816 3679 1915">
     <span class='ocr_line' id='line_1_33' title="bbox 263 1816 3679 1915; baseline -0 -40"><span class='ocrx_word' id='word_1_236' title='bbox 263 1818 714 1891; x_wconf 86' lang='lat' dir='ltr'>scilicetlaqueo</span> <span class='ocrx_word' id='word_1_237' title='bbox 742 1821 979 1876; x_wconf 88' lang='lat' dir='ltr'>mortis:</span> <span class='ocrx_word' id='word_1_238' title='bbox 1007 1837 1182 1891; x_wconf 92' lang='lat' dir='ltr'>quem</span> <span class='ocrx_word' id='word_1_239' title='bbox 1210 1819 1350 1875; x_wconf 89' lang='lat' dir='ltr'>mihi</span> <span class='ocrx_word' id='word_1_240' title='bbox 1379 1823 1728 1891; x_wconf 88' lang='lat' dir='ltr'>paraverunt</span> <span class='ocrx_word' id='word_1_241' title='bbox 1749 1819 1833 1875; x_wconf 91' lang='lat' dir='ltr'>vel</span> <span class='ocrx_word' id='word_1_242' title='bbox 1860 1820 1918 1874; x_wconf 87' lang='lat' dir='ltr'>in</span> <span class='ocrx_word' id='word_1_243' title='bbox 1950 1851 1994 1915; x_wconf 84' lang='lat' dir='ltr'><strong>B</strong></span> <span class='ocrx_word' id='word_1_244' title='bbox 2028 1835 2207 1890; x_wconf 82' lang='lat' dir='ltr'>quam</span> <span class='ocrx_word' id='word_1_245' title='bbox 2242 1818 2387 1873; x_wconf 92' lang='lat' dir='ltr'>mihi</span> <span class='ocrx_word' id='word_1_246' title='bbox 2420 1818 2614 1873; x_wconf 88' lang='lat' dir='ltr'>cibum</span> <span class='ocrx_word' id='word_1_247' title='bbox 2647 1819 3077 1888; x_wconf 87' lang='lat' dir='ltr'>subtraherent,</span> <span class='ocrx_word' id='word_1_248' title='bbox 3120 1834 3234 1872; x_wconf 90' lang='lat' dir='ltr'>non</span> <span class='ocrx_word' id='word_1_249' title='bbox 3266 1816 3579 1887; x_wconf 86' lang='lat' dir='ltr'>irascebar,</span> <span class='ocrx_word' id='word_1_250' title='bbox 3612 1822 3679 1874; x_wconf 84' lang='lat' dir='ltr'>ut</span> 
     </span>
    </p>
   </div>
   <div class='ocr_carea' id='block_1_34' title="bbox 266 1908 1920 1982">
    <p class='ocr_par' dir='ltr' id='par_1_34' title="bbox 266 1908 1920 1982">
     <span class='ocr_line' id='line_1_34' title="bbox 266 1908 1920 1982; baseline 0.001 -19"><span class='ocrx_word' id='word_1_251' title='bbox 266 1909 417 1980; x_wconf 92' lang='lat' dir='ltr'>ipso,</span> <span class='ocrx_word' id='word_1_252' title='bbox 452 1913 517 1965; x_wconf 87' lang='lat' dir='ltr'>ut</span> <span class='ocrx_word' id='word_1_253' title='bbox 549 1926 779 1982; x_wconf 87' lang='lat' dir='ltr'>semper</span> <span class='ocrx_word' id='word_1_254' title='bbox 808 1909 865 1963; x_wconf 93' lang='lat' dir='ltr'>in</span> <span class='ocrx_word' id='word_1_255' title='bbox 891 1910 1017 1981; x_wconf 89' lang='lat' dir='ltr'>ipso</span> <span class='ocrx_word' id='word_1_256' title='bbox 1041 1910 1179 1975; x_wconf 90' lang='lat' dir='ltr'>sint,</span> <span class='ocrx_word' id='word_1_257' title='bbox 1208 1910 1326 1964; x_wconf 91' lang='lat' dir='ltr'>illis</span> <span class='ocrx_word' id='word_1_258' title='bbox 1348 1908 1700 1980; x_wconf 87' lang='lat' dir='ltr'>illaqueatis.</span> <span class='ocrx_word' id='word_1_259' title='bbox 1722 1910 1920 1964; x_wconf 88' lang='lat' dir='ltr'>Anima</span> 
     </span>
    </p>
   </div>
   <div class='ocr_carea' id='block_1_35' title="bbox 264 1997 1922 2069">
    <p class='ocr_par' dir='ltr' id='par_1_35' title="bbox 264 1997 1922 2069">
     <span class='ocr_line' id='line_1_35' title="bbox 264 1997 1922 2069; baseline 0.001 -17"><span class='ocrx_word' id='word_1_260' title='bbox 264 2002 471 2067; x_wconf 84' lang='lat' dir='ltr'>autem,</span> <span class='ocrx_word' id='word_1_261' title='bbox 524 1998 582 2052; x_wconf 94' lang='lat' dir='ltr'>id</span> <span class='ocrx_word' id='word_1_262' title='bbox 616 2002 723 2065; x_wconf 91' lang='lat' dir='ltr'>est,</span> <span class='ocrx_word' id='word_1_263' title='bbox 780 1998 893 2053; x_wconf 91' lang='lat' dir='ltr'>mei</span> <span class='ocrx_word' id='word_1_264' title='bbox 926 1998 1163 2063; x_wconf 88' lang='lat' dir='ltr'>Christi,</span> <span class='ocrx_word' id='word_1_265' title='bbox 1194 1998 1252 2053; x_wconf 91' lang='lat' dir='ltr'>id</span> <span class='ocrx_word' id='word_1_266' title='bbox 1284 2002 1373 2053; x_wconf 91' lang='lat' dir='ltr'>est</span> <span class='ocrx_word' id='word_1_267' title='bbox 1402 1997 1517 2053; x_wconf 90' lang='lat' dir='ltr'>vita</span> <span class='ocrx_word' id='word_1_268' title='bbox 1545 2014 1689 2063; x_wconf 87' lang='lat' dir='ltr'>mea,</span> <span class='ocrx_word' id='word_1_269' title='bbox 1724 2002 1922 2069; x_wconf 89' lang='lat' dir='ltr'>erepta</span> 
     </span>
    </p>
   </div>
   <div class='ocr_carea' id='block_1_36' title="bbox 266 2085 1919 2157">
    <p class='ocr_par' dir='ltr' id='par_1_36' title="bbox 266 2085 1919 2157">
     <span class='ocr_line' id='line_1_36' title="bbox 266 2085 1919 2157; baseline 0.001 -16"><span class='ocrx_word' id='word_1_270' title='bbox 266 2086 338 2141; x_wconf 91' lang='lat' dir='ltr'>de</span> <span class='ocrx_word' id='word_1_271' title='bbox 362 2085 571 2157; x_wconf 86' lang='lat' dir='ltr'>laqueo</span> <span class='ocrx_word' id='word_1_272' title='bbox 594 2086 822 2157; x_wconf 90' lang='lat' dir='ltr'>mortis,</span> <span class='ocrx_word' id='word_1_273' title='bbox 854 2087 1128 2142; x_wconf 73' lang='lat' dir='ltr'>exultabit</span> <span class='ocrx_word' id='word_1_274' title='bbox 1149 2088 1208 2141; x_wconf 86' lang='lat' dir='ltr'>in</span> <span class='ocrx_word' id='word_1_275' title='bbox 1231 2088 1479 2151; x_wconf 77' lang='lat' dir='ltr'>Domino,</span> <span class='ocrx_word' id='word_1_276' title='bbox 1512 2103 1627 2141; x_wconf 92' lang='lat' dir='ltr'>non</span> <span class='ocrx_word' id='word_1_277' title='bbox 1658 2086 1717 2139; x_wconf 92' lang='lat' dir='ltr'>in</span> <span class='ocrx_word' id='word_1_278' title='bbox 1749 2103 1919 2142; x_wconf 86' lang='lat' dir='ltr'>mun-</span> 
     </span>
    </p>
   </div>
   <div class='ocr_carea' id='block_1_37' title="bbox 264 2174 1920 2246">
    <p class='ocr_par' dir='ltr' id='par_1_37' title="bbox 264 2174 1920 2246">
     <span class='ocr_line' id='line_1_37' title="bbox 264 2174 1920 2246; baseline 0.001 -17"><span class='ocrx_word' id='word_1_279' title='bbox 264 2175 363 2241; x_wconf 88' lang='lat' dir='ltr'>do,</span> <span class='ocrx_word' id='word_1_280' title='bbox 386 2179 453 2229; x_wconf 90' lang='lat' dir='ltr'>ut</span> <span class='ocrx_word' id='word_1_281' title='bbox 480 2174 564 2229; x_wconf 91' lang='lat' dir='ltr'>illi</span> <span class='ocrx_word' id='word_1_282' title='bbox 588 2174 865 2246; x_wconf 89' lang='lat' dir='ltr'>laqueati.</span> <span class='ocrx_word' id='word_1_283' title='bbox 891 2178 951 2229; x_wconf 86' lang='lat' dir='ltr'>Et</span> <span class='ocrx_word' id='word_1_284' title='bbox 972 2175 1330 2231; x_wconf 83' lang='lat' dir='ltr'>delectabitur</span> <span class='ocrx_word' id='word_1_285' title='bbox 1354 2191 1519 2245; x_wconf 86' lang='lat' dir='ltr'>super</span> <span class='ocrx_word' id='word_1_286' title='bbox 1537 2176 1783 2230; x_wconf 87' lang='lat' dir='ltr'>salutari</span> <span class='ocrx_word' id='word_1_287' title='bbox 1802 2191 1920 2241; x_wconf 89' lang='lat' dir='ltr'>suo,</span> 
     </span>
    </p>
   </div>
   <div class='ocr_carea' id='block_1_38' title="bbox 266 2263 1925 2335">
    <p class='ocr_par' dir='ltr' id='par_1_38' title="bbox 266 2263 1925 2335">
     <span class='ocr_line' id='line_1_38' title="bbox 266 2263 1925 2335; baseline 0.001 -18"><span class='ocrx_word' id='word_1_288' title='bbox 266 2263 329 2317; x_wconf 91' lang='lat' dir='ltr'>id</span> <span class='ocrx_word' id='word_1_289' title='bbox 363 2268 473 2332; x_wconf 88' lang='lat' dir='ltr'>est,</span> <span class='ocrx_word' id='word_1_290' title='bbox 507 2264 577 2318; x_wconf 88' lang='lat' dir='ltr'>de</span> <span class='ocrx_word' id='word_1_291' title='bbox 599 2263 917 2319; x_wconf 89' lang='lat' dir='ltr'>salvatione</span> <span class='ocrx_word' id='word_1_292' title='bbox 939 2280 1047 2318; x_wconf 90' lang='lat' dir='ltr'>sua</span> <span class='ocrx_word' id='word_1_293' title='bbox 1069 2264 1320 2335; x_wconf 89' lang='lat' dir='ltr'>desuper</span> <span class='ocrx_word' id='word_1_294' title='bbox 1345 2265 1499 2329; x_wconf 89' lang='lat' dir='ltr'>data,</span> <span class='ocrx_word' id='word_1_295' title='bbox 1527 2280 1641 2317; x_wconf 91' lang='lat' dir='ltr'>non</span> <span class='ocrx_word' id='word_1_296' title='bbox 1669 2263 1726 2317; x_wconf 91' lang='lat' dir='ltr'>in</span> <span class='ocrx_word' id='word_1_297' title='bbox 1750 2268 1925 2318; x_wconf 83' lang='lat' dir='ltr'>terre-</span> 
     </span>
    </p>
   </div>
   <div class='ocr_carea' id='block_1_39' title="bbox 270 2348 1923 2424">
    <p class='ocr_par' dir='ltr' id='par_1_39' title="bbox 270 2348 1923 2424">
     <span class='ocr_line' id='line_1_39' title="bbox 270 2348 1923 2424; baseline 0.002 -21"><span class='ocrx_word' id='word_1_298' title='bbox 270 2350 389 2415; x_wconf 89' lang='lat' dir='ltr'>nis,</span> <span class='ocrx_word' id='word_1_299' title='bbox 423 2355 488 2405; x_wconf 89' lang='lat' dir='ltr'>ut</span> <span class='ocrx_word' id='word_1_300' title='bbox 516 2348 600 2404; x_wconf 89' lang='lat' dir='ltr'>illi</span> <span class='ocrx_word' id='word_1_301' title='bbox 633 2351 733 2423; x_wconf 92' lang='lat' dir='ltr'>qui</span> <span class='ocrx_word' id='word_1_302' title='bbox 766 2351 1063 2423; x_wconf 89' lang='lat' dir='ltr'>illaqueati</span> <span class='ocrx_word' id='word_1_303' title='bbox 1095 2358 1233 2408; x_wconf 91' lang='lat' dir='ltr'>sunt</span> <span class='ocrx_word' id='word_1_304' title='bbox 1263 2352 1503 2407; x_wconf 79' lang='lat' dir='ltr'>funibus</span> <span class='ocrx_word' id='word_1_305' title='bbox 1532 2356 1923 2424; x_wconf 88' lang='lat' dir='ltr'>peccatorum.</span> 
     </span>
    </p>
   </div>
   <div class='ocr_carea' id='block_1_40' title="bbox 264 2446 1929 2517">
    <p class='ocr_par' dir='ltr' id='par_1_40' title="bbox 264 2446 1929 2517">
     <span class='ocr_line' id='line_1_40' title="bbox 264 2446 1929 2517; baseline 0.003 -17"><span class='ocrx_word' id='word_1_306' title='bbox 264 2446 335 2500; x_wconf 90' lang='lat' dir='ltr'>Et</span> <span class='ocrx_word' id='word_1_307' title='bbox 364 2464 481 2502; x_wconf 91' lang='lat' dir='ltr'>non</span> <span class='ocrx_word' id='word_1_308' title='bbox 516 2448 707 2504; x_wconf 89' lang='lat' dir='ltr'>solum</span> <span class='ocrx_word' id='word_1_309' title='bbox 739 2449 937 2505; x_wconf 89' lang='lat' dir='ltr'>anima</span> <span class='ocrx_word' id='word_1_310' title='bbox 970 2467 1102 2506; x_wconf 89' lang='lat' dir='ltr'>mea</span> <span class='ocrx_word' id='word_1_311' title='bbox 1133 2450 1371 2517; x_wconf 87' lang='lat' dir='ltr'>Christi,</span> <span class='ocrx_word' id='word_1_312' title='bbox 1423 2451 1523 2506; x_wconf 89' lang='lat' dir='ltr'>sed</span> <span class='ocrx_word' id='word_1_313' title='bbox 1571 2453 1757 2505; x_wconf 86' lang='lat' dir='ltr'>omnia</span> <span class='ocrx_word' id='word_1_314' title='bbox 1809 2466 1929 2505; x_wconf 88' lang='lat' dir='ltr'>ossa</span> 
     </span>
    </p>
   </div>
   <div class='ocr_carea' id='block_1_41' title="bbox 264 2535 1925 2607">
    <p class='ocr_par' dir='ltr' id='par_1_41' title="bbox 264 2535 1925 2607">
     <span class='ocr_line' id='line_1_41' title="bbox 264 2535 1925 2607; baseline 0.002 -17"><span class='ocrx_word' id='word_1_315' title='bbox 264 2550 411 2602; x_wconf 86' lang='lat' dir='ltr'>mea,</span> <span class='ocrx_word' id='word_1_316' title='bbox 430 2535 487 2590; x_wconf 90' lang='lat' dir='ltr'>id</span> <span class='ocrx_word' id='word_1_317' title='bbox 511 2541 619 2603; x_wconf 90' lang='lat' dir='ltr'>est,</span> <span class='ocrx_word' id='word_1_318' title='bbox 637 2538 815 2593; x_wconf 81' lang='lat' dir='ltr'>fortes</span> <span class='ocrx_word' id='word_1_319' title='bbox 833 2540 969 2607; x_wconf 91' lang='lat' dir='ltr'>mei,</span> <span class='ocrx_word' id='word_1_320' title='bbox 986 2540 1285 2595; x_wconf 87' lang='lat' dir='ltr'>imitantes</span> <span class='ocrx_word' id='word_1_321' title='bbox 1303 2539 1694 2594; x_wconf 88' lang='lat' dir='ltr'>constantiam</span> <span class='ocrx_word' id='word_1_322' title='bbox 1715 2555 1925 2604; x_wconf 90' lang='lat' dir='ltr'>meam,</span> 
     </span>
    </p>
   </div>
   <div class='ocr_carea' id='block_1_42' title="bbox 268 2623 1929 2696">
    <p class='ocr_par' dir='ltr' id='par_1_42' title="bbox 268 2623 1929 2696">
     <span class='ocr_line' id='line_1_42' title="bbox 268 2623 1929 2696; baseline 0.002 -18"><span class='ocrx_word' id='word_1_323' title='bbox 268 2623 491 2679; x_wconf 86' lang='lat' dir='ltr'>dicent:</span> <span class='ocrx_word' id='word_1_324' title='bbox 520 2626 766 2695; x_wconf 85' lang='lat' dir='ltr'>Domine,</span> <span class='ocrx_word' id='word_1_325' title='bbox 786 2629 908 2696; x_wconf 85' lang='lat' dir='ltr'>quis</span> <span class='ocrx_word' id='word_1_326' title='bbox 926 2628 1128 2682; x_wconf 81' lang='lat' dir='ltr'>similis</span> <span class='ocrx_word' id='word_1_327' title='bbox 1148 2628 1288 2682; x_wconf 81' lang='lat' dir='ltr'>tibi?</span> <span class='ocrx_word' id='word_1_328' title='bbox 1316 2627 1553 2682; x_wconf 88' lang='lat' dir='ltr'>Dicetur</span> <span class='ocrx_word' id='word_1_329' title='bbox 1583 2627 1699 2682; x_wconf 90' lang='lat' dir='ltr'>illis</span> <span class='ocrx_word' id='word_1_330' title='bbox 1720 2628 1929 2694; x_wconf 86' lang='lat' dir='ltr'>,Adora</span> 
     </span>
    </p>
   </div>
   <div class='ocr_carea' id='block_1_43' title="bbox 278 2712 1925 2783">
    <p class='ocr_par' dir='ltr' id='par_1_43' title="bbox 278 2712 1925 2783">
     <span class='ocr_line' id='line_1_43' title="bbox 278 2712 1925 2783; baseline 0.001 -16"><span class='ocrx_word' id='word_1_331' title='bbox 278 2712 487 2778; x_wconf 90' lang='lat' dir='ltr'>solem,</span> <span class='ocrx_word' id='word_1_332' title='bbox 521 2714 698 2769; x_wconf 91' lang='lat' dir='ltr'>adora</span> <span class='ocrx_word' id='word_1_333' title='bbox 729 2712 952 2781; x_wconf 90' lang='lat' dir='ltr'>lunam,</span> <span class='ocrx_word' id='word_1_334' title='bbox 988 2716 1168 2771; x_wconf 89' lang='lat' dir='ltr'>adora</span> <span class='ocrx_word' id='word_1_335' title='bbox 1197 2720 1452 2771; x_wconf 78' lang='lat' dir='ltr'>statuam</span> <span class='ocrx_word' id='word_1_336' title='bbox 1483 2716 1676 2783; x_wconf 82' lang='lat' dir='ltr'>Jovis;</span> <span class='ocrx_word' id='word_1_337' title='bbox 1714 2716 1813 2771; x_wconf 91' lang='lat' dir='ltr'>sed</span> <span class='ocrx_word' id='word_1_338' title='bbox 1844 2714 1925 2769; x_wconf 91' lang='lat' dir='ltr'>illi</span> 
     </span>
    </p>
   </div>
   <div class='ocr_carea' id='block_1_44' title="bbox 274 2803 1925 2876">
    <p class='ocr_par' dir='ltr' id='par_1_44' title="bbox 274 2803 1925 2876">
     <span class='ocr_line' id='line_1_44' title="bbox 274 2803 1925 2876; baseline 0.001 -19"><span class='ocrx_word' id='word_1_339' title='bbox 274 2806 692 2874; x_wconf 88' lang='lat' dir='ltr'>cognoscentes</span> <span class='ocrx_word' id='word_1_340' title='bbox 714 2803 833 2858; x_wconf 65' lang='lat' dir='ltr'>hinc</span> <span class='ocrx_word' id='word_1_341' title='bbox 855 2804 1053 2859; x_wconf 90' lang='lat' dir='ltr'>omnia</span> <span class='ocrx_word' id='word_1_342' title='bbox 1074 2822 1201 2860; x_wconf 90' lang='lat' dir='ltr'>esse</span> <span class='ocrx_word' id='word_1_343' title='bbox 1223 2822 1398 2876; x_wconf 90' lang='lat' dir='ltr'>opera</span> <span class='ocrx_word' id='word_1_344' title='bbox 1419 2810 1542 2869; x_wconf 90' lang='lat' dir='ltr'>tua,</span> <span class='ocrx_word' id='word_1_345' title='bbox 1566 2805 1790 2859; x_wconf 88' lang='lat' dir='ltr'>dicent:</span> <span class='ocrx_word' id='word_1_346' title='bbox 1818 2809 1925 2859; x_wconf 91' lang='lat' dir='ltr'>Do-</span> 
     </span>
    </p>
   </div>
   <div class='ocr_carea' id='block_1_45' title="bbox 277 2891 1924 2965">
    <p class='ocr_par' dir='ltr' id='par_1_45' title="bbox 277 2891 1924 2965">
     <span class='ocr_line' id='line_1_45' title="bbox 277 2891 1924 2965; baseline 0 -18"><span class='ocrx_word' id='word_1_347' title='bbox 277 2891 457 2958; x_wconf 90' lang='lat' dir='ltr'>mine,</span> <span class='ocrx_word' id='word_1_348' title='bbox 477 2891 609 2963; x_wconf 91' lang='lat' dir='ltr'>quis</span> <span class='ocrx_word' id='word_1_349' title='bbox 632 2892 691 2947; x_wconf 92' lang='lat' dir='ltr'>in</span> <span class='ocrx_word' id='word_1_350' title='bbox 716 2892 997 2949; x_wconf 88' lang='lat' dir='ltr'>creaturis</span> <span class='ocrx_word' id='word_1_351' title='bbox 1030 2893 1241 2949; x_wconf 87' lang='lat' dir='ltr'>similis</span> <span class='ocrx_word' id='word_1_352' title='bbox 1274 2894 1399 2949; x_wconf 84' lang='lat' dir='ltr'>tui?</span> <span class='ocrx_word' id='word_1_353' title='bbox 1429 2893 1657 2959; x_wconf 91' lang='lat' dir='ltr'>Nullus,</span> <span class='ocrx_word' id='word_1_354' title='bbox 1683 2893 1821 2965; x_wconf 90' lang='lat' dir='ltr'>quia</span> <span class='ocrx_word' id='word_1_355' title='bbox 1841 2898 1924 2961; x_wconf 89' lang='lat' dir='ltr'>tu,</span> 
     </span>
    </p>
   </div>
   <div class='ocr_carea' id='block_1_46' title="bbox 279 2980 1929 3054">
    <p class='ocr_par' dir='ltr' id='par_1_46' title="bbox 279 2980 1929 3054">
     <span class='ocr_line' id='line_1_46' title="bbox 279 2980 1929 3054; baseline -0.001 -17"><span class='ocrx_word' id='word_1_356' title='bbox 279 2985 338 3037; x_wconf 88' lang='lat' dir='ltr'>et</span> <span class='ocrx_word' id='word_1_357' title='bbox 358 2997 475 3036; x_wconf 90' lang='lat' dir='ltr'>non</span> <span class='ocrx_word' id='word_1_358' title='bbox 499 2980 747 3052; x_wconf 88' lang='lat' dir='ltr'>alius,es</span> <span class='ocrx_word' id='word_1_359' title='bbox 772 2982 1003 3054; x_wconf 87' lang='lat' dir='ltr'>rapiens</span> <span class='ocrx_word' id='word_1_360' title='bbox 1025 2983 1333 3054; x_wconf 87' lang='lat' dir='ltr'>inapem,id</span> <span class='ocrx_word' id='word_1_361' title='bbox 1358 2987 1466 3051; x_wconf 89' lang='lat' dir='ltr'>est,</span> <span class='ocrx_word' id='word_1_362' title='bbox 1484 2982 1711 3038; x_wconf 90' lang='lat' dir='ltr'>ﬁdelem</span> <span class='ocrx_word' id='word_1_363' title='bbox 1739 2982 1929 3037; x_wconf 88' lang='lat' dir='ltr'>humi-</span> 
     </span>
    </p>
   </div>
   <div class='ocr_carea' id='block_1_47' title="bbox 275 3069 1930 3143">
    <p class='ocr_par' dir='ltr' id='par_1_47' title="bbox 275 3069 1930 3143">
     <span class='ocr_line' id='line_1_47' title="bbox 275 3069 1930 3143; baseline 0.002 -19"><span class='ocrx_word' id='word_1_364' title='bbox 275 3069 416 3137; x_wconf 90' lang='lat' dir='ltr'>lem,</span> <span class='ocrx_word' id='word_1_365' title='bbox 432 3069 491 3124; x_wconf 90' lang='lat' dir='ltr'>in</span> <span class='ocrx_word' id='word_1_366' title='bbox 514 3069 737 3126; x_wconf 88' lang='lat' dir='ltr'>nullius</span> <span class='ocrx_word' id='word_1_367' title='bbox 758 3087 867 3143; x_wconf 90' lang='lat' dir='ltr'>ope</span> <span class='ocrx_word' id='word_1_368' title='bbox 889 3072 1299 3137; x_wconf 91' lang='lat' dir='ltr'>conﬁdentem,</span> <span class='ocrx_word' id='word_1_369' title='bbox 1316 3072 1427 3127; x_wconf 88' lang='lat' dir='ltr'>nisi</span> <span class='ocrx_word' id='word_1_370' title='bbox 1451 3072 1509 3126; x_wconf 91' lang='lat' dir='ltr'>in</span> <span class='ocrx_word' id='word_1_371' title='bbox 1533 3076 1653 3138; x_wconf 89' lang='lat' dir='ltr'>tua,</span> <span class='ocrx_word' id='word_1_372' title='bbox 1677 3072 1741 3127; x_wconf 89' lang='lat' dir='ltr'>de</span> <span class='ocrx_word' id='word_1_373' title='bbox 1760 3088 1930 3127; x_wconf 87' lang='lat' dir='ltr'>manu</span> 
     </span>
    </p>
   </div>
   <div class='ocr_carea' id='block_1_48' title="bbox 278 3158 1928 3232">
    <p class='ocr_par' dir='ltr' id='par_1_48' title="bbox 278 3158 1928 3232">
     <span class='ocr_line' id='line_1_48' title="bbox 278 3158 1928 3232; baseline 0.002 -20"><span class='ocrx_word' id='word_1_374' title='bbox 278 3158 336 3213; x_wconf 91' lang='lat' dir='ltr'>id</span> <span class='ocrx_word' id='word_1_375' title='bbox 360 3163 450 3215; x_wconf 89' lang='lat' dir='ltr'>est</span> <span class='ocrx_word' id='word_1_376' title='bbox 474 3163 779 3231; x_wconf 90' lang='lat' dir='ltr'>potestate,</span> <span class='ocrx_word' id='word_1_377' title='bbox 802 3161 1097 3230; x_wconf 81' lang='lat' dir='ltr'>fortiorum</span> <span class='ocrx_word' id='word_1_378' title='bbox 1119 3162 1255 3231; x_wconf 88' lang='lat' dir='ltr'>ejus.</span> <span class='ocrx_word' id='word_1_379' title='bbox 1290 3164 1588 3226; x_wconf 90' lang='lat' dir='ltr'>Quantum</span> <span class='ocrx_word' id='word_1_380' title='bbox 1620 3161 1691 3216; x_wconf 87' lang='lat' dir='ltr'>ad</span> <span class='ocrx_word' id='word_1_381' title='bbox 1714 3177 1928 3232; x_wconf 90' lang='lat' dir='ltr'>corpus</span> 
     </span>
    </p>
   </div>
   <div class='ocr_carea' id='block_1_49' title="bbox 2031 1906 3681 1977">
    <p class='ocr_par' dir='ltr' id='par_1_49' title="bbox 2031 1906 3681 1977">
     <span class='ocr_line' id='line_1_49' title="bbox 2031 1906 3681 1977; baseline -0.001 -15"><span class='ocrx_word' id='word_1_382' title='bbox 2031 1907 2127 1962; x_wconf 89' lang='lat' dir='ltr'>alii</span> <span class='ocrx_word' id='word_1_383' title='bbox 2154 1907 2374 1962; x_wconf 90' lang='lat' dir='ltr'>domini</span> <span class='ocrx_word' id='word_1_384' title='bbox 2399 1907 2607 1973; x_wconf 85' lang='lat' dir='ltr'>solent,</span> <span class='ocrx_word' id='word_1_385' title='bbox 2634 1908 2930 1962; x_wconf 89' lang='lat' dir='ltr'>subtracto</span> <span class='ocrx_word' id='word_1_386' title='bbox 2952 1907 3099 1961; x_wconf 91' lang='lat' dir='ltr'>cibo.</span> <span class='ocrx_word' id='word_1_387' title='bbox 3132 1907 3240 1961; x_wconf 89' lang='lat' dir='ltr'>Sed</span> <span class='ocrx_word' id='word_1_388' title='bbox 3266 1907 3326 1961; x_wconf 88' lang='lat' dir='ltr'>in</span> <span class='ocrx_word' id='word_1_389' title='bbox 3349 1906 3447 1961; x_wconf 93' lang='lat' dir='ltr'>illo</span> <span class='ocrx_word' id='word_1_390' title='bbox 3464 1907 3681 1977; x_wconf 83' lang='lat' dir='ltr'>jejunio</span> 
     </span>
    </p>
   </div>
   <div class='ocr_carea' id='block_1_50' title="bbox 2030 1993 3682 2062">
    <p class='ocr_par' dir='ltr' id='par_1_50' title="bbox 2030 1993 3682 2062">
     <span class='ocr_line' id='line_1_50' title="bbox 2030 1993 3682 2062; baseline 0.001 -13"><span class='ocrx_word' id='word_1_391' title='bbox 2030 1996 2387 2051; x_wconf 87' lang='lat' dir='ltr'>humiliabam</span> <span class='ocrx_word' id='word_1_392' title='bbox 2410 1999 2658 2051; x_wconf 87' lang='lat' dir='ltr'>animam</span> <span class='ocrx_word' id='word_1_393' title='bbox 2684 2012 2886 2060; x_wconf 85' lang='lat' dir='ltr'>meam,</span> <span class='ocrx_word' id='word_1_394' title='bbox 2913 1996 2969 2049; x_wconf 94' lang='lat' dir='ltr'>id</span> <span class='ocrx_word' id='word_1_395' title='bbox 2992 2000 3102 2062; x_wconf 92' lang='lat' dir='ltr'>est,</span> <span class='ocrx_word' id='word_1_396' title='bbox 3132 1995 3418 2051; x_wconf 89' lang='lat' dir='ltr'>humilem</span> <span class='ocrx_word' id='word_1_397' title='bbox 3443 2012 3534 2050; x_wconf 90' lang='lat' dir='ltr'>me</span> <span class='ocrx_word' id='word_1_398' title='bbox 3565 1993 3682 2051; x_wconf 83' lang='lat' dir='ltr'>illis</span> 
     </span>
    </p>
   </div>
   <div class='ocr_carea' id='block_1_51' title="bbox 2032 2084 3679 2155">
    <p class='ocr_par' dir='ltr' id='par_1_51' title="bbox 2032 2084 3679 2155">
     <span class='ocr_line' id='line_1_51' title="bbox 2032 2084 3679 2155; baseline -0.002 -14"><span class='ocrx_word' id='word_1_399' title='bbox 2032 2086 2432 2141; x_wconf 88' lang='lat' dir='ltr'>ostendebam.</span> <span class='ocrx_word' id='word_1_400' title='bbox 2479 2087 2586 2155; x_wconf 79' lang='lat' dir='ltr'>Ego</span> <span class='ocrx_word' id='word_1_401' title='bbox 2616 2087 2956 2142; x_wconf 69' lang='lat' dir='ltr'>daemonium</span> <span class='ocrx_word' id='word_1_402' title='bbox 2985 2102 3098 2139; x_wconf 89' lang='lat' dir='ltr'>non</span> <span class='ocrx_word' id='word_1_403' title='bbox 3129 2084 3295 2139; x_wconf 88' lang='lat' dir='ltr'>habeo</span> <span class='ocrx_word' id='word_1_404' title='bbox 3326 2086 3501 2153; x_wconf 91' lang='lat' dir='ltr'>(Joan.</span> <span class='ocrx_word' id='word_1_405' title='bbox 3534 2087 3679 2149; x_wconf 83' lang='lat' dir='ltr'><strong>VIII).</strong></span> 
     </span>
    </p>
   </div>
   <div class='ocr_carea' id='block_1_52' title="bbox 2038 2181 3683 2251">
    <p class='ocr_par' dir='ltr' id='par_1_52' title="bbox 2038 2181 3683 2251">
     <span class='ocr_line' id='line_1_52' title="bbox 2038 2181 3683 2251; baseline 0 -16"><span class='ocrx_word' id='word_1_406' title='bbox 2038 2183 2110 2235; x_wconf 88' lang='lat' dir='ltr'>Tu</span> <span class='ocrx_word' id='word_1_407' title='bbox 2136 2199 2189 2236; x_wconf 84' lang='lat' dir='ltr'>es</span> <span class='ocrx_word' id='word_1_408' title='bbox 2234 2182 2476 2237; x_wconf 83' lang='lat' dir='ltr'>Christus</span> <span class='ocrx_word' id='word_1_409' title='bbox 2507 2183 2683 2236; x_wconf 81' lang='lat' dir='ltr'>Filius</span> <span class='ocrx_word' id='word_1_410' title='bbox 2716 2183 2810 2236; x_wconf 90' lang='lat' dir='ltr'>Dei</span> <span class='ocrx_word' id='word_1_411' title='bbox 2838 2182 2983 2237; x_wconf 81' lang='lat' dir='ltr'>vivi?</span> <span class='ocrx_word' id='word_1_412' title='bbox 3030 2184 3102 2236; x_wconf 87' lang='lat' dir='ltr'>Tu</span> <span class='ocrx_word' id='word_1_413' title='bbox 3132 2182 3274 2237; x_wconf 89' lang='lat' dir='ltr'>dicis</span> <span class='ocrx_word' id='word_1_414' title='bbox 3305 2182 3511 2251; x_wconf 86' lang='lat' dir='ltr'>(Matth.</span> <span class='ocrx_word' id='word_1_415' title='bbox 3547 2181 3683 2249; x_wconf 71' lang='lat' dir='ltr'>xvn).</span> 
     </span>
    </p>
   </div>
   <div class='ocr_carea' id='block_1_53' title="bbox 2036 2269 3688 2342">
    <p class='ocr_par' dir='ltr' id='par_1_53' title="bbox 2036 2269 3688 2342">
     <span class='ocr_line' id='line_1_53' title="bbox 2036 2269 3688 2342; baseline -0.001 -17"><span class='ocrx_word' id='word_1_416' title='bbox 2036 2274 2098 2325; x_wconf 85' lang='lat' dir='ltr'>Et</span> <span class='ocrx_word' id='word_1_417' title='bbox 2130 2288 2468 2342; x_wconf 88' lang='lat' dir='ltr'>quanquam</span> <span class='ocrx_word' id='word_1_418' title='bbox 2504 2271 2559 2325; x_wconf 90' lang='lat' dir='ltr'>in</span> <span class='ocrx_word' id='word_1_419' title='bbox 2594 2271 2711 2325; x_wconf 90' lang='lat' dir='ltr'>illis</span> <span class='ocrx_word' id='word_1_420' title='bbox 2743 2276 2899 2325; x_wconf 89' lang='lat' dir='ltr'>esset</span> <span class='ocrx_word' id='word_1_421' title='bbox 2927 2269 3224 2335; x_wconf 89' lang='lat' dir='ltr'>sterilitas,</span> <span class='ocrx_word' id='word_1_422' title='bbox 3276 2274 3471 2323; x_wconf 89' lang='lat' dir='ltr'>tamen</span> <span class='ocrx_word' id='word_1_423' title='bbox 3512 2269 3688 2323; x_wconf 86' lang='lat' dir='ltr'>oratio</span> 
     </span>
    </p>
   </div>
   <div class='ocr_carea' id='block_1_54' title="bbox 2036 2358 3686 2423">
    <p class='ocr_par' dir='ltr' id='par_1_54' title="bbox 2036 2358 3686 2423">
     <span class='ocr_line' id='line_1_54' title="bbox 2036 2358 3686 2423; baseline -0.001 -10"><span class='ocrx_word' id='word_1_424' title='bbox 2036 2376 2159 2414; x_wconf 83' lang='lat' dir='ltr'>mea</span> <span class='ocrx_word' id='word_1_425' title='bbox 2191 2362 2245 2414; x_wconf 88' lang='lat' dir='ltr'>in</span> <span class='ocrx_word' id='word_1_426' title='bbox 2278 2362 2407 2414; x_wconf 83' lang='lat' dir='ltr'>sinu</span> <span class='ocrx_word' id='word_1_427' title='bbox 2436 2376 2553 2414; x_wconf 86' lang='lat' dir='ltr'>meo</span> <span class='ocrx_word' id='word_1_428' title='bbox 2583 2368 2952 2414; x_wconf 86' lang='lat' dir='ltr'>convertetur.</span> <span class='ocrx_word' id='word_1_429' title='bbox 3000 2359 3085 2413; x_wconf 81' lang='lat' dir='ltr'>Ad</span> <span class='ocrx_word' id='word_1_430' title='bbox 3136 2358 3267 2413; x_wconf 90' lang='lat' dir='ltr'>illos</span> <span class='ocrx_word' id='word_1_431' title='bbox 3299 2362 3686 2423; x_wconf 88' lang='lat' dir='ltr'>convertetur,</span> 
     </span>
    </p>
   </div>
   <div class='ocr_carea' id='block_1_55' title="bbox 2040 2445 3684 2520">
    <p class='ocr_par' dir='ltr' id='par_1_55' title="bbox 2040 2445 3684 2520">
     <span class='ocr_line' id='line_1_55' title="bbox 2040 2445 3684 2520; baseline -0.001 -18"><span class='ocrx_word' id='word_1_432' title='bbox 2040 2449 2139 2520; x_wconf 92' lang='lat' dir='ltr'>qui</span> <span class='ocrx_word' id='word_1_433' title='bbox 2164 2448 2511 2520; x_wconf 65' lang='lat' dir='ltr'>prmﬁgurati</span> <span class='ocrx_word' id='word_1_434' title='bbox 2538 2453 2676 2503; x_wconf 91' lang='lat' dir='ltr'>sunt</span> <span class='ocrx_word' id='word_1_435' title='bbox 2696 2465 2799 2518; x_wconf 91' lang='lat' dir='ltr'>per</span> <span class='ocrx_word' id='word_1_436' title='bbox 2823 2464 3065 2502; x_wconf 88' lang='lat' dir='ltr'>manum</span> <span class='ocrx_word' id='word_1_437' title='bbox 3090 2447 3435 2501; x_wconf 88' lang='lat' dir='ltr'>mundatam</span> <span class='ocrx_word' id='word_1_438' title='bbox 3459 2464 3493 2501; x_wconf 91' lang='lat' dir='ltr'>a</span> <span class='ocrx_word' id='word_1_439' title='bbox 3522 2445 3684 2517; x_wconf 86' lang='lat' dir='ltr'>lepra</span> 
     </span>
    </p>
   </div>
   <div class='ocr_carea' id='block_1_56' title="bbox 2039 2534 3687 2606">
    <p class='ocr_par' dir='ltr' id='par_1_56' title="bbox 2039 2534 3687 2606">
     <span class='ocr_line' id='line_1_56' title="bbox 2039 2534 3687 2606; baseline -0.002 -14"><span class='ocrx_word' id='word_1_440' title='bbox 2039 2538 2096 2592; x_wconf 92' lang='lat' dir='ltr'>in</span> <span class='ocrx_word' id='word_1_441' title='bbox 2113 2538 2308 2593; x_wconf 89' lang='lat' dir='ltr'>sinum</span> <span class='ocrx_word' id='word_1_442' title='bbox 2328 2538 2422 2591; x_wconf 89' lang='lat' dir='ltr'>red</span> <span class='ocrx_word' id='word_1_443' title='bbox 2435 2541 2859 2591; x_wconf 84' lang='lat' dir='ltr'>uctam.Manus</span> <span class='ocrx_word' id='word_1_444' title='bbox 2878 2537 3032 2590; x_wconf 89' lang='lat' dir='ltr'>enim</span> <span class='ocrx_word' id='word_1_445' title='bbox 3049 2536 3227 2606; x_wconf 83' lang='lat' dir='ltr'>Moysi</span> <span class='ocrx_word' id='word_1_446' title='bbox 3242 2536 3449 2591; x_wconf 89' lang='lat' dir='ltr'>educta</span> <span class='ocrx_word' id='word_1_447' title='bbox 3464 2536 3535 2590; x_wconf 92' lang='lat' dir='ltr'>de</span> <span class='ocrx_word' id='word_1_448' title='bbox 3552 2534 3687 2590; x_wconf 87' lang='lat' dir='ltr'>sinu</span> 
     </span>
    </p>
   </div>
   <div class='ocr_carea' id='block_1_57' title="bbox 2039 2624 3686 2697">
    <p class='ocr_par' dir='ltr' id='par_1_57' title="bbox 2039 2624 3686 2697">
     <span class='ocr_line' id='line_1_57' title="bbox 2039 2624 3686 2697; baseline -0.001 -16"><span class='ocrx_word' id='word_1_449' title='bbox 2039 2626 2267 2696; x_wconf 89' lang='lat' dir='ltr'>leprosa</span> <span class='ocrx_word' id='word_1_450' title='bbox 2323 2627 2526 2697; x_wconf 74' lang='lat' dir='ltr'>(Exod.</span> <span class='ocrx_word' id='word_1_451' title='bbox 2584 2627 2699 2695; x_wconf 86' lang='lat' dir='ltr'>1v),</span> <span class='ocrx_word' id='word_1_452' title='bbox 2762 2626 3058 2696; x_wconf 88' lang='lat' dir='ltr'>signiﬁcat</span> <span class='ocrx_word' id='word_1_453' title='bbox 3105 2624 3354 2679; x_wconf 83' lang='lat' dir='ltr'>rescisos</span> <span class='ocrx_word' id='word_1_454' title='bbox 3384 2639 3686 2695; x_wconf 88' lang='lat' dir='ltr'>acorpore</span> 
     </span>
    </p>
   </div>
   <div class='ocr_carea' id='block_1_58' title="bbox 2038 2713 3685 2786">
    <p class='ocr_par' dir='ltr' id='par_1_58' title="bbox 2038 2713 3685 2786">
     <span class='ocr_line' id='line_1_58' title="bbox 2038 2713 3685 2786; baseline 0 -17"><span class='ocrx_word' id='word_1_455' title='bbox 2038 2715 2249 2769; x_wconf 87' lang='lat' dir='ltr'>Christi</span> <span class='ocrx_word' id='word_1_456' title='bbox 2282 2719 2519 2786; x_wconf 87' lang='lat' dir='ltr'>propter</span> <span class='ocrx_word' id='word_1_457' title='bbox 2547 2714 2794 2785; x_wconf 88' lang='lat' dir='ltr'>lepram,</span> <span class='ocrx_word' id='word_1_458' title='bbox 2836 2714 2892 2768; x_wconf 90' lang='lat' dir='ltr'>id</span> <span class='ocrx_word' id='word_1_459' title='bbox 2926 2718 3036 2779; x_wconf 90' lang='lat' dir='ltr'>est,</span> <span class='ocrx_word' id='word_1_460' title='bbox 3069 2713 3399 2769; x_wconf 89' lang='lat' dir='ltr'>criminalia</span> <span class='ocrx_word' id='word_1_461' title='bbox 3429 2717 3685 2785; x_wconf 82' lang='lat' dir='ltr'>peccata.</span> 
     </span>
    </p>
   </div>
   <div class='ocr_carea' id='block_1_59' title="bbox 2039 2810 3687 2882">
    <p class='ocr_par' dir='ltr' id='par_1_59' title="bbox 2039 2810 3687 2882">
     <span class='ocr_line' id='line_1_59' title="bbox 2039 2810 3687 2882; baseline -0.001 -17"><span class='ocrx_word' id='word_1_462' title='bbox 2039 2813 2247 2866; x_wconf 87' lang='lat' dir='ltr'>Manus</span> <span class='ocrx_word' id='word_1_463' title='bbox 2274 2817 2479 2867; x_wconf 86' lang='lat' dir='ltr'>sanata</span> <span class='ocrx_word' id='word_1_464' title='bbox 2501 2812 2557 2866; x_wconf 91' lang='lat' dir='ltr'>in</span> <span class='ocrx_word' id='word_1_465' title='bbox 2583 2812 2780 2866; x_wconf 90' lang='lat' dir='ltr'>sinum</span> <span class='ocrx_word' id='word_1_466' title='bbox 2807 2812 3045 2865; x_wconf 89' lang='lat' dir='ltr'>reducta</span> <span class='ocrx_word' id='word_1_467' title='bbox 3066 2810 3361 2882; x_wconf 87' lang='lat' dir='ltr'>signiﬁcat</span> <span class='ocrx_word' id='word_1_468' title='bbox 3382 2827 3484 2881; x_wconf 89' lang='lat' dir='ltr'>per</span> <span class='ocrx_word' id='word_1_469' title='bbox 3503 2810 3687 2881; x_wconf 78' lang='lat' dir='ltr'>pmni-</span> 
     </span>
    </p>
   </div>
   <div class='ocr_carea' id='block_1_60' title="bbox 2038 2899 3691 2967">
    <p class='ocr_par' dir='ltr' id='par_1_60' title="bbox 2038 2899 3691 2967">
     <span class='ocr_line' id='line_1_60' title="bbox 2038 2899 3691 2967; baseline -0.002 -11"><span class='ocrx_word' id='word_1_470' title='bbox 2038 2902 2282 2957; x_wconf 90' lang='lat' dir='ltr'>tentiam</span> <span class='ocrx_word' id='word_1_471' title='bbox 2315 2902 2653 2967; x_wconf 88' lang='lat' dir='ltr'>mundatos,</span> <span class='ocrx_word' id='word_1_472' title='bbox 2706 2904 2763 2955; x_wconf 92' lang='lat' dir='ltr'>et</span> <span class='ocrx_word' id='word_1_473' title='bbox 2793 2906 3089 2956; x_wconf 88' lang='lat' dir='ltr'>revocatos</span> <span class='ocrx_word' id='word_1_474' title='bbox 3120 2901 3179 2954; x_wconf 92' lang='lat' dir='ltr'>in</span> <span class='ocrx_word' id='word_1_475' title='bbox 3212 2899 3528 2955; x_wconf 87' lang='lat' dir='ltr'>Ecclesiam</span> <span class='ocrx_word' id='word_1_476' title='bbox 3564 2916 3576 2953; x_wconf 94' lang='lat'>:</span> <span class='ocrx_word' id='word_1_477' title='bbox 3630 2902 3691 2954; x_wconf 78' lang='lat' dir='ltr'>in</span> 
     </span>
    </p>
   </div>
   <div class='ocr_carea' id='block_1_61' title="bbox 2037 2989 3693 3059">
    <p class='ocr_par' dir='ltr' id='par_1_61' title="bbox 2037 2989 3693 3059">
     <span class='ocr_line' id='line_1_61' title="bbox 2037 2989 3693 3059; baseline -0.002 -13"><span class='ocrx_word' id='word_1_478' title='bbox 2037 2993 2165 3046; x_wconf 85' lang='lat' dir='ltr'>sinu</span> <span class='ocrx_word' id='word_1_479' title='bbox 2192 3008 2313 3047; x_wconf 89' lang='lat' dir='ltr'>meo</span> <span class='ocrx_word' id='word_1_480' title='bbox 2340 3000 2707 3055; x_wconf 85' lang='lat' dir='ltr'>convertetur,</span> <span class='ocrx_word' id='word_1_481' title='bbox 2739 2990 2794 3043; x_wconf 92' lang='lat' dir='ltr'>id</span> <span class='ocrx_word' id='word_1_482' title='bbox 2825 2994 2933 3059; x_wconf 90' lang='lat' dir='ltr'>est,</span> <span class='ocrx_word' id='word_1_483' title='bbox 2968 3007 3001 3043; x_wconf 91' lang='lat' dir='ltr'>a</span> <span class='ocrx_word' id='word_1_484' title='bbox 3033 2989 3167 3043; x_wconf 87' lang='lat' dir='ltr'>ﬁliis</span> <span class='ocrx_word' id='word_1_485' title='bbox 3199 2989 3293 3042; x_wconf 69' lang='lat' dir='ltr'>ira:</span> <span class='ocrx_word' id='word_1_486' title='bbox 3325 2992 3693 3043; x_wconf 88' lang='lat' dir='ltr'>convertetur</span> 
     </span>
    </p>
   </div>
   <div class='ocr_carea' id='block_1_62' title="bbox 2038 3076 3689 3148">
    <p class='ocr_par' dir='ltr' id='par_1_62' title="bbox 2038 3076 3689 3148">
     <span class='ocr_line' id='line_1_62' title="bbox 2038 3076 3689 3148; baseline -0.001 -14"><span class='ocrx_word' id='word_1_487' title='bbox 2038 3080 2096 3135; x_wconf 90' lang='lat' dir='ltr'>in</span> <span class='ocrx_word' id='word_1_488' title='bbox 2132 3081 2280 3135; x_wconf 90' lang='lat' dir='ltr'>ﬁlios</span> <span class='ocrx_word' id='word_1_489' title='bbox 2312 3080 2745 3147; x_wconf 76' lang='lat' dir='ltr'>misericordiae,</span> <span class='ocrx_word' id='word_1_490' title='bbox 2782 3083 2845 3132; x_wconf 91' lang='lat' dir='ltr'>ut</span> <span class='ocrx_word' id='word_1_491' title='bbox 2874 3078 3008 3133; x_wconf 90' lang='lat' dir='ltr'>illos</span> <span class='ocrx_word' id='word_1_492' title='bbox 3049 3082 3365 3148; x_wconf 84' lang='lat' dir='ltr'>convertat,</span> <span class='ocrx_word' id='word_1_493' title='bbox 3398 3081 3454 3131; x_wconf 87' lang='lat' dir='ltr'>et</span> <span class='ocrx_word' id='word_1_494' title='bbox 3482 3076 3541 3131; x_wconf 91' lang='lat' dir='ltr'>in</span> <span class='ocrx_word' id='word_1_495' title='bbox 3573 3076 3689 3133; x_wconf 85' lang='lat' dir='ltr'>illis</span> 
     </span>
    </p>
   </div>
   <div class='ocr_carea' id='block_1_63' title="bbox 2041 3165 3688 3237">
    <p class='ocr_par' dir='ltr' id='par_1_63' title="bbox 2041 3165 3688 3237">
     <span class='ocr_line' id='line_1_63' title="bbox 2041 3165 3688 3237; baseline -0.002 -14"><span class='ocrx_word' id='word_1_496' title='bbox 2041 3188 2156 3224; x_wconf 91' lang='lat' dir='ltr'>non</span> <span class='ocrx_word' id='word_1_497' title='bbox 2180 3170 2255 3224; x_wconf 91' lang='lat' dir='ltr'>sit</span> <span class='ocrx_word' id='word_1_498' title='bbox 2274 3169 2661 3235; x_wconf 86' lang='lat' dir='ltr'>infructuosa,</span> <span class='ocrx_word' id='word_1_499' title='bbox 2691 3168 2791 3237; x_wconf 88' lang='lat' dir='ltr'>qui</span> <span class='ocrx_word' id='word_1_500' title='bbox 2814 3167 2873 3221; x_wconf 92' lang='lat' dir='ltr'>in</span> <span class='ocrx_word' id='word_1_501' title='bbox 2902 3168 3031 3221; x_wconf 89' lang='lat' dir='ltr'>sinu</span> <span class='ocrx_word' id='word_1_502' title='bbox 3059 3166 3467 3222; x_wconf 66' lang='lat' dir='ltr'>misericordia</span> <span class='ocrx_word' id='word_1_503' title='bbox 3495 3165 3594 3220; x_wconf 91' lang='lat' dir='ltr'>Dei</span> <span class='ocrx_word' id='word_1_504' title='bbox 3616 3166 3688 3220; x_wconf 91' lang='lat' dir='ltr'>ad</span> 
     </span>
    </p>
   </div>
   <div class='ocr_carea' id='block_1_64' title="bbox 275 3214 3690 3328">
    <p class='ocr_par' dir='ltr' id='par_1_64' title="bbox 275 3214 3690 3328">
     <span class='ocr_line' id='line_1_64' title="bbox 440 3214 3688 3237; baseline 0.002 -17"><span class='ocrx_word' id='word_1_505' title='bbox 440 3214 493 3231; x_wconf 36' lang='grc' dir='ltr'><em>ν,</em></span> <span class='ocrx_word' id='word_1_506' title='bbox 900 3214 1017 3216; x_wconf 35' lang='grc' dir='ltr'><em>κ</em></span> <span class='ocrx_word' id='word_1_507' title='bbox 1062 3214 1091 3216; x_wconf 52' lang='grc' dir='ltr'>η</span> <span class='ocrx_word' id='word_1_508' title='bbox 1125 3214 1225 3231; x_wconf 51' lang='grc' dir='ltr'>τη</span> <span class='ocrx_word' id='word_1_509' title='bbox 1554 3214 1585 3215; x_wconf 57' lang='grc' dir='ltr'><em>η</em></span> <span class='ocrx_word' id='word_1_510' title='bbox 1626 3214 1651 3216; x_wconf 58' lang='grc' dir='ltr'>η</span> <span class='ocrx_word' id='word_1_511' title='bbox 1724 3214 1834 3232; x_wconf 40' lang='grc' dir='ltr'>ηνι</span> <span class='ocrx_word' id='word_1_512' title='bbox 1906 3214 1923 3216; x_wconf 17' lang='grc' dir='ltr'><strong>ἡ</strong></span> <span class='ocrx_word' id='word_1_513' title='bbox 2044 3214 2156 3224; x_wconf 65' lang='grc' dir='ltr'>ην..</span> <span class='ocrx_word' id='word_1_514' title='bbox 2180 3214 2661 3235; x_wconf 55' lang='grc' dir='ltr'>υ.-.......ν...ννα,</span> <span class='ocrx_word' id='word_1_515' title='bbox 2694 3214 2791 3237; x_wconf 51' lang='grc' dir='ltr'>ην-</span> <span class='ocrx_word' id='word_1_516' title='bbox 2816 3214 2873 3221; x_wconf 89' lang='grc'>-..</span> <span class='ocrx_word' id='word_1_517' title='bbox 2902 3214 3031 3221; x_wconf 59' lang='grc' dir='ltr'>-..η</span> <span class='ocrx_word' id='word_1_518' title='bbox 3060 3214 3466 3222; x_wconf 61' lang='grc' dir='ltr'>--.--ν---ν---η</span> <span class='ocrx_word' id='word_1_519' title='bbox 3495 3214 3594 3220; x_wconf 77' lang='grc'>---</span> <span class='ocrx_word' id='word_1_520' title='bbox 3618 3214 3688 3220; x_wconf 49' lang='grc' dir='ltr'>τ-</span> 
     </span>
     <span class='ocr_line' id='line_1_65' title="bbox 275 3214 3690 3328; baseline 0.002 -26"><span class='ocrx_word' id='word_1_521' title='bbox 275 3248 717 3318; x_wconf 88' lang='lat' dir='ltr'>Christumjam</span> <span class='ocrx_word' id='word_1_522' title='bbox 740 3249 1039 3321; x_wconf 84' lang='lat' dir='ltr'>eripuisti:</span> <span class='ocrx_word' id='word_1_523' title='bbox 1066 3255 1124 3305; x_wconf 91' lang='lat' dir='ltr'>et</span> <span class='ocrx_word' id='word_1_524' title='bbox 1146 3249 1405 3321; x_wconf 90' lang='lat' dir='ltr'>quotidie</span> <span class='ocrx_word' id='word_1_525' title='bbox 1426 3248 1603 3320; x_wconf 83' lang='lat' dir='ltr'>eripis</span> <span class='ocrx_word' id='word_1_526' title='bbox 1619 3250 1747 3317; x_wconf 86' lang='lat' dir='ltr'>ejus</span> <span class='ocrx_word' id='word_1_527' title='bbox 1770 3266 1929 3304; x_wconf 89' lang='lat' dir='ltr'>men-</span> <span class='ocrx_word' id='word_1_528' title='bbox 1959 3214 2001 3279; x_wconf 79' lang='lat' dir='ltr'>C</span> <span class='ocrx_word' id='word_1_529' title='bbox 2038 3259 2217 3312; x_wconf 87' lang='lat' dir='ltr'>vitam</span> <span class='ocrx_word' id='word_1_530' title='bbox 2239 3258 2634 3328; x_wconf 68' lang='lat' dir='ltr'>praedestinati</span> <span class='ocrx_word' id='word_1_531' title='bbox 2668 3260 2842 3311; x_wconf 90' lang='lat' dir='ltr'>sunt:</span> <span class='ocrx_word' id='word_1_532' title='bbox 2879 3256 3118 3326; x_wconf 90' lang='lat' dir='ltr'>quidam</span> <span class='ocrx_word' id='word_1_533' title='bbox 3151 3255 3306 3309; x_wconf 91' lang='lat' dir='ltr'>enim</span> <span class='ocrx_word' id='word_1_534' title='bbox 3330 3255 3388 3307; x_wconf 88' lang='lat' dir='ltr'>in</span> <span class='ocrx_word' id='word_1_535' title='bbox 3416 3255 3690 3324; x_wconf 89' lang='lat' dir='ltr'>passione</span> 
     </span>
    </p>
   </div>
   <div class='ocr_carea' id='block_1_65' title="bbox 277 3336 1932 3409">
    <p class='ocr_par' dir='ltr' id='par_1_65' title="bbox 277 3336 1932 3409">
     <span class='ocr_line' id='line_1_66' title="bbox 277 3336 1932 3409; baseline 0 -18"><span class='ocrx_word' id='word_1_536' title='bbox 277 3338 389 3392; x_wconf 89' lang='lat' dir='ltr'>bra</span> <span class='ocrx_word' id='word_1_537' title='bbox 408 3336 675 3403; x_wconf 89' lang='lat' dir='ltr'>interius,</span> <span class='ocrx_word' id='word_1_538' title='bbox 693 3355 807 3393; x_wconf 92' lang='lat' dir='ltr'>non</span> <span class='ocrx_word' id='word_1_539' title='bbox 832 3339 1178 3409; x_wconf 90' lang='lat' dir='ltr'>permittens</span> <span class='ocrx_word' id='word_1_540' title='bbox 1201 3337 1337 3393; x_wconf 90' lang='lat' dir='ltr'>ullis</span> <span class='ocrx_word' id='word_1_541' title='bbox 1357 3337 1777 3393; x_wconf 89' lang='lat' dir='ltr'>tentationibus</span> <span class='ocrx_word' id='word_1_542' title='bbox 1800 3353 1932 3407; x_wconf 83' lang='lat' dir='ltr'>apo-</span> 
     </span>
    </p>
   </div>
   <div class='ocr_carea' id='block_1_66' title="bbox 278 3424 1932 3499">
    <p class='ocr_par' dir='ltr' id='par_1_66' title="bbox 278 3424 1932 3499">
     <span class='ocr_line' id='line_1_67' title="bbox 278 3424 1932 3499; baseline -0.001 -18"><span class='ocrx_word' id='word_1_543' title='bbox 278 3430 521 3493; x_wconf 78' lang='lat' dir='ltr'>statere,</span> <span class='ocrx_word' id='word_1_544' title='bbox 554 3426 775 3483; x_wconf 89' lang='lat' dir='ltr'>scilicet</span> <span class='ocrx_word' id='word_1_545' title='bbox 804 3429 1047 3499; x_wconf 82' lang='lat' dir='ltr'>eripiens</span> <span class='ocrx_word' id='word_1_546' title='bbox 1068 3444 1317 3498; x_wconf 86' lang='lat' dir='ltr'>egenum,</span> <span class='ocrx_word' id='word_1_547' title='bbox 1344 3427 1399 3481; x_wconf 93' lang='lat' dir='ltr'>id</span> <span class='ocrx_word' id='word_1_548' title='bbox 1424 3430 1530 3490; x_wconf 91' lang='lat' dir='ltr'>est,</span> <span class='ocrx_word' id='word_1_549' title='bbox 1559 3424 1726 3479; x_wconf 90' lang='lat' dir='ltr'>illum</span> <span class='ocrx_word' id='word_1_550' title='bbox 1749 3424 1848 3495; x_wconf 90' lang='lat' dir='ltr'>qui</span> <span class='ocrx_word' id='word_1_551' title='bbox 1870 3440 1932 3480; x_wconf 89' lang='lat' dir='ltr'>se</span> 
     </span>
    </p>
   </div>
   <div class='ocr_carea' id='block_1_67' title="bbox 274 3513 1931 3587">
    <p class='ocr_par' dir='ltr' id='par_1_67' title="bbox 274 3513 1931 3587">
     <span class='ocr_line' id='line_1_68' title="bbox 274 3513 1931 3587; baseline -0.002 -16"><span class='ocrx_word' id='word_1_552' title='bbox 274 3516 391 3571; x_wconf 89' lang='lat' dir='ltr'>sibi</span> <span class='ocrx_word' id='word_1_553' title='bbox 422 3532 537 3572; x_wconf 91' lang='lat' dir='ltr'>non</span> <span class='ocrx_word' id='word_1_554' title='bbox 570 3517 837 3572; x_wconf 86' lang='lat' dir='ltr'>sufﬁcere</span> <span class='ocrx_word' id='word_1_555' title='bbox 888 3517 1129 3572; x_wconf 91' lang='lat' dir='ltr'>credens</span> <span class='ocrx_word' id='word_1_556' title='bbox 1179 3516 1361 3571; x_wconf 90' lang='lat' dir='ltr'>credit</span> <span class='ocrx_word' id='word_1_557' title='bbox 1392 3532 1453 3571; x_wconf 91' lang='lat' dir='ltr'>se</span> <span class='ocrx_word' id='word_1_558' title='bbox 1484 3530 1651 3587; x_wconf 90' lang='lat' dir='ltr'>egere</span> <span class='ocrx_word' id='word_1_559' title='bbox 1700 3513 1931 3569; x_wconf 85' lang='lat' dir='ltr'>miseri-</span> 
     </span>
    </p>
   </div>
   <div class='ocr_carea' id='block_1_68' title="bbox 275 3602 1932 3677">
    <p class='ocr_par' dir='ltr' id='par_1_68' title="bbox 275 3602 1932 3677">
     <span class='ocr_line' id='line_1_69' title="bbox 275 3602 1932 3677; baseline -0.001 -18"><span class='ocrx_word' id='word_1_560' title='bbox 275 3604 481 3660; x_wconf 89' lang='lat' dir='ltr'>cordia</span> <span class='ocrx_word' id='word_1_561' title='bbox 514 3605 628 3660; x_wconf 87' lang='lat' dir='ltr'>Dei.</span> <span class='ocrx_word' id='word_1_562' title='bbox 663 3606 727 3660; x_wconf 88' lang='lat' dir='ltr'>Et</span> <span class='ocrx_word' id='word_1_563' title='bbox 755 3621 1071 3677; x_wconf 86' lang='lat' dir='ltr'>pauperem,</span> <span class='ocrx_word' id='word_1_564' title='bbox 1106 3605 1163 3659; x_wconf 92' lang='lat' dir='ltr'>id</span> <span class='ocrx_word' id='word_1_565' title='bbox 1196 3609 1304 3671; x_wconf 89' lang='lat' dir='ltr'>est,</span> <span class='ocrx_word' id='word_1_566' title='bbox 1344 3603 1509 3659; x_wconf 91' lang='lat' dir='ltr'>illum</span> <span class='ocrx_word' id='word_1_567' title='bbox 1542 3602 1643 3675; x_wconf 88' lang='lat' dir='ltr'>qui</span> <span class='ocrx_word' id='word_1_568' title='bbox 1675 3602 1783 3659; x_wconf 89' lang='lat' dir='ltr'>sibi</span> <span class='ocrx_word' id='word_1_569' title='bbox 1817 3620 1932 3658; x_wconf 91' lang='lat' dir='ltr'>non</span> 
     </span>
    </p>
   </div>
   <div class='ocr_carea' id='block_1_69' title="bbox 275 3693 1931 3761">
    <p class='ocr_par' dir='ltr' id='par_1_69' title="bbox 275 3693 1931 3761">
     <span class='ocr_line' id='line_1_70' title="bbox 275 3693 1931 3761; baseline -0.001 -12"><span class='ocrx_word' id='word_1_570' title='bbox 275 3693 582 3750; x_wconf 85' lang='lat' dir='ltr'>sufﬁciens</span> <span class='ocrx_word' id='word_1_571' title='bbox 610 3694 679 3749; x_wconf 90' lang='lat' dir='ltr'>ad</span> <span class='ocrx_word' id='word_1_572' title='bbox 712 3694 987 3761; x_wconf 88' lang='lat' dir='ltr'>salutem,</span> <span class='ocrx_word' id='word_1_573' title='bbox 1022 3693 1188 3749; x_wconf 88' lang='lat' dir='ltr'>diviti</span> <span class='ocrx_word' id='word_1_574' title='bbox 1218 3694 1333 3749; x_wconf 93' lang='lat' dir='ltr'>Deo</span> <span class='ocrx_word' id='word_1_575' title='bbox 1364 3694 1617 3749; x_wconf 72' lang='lat' dir='ltr'>adhaeret</span> <span class='ocrx_word' id='word_1_576' title='bbox 1646 3710 1658 3747; x_wconf 89' lang='lat'><strong>:</strong></span> <span class='ocrx_word' id='word_1_577' title='bbox 1709 3710 1743 3747; x_wconf 88' lang='lat' dir='ltr'>a</span> <span class='ocrx_word' id='word_1_578' title='bbox 1787 3693 1931 3747; x_wconf 89' lang='lat' dir='ltr'>diri-</span> 
     </span>
    </p>
   </div>
   <div class='ocr_carea' id='block_1_70' title="bbox 270 3782 1932 3854">
    <p class='ocr_par' dir='ltr' id='par_1_70' title="bbox 270 3782 1932 3854">
     <span class='ocr_line' id='line_1_71' title="bbox 270 3782 1932 3854; baseline -0.001 -15"><span class='ocrx_word' id='word_1_579' title='bbox 270 3784 561 3854; x_wconf 82' lang='lat' dir='ltr'>pientibus</span> <span class='ocrx_word' id='word_1_580' title='bbox 576 3799 721 3850; x_wconf 87' lang='lat' dir='ltr'>eum,</span> <span class='ocrx_word' id='word_1_581' title='bbox 736 3783 1035 3838; x_wconf 89' lang='lat' dir='ltr'>Christum</span> <span class='ocrx_word' id='word_1_582' title='bbox 1058 3801 1091 3838; x_wconf 89' lang='lat' dir='ltr'>a</span> <span class='ocrx_word' id='word_1_583' title='bbox 1107 3784 1321 3839; x_wconf 69' lang='lat' dir='ltr'>Iudaeis</span> <span class='ocrx_word' id='word_1_584' title='bbox 1344 3788 1400 3838; x_wconf 90' lang='lat' dir='ltr'>et</span> <span class='ocrx_word' id='word_1_585' title='bbox 1418 3782 1735 3838; x_wconf 76' lang='lat' dir='ltr'>Ecclesium</span> <span class='ocrx_word' id='word_1_586' title='bbox 1755 3799 1788 3837; x_wconf 93' lang='lat' dir='ltr'>a</span> <span class='ocrx_word' id='word_1_587' title='bbox 1807 3782 1932 3837; x_wconf 88' lang='lat' dir='ltr'>suis</span> 
     </span>
    </p>
   </div>
   <div class='ocr_carea' id='block_1_71' title="bbox 278 3871 1934 3944">
    <p class='ocr_par' dir='ltr' id='par_1_71' title="bbox 278 3871 1934 3944">
     <span class='ocr_line' id='line_1_72' title="bbox 278 3871 1934 3944; baseline -0.001 -17"><span class='ocrx_word' id='word_1_588' title='bbox 278 3872 707 3944; x_wconf 89' lang='lat' dir='ltr'>peccatoribus.</span> <span class='ocrx_word' id='word_1_589' title='bbox 743 3872 850 3938; x_wconf 90' lang='lat' dir='ltr'>Qui</span> <span class='ocrx_word' id='word_1_590' title='bbox 883 3872 1225 3944; x_wconf 89' lang='lat' dir='ltr'>diripientes</span> <span class='ocrx_word' id='word_1_591' title='bbox 1257 3876 1395 3927; x_wconf 89' lang='lat' dir='ltr'>sunt</span> <span class='ocrx_word' id='word_1_592' title='bbox 1426 3872 1613 3926; x_wconf 90' lang='lat' dir='ltr'>multi.</span> <span class='ocrx_word' id='word_1_593' title='bbox 1646 3871 1789 3926; x_wconf 90' lang='lat' dir='ltr'>Nam</span> <span class='ocrx_word' id='word_1_594' title='bbox 1817 3888 1934 3925; x_wconf 88' lang='lat' dir='ltr'>sur-</span> 
     </span>
    </p>
   </div>
   <div class='ocr_carea' id='block_1_72' title="bbox 275 3960 1930 4033">
    <p class='ocr_par' dir='ltr' id='par_1_72' title="bbox 275 3960 1930 4033">
     <span class='ocr_line' id='line_1_73' title="bbox 275 3960 1930 4033; baseline -0.001 -17"><span class='ocrx_word' id='word_1_595' title='bbox 275 3968 483 4031; x_wconf 73' lang='lat' dir='ltr'>gentes,</span> <span class='ocrx_word' id='word_1_596' title='bbox 514 3961 571 4015; x_wconf 90' lang='lat' dir='ltr'>id</span> <span class='ocrx_word' id='word_1_597' title='bbox 604 3966 715 4032; x_wconf 90' lang='lat' dir='ltr'>est,</span> <span class='ocrx_word' id='word_1_598' title='bbox 746 3965 947 4017; x_wconf 87' lang='lat' dir='ltr'>contra</span> <span class='ocrx_word' id='word_1_599' title='bbox 980 3978 1072 4017; x_wconf 91' lang='lat' dir='ltr'>me</span> <span class='ocrx_word' id='word_1_600' title='bbox 1118 3978 1179 4017; x_wconf 92' lang='lat' dir='ltr'>se</span> <span class='ocrx_word' id='word_1_601' title='bbox 1210 3962 1516 4033; x_wconf 86' lang='lat' dir='ltr'>erigentes,</span> <span class='ocrx_word' id='word_1_602' title='bbox 1550 3964 1703 4016; x_wconf 89' lang='lat' dir='ltr'>testes</span> <span class='ocrx_word' id='word_1_603' title='bbox 1734 3960 1930 4031; x_wconf 83' lang='lat' dir='ltr'>iniqui,</span> 
     </span>
    </p>
   </div>
   <div class='ocr_carea' id='block_1_73' title="bbox 275 4049 1933 4115">
    <p class='ocr_par' dir='ltr' id='par_1_73' title="bbox 275 4049 1933 4115">
     <span class='ocr_line' id='line_1_74' title="bbox 275 4049 1933 4115; baseline -0.001 -10"><span class='ocrx_word' id='word_1_604' title='bbox 275 4050 467 4105; x_wconf 68' lang='lat' dir='ltr'>Judaei</span> <span class='ocrx_word' id='word_1_605' title='bbox 488 4055 544 4106; x_wconf 91' lang='lat' dir='ltr'>et</span> <span class='ocrx_word' id='word_1_606' title='bbox 564 4051 663 4106; x_wconf 88' lang='lat' dir='ltr'>alii</span> <span class='ocrx_word' id='word_1_607' title='bbox 685 4050 991 4115; x_wconf 88' lang='lat' dir='ltr'>increduli,</span> <span class='ocrx_word' id='word_1_608' title='bbox 1013 4052 1219 4106; x_wconf 75' lang='lat' dir='ltr'>dantes</span> <span class='ocrx_word' id='word_1_609' title='bbox 1243 4049 1640 4105; x_wconf 90' lang='lat' dir='ltr'>testimonium</span> <span class='ocrx_word' id='word_1_610' title='bbox 1662 4049 1933 4105; x_wconf 85' lang='lat' dir='ltr'>falsitatis</span> 
     </span>
    </p>
   </div>
   <div class='ocr_carea' id='block_1_74' title="bbox 279 4138 1935 4196">
    <p class='ocr_par' dir='ltr' id='par_1_74' title="bbox 279 4138 1935 4196">
     <span class='ocr_line' id='line_1_75' title="bbox 279 4138 1935 4196; baseline -0.001 -1"><span class='ocrx_word' id='word_1_611' title='bbox 279 4143 339 4195; x_wconf 91' lang='lat' dir='ltr'>et</span> <span class='ocrx_word' id='word_1_612' title='bbox 353 4138 761 4196; x_wconf 90' lang='lat' dir='ltr'>testimonium</span> <span class='ocrx_word' id='word_1_613' title='bbox 791 4140 996 4195; x_wconf 90' lang='lat' dir='ltr'>mortis</span> <span class='ocrx_word' id='word_1_614' title='bbox 1021 4140 1076 4193; x_wconf 92' lang='lat' dir='ltr'>in</span> <span class='ocrx_word' id='word_1_615' title='bbox 1101 4144 1397 4195; x_wconf 90' lang='lat' dir='ltr'>auctorem</span> <span class='ocrx_word' id='word_1_616' title='bbox 1423 4140 1575 4193; x_wconf 63' lang='lat' dir='ltr'>vitae:</span> <span class='ocrx_word' id='word_1_617' title='bbox 1598 4138 1657 4193; x_wconf 87' lang='lat' dir='ltr'>Si</span> <span class='ocrx_word' id='word_1_618' title='bbox 1674 4155 1781 4192; x_wconf 81' lang='lat' dir='ltr'>non</span> <span class='ocrx_word' id='word_1_619' title='bbox 1799 4142 1935 4194; x_wconf 83' lang='lat' dir='ltr'>esset</span> 
     </span>
    </p>
   </div>
   <div class='ocr_carea' id='block_1_75' title="bbox 279 4228 1930 4299">
    <p class='ocr_par' dir='ltr' id='par_1_75' title="bbox 279 4228 1930 4299">
     <span class='ocr_line' id='line_1_76' title="bbox 279 4228 1930 4299; baseline -0.001 -16"><span class='ocrx_word' id='word_1_620' title='bbox 279 4228 375 4283; x_wconf 87' lang='lat' dir='ltr'>hic</span> <span class='ocrx_word' id='word_1_621' title='bbox 389 4230 731 4299; x_wconf 87' lang='lat' dir='ltr'>male/actor,</span> <span class='ocrx_word' id='word_1_622' title='bbox 747 4246 855 4285; x_wconf 92' lang='lat' dir='ltr'>non</span> <span class='ocrx_word' id='word_1_623' title='bbox 872 4230 979 4283; x_wconf 83' lang='lat' dir='ltr'>tibi</span> <span class='ocrx_word' id='word_1_624' title='bbox 994 4229 1409 4284; x_wconf 84' lang='lat' dir='ltr'>tradidissemus</span> <span class='ocrx_word' id='word_1_625' title='bbox 1421 4230 1737 4296; x_wconf 85' lang='lat' dir='ltr'>eum(Joan.</span> <span class='ocrx_word' id='word_1_626' title='bbox 1750 4229 1930 4297; x_wconf 79' lang='lat' dir='ltr'>xviii).</span> 
     </span>
    </p>
   </div>
   <div class='ocr_carea' id='block_1_76' title="bbox 278 4317 1931 4389">
    <p class='ocr_par' dir='ltr' id='par_1_76' title="bbox 278 4317 1931 4389">
     <span class='ocr_line' id='line_1_77' title="bbox 278 4317 1931 4389; baseline 0.001 -18"><span class='ocrx_word' id='word_1_627' title='bbox 278 4318 350 4371; x_wconf 90' lang='lat' dir='ltr'>Et</span> <span class='ocrx_word' id='word_1_628' title='bbox 385 4335 581 4374; x_wconf 86' lang='lat' dir='ltr'>revera</span> <span class='ocrx_word' id='word_1_629' title='bbox 612 4320 793 4389; x_wconf 87' lang='lat' dir='ltr'>iniqui</span> <span class='ocrx_word' id='word_1_630' title='bbox 822 4326 998 4388; x_wconf 87' lang='lat' dir='ltr'>testes,</span> <span class='ocrx_word' id='word_1_631' title='bbox 1026 4318 1166 4389; x_wconf 86' lang='lat' dir='ltr'>quia</span> <span class='ocrx_word' id='word_1_632' title='bbox 1185 4333 1311 4389; x_wconf 71' lang='lat' dir='ltr'>quae</span> <span class='ocrx_word' id='word_1_633' title='bbox 1336 4317 1675 4388; x_wconf 87' lang='lat' dir='ltr'>ignorabam,</span> <span class='ocrx_word' id='word_1_634' title='bbox 1701 4319 1931 4372; x_wconf 87' lang='lat' dir='ltr'>interro-</span> 
     </span>
    </p>
   </div>
   <div class='ocr_carea' id='block_1_77' title="bbox 277 4404 1933 4480">
    <p class='ocr_par' dir='ltr' id='par_1_77' title="bbox 277 4404 1933 4480">
     <span class='ocr_line' id='line_1_78' title="bbox 277 4404 1933 4480; baseline -0.001 -18"><span class='ocrx_word' id='word_1_635' title='bbox 277 4406 489 4475; x_wconf 81' lang='lat' dir='ltr'>gabant</span> <span class='ocrx_word' id='word_1_636' title='bbox 513 4424 617 4477; x_wconf 91' lang='lat' dir='ltr'>me,</span> <span class='ocrx_word' id='word_1_637' title='bbox 644 4408 701 4463; x_wconf 91' lang='lat' dir='ltr'>id</span> <span class='ocrx_word' id='word_1_638' title='bbox 725 4412 837 4473; x_wconf 87' lang='lat' dir='ltr'>est,</span> <span class='ocrx_word' id='word_1_639' title='bbox 862 4412 1098 4480; x_wconf 86' lang='lat' dir='ltr'>peccata</span> <span class='ocrx_word' id='word_1_640' title='bbox 1119 4425 1245 4478; x_wconf 78' lang='lat' dir='ltr'>quae</span> <span class='ocrx_word' id='word_1_641' title='bbox 1272 4423 1376 4478; x_wconf 88' lang='lat' dir='ltr'>ego</span> <span class='ocrx_word' id='word_1_642' title='bbox 1398 4423 1501 4478; x_wconf 89' lang='lat' dir='ltr'>per</span> <span class='ocrx_word' id='word_1_643' title='bbox 1520 4404 1933 4477; x_wconf 83' lang='lat' dir='ltr'>experientiam</span> 
     </span>
    </p>
   </div>
   <div class='ocr_carea' id='block_1_78' title="bbox 278 4493 1936 4568">
    <p class='ocr_par' dir='ltr' id='par_1_78' title="bbox 278 4493 1936 4568">
     <span class='ocr_line' id='line_1_79' title="bbox 278 4493 1936 4568; baseline -0.001 -18"><span class='ocrx_word' id='word_1_644' title='bbox 278 4496 1067 4568; x_wconf 87' lang='lat' dir='ltr'>nesciebam,interrogando</span> <span class='ocrx_word' id='word_1_645' title='bbox 1092 4496 1231 4550; x_wconf 90' lang='lat' dir='ltr'>mihi</span> <span class='ocrx_word' id='word_1_646' title='bbox 1254 4495 1649 4566; x_wconf 88' lang='lat' dir='ltr'>imponebant.</span> <span class='ocrx_word' id='word_1_647' title='bbox 1666 4495 1733 4548; x_wconf 87' lang='lat' dir='ltr'>Et</span> <span class='ocrx_word' id='word_1_648' title='bbox 1756 4495 1810 4548; x_wconf 91' lang='lat' dir='ltr'>in</span> <span class='ocrx_word' id='word_1_649' title='bbox 1834 4493 1936 4549; x_wconf 88' lang='lat' dir='ltr'>illa</span> 
     </span>
    </p>
   </div>
   <div class='ocr_carea' id='block_1_79' title="bbox 2042 3341 3691 3414">
    <p class='ocr_par' dir='ltr' id='par_1_79' title="bbox 2042 3341 3691 3414">
     <span class='ocr_line' id='line_1_80' title="bbox 2042 3341 3691 3414; baseline -0.003 -15"><span class='ocrx_word' id='word_1_650' title='bbox 2042 3346 2302 3400; x_wconf 88' lang='lat' dir='ltr'>conversi</span> <span class='ocrx_word' id='word_1_651' title='bbox 2329 3350 2488 3398; x_wconf 90' lang='lat' dir='ltr'>sunt.</span> <span class='ocrx_word' id='word_1_652' title='bbox 2509 3344 2691 3398; x_wconf 84' lang='lat' dir='ltr'>Aliter</span> <span class='ocrx_word' id='word_1_653' title='bbox 2712 3344 2883 3414; x_wconf 91' lang='lat' dir='ltr'>quasi</span> <span class='ocrx_word' id='word_1_654' title='bbox 2910 3344 3095 3397; x_wconf 88' lang='lat' dir='ltr'>dicat:</span> <span class='ocrx_word' id='word_1_655' title='bbox 3122 3342 3237 3413; x_wconf 90' lang='lat' dir='ltr'>Ipsi</span> <span class='ocrx_word' id='word_1_656' title='bbox 3260 3341 3403 3395; x_wconf 87' lang='lat' dir='ltr'>mihi</span> <span class='ocrx_word' id='word_1_657' title='bbox 3430 3342 3691 3395; x_wconf 86' lang='lat' dir='ltr'>sterilita-</span> 
     </span>
    </p>
   </div>
   <div class='ocr_carea' id='block_1_80' title="bbox 2043 3428 3687 3498">
    <p class='ocr_par' dir='ltr' id='par_1_80' title="bbox 2043 3428 3687 3498">
     <span class='ocr_line' id='line_1_81' title="bbox 2043 3428 3687 3498; baseline -0.002 -11"><span class='ocrx_word' id='word_1_658' title='bbox 2043 3438 2147 3488; x_wconf 87' lang='lat' dir='ltr'>tem</span> <span class='ocrx_word' id='word_1_659' title='bbox 2172 3449 2334 3487; x_wconf 87' lang='lat' dir='ltr'>suam</span> <span class='ocrx_word' id='word_1_660' title='bbox 2366 3433 2603 3497; x_wconf 88' lang='lat' dir='ltr'>dabant,</span> <span class='ocrx_word' id='word_1_661' title='bbox 2630 3432 2686 3485; x_wconf 89' lang='lat' dir='ltr'>id</span> <span class='ocrx_word' id='word_1_662' title='bbox 2711 3436 2819 3495; x_wconf 89' lang='lat' dir='ltr'>est,</span> <span class='ocrx_word' id='word_1_663' title='bbox 2844 3448 2906 3485; x_wconf 89' lang='lat' dir='ltr'>se</span> <span class='ocrx_word' id='word_1_664' title='bbox 2930 3430 3159 3485; x_wconf 87' lang='lat' dir='ltr'>steriles</span> <span class='ocrx_word' id='word_1_665' title='bbox 3188 3434 3245 3484; x_wconf 89' lang='lat' dir='ltr'>et</span> <span class='ocrx_word' id='word_1_666' title='bbox 3275 3428 3687 3498; x_wconf 78' lang='lat' dir='ltr'>infructuosos,</span> 
     </span>
    </p>
   </div>
   <div class='ocr_carea' id='block_1_81' title="bbox 2040 3518 3690 3591">
    <p class='ocr_par' dir='ltr' id='par_1_81' title="bbox 2040 3518 3690 3591">
     <span class='ocr_line' id='line_1_82' title="bbox 2040 3518 3690 3591; baseline -0.002 -13"><span class='ocrx_word' id='word_1_667' title='bbox 2040 3538 2135 3591; x_wconf 91' lang='lat' dir='ltr'>ego</span> <span class='ocrx_word' id='word_1_668' title='bbox 2159 3524 2338 3576; x_wconf 86' lang='lat' dir='ltr'>autem</span> <span class='ocrx_word' id='word_1_669' title='bbox 2357 3538 2479 3574; x_wconf 71' lang='lat' dir='ltr'>cznn</span> <span class='ocrx_word' id='word_1_670' title='bbox 2500 3520 2642 3573; x_wconf 85' lang='lat' dir='ltr'>mihi</span> <span class='ocrx_word' id='word_1_671' title='bbox 2662 3520 2875 3574; x_wconf 85' lang='lat' dir='ltr'>molesti</span> <span class='ocrx_word' id='word_1_672' title='bbox 2894 3523 3090 3587; x_wconf 88' lang='lat' dir='ltr'>essent,</span> <span class='ocrx_word' id='word_1_673' title='bbox 3112 3518 3170 3573; x_wconf 92' lang='lat' dir='ltr'>id</span> <span class='ocrx_word' id='word_1_674' title='bbox 3193 3522 3301 3585; x_wconf 90' lang='lat' dir='ltr'>est,</span> <span class='ocrx_word' id='word_1_675' title='bbox 3326 3518 3690 3589; x_wconf 89' lang='lat' dir='ltr'>despicerent</span> 
     </span>
    </p>
   </div>
   <div class='ocr_carea' id='block_1_82' title="bbox 2042 3606 3686 3690">
    <p class='ocr_par' dir='ltr' id='par_1_82' title="bbox 2042 3606 3686 3690">
     <span class='ocr_line' id='line_1_83' title="bbox 2042 3606 3686 3690; baseline -0.001 -23"><span class='ocrx_word' id='word_1_676' title='bbox 2042 3616 2277 3685; x_wconf 89' lang='lat' dir='ltr'>propter</span> <span class='ocrx_word' id='word_1_677' title='bbox 2307 3610 2573 3665; x_wconf 87' lang='lat' dir='ltr'>habitum</span> <span class='ocrx_word' id='word_1_678' title='bbox 2608 3608 2901 3680; x_wconf 83' lang='lat' dir='ltr'>pauperis,</span> <span class='ocrx_word' id='word_1_679' title='bbox 2932 3608 3198 3690; x_wconf 79' lang='lat' dir='ltr'>induebar</span> <span class='ocrx_word' id='word_1_680' title='bbox 3225 3608 3430 3672; x_wconf 84' lang='lat' dir='ltr'>cilicio,</span> <span class='ocrx_word' id='word_1_681' title='bbox 3470 3606 3527 3661; x_wconf 90' lang='lat' dir='ltr'>id</span> <span class='ocrx_word' id='word_1_682' title='bbox 3577 3612 3686 3665; x_wconf 89' lang='lat' dir='ltr'>est.</span> 
     </span>
    </p>
   </div>
   <div class='ocr_carea' id='block_1_83' title="bbox 2043 3695 3689 3773">
    <p class='ocr_par' dir='ltr' id='par_1_83' title="bbox 2043 3695 3689 3773">
     <span class='ocr_line' id='line_1_84' title="bbox 2043 3695 3689 3773; baseline -0.004 -17"><span class='ocrx_word' id='word_1_683' title='bbox 2043 3702 2330 3773; x_wconf 89' lang='lat' dir='ltr'>quosdam</span> <span class='ocrx_word' id='word_1_684' title='bbox 2380 3716 2449 3754; x_wconf 85' lang='lat' dir='ltr'>ex</span> <span class='ocrx_word' id='word_1_685' title='bbox 2498 3697 2614 3753; x_wconf 92' lang='lat' dir='ltr'>illis</span> <span class='ocrx_word' id='word_1_686' title='bbox 2667 3697 3073 3768; x_wconf 89' lang='lat' dir='ltr'>peccatoribus</span> <span class='ocrx_word' id='word_1_687' title='bbox 3122 3696 3229 3751; x_wconf 88' lang='lat' dir='ltr'>feci</span> <span class='ocrx_word' id='word_1_688' title='bbox 3277 3695 3689 3750; x_wconf 89' lang='lat' dir='ltr'>indumentum</span> 
     </span>
    </p>
   </div>
   <div class='ocr_carea' id='block_1_84' title="bbox 2044 3783 3688 3852">
    <p class='ocr_par' dir='ltr' id='par_1_84' title="bbox 2044 3783 3688 3852">
     <span class='ocr_line' id='line_1_85' title="bbox 2044 3783 3688 3852; baseline -0.006 -7"><span class='ocrx_word' id='word_1_689' title='bbox 2044 3806 2239 3845; x_wconf 90' lang='lat' dir='ltr'>meum</span> <span class='ocrx_word' id='word_1_690' title='bbox 2258 3794 2313 3844; x_wconf 93' lang='lat' dir='ltr'>et</span> <span class='ocrx_word' id='word_1_691' title='bbox 2330 3805 2434 3844; x_wconf 91' lang='lat' dir='ltr'>con</span> <span class='ocrx_word' id='word_1_692' title='bbox 2445 3788 2586 3843; x_wconf 89' lang='lat' dir='ltr'>form</span> <span class='ocrx_word' id='word_1_693' title='bbox 2596 3788 2684 3841; x_wconf 90' lang='lat' dir='ltr'>avi</span> <span class='ocrx_word' id='word_1_694' title='bbox 2704 3802 2801 3841; x_wconf 90' lang='lat' dir='ltr'>eos</span> <span class='ocrx_word' id='word_1_695' title='bbox 2819 3785 2983 3841; x_wconf 92' lang='lat' dir='ltr'>mihi.</span> <span class='ocrx_word' id='word_1_696' title='bbox 3002 3789 3066 3838; x_wconf 85' lang='lat' dir='ltr'>Et</span> <span class='ocrx_word' id='word_1_697' title='bbox 3082 3788 3277 3839; x_wconf 87' lang='lat' dir='ltr'>tamen</span> <span class='ocrx_word' id='word_1_698' title='bbox 3302 3783 3688 3852; x_wconf 87' lang='lat' dir='ltr'>humiliabam,</span> 
     </span>
    </p>
   </div>
   <div class='ocr_carea' id='block_1_85' title="bbox 2040 3871 3690 3949">
    <p class='ocr_par' dir='ltr' id='par_1_85' title="bbox 2040 3871 3690 3949">
     <span class='ocr_line' id='line_1_86' title="bbox 2040 3871 3690 3949; baseline -0.005 -16"><span class='ocrx_word' id='word_1_699' title='bbox 2040 3879 2098 3933; x_wconf 92' lang='lat' dir='ltr'>id</span> <span class='ocrx_word' id='word_1_700' title='bbox 2112 3878 2613 3949; x_wconf 89' lang='lat' dir='ltr'>est,extenuabam</span> <span class='ocrx_word' id='word_1_701' title='bbox 2627 3880 2684 3931; x_wconf 93' lang='lat' dir='ltr'>et</span> <span class='ocrx_word' id='word_1_702' title='bbox 2697 3874 3064 3930; x_wconf 88' lang='lat' dir='ltr'>macerabam</span> <span class='ocrx_word' id='word_1_703' title='bbox 3078 3872 3336 3927; x_wconf 90' lang='lat' dir='ltr'>animam</span> <span class='ocrx_word' id='word_1_704' title='bbox 3352 3887 3540 3926; x_wconf 88' lang='lat' dir='ltr'>meam</span> <span class='ocrx_word' id='word_1_705' title='bbox 3545 3871 3690 3943; x_wconf 88' lang='lat' dir='ltr'>jeju-</span> 
     </span>
    </p>
   </div>
   <div class='ocr_carea' id='block_1_86' title="bbox 2040 3960 3689 4039">
    <p class='ocr_par' dir='ltr' id='par_1_86' title="bbox 2040 3960 3689 4039">
     <span class='ocr_line' id='line_1_87' title="bbox 2040 3960 3689 4039; baseline -0.005 -15"><span class='ocrx_word' id='word_1_706' title='bbox 2040 3972 2154 4035; x_wconf 87' lang='lat' dir='ltr'>nio,</span> <span class='ocrx_word' id='word_1_707' title='bbox 2176 3968 2313 4039; x_wconf 90' lang='lat' dir='ltr'>quia</span> <span class='ocrx_word' id='word_1_708' title='bbox 2335 3984 2450 4022; x_wconf 88' lang='lat' dir='ltr'>non</span> <span class='ocrx_word' id='word_1_709' title='bbox 2468 3972 2553 4021; x_wconf 91' lang='lat' dir='ltr'>tot</span> <span class='ocrx_word' id='word_1_710' title='bbox 2571 3964 3001 4020; x_wconf 89' lang='lat' dir='ltr'>manducabam</span> <span class='ocrx_word' id='word_1_711' title='bbox 3021 3967 3164 4034; x_wconf 90' lang='lat' dir='ltr'>quot</span> <span class='ocrx_word' id='word_1_712' title='bbox 3181 3961 3467 4017; x_wconf 88' lang='lat' dir='ltr'>volebam.</span> <span class='ocrx_word' id='word_1_713' title='bbox 3485 3960 3689 4016; x_wconf 90' lang='lat' dir='ltr'>Solum</span> 
     </span>
    </p>
   </div>
   <div class='ocr_carea' id='block_1_87' title="bbox 2043 4052 3684 4123">
    <p class='ocr_par' dir='ltr' id='par_1_87' title="bbox 2043 4052 3684 4123">
     <span class='ocr_line' id='line_1_88' title="bbox 2043 4052 3684 4123; baseline -0.003 -11"><span class='ocrx_word' id='word_1_714' title='bbox 2043 4059 2197 4113; x_wconf 91' lang='lat' dir='ltr'>enim</span> <span class='ocrx_word' id='word_1_715' title='bbox 2235 4056 2517 4111; x_wconf 89' lang='lat' dir='ltr'>latronem</span> <span class='ocrx_word' id='word_1_716' title='bbox 2549 4054 2773 4109; x_wconf 92' lang='lat' dir='ltr'>comedi</span> <span class='ocrx_word' id='word_1_717' title='bbox 2805 4058 2863 4107; x_wconf 91' lang='lat' dir='ltr'>et</span> <span class='ocrx_word' id='word_1_718' title='bbox 2893 4052 3036 4108; x_wconf 86' lang='lat' dir='ltr'>alios</span> <span class='ocrx_word' id='word_1_719' title='bbox 3069 4068 3283 4123; x_wconf 89' lang='lat' dir='ltr'>paucos</span> <span class='ocrx_word' id='word_1_720' title='bbox 3314 4053 3465 4121; x_wconf 89' lang='lat' dir='ltr'>(Luc.</span> <span class='ocrx_word' id='word_1_721' title='bbox 3497 4054 3684 4119; x_wconf 74' lang='lat' dir='ltr'>XXIII).</span> 
     </span>
    </p>
   </div>
   <div class='ocr_carea' id='block_1_88' title="bbox 2043 4139 3689 4215">
    <p class='ocr_par' dir='ltr' id='par_1_88' title="bbox 2043 4139 3689 4215">
     <span class='ocr_line' id='line_1_89' title="bbox 2043 4139 3689 4215; baseline -0.004 -15"><span class='ocrx_word' id='word_1_722' title='bbox 2043 4149 2385 4215; x_wconf 87' lang='lat' dir='ltr'>Quanquam</span> <span class='ocrx_word' id='word_1_723' title='bbox 2408 4148 2647 4215; x_wconf 87' lang='lat' dir='ltr'>possent</span> <span class='ocrx_word' id='word_1_724' title='bbox 2671 4158 3018 4213; x_wconf 84' lang='lat' dir='ltr'>cognoscere</span> <span class='ocrx_word' id='word_1_725' title='bbox 3045 4142 3101 4196; x_wconf 91' lang='lat' dir='ltr'>in</span> <span class='ocrx_word' id='word_1_726' title='bbox 3126 4158 3218 4197; x_wconf 92' lang='lat' dir='ltr'>me</span> <span class='ocrx_word' id='word_1_727' title='bbox 3242 4141 3396 4196; x_wconf 90' lang='lat' dir='ltr'>unde</span> <span class='ocrx_word' id='word_1_728' title='bbox 3422 4156 3590 4198; x_wconf 91' lang='lat' dir='ltr'>meus</span> <span class='ocrx_word' id='word_1_729' title='bbox 3612 4139 3689 4196; x_wconf 90' lang='lat' dir='ltr'>ci-</span> 
     </span>
    </p>
   </div>
   <div class='ocr_carea' id='block_1_89' title="bbox 2044 4229 3683 4303">
    <p class='ocr_par' dir='ltr' id='par_1_89' title="bbox 2044 4229 3683 4303">
     <span class='ocr_line' id='line_1_90' title="bbox 2044 4229 3683 4303; baseline -0.003 -13"><span class='ocrx_word' id='word_1_730' title='bbox 2044 4236 2153 4290; x_wconf 89' lang='lat' dir='ltr'>bus</span> <span class='ocrx_word' id='word_1_731' title='bbox 2167 4234 2536 4303; x_wconf 87' lang='lat' dir='ltr'>ﬁerent,quia</span> <span class='ocrx_word' id='word_1_732' title='bbox 2554 4232 2737 4287; x_wconf 89' lang='lat' dir='ltr'>oratio</span> <span class='ocrx_word' id='word_1_733' title='bbox 2760 4249 2887 4287; x_wconf 89' lang='lat' dir='ltr'>mea</span> <span class='ocrx_word' id='word_1_734' title='bbox 2905 4249 3019 4287; x_wconf 92' lang='lat' dir='ltr'>non</span> <span class='ocrx_word' id='word_1_735' title='bbox 3044 4230 3219 4286; x_wconf 84' lang='lat' dir='ltr'>exibit</span> <span class='ocrx_word' id='word_1_736' title='bbox 3242 4231 3395 4285; x_wconf 89' lang='lat' dir='ltr'>foras</span> <span class='ocrx_word' id='word_1_737' title='bbox 3413 4230 3485 4285; x_wconf 89' lang='lat' dir='ltr'>ad</span> <span class='ocrx_word' id='word_1_738' title='bbox 3508 4229 3683 4285; x_wconf 89' lang='lat' dir='ltr'>alios:</span> 
     </span>
    </p>
   </div>
   <div class='ocr_carea' id='block_1_90' title="bbox 2044 4326 3685 4387">
    <p class='ocr_par' dir='ltr' id='par_1_90' title="bbox 2044 4326 3685 4387">
     <span class='ocr_line' id='line_1_91' title="bbox 2044 4326 3685 4387; baseline -0.005 0"><span class='ocrx_word' id='word_1_739' title='bbox 2044 4332 2143 4387; x_wconf 89' lang='lat' dir='ltr'>sed</span> <span class='ocrx_word' id='word_1_740' title='bbox 2197 4334 2564 4385; x_wconf 89' lang='lat' dir='ltr'>convertetur</span> <span class='ocrx_word' id='word_1_741' title='bbox 2593 4330 2753 4385; x_wconf 88' lang='lat' dir='ltr'>intus</span> <span class='ocrx_word' id='word_1_742' title='bbox 2785 4330 2842 4383; x_wconf 92' lang='lat' dir='ltr'>in</span> <span class='ocrx_word' id='word_1_743' title='bbox 2873 4330 3069 4383; x_wconf 90' lang='lat' dir='ltr'>sinum</span> <span class='ocrx_word' id='word_1_744' title='bbox 3102 4344 3297 4383; x_wconf 91' lang='lat' dir='ltr'>meum</span> <span class='ocrx_word' id='word_1_745' title='bbox 3330 4327 3401 4380; x_wconf 89' lang='lat' dir='ltr'>ad</span> <span class='ocrx_word' id='word_1_746' title='bbox 3432 4326 3685 4380; x_wconf 87' lang='lat' dir='ltr'>Verbum</span> 
     </span>
    </p>
   </div>
   <div class='ocr_carea' id='block_1_91' title="bbox 2044 4412 3688 4491">
    <p class='ocr_par' dir='ltr' id='par_1_91' title="bbox 2044 4412 3688 4491">
     <span class='ocr_line' id='line_1_92' title="bbox 2044 4412 3688 4491; baseline -0.004 -16"><span class='ocrx_word' id='word_1_747' title='bbox 2044 4420 2189 4475; x_wconf 91' lang='lat' dir='ltr'>mihi</span> <span class='ocrx_word' id='word_1_748' title='bbox 2208 4419 2590 4491; x_wconf 86' lang='lat' dir='ltr'>personaliter</span> <span class='ocrx_word' id='word_1_749' title='bbox 2605 4419 2858 4473; x_wconf 88' lang='lat' dir='ltr'>unitum.</span> <span class='ocrx_word' id='word_1_750' title='bbox 2874 4418 2996 4471; x_wconf 92' lang='lat' dir='ltr'>Non</span> <span class='ocrx_word' id='word_1_751' title='bbox 3016 4416 3173 4471; x_wconf 89' lang='lat' dir='ltr'>enim</span> <span class='ocrx_word' id='word_1_752' title='bbox 3194 4415 3433 4469; x_wconf 87' lang='lat' dir='ltr'>orabam</span> <span class='ocrx_word' id='word_1_753' title='bbox 3456 4412 3594 4468; x_wconf 89' lang='lat' dir='ltr'>foris</span> <span class='ocrx_word' id='word_1_754' title='bbox 3611 4413 3688 4468; x_wconf 84' lang='lat' dir='ltr'>ad</span> 
     </span>
    </p>
   </div>
   <div class='ocr_carea' id='block_1_92' title="bbox 2044 4502 3685 4575">
    <p class='ocr_par' dir='ltr' id='par_1_92' title="bbox 2044 4502 3685 4575">
     <span class='ocr_line' id='line_1_93' title="bbox 2044 4502 3685 4575; baseline -0.007 -10"><span class='ocrx_word' id='word_1_755' title='bbox 2044 4510 2209 4575; x_wconf 89' lang='lat' dir='ltr'>alios,</span> <span class='ocrx_word' id='word_1_756' title='bbox 2226 4513 2290 4563; x_wconf 90' lang='lat' dir='ltr'>ut</span> <span class='ocrx_word' id='word_1_757' title='bbox 2306 4525 2380 4563; x_wconf 76' lang='lat' dir='ltr'>cze</span> <span class='ocrx_word' id='word_1_758' title='bbox 2390 4508 2490 4562; x_wconf 91' lang='lat' dir='ltr'>teri</span> <span class='ocrx_word' id='word_1_759' title='bbox 2512 4507 2835 4560; x_wconf 88' lang='lat' dir='ltr'>hominum.</span> <span class='ocrx_word' id='word_1_760' title='bbox 2856 4505 2956 4559; x_wconf 88' lang='lat' dir='ltr'>Vel</span> <span class='ocrx_word' id='word_1_761' title='bbox 2976 4519 3313 4574; x_wconf 87' lang='lat' dir='ltr'>quanquam</span> <span class='ocrx_word' id='word_1_762' title='bbox 3327 4502 3685 4569; x_wconf 85' lang='lat' dir='ltr'>humiliabar,</span> 
     </span>
    </p>
   </div>
   <div class='ocr_carea' id='block_1_93' title="bbox 278 4583 1925 4671">
    <p class='ocr_par' dir='ltr' id='par_1_93' title="bbox 278 4583 1925 4657">
     <span class='ocr_line' id='line_1_94' title="bbox 278 4583 1925 4657; baseline 0 -18"><span class='ocrx_word' id='word_1_763' title='bbox 278 4585 761 4657; x_wconf 84' lang='lat' dir='ltr'>interrogatione,</span> <span class='ocrx_word' id='word_1_764' title='bbox 816 4586 1192 4640; x_wconf 85' lang='lat' dir='ltr'>retribuebant</span> <span class='ocrx_word' id='word_1_765' title='bbox 1222 4586 1363 4639; x_wconf 87' lang='lat' dir='ltr'>mihi</span> <span class='ocrx_word' id='word_1_766' title='bbox 1389 4583 1547 4639; x_wconf 82' lang='lat' dir='ltr'>mala</span> <span class='ocrx_word' id='word_1_767' title='bbox 1583 4600 1679 4655; x_wconf 88' lang='lat' dir='ltr'>pro</span> <span class='ocrx_word' id='word_1_768' title='bbox 1730 4584 1882 4638; x_wconf 87' lang='lat' dir='ltr'>bonis</span> <span class='ocrx_word' id='word_1_769' title='bbox 1914 4600 1925 4639; x_wconf 87' lang='lat'>:</span> 
     </span>
    </p>
   </div>
   <div class='ocr_carea' id='block_1_94' title="bbox 2036 4583 3686 4671">
    <p class='ocr_par' dir='ltr' id='par_1_94' title="bbox 2042 4591 3686 4671">
     <span class='ocr_line' id='line_1_95' title="bbox 2042 4591 3686 4671; baseline -0.006 -16"><span class='ocrx_word' id='word_1_770' title='bbox 2042 4614 2380 4671; x_wconf 88' lang='lat' dir='ltr'>quanquam</span> <span class='ocrx_word' id='word_1_771' title='bbox 2406 4613 2519 4651; x_wconf 89' lang='lat' dir='ltr'>non</span> <span class='ocrx_word' id='word_1_772' title='bbox 2543 4594 2855 4658; x_wconf 88' lang='lat' dir='ltr'>irascebar,</span> <span class='ocrx_word' id='word_1_773' title='bbox 2878 4598 3072 4647; x_wconf 88' lang='lat' dir='ltr'>tamen</span> <span class='ocrx_word' id='word_1_774' title='bbox 3103 4594 3284 4647; x_wconf 87' lang='lat' dir='ltr'>oratio</span> <span class='ocrx_word' id='word_1_775' title='bbox 3312 4607 3437 4645; x_wconf 87' lang='lat' dir='ltr'>mea</span> <span class='ocrx_word' id='word_1_776' title='bbox 3468 4592 3527 4645; x_wconf 88' lang='lat' dir='ltr'>in</span> <span class='ocrx_word' id='word_1_777' title='bbox 3553 4591 3686 4646; x_wconf 83' lang='lat' dir='ltr'>sinu</span> 
     </span>
    </p>
   </div>
   <div class='ocr_carea' id='block_1_95' title="bbox 281 4682 1933 4755">
    <p class='ocr_par' dir='ltr' id='par_1_95' title="bbox 281 4682 1933 4755">
     <span class='ocr_line' id='line_1_96' title="bbox 281 4682 1933 4755; baseline -0.001 -18"><span class='ocrx_word' id='word_1_778' title='bbox 281 4683 439 4754; x_wconf 89' lang='lat' dir='ltr'>quod</span> <span class='ocrx_word' id='word_1_779' title='bbox 470 4682 911 4755; x_wconf 89' lang='lat' dir='ltr'>iniquissimum</span> <span class='ocrx_word' id='word_1_780' title='bbox 943 4687 1049 4738; x_wconf 90' lang='lat' dir='ltr'>est.</span> <span class='ocrx_word' id='word_1_781' title='bbox 1083 4682 1192 4748; x_wconf 87' lang='lat' dir='ltr'>Qui</span> <span class='ocrx_word' id='word_1_782' title='bbox 1224 4700 1339 4737; x_wconf 92' lang='lat' dir='ltr'>non</span> <span class='ocrx_word' id='word_1_783' title='bbox 1371 4682 1562 4737; x_wconf 89' lang='lat' dir='ltr'>reddit</span> <span class='ocrx_word' id='word_1_784' title='bbox 1585 4683 1803 4737; x_wconf 89' lang='lat' dir='ltr'>bonum</span> <span class='ocrx_word' id='word_1_785' title='bbox 1818 4693 1933 4752; x_wconf 76' lang='lat' dir='ltr'>pro</span> 
     </span>
    </p>
   </div>
   <div class='ocr_carea' id='block_1_96' title="bbox 280 4770 1935 4844">
    <p class='ocr_par' dir='ltr' id='par_1_96' title="bbox 280 4770 1935 4844">
     <span class='ocr_line' id='line_1_97' title="bbox 280 4770 1935 4844; baseline -0.001 -17"><span class='ocrx_word' id='word_1_786' title='bbox 280 4773 463 4840; x_wconf 92' lang='lat' dir='ltr'>bono,</span> <span class='ocrx_word' id='word_1_787' title='bbox 482 4772 748 4844; x_wconf 88' lang='lat' dir='ltr'>ingratus</span> <span class='ocrx_word' id='word_1_788' title='bbox 770 4778 883 4839; x_wconf 90' lang='lat' dir='ltr'>est;</span> <span class='ocrx_word' id='word_1_789' title='bbox 910 4774 1009 4843; x_wconf 91' lang='lat' dir='ltr'>qui</span> <span class='ocrx_word' id='word_1_790' title='bbox 1030 4777 1224 4827; x_wconf 90' lang='lat' dir='ltr'>autem</span> <span class='ocrx_word' id='word_1_791' title='bbox 1250 4771 1469 4827; x_wconf 88' lang='lat' dir='ltr'>malum</span> <span class='ocrx_word' id='word_1_792' title='bbox 1491 4788 1593 4843; x_wconf 90' lang='lat' dir='ltr'>pro</span> <span class='ocrx_word' id='word_1_793' title='bbox 1616 4770 1789 4838; x_wconf 86' lang='lat' dir='ltr'>malo,</span> <span class='ocrx_word' id='word_1_794' title='bbox 1816 4786 1935 4826; x_wconf 76' lang='lat' dir='ltr'>ma~</span> 
     </span>
    </p>
   </div>
   <div class='ocr_carea' id='block_1_97' title="bbox 282 4860 1931 4933">
    <p class='ocr_par' dir='ltr' id='par_1_97' title="bbox 282 4860 1931 4933">
     <span class='ocr_line' id='line_1_98' title="bbox 282 4860 1931 4933; baseline -0.002 -17"><span class='ocrx_word' id='word_1_795' title='bbox 282 4860 383 4916; x_wconf 88' lang='lat' dir='ltr'>lus</span> <span class='ocrx_word' id='word_1_796' title='bbox 413 4866 539 4917; x_wconf 86' lang='lat' dir='ltr'>est:</span> <span class='ocrx_word' id='word_1_797' title='bbox 574 4862 673 4933; x_wconf 90' lang='lat' dir='ltr'>qui</span> <span class='ocrx_word' id='word_1_798' title='bbox 705 4879 837 4917; x_wconf 91' lang='lat' dir='ltr'>vero</span> <span class='ocrx_word' id='word_1_799' title='bbox 869 4861 1089 4917; x_wconf 89' lang='lat' dir='ltr'>malum</span> <span class='ocrx_word' id='word_1_800' title='bbox 1125 4878 1228 4933; x_wconf 92' lang='lat' dir='ltr'>pro</span> <span class='ocrx_word' id='word_1_801' title='bbox 1259 4863 1429 4926; x_wconf 92' lang='lat' dir='ltr'>bono,</span> <span class='ocrx_word' id='word_1_802' title='bbox 1458 4860 1695 4931; x_wconf 90' lang='lat' dir='ltr'>iniquus</span> <span class='ocrx_word' id='word_1_803' title='bbox 1721 4864 1838 4925; x_wconf 89' lang='lat' dir='ltr'>est;</span> <span class='ocrx_word' id='word_1_804' title='bbox 1876 4860 1931 4914; x_wconf 92' lang='lat' dir='ltr'>id</span> 
     </span>
    </p>
   </div>
   <div class='ocr_carea' id='block_1_98' title="bbox 282 4949 1932 5022">
    <p class='ocr_par' dir='ltr' id='par_1_98' title="bbox 282 4949 1932 5022">
     <span class='ocr_line' id='line_1_99' title="bbox 282 4949 1932 5022; baseline -0.002 -16"><span class='ocrx_word' id='word_1_805' title='bbox 282 4956 395 5020; x_wconf 89' lang='lat' dir='ltr'>est,</span> <span class='ocrx_word' id='word_1_806' title='bbox 430 4951 834 5007; x_wconf 84' lang='lat' dir='ltr'>retribuebant</span> <span class='ocrx_word' id='word_1_807' title='bbox 864 4956 1134 5017; x_wconf 88' lang='lat' dir='ltr'>mortem,</span> <span class='ocrx_word' id='word_1_808' title='bbox 1167 4968 1290 5022; x_wconf 68' lang='lat' dir='ltr'>qure</span> <span class='ocrx_word' id='word_1_809' title='bbox 1322 4949 1477 5005; x_wconf 90' lang='lat' dir='ltr'>mala</span> <span class='ocrx_word' id='word_1_810' title='bbox 1499 4952 1622 5004; x_wconf 89' lang='lat' dir='ltr'>erat</span> <span class='ocrx_word' id='word_1_811' title='bbox 1645 4953 1932 5019; x_wconf 89' lang='lat' dir='ltr'>quantum</span> 
     </span>
    </p>
   </div>
   <div class='ocr_carea' id='block_1_99' title="bbox 282 5036 1934 5112">
    <p class='ocr_par' dir='ltr' id='par_1_99' title="bbox 282 5036 1934 5112">
     <span class='ocr_line' id='line_1_100' title="bbox 282 5036 1934 5112; baseline -0.001 -17"><span class='ocrx_word' id='word_1_812' title='bbox 282 5041 359 5095; x_wconf 87' lang='lat' dir='ltr'>ad</span> <span class='ocrx_word' id='word_1_813' title='bbox 385 5056 586 5095; x_wconf 91' lang='lat' dir='ltr'>eorum</span> <span class='ocrx_word' id='word_1_814' title='bbox 616 5040 1019 5106; x_wconf 89' lang='lat' dir='ltr'>intentionem,</span> <span class='ocrx_word' id='word_1_815' title='bbox 1046 5057 1147 5112; x_wconf 93' lang='lat' dir='ltr'>pro</span> <span class='ocrx_word' id='word_1_816' title='bbox 1176 5040 1294 5095; x_wconf 91' lang='lat' dir='ltr'>vita</span> <span class='ocrx_word' id='word_1_817' title='bbox 1322 5056 1333 5093; x_wconf 92' lang='lat'>:</span> <span class='ocrx_word' id='word_1_818' title='bbox 1370 5039 1489 5094; x_wconf 74' lang='lat' dir='ltr'>haec</span> <span class='ocrx_word' id='word_1_819' title='bbox 1515 5037 1688 5103; x_wconf 91' lang='lat' dir='ltr'>mala,</span> <span class='ocrx_word' id='word_1_820' title='bbox 1714 5036 1934 5093; x_wconf 89' lang='lat' dir='ltr'>scilicet</span> 
     </span>
    </p>
   </div>
   <div class='ocr_carea' id='block_1_100' title="bbox 280 5124 1933 5199">
    <p class='ocr_par' dir='ltr' id='par_1_100' title="bbox 280 5124 1933 5199">
     <span class='ocr_line' id='line_1_101' title="bbox 280 5124 1933 5199; baseline -0.001 -16"><span class='ocrx_word' id='word_1_821' title='bbox 280 5128 638 5184; x_wconf 85' lang='lat' dir='ltr'>sterilitatem</span> <span class='ocrx_word' id='word_1_822' title='bbox 679 5132 882 5185; x_wconf 73' lang='lat' dir='ltr'>animae</span> <span class='ocrx_word' id='word_1_823' title='bbox 909 5144 1067 5195; x_wconf 74' lang='lat' dir='ltr'>meae,</span> <span class='ocrx_word' id='word_1_824' title='bbox 1101 5129 1157 5183; x_wconf 87' lang='lat' dir='ltr'>id</span> <span class='ocrx_word' id='word_1_825' title='bbox 1198 5134 1285 5185; x_wconf 90' lang='lat' dir='ltr'>est</span> <span class='ocrx_word' id='word_1_826' title='bbox 1316 5130 1443 5183; x_wconf 64' lang='lat' dir='ltr'>vita:</span> <span class='ocrx_word' id='word_1_827' title='bbox 1475 5144 1636 5184; x_wconf 65' lang='lat' dir='ltr'>meae.</span> <span class='ocrx_word' id='word_1_828' title='bbox 1671 5130 1785 5199; x_wconf 89' lang='lat' dir='ltr'>Ego</span> <span class='ocrx_word' id='word_1_829' title='bbox 1816 5124 1933 5181; x_wconf 89' lang='lat' dir='ltr'>illis</span> 
     </span>
    </p>
   </div>
   <div class='ocr_carea' id='block_1_101' title="bbox 282 5215 1930 5290">
    <p class='ocr_par' dir='ltr' id='par_1_101' title="bbox 282 5215 1930 5290">
     <span class='ocr_line' id='line_1_102' title="bbox 282 5215 1930 5290; baseline -0.002 -18"><span class='ocrx_word' id='word_1_830' title='bbox 282 5217 855 5290; x_wconf 88' lang='lat' dir='ltr'>abundantiam,ipsi</span> <span class='ocrx_word' id='word_1_831' title='bbox 871 5218 1013 5273; x_wconf 91' lang='lat' dir='ltr'>mihi</span> <span class='ocrx_word' id='word_1_832' title='bbox 1028 5218 1392 5273; x_wconf 86' lang='lat' dir='ltr'>sterilitatem</span> <span class='ocrx_word' id='word_1_833' title='bbox 1409 5236 1422 5285; x_wconf 88' lang='lat'><strong>;</strong></span> <span class='ocrx_word' id='word_1_834' title='bbox 1438 5233 1542 5289; x_wconf 88' lang='lat' dir='ltr'>ego</span> <span class='ocrx_word' id='word_1_835' title='bbox 1557 5215 1930 5285; x_wconf 83' lang='lat' dir='ltr'>medicinam,</span> 
     </span>
    </p>
   </div>
   <div class='ocr_carea' id='block_1_102' title="bbox 282 5313 1933 5387">
    <p class='ocr_par' dir='ltr' id='par_1_102' title="bbox 282 5313 1933 5387">
     <span class='ocr_line' id='line_1_103' title="bbox 282 5313 1933 5387; baseline -0.001 -19"><span class='ocrx_word' id='word_1_836' title='bbox 282 5313 399 5385; x_wconf 87' lang='lat' dir='ltr'>ipsi</span> <span class='ocrx_word' id='word_1_837' title='bbox 429 5314 703 5383; x_wconf 89' lang='lat' dir='ltr'>vulnera;</span> <span class='ocrx_word' id='word_1_838' title='bbox 736 5331 840 5387; x_wconf 90' lang='lat' dir='ltr'>ego</span> <span class='ocrx_word' id='word_1_839' title='bbox 873 5315 1144 5381; x_wconf 88' lang='lat' dir='ltr'>salutem,</span> <span class='ocrx_word' id='word_1_840' title='bbox 1194 5315 1306 5386; x_wconf 90' lang='lat' dir='ltr'>ipsi</span> <span class='ocrx_word' id='word_1_841' title='bbox 1353 5319 1635 5379; x_wconf 88' lang='lat' dir='ltr'>mortem;</span> <span class='ocrx_word' id='word_1_842' title='bbox 1680 5330 1784 5385; x_wconf 91' lang='lat' dir='ltr'>ego</span> <span class='ocrx_word' id='word_1_843' title='bbox 1816 5313 1933 5368; x_wconf 90' lang='lat' dir='ltr'>illis</span> 
     </span>
    </p>
   </div>
   <div class='ocr_carea' id='block_1_103' title="bbox 278 5403 1933 5477">
    <p class='ocr_par' dir='ltr' id='par_1_103' title="bbox 278 5403 1933 5477">
     <span class='ocr_line' id='line_1_104' title="bbox 278 5403 1933 5477; baseline 0.001 -19"><span class='ocrx_word' id='word_1_844' title='bbox 278 5403 536 5459; x_wconf 87' lang='lat' dir='ltr'>imbrem</span> <span class='ocrx_word' id='word_1_845' title='bbox 568 5405 727 5460; x_wconf 90' lang='lat' dir='ltr'>verbi</span> <span class='ocrx_word' id='word_1_846' title='bbox 758 5405 883 5475; x_wconf 86' lang='lat' dir='ltr'>Dei,</span> <span class='ocrx_word' id='word_1_847' title='bbox 909 5404 1019 5477; x_wconf 91' lang='lat' dir='ltr'>ipsi</span> <span class='ocrx_word' id='word_1_848' title='bbox 1051 5420 1165 5458; x_wconf 88' lang='lat' dir='ltr'>non</span> <span class='ocrx_word' id='word_1_849' title='bbox 1191 5404 1560 5475; x_wconf 90' lang='lat' dir='ltr'>recipientes,</span> <span class='ocrx_word' id='word_1_850' title='bbox 1592 5403 1851 5457; x_wconf 89' lang='lat' dir='ltr'>fecerunt</span> <span class='ocrx_word' id='word_1_851' title='bbox 1872 5419 1933 5459; x_wconf 88' lang='lat' dir='ltr'>se</span> 
     </span>
    </p>
   </div>
   <div class='ocr_carea' id='block_1_104' title="bbox 276 5487 1931 5560">
    <p class='ocr_par' dir='ltr' id='par_1_104' title="bbox 276 5487 1931 5560">
     <span class='ocr_line' id='line_1_105' title="bbox 276 5487 1931 5560; baseline -0.003 -13"><span class='ocrx_word' id='word_1_852' title='bbox 276 5491 705 5560; x_wconf 90' lang='lat' dir='ltr'>infructuosos,</span> <span class='ocrx_word' id='word_1_853' title='bbox 728 5492 952 5549; x_wconf 88' lang='lat' dir='ltr'>similes</span> <span class='ocrx_word' id='word_1_854' title='bbox 975 5490 1055 5546; x_wconf 90' lang='lat' dir='ltr'>illi</span> <span class='ocrx_word' id='word_1_855' title='bbox 1079 5490 1271 5546; x_wconf 87' lang='lat' dir='ltr'>arbori</span> <span class='ocrx_word' id='word_1_856' title='bbox 1298 5490 1392 5545; x_wconf 92' lang='lat' dir='ltr'>cui</span> <span class='ocrx_word' id='word_1_857' title='bbox 1415 5487 1714 5544; x_wconf 78' lang='lat' dir='ltr'>maledixit</span> <span class='ocrx_word' id='word_1_858' title='bbox 1738 5488 1931 5543; x_wconf 90' lang='lat' dir='ltr'>Domi-</span> 
     </span>
    </p>
   </div>
   <div class='ocr_carea' id='block_1_105' title="bbox 276 5576 1934 5653">
    <p class='ocr_par' dir='ltr' id='par_1_105' title="bbox 276 5576 1934 5653">
     <span class='ocr_line' id='line_1_106' title="bbox 276 5576 1934 5653; baseline -0.004 -14"><span class='ocrx_word' id='word_1_859' title='bbox 276 5598 448 5639; x_wconf 90' lang='lat' dir='ltr'>nus:</span> <span class='ocrx_word' id='word_1_860' title='bbox 502 5599 627 5653; x_wconf 69' lang='lat' dir='ltr'>quze</span> <span class='ocrx_word' id='word_1_861' title='bbox 661 5582 837 5649; x_wconf 90' lang='lat' dir='ltr'>culta,</span> <span class='ocrx_word' id='word_1_862' title='bbox 873 5599 983 5637; x_wconf 90' lang='lat' dir='ltr'>non</span> <span class='ocrx_word' id='word_1_863' title='bbox 1033 5582 1312 5637; x_wconf 89' lang='lat' dir='ltr'>reddebat</span> <span class='ocrx_word' id='word_1_864' title='bbox 1358 5582 1601 5645; x_wconf 88' lang='lat' dir='ltr'>fructus,</span> <span class='ocrx_word' id='word_1_865' title='bbox 1655 5578 1753 5632; x_wconf 87' lang='lat' dir='ltr'>sed</span> <span class='ocrx_word' id='word_1_866' title='bbox 1800 5576 1934 5633; x_wconf 89' lang='lat' dir='ltr'>folia</span> 
     </span>
    </p>
   </div>
   <div class='ocr_carea' id='block_1_106' title="bbox 274 5668 1932 5749">
    <p class='ocr_par' dir='ltr' id='par_1_106' title="bbox 274 5668 1932 5749">
     <span class='ocr_line' id='line_1_107' title="bbox 274 5668 1932 5749; baseline -0.001 -19"><span class='ocrx_word' id='word_1_867' title='bbox 274 5672 480 5749; x_wconf 69' lang='lat' dir='ltr'>(Marc.</span> <span class='ocrx_word' id='word_1_868' title='bbox 513 5672 603 5746; x_wconf 72' lang='grc' dir='ltr'>χι)</span> <span class='ocrx_word' id='word_1_869' title='bbox 636 5690 649 5729; x_wconf 89' lang='lat'><strong>:</strong></span> <span class='ocrx_word' id='word_1_870' title='bbox 701 5671 920 5729; x_wconf 87' lang='lat' dir='ltr'>scilicet</span> <span class='ocrx_word' id='word_1_871' title='bbox 967 5670 1275 5729; x_wconf 84' lang='lat' dir='ltr'>reddentes</span> <span class='ocrx_word' id='word_1_872' title='bbox 1302 5668 1481 5728; x_wconf 87' lang='lat' dir='ltr'>verba</span> <span class='ocrx_word' id='word_1_873' title='bbox 1509 5684 1625 5726; x_wconf 89' lang='lat' dir='ltr'>non</span> <span class='ocrx_word' id='word_1_874' title='bbox 1656 5668 1838 5740; x_wconf 83' lang='lat' dir='ltr'>facta;</span> <span class='ocrx_word' id='word_1_875' title='bbox 1873 5668 1932 5728; x_wconf 89' lang='lat' dir='ltr'>in</span> 
     </span>
    </p>
   </div>
   <div class='ocr_carea' id='block_1_107' title="bbox 2044 4680 3684 4753">
    <p class='ocr_par' dir='ltr' id='par_1_107' title="bbox 2044 4680 3684 4753">
     <span class='ocr_line' id='line_1_108' title="bbox 2044 4680 3684 4753; baseline -0.005 -10"><span class='ocrx_word' id='word_1_876' title='bbox 2044 4705 2160 4745; x_wconf 85' lang='lat' dir='ltr'>meo</span> <span class='ocrx_word' id='word_1_877' title='bbox 2190 4694 2549 4753; x_wconf 87' lang='lat' dir='ltr'>convertetur,</span> <span class='ocrx_word' id='word_1_878' title='bbox 2576 4683 2632 4737; x_wconf 91' lang='lat' dir='ltr'>id</span> <span class='ocrx_word' id='word_1_879' title='bbox 2663 4686 2770 4745; x_wconf 89' lang='lat' dir='ltr'>est,</span> <span class='ocrx_word' id='word_1_880' title='bbox 2796 4681 3083 4736; x_wconf 87' lang='lat' dir='ltr'>habebam</span> <span class='ocrx_word' id='word_1_881' title='bbox 3108 4680 3313 4750; x_wconf 90' lang='lat' dir='ltr'>Deum,</span> <span class='ocrx_word' id='word_1_882' title='bbox 3338 4680 3396 4734; x_wconf 93' lang='lat' dir='ltr'>in</span> <span class='ocrx_word' id='word_1_883' title='bbox 3421 4696 3513 4735; x_wconf 91' lang='lat' dir='ltr'>me</span> <span class='ocrx_word' id='word_1_884' title='bbox 3534 4680 3684 4752; x_wconf 91' lang='lat' dir='ltr'>ipso,</span> 
     </span>
    </p>
   </div>
   <div class='ocr_carea' id='block_1_108' title="bbox 2046 4768 3689 4848">
    <p class='ocr_par' dir='ltr' id='par_1_108' title="bbox 2046 4768 3689 4848">
     <span class='ocr_line' id='line_1_109' title="bbox 2046 4768 3689 4848; baseline -0.005 -16"><span class='ocrx_word' id='word_1_885' title='bbox 2046 4793 2147 4848; x_wconf 91' lang='lat' dir='ltr'>per</span> <span class='ocrx_word' id='word_1_886' title='bbox 2168 4792 2337 4847; x_wconf 90' lang='lat' dir='ltr'>quem</span> <span class='ocrx_word' id='word_1_887' title='bbox 2362 4789 2593 4845; x_wconf 90' lang='lat' dir='ltr'>possem</span> <span class='ocrx_word' id='word_1_888' title='bbox 2616 4770 2908 4825; x_wconf 91' lang='lat' dir='ltr'>vindicare</span> <span class='ocrx_word' id='word_1_889' title='bbox 2930 4769 2987 4823; x_wconf 95' lang='lat' dir='ltr'>in</span> <span class='ocrx_word' id='word_1_890' title='bbox 3011 4784 3129 4824; x_wconf 90' lang='lat' dir='ltr'>eos.</span> <span class='ocrx_word' id='word_1_891' title='bbox 3149 4769 3259 4824; x_wconf 89' lang='lat' dir='ltr'>Sed</span> <span class='ocrx_word' id='word_1_892' title='bbox 3278 4768 3405 4824; x_wconf 91' lang='lat' dir='ltr'>ideo</span> <span class='ocrx_word' id='word_1_893' title='bbox 3428 4770 3689 4823; x_wconf 84' lang='lat' dir='ltr'>humilia-</span> 
     </span>
    </p>
   </div>
   <div class='ocr_carea' id='block_1_109' title="bbox 2045 4857 3687 4936">
    <p class='ocr_par' dir='ltr' id='par_1_109' title="bbox 2045 4857 3687 4936">
     <span class='ocr_line' id='line_1_110' title="bbox 2045 4857 3687 4936; baseline -0.005 -17"><span class='ocrx_word' id='word_1_894' title='bbox 2045 4866 2186 4932; x_wconf 92' lang='lat' dir='ltr'>bam,</span> <span class='ocrx_word' id='word_1_895' title='bbox 2201 4865 2339 4936; x_wconf 89' lang='lat' dir='ltr'>quia</span> <span class='ocrx_word' id='word_1_896' title='bbox 2360 4862 2777 4933; x_wconf 85' lang='lat' dir='ltr'>complacebam,</span> <span class='ocrx_word' id='word_1_897' title='bbox 2801 4857 3021 4913; x_wconf 89' lang='lat' dir='ltr'>scilicet</span> <span class='ocrx_word' id='word_1_898' title='bbox 3043 4858 3184 4913; x_wconf 91' lang='lat' dir='ltr'>mihi</span> <span class='ocrx_word' id='word_1_899' title='bbox 3206 4858 3267 4912; x_wconf 91' lang='lat' dir='ltr'>in</span> <span class='ocrx_word' id='word_1_900' title='bbox 3289 4858 3687 4913; x_wconf 88' lang='lat' dir='ltr'>admonitione</span> 
     </span>
    </p>
   </div>
   <div class='ocr_carea' id='block_1_110' title="bbox 2043 4946 3683 5021">
    <p class='ocr_par' dir='ltr' id='par_1_110' title="bbox 2043 4946 3683 5021">
     <span class='ocr_line' id='line_1_111' title="bbox 2043 4946 3683 5021; baseline -0.005 -15"><span class='ocrx_word' id='word_1_901' title='bbox 2043 4954 2300 5021; x_wconf 87' lang='lat' dir='ltr'>illorum,</span> <span class='ocrx_word' id='word_1_902' title='bbox 2326 4953 2408 5007; x_wconf 91' lang='lat' dir='ltr'>sic</span> <span class='ocrx_word' id='word_1_903' title='bbox 2429 4952 2596 5021; x_wconf 81' lang='lat' dir='ltr'>quasi</span> <span class='ocrx_word' id='word_1_904' title='bbox 2615 4947 2825 5019; x_wconf 87' lang='lat' dir='ltr'>aliquis</span> <span class='ocrx_word' id='word_1_905' title='bbox 2847 4948 3062 5019; x_wconf 85' lang='lat' dir='ltr'>gaudet</span> <span class='ocrx_word' id='word_1_906' title='bbox 3091 4948 3149 5001; x_wconf 92' lang='lat' dir='ltr'>in</span> <span class='ocrx_word' id='word_1_907' title='bbox 3181 4946 3548 5002; x_wconf 90' lang='lat' dir='ltr'>admonendo</span> <span class='ocrx_word' id='word_1_908' title='bbox 3563 4947 3683 5015; x_wconf 83' lang='lat' dir='ltr'>fra-</span> 
     </span>
    </p>
   </div>
   <div class='ocr_carea' id='block_1_111' title="bbox 2043 5030 3683 5111">
    <p class='ocr_par' dir='ltr' id='par_1_111' title="bbox 2043 5030 3683 5111">
     <span class='ocr_line' id='line_1_112' title="bbox 2043 5030 3683 5111; baseline -0.007 -14"><span class='ocrx_word' id='word_1_909' title='bbox 2043 5047 2181 5098; x_wconf 88' lang='lat' dir='ltr'>trem</span> <span class='ocrx_word' id='word_1_910' title='bbox 2214 5041 2297 5096; x_wconf 86' lang='lat' dir='ltr'>vel</span> <span class='ocrx_word' id='word_1_911' title='bbox 2326 5042 2655 5111; x_wconf 70' lang='lat' dir='ltr'>proximum.</span> <span class='ocrx_word' id='word_1_912' title='bbox 2690 5040 2758 5093; x_wconf 90' lang='lat' dir='ltr'>Et</span> <span class='ocrx_word' id='word_1_913' title='bbox 2786 5042 2981 5093; x_wconf 89' lang='lat' dir='ltr'>tamen</span> <span class='ocrx_word' id='word_1_914' title='bbox 3015 5036 3097 5093; x_wconf 90' lang='lat' dir='ltr'>sic</span> <span class='ocrx_word' id='word_1_915' title='bbox 3126 5035 3469 5089; x_wconf 77' lang='lat' dir='ltr'>humi/iubar</span> <span class='ocrx_word' id='word_1_916' title='bbox 3497 5033 3568 5087; x_wconf 91' lang='lat' dir='ltr'>ab</span> <span class='ocrx_word' id='word_1_917' title='bbox 3598 5030 3683 5087; x_wconf 81' lang='lat' dir='ltr'>eis</span> 
     </span>
    </p>
   </div>
   <div class='ocr_carea' id='block_1_112' title="bbox 2043 5122 3683 5204">
    <p class='ocr_par' dir='ltr' id='par_1_112' title="bbox 2043 5122 3683 5204">
     <span class='ocr_line' id='line_1_113' title="bbox 2043 5122 3683 5204; baseline -0.008 -17"><span class='ocrx_word' id='word_1_918' title='bbox 2043 5132 2199 5204; x_wconf 88' lang='lat' dir='ltr'>quasi</span> <span class='ocrx_word' id='word_1_919' title='bbox 2222 5132 2409 5199; x_wconf 85' lang='lat' dir='ltr'>lugens</span> <span class='ocrx_word' id='word_1_920' title='bbox 2432 5132 2481 5183; x_wconf 90' lang='lat' dir='ltr'>et</span> <span class='ocrx_word' id='word_1_921' title='bbox 2504 5126 2947 5193; x_wconf 84' lang='lat' dir='ltr'>contristatus,id</span> <span class='ocrx_word' id='word_1_922' title='bbox 2970 5129 3076 5189; x_wconf 90' lang='lat' dir='ltr'>est,</span> <span class='ocrx_word' id='word_1_923' title='bbox 3108 5128 3171 5178; x_wconf 90' lang='lat' dir='ltr'>ut</span> <span class='ocrx_word' id='word_1_924' title='bbox 3190 5138 3422 5194; x_wconf 90' lang='lat' dir='ltr'>possem</span> <span class='ocrx_word' id='word_1_925' title='bbox 3445 5122 3683 5191; x_wconf 88' lang='lat' dir='ltr'>compa-</span> 
     </span>
    </p>
   </div>
   <div class='ocr_carea' id='block_1_113' title="bbox 2044 5212 3680 5289">
    <p class='ocr_par' dir='ltr' id='par_1_113' title="bbox 2044 5212 3680 5289">
     <span class='ocr_line' id='line_1_114' title="bbox 2044 5212 3680 5289; baseline -0.009 -13"><span class='ocrx_word' id='word_1_926' title='bbox 2044 5221 2159 5277; x_wconf 91' lang='lat' dir='ltr'>rari</span> <span class='ocrx_word' id='word_1_927' title='bbox 2181 5218 2399 5289; x_wconf 79' lang='lat' dir='ltr'>lugenti</span> <span class='ocrx_word' id='word_1_928' title='bbox 2424 5221 2481 5271; x_wconf 90' lang='lat' dir='ltr'>et</span> <span class='ocrx_word' id='word_1_929' title='bbox 2500 5216 2873 5270; x_wconf 89' lang='lat' dir='ltr'>contristato:</span> <span class='ocrx_word' id='word_1_930' title='bbox 2909 5215 3035 5268; x_wconf 90' lang='lat' dir='ltr'>ideo</span> <span class='ocrx_word' id='word_1_931' title='bbox 3068 5214 3225 5282; x_wconf 86' lang='lat' dir='ltr'>quasi</span> <span class='ocrx_word' id='word_1_932' title='bbox 3256 5212 3448 5279; x_wconf 85' lang='lat' dir='ltr'>lugens</span> <span class='ocrx_word' id='word_1_933' title='bbox 3475 5213 3525 5264; x_wconf 90' lang='lat' dir='ltr'>et</span> <span class='ocrx_word' id='word_1_934' title='bbox 3553 5224 3680 5264; x_wconf 87' lang='lat' dir='ltr'>con-</span> 
     </span>
    </p>
   </div>
   <div class='ocr_carea' id='block_1_114' title="bbox 2041 5300 3680 5378">
    <p class='ocr_par' dir='ltr' id='par_1_114' title="bbox 2041 5300 3680 5378">
     <span class='ocr_line' id='line_1_115' title="bbox 2041 5300 3680 5378; baseline -0.009 -12"><span class='ocrx_word' id='word_1_935' title='bbox 2041 5313 2312 5373; x_wconf 86' lang='lat' dir='ltr'>tristatus,</span> <span class='ocrx_word' id='word_1_936' title='bbox 2347 5306 2485 5378; x_wconf 91' lang='lat' dir='ltr'>quia</span> <span class='ocrx_word' id='word_1_937' title='bbox 2514 5305 2599 5359; x_wconf 87' lang='lat' dir='ltr'>illi</span> <span class='ocrx_word' id='word_1_938' title='bbox 2631 5320 2777 5376; x_wconf 90' lang='lat' dir='ltr'>quos</span> <span class='ocrx_word' id='word_1_939' title='bbox 2807 5302 3033 5357; x_wconf 89' lang='lat' dir='ltr'>salvare</span> <span class='ocrx_word' id='word_1_940' title='bbox 3062 5300 3390 5371; x_wconf 88' lang='lat' dir='ltr'>cupiebam,</span> <span class='ocrx_word' id='word_1_941' title='bbox 3420 5308 3470 5353; x_wconf 81' lang='lat' dir='ltr'>et</span> <span class='ocrx_word' id='word_1_942' title='bbox 3490 5312 3680 5353; x_wconf 82' lang='lat' dir='ltr'>conve-</span> 
     </span>
    </p>
   </div>
   <div class='ocr_carea' id='block_1_115' title="bbox 2042 5388 3685 5461">
    <p class='ocr_par' dir='ltr' id='par_1_115' title="bbox 2042 5388 3685 5461">
     <span class='ocr_line' id='line_1_116' title="bbox 2042 5388 3685 5461; baseline -0.009 -6"><span class='ocrx_word' id='word_1_943' title='bbox 2042 5402 2260 5459; x_wconf 89' lang='lat' dir='ltr'>nerunt,</span> <span class='ocrx_word' id='word_1_944' title='bbox 2301 5396 2357 5450; x_wconf 89' lang='lat' dir='ltr'>id</span> <span class='ocrx_word' id='word_1_945' title='bbox 2389 5399 2496 5461; x_wconf 90' lang='lat' dir='ltr'>est,</span> <span class='ocrx_word' id='word_1_946' title='bbox 2542 5392 2854 5448; x_wconf 90' lang='lat' dir='ltr'>unanimes</span> <span class='ocrx_word' id='word_1_947' title='bbox 2886 5390 2943 5443; x_wconf 91' lang='lat' dir='ltr'>in</span> <span class='ocrx_word' id='word_1_948' title='bbox 2974 5388 3083 5444; x_wconf 90' lang='lat' dir='ltr'>hoc</span> <span class='ocrx_word' id='word_1_949' title='bbox 3114 5388 3247 5443; x_wconf 91' lang='lat' dir='ltr'>facti</span> <span class='ocrx_word' id='word_1_950' title='bbox 3278 5390 3438 5456; x_wconf 89' lang='lat' dir='ltr'>sunt,</span> <span class='ocrx_word' id='word_1_951' title='bbox 3471 5402 3587 5440; x_wconf 91' lang='lat' dir='ltr'>non</span> <span class='ocrx_word' id='word_1_952' title='bbox 3616 5388 3685 5441; x_wconf 85' lang='lat' dir='ltr'>ut</span> 
     </span>
    </p>
   </div>
   <div class='ocr_carea' id='block_1_116' title="bbox 2042 5473 3684 5561">
    <p class='ocr_par' dir='ltr' id='par_1_116' title="bbox 2042 5473 3684 5561">
     <span class='ocr_line' id='line_1_117' title="bbox 2042 5473 3684 5561; baseline -0.01 -17"><span class='ocrx_word' id='word_1_953' title='bbox 2042 5493 2175 5561; x_wconf 87' lang='lat' dir='ltr'>post</span> <span class='ocrx_word' id='word_1_954' title='bbox 2203 5502 2296 5542; x_wconf 90' lang='lat' dir='ltr'>me</span> <span class='ocrx_word' id='word_1_955' title='bbox 2325 5485 2496 5552; x_wconf 91' lang='lat' dir='ltr'>irent,</span> <span class='ocrx_word' id='word_1_956' title='bbox 2529 5484 2629 5538; x_wconf 83' lang='lat' dir='ltr'>sed</span> <span class='ocrx_word' id='word_1_957' title='bbox 2661 5481 2947 5536; x_wconf 90' lang='lat' dir='ltr'>adversum</span> <span class='ocrx_word' id='word_1_958' title='bbox 2978 5495 3083 5545; x_wconf 90' lang='lat' dir='ltr'>me,</span> <span class='ocrx_word' id='word_1_959' title='bbox 3123 5482 3173 5533; x_wconf 92' lang='lat' dir='ltr'>et</span> <span class='ocrx_word' id='word_1_960' title='bbox 3219 5476 3374 5548; x_wconf 88' lang='lat' dir='ltr'>quod</span> <span class='ocrx_word' id='word_1_961' title='bbox 3424 5473 3684 5530; x_wconf 87' lang='lat' dir='ltr'>deterius</span> 
     </span>
    </p>
   </div>
   <div class='ocr_carea' id='block_1_117' title="bbox 2043 5563 3683 5642">
    <p class='ocr_par' dir='ltr' id='par_1_117' title="bbox 2043 5563 3683 5642">
     <span class='ocr_line' id='line_1_118' title="bbox 2043 5563 3683 5642; baseline -0.008 -11"><span class='ocrx_word' id='word_1_962' title='bbox 2043 5583 2154 5642; x_wconf 84' lang='lat' dir='ltr'>est,</span> <span class='ocrx_word' id='word_1_963' title='bbox 2208 5593 2321 5629; x_wconf 88' lang='lat' dir='ltr'>non</span> <span class='ocrx_word' id='word_1_964' title='bbox 2375 5573 2581 5639; x_wconf 92' lang='lat' dir='ltr'>coacti,</span> <span class='ocrx_word' id='word_1_965' title='bbox 2628 5588 2742 5626; x_wconf 91' lang='lat' dir='ltr'>non</span> <span class='ocrx_word' id='word_1_966' title='bbox 2775 5587 2907 5624; x_wconf 90' lang='lat' dir='ltr'>cum</span> <span class='ocrx_word' id='word_1_967' title='bbox 2941 5569 3147 5623; x_wconf 89' lang='lat' dir='ltr'>timore</span> <span class='ocrx_word' id='word_1_968' title='bbox 3178 5566 3396 5637; x_wconf 83' lang='lat' dir='ltr'>aliquo,</span> <span class='ocrx_word' id='word_1_969' title='bbox 3452 5563 3553 5620; x_wconf 89' lang='lat' dir='ltr'>sed</span> <span class='ocrx_word' id='word_1_970' title='bbox 3586 5564 3683 5619; x_wconf 76' lang='lat' dir='ltr'>lae-</span> 
     </span>
    </p>
   </div>
   <div class='ocr_carea' id='block_1_118' title="bbox 2039 5651 3685 5735">
    <p class='ocr_par' dir='ltr' id='par_1_118' title="bbox 2039 5651 3685 5735">
     <span class='ocr_line' id='line_1_119' title="bbox 2039 5651 3685 5735; baseline -0.009 -8"><span class='ocrx_word' id='word_1_971' title='bbox 2039 5668 2144 5728; x_wconf 85' lang='lat' dir='ltr'>tati</span> <span class='ocrx_word' id='word_1_972' title='bbox 2192 5667 2338 5735; x_wconf 84' lang='lat' dir='ltr'>sunt,</span> <span class='ocrx_word' id='word_1_973' title='bbox 2387 5662 2447 5722; x_wconf 87' lang='lat' dir='ltr'>id</span> <span class='ocrx_word' id='word_1_974' title='bbox 2500 5666 2608 5735; x_wconf 86' lang='lat' dir='ltr'>est,</span> <span class='ocrx_word' id='word_1_975' title='bbox 2656 5660 2922 5719; x_wconf 63' lang='lat' dir='ltr'>latenter</span> <span class='ocrx_word' id='word_1_976' title='bbox 2971 5658 3250 5717; x_wconf 83' lang='lat' dir='ltr'>fecerunt.</span> <span class='ocrx_word' id='word_1_977' title='bbox 3301 5656 3370 5715; x_wconf 86' lang='lat' dir='ltr'>Et</span> <span class='ocrx_word' id='word_1_978' title='bbox 3420 5652 3566 5729; x_wconf 87' lang='lat' dir='ltr'>ipsis</span> <span class='ocrx_word' id='word_1_979' title='bbox 3595 5651 3685 5724; x_wconf 67' lang='lat' dir='ltr'>si.</span> 
     </span>
    </p>
   </div>
  </div>
