4016 6192
343 373 463 436 323

916 364 1221 428 REMIGII
1265 357 2024 424 ANTISSIODORENSIS
2069 358 2241 422 OPP.
2291 360 2488 422 PARS
2534 360 2582 422 Ῑ.
2617 394 2691 405 -
2722 360 3192 423 EXEGETIGA.

3630 358 3764 422 324

342 501 847 567 convenientibus,
876 504 1208 569 congregata
1231 503 1360 552 sunt
1388 511 1551 567 super
1569 510 1659 549 me
1677 494 1919 565 ﬂagella,
1942 501 1992 549 et
2023 502 2076 566 Α
2105 493 2393 549 timebant
2422 494 2686 551 amittere
2713 493 2906 551 locum
2927 498 2985 551 et
3004 497 3237 567 gentem
3268 494 3450 564 (Joan.
3471 493 3575 560 ιι).
3596 492 3757 552 Delos

341 595 451 651 hoc
490 594 616 649 sine
660 607 792 647 mea
840 589 1029 661 culpa,
1083 586 1223 659 quia
1269 587 1530 657 ignoravi
1581 600 1695 638 non
1758 599 1989 655 pinnam

343 684 447 740 sed
506 697 745 738 causam
805 694 985 752 poena:
1046 676 1183 749 quia
1243 674 1406 730 nulla
1456 678 1579 729 erat
1634 689 1765 728 mea
1818 671 1991 743 culpa

339 774 604 844 Dissipati
656 772 785 824 sunt
801 810 820 839 ,
879 767 933 821 id
994 771 1111 835 est,
1171 763 1612 825 dissentientes,
1656 762 1705 816 ‘a
1769 777 1830 816 se
1894 761 1991 815 in-

336 861 493 917 venti
548 863 705 916 sunt.
765 856 880 911 Alii
938 855 1224 917 dicebant,
1282 855 1413 924 quia
1472 852 1642 907 bonus
1695 858 1831 905 est:
1887 851 1993 905 alii

339 955 523 1005 autem
566 964 677 1003 non
727 947 905 1018 (Joan.
955 946 1093 1015 v11):
1148 958 1252 998 nec
1297 945 1493 997 tamen
1526 958 1560 995 a
1589 939 1989 1011 persecutione

339 1055 469 1095 mea
498 1037 886 1094 destiterunt:
918 1032 1006 1088 vel
1038 1034 1147 1087 hoc
1179 1031 1351 1086 modo
1383 1030 1655 1101 dissipati,
1688 1029 1747 1083 id
1779 1032 1867 1083 est
1898 1028 1987 1083 di-

335 1128 464 1183 visi.
496 1129 612 1182 Aut
638 1127 755 1180 duo
786 1122 999 1178 Christi
1026 1125 1195 1187 sunt,
1231 1124 1333 1174 aut
1360 1119 1455 1173 hic
1484 1124 1592 1173 est.
1646 1116 1746 1173 Vel
1794 1116 1986 1172 timidi

337 1215 469 1271 facti
502 1219 641 1271 sunt
671 1230 775 1286 pro
807 1209 1107 1266 miraculis
1139 1225 1242 1281 pro
1272 1206 1628 1263 obscuritate
1658 1205 1826 1272 solis,
1883 1221 1985 1276 pro

334 1312 500 1360 terra;
532 1308 716 1371 motu,
749 1317 848 1356 nec
876 1304 1071 1355 tamen
1103 1302 1243 1354 sunt
1270 1297 1595 1367 compuncti.
1625 1296 1987 1349 Tentaverunt

334 1410 424 1450 me
453 1393 669 1466 potius.
702 1390 765 1446 Si
790 1390 960 1444 Filius
990 1389 1087 1442 Dei
1115 1390 1214 1454 est,
1245 1384 1535 1441 descendat
1562 1400 1711 1438 nunc
1737 1383 1803 1439 de
1829 1400 1987 1438 cruce

337 1483 487 1555 (Luc.
503 1480 687 1550 XXIII).
704 1478 1189 1534 Subsannaverunt
1204 1491 1289 1530 me
1306 1474 1749 1538 subsannatione,
1767 1471 1987 1527 scilicet

337 1577 537 1642 aperta
565 1568 872 1624 irrisione:
903 1568 1027 1635 Ave,
1060 1581 1161 1620 rec
1186 1563 1505 1620 Iudaeorum
1536 1561 1749 1633 (Matth.
1788 1572 1980 1627 xxvu).

334 1668 722 1724 Frenduerunt
740 1682 906 1736 super
924 1680 1011 1719 me
1032 1662 1286 1719 dentibus
1313 1664 1449 1731 suis,
1487 1660 1771 1730 Cruci/iga,
1802 1661 1981 1714 cruci-

333 1773 400 1826 ge
419 1755 754 1826 (Joan.'x1x).
792 1755 1039 1823 Domine,
1062 1752 1286 1823 quando
1304 1750 1599 1821 respicies?
1628 1749 1708 1803 Ex
1735 1764 1984 1819 persona

333 1861 576 1902 suorum
608 1844 717 1899 hoc
746 1842 916 1908 dicit,
967 1841 1184 1913 quibus
1231 1839 1472 1911 longum
1507 1837 1732 1892 videtur
1762 1836 1981 1891 dill‘erri

333 1932 650 1988 vindictam
670 1946 857 2003 usque
875 1930 931 1985 in
955 1945 1327 1985 communem
1347 1925 1854 1982 resurrectionem.
1869 1924 1986 1979 Cur

336 2038 451 2077 non
470 2020 642 2076 modo
664 2018 967 2075 vindicas?
981 2018 1097 2073 Cur
1117 2034 1224 2072 nos
1247 2017 1418 2071 modo
1441 2030 1555 2069 non
1575 2012 1857 2068 coronas?
1875 2012 1983 2078 Qui

334 2110 548 2165 videris
565 2108 901 2181 despexisse
921 2106 979 2161 in
1005 2123 1190 2178 poena,
1215 2122 1320 2160 cur
1341 2120 1456 2159 non
1482 2101 1724 2173 respicis
1746 2102 1804 2156 in
1818 2100 1980 2171 judi-

334 2199 463 2255 cio?
509 2198 683 2265 Quasi
715 2198 872 2252 dicat
903 2214 915 2251 :
972 2196 1102 2251 Scio
1134 2211 1237 2249 cur
1266 2192 1464 2248 differs
1502 2208 1512 2246 :
1562 2209 1672 2246 non
1704 2190 1844 2245 facis
1874 2189 1982 2244 hoc

332 2288 527 2354 taedio,
552 2289 653 2343 sed
680 2302 899 2354 amore,
925 2302 1039 2342 non
1062 2302 1131 2340 ex
1149 2283 1366 2355 inopia,
1390 2281 1489 2338 sed
1518 2298 1587 2336 ex
1616 2280 1860 2335 ratione.
1893 2279 1981 2333 Tu

332 2378 487 2434 enim
511 2381 715 2448 potens
738 2392 799 2432 es
820 2377 978 2443 dare,
996 2374 1095 2429 sed
1120 2390 1225 2446 ego
1245 2373 1539 2442 impotens
1560 2371 1839 2442 accipere.
1854 2368 1980 2422 Non

334 2482 403 2522 ex
427 2467 771 2537 impotentia
796 2465 906 2519 hoc
927 2463 1090 2530 facis,
1124 2463 1225 2517 sed
1256 2478 1324 2517 ex
1353 2459 1805 2531 opportunitate,
1835 2460 1900 2511 ut
1920 2456 1979 2511 in

333 2552 632 2608 communi
658 2551 1084 2606 resurrectione
1108 2550 1301 2619 majus
1322 2549 1400 2603 sit
1421 2548 1725 2619 gaudium.
1744 2547 1980 2600 Restitue

333 2641 581 2696 animam
602 2654 801 2709 meam,
825 2638 1085 2692 animam
1108 2636 1323 2692 Christi
1346 2636 1452 2703 tui,
1476 2652 1511 2689 a
1528 2635 1878 2704 malignitate
1896 2648 1981 2687 eo-

333 2745 477 2795 rum,
508 2727 568 2782 in
598 2732 858 2798 tempore
888 2724 1319 2796 praedestinato,
1355 2740 1389 2778 a
1418 2727 1604 2777 morte
1631 2738 1809 2793 quam
1832 2720 1974 2775 mihi

330 2820 687 2890 paraverunt
704 2812 837 2870 mali
847 2814 1025 2886 gni,et
1040 2814 1265 2867 unicam
1281 2826 1479 2876 meam,
1492 2810 1546 2865 id
1565 2815 1652 2865 est
1667 2808 1979 2864 Ecclesiam

332 2923 546 2973 meam,
565 2904 736 2960 unice
755 2902 1050 2959 dilectam.
1066 2900 1162 2957 Vel
1185 2899 1442 2955 animam
1469 2914 1679 2963 meam,
1696 2897 1836 2969 quia
1856 2897 1981 2951 uni-

331 3012 399 3052 ca
425 2993 513 3051 vel
535 2992 662 3049 sola
683 3009 716 3047 a
737 2994 968 3063 peccato
990 2988 1274 3044 immunis
1297 3005 1309 3043 :
1345 2987 1527 3042 libera
1556 3005 1588 3042 a
1624 2986 1895 3053 leonibus,
1918 2985 1978 3040 id

330 3088 439 3153 est,
456 3100 490 3137 a
510 3081 806 3138 ferocitate
824 3080 1182 3135 Judaeorum.
1203 3078 1436 3133 Reslilue
1452 3094 1485 3131 a
1507 3076 1772 3145 leonibus,
1787 3074 1845 3129 id
1867 3077 1975 3141 est,

327 3171 511 3227 libera
542 3171 613 3226 ab
645 3169 767 3237 bis,
815 3168 916 3240 qui
948 3172 1012 3222 ut
1044 3166 1241 3223 leones
1270 3166 1529 3221 lacerant
1557 3180 1791 3221 carnem
1824 3165 1974 3235 ejus.

2098 582 2435 650 cogitabant,
2454 582 2510 637 id
2530 587 2638 653 cst,
2656 584 2862 639 mortis
2878 599 3088 639 causas
3109 580 3316 638 callide
3336 580 3754 652 exquirebant:

2098 675 2156 725 et
2173 671 2429 739 tandem,
2445 671 2821 727 dilataverant
2837 688 3005 743 super
3018 688 3103 727 me
3123 687 3181 727 os
3200 687 3383 736 suum,
3399 670 3459 726 id
3477 673 3588 737 est,
3602 686 3759 725 mor-

2098 760 2175 815 tis
2198 760 2517 816 sententias
2539 761 2598 815 in
2628 778 2719 817 me
2745 762 3057 816 dederunt.
3083 762 3222 816 Reus
3240 768 3320 814 est
3339 758 3754 828 mortisﬂlatth.

2097 852 2274 918 xxvx).
2300 851 2369 904 Et
2394 850 2577 921 gavisi
2608 854 2747 905 sunt
2767 851 2837 905 de
2870 856 3056 905 morte
3088 864 3250 918 mea;
3285 847 3431 919 quia
3450 848 3753 903 dixerunt:

2097 948 2263 1017 Euge,
2296 947 2472 1015 euge!
2504 947 2649 1002 bene
2669 946 2860 1001 evenit
2885 964 2897 1002 :
2933 946 3188 1002 viderunt
3209 946 3357 1001 oculi
3374 947 3571 1012 nostri,
3594 945 3754 1017 quod

2096 1035 2261 1106 prius
2280 1036 2665 1106 speravimus,
2683 1040 2748 1090 ut
2769 1036 2865 1105 qui
2891 1036 3268 1106 promittebat
3282 1034 3483 1100 vitam,
3500 1050 3757 1090 morere-

2096 1127 2210 1178 tur.
2234 1124 2342 1179 Ubi
2370 1141 2525 1179 nunc
2550 1125 2701 1179 facta
2724 1124 2863 1179 tua?
2887 1124 2983 1179 ubi
3014 1122 3343 1179 mirabilia?
3371 1123 3431 1178 Si
3453 1123 3629 1178 Filius
3652 1123 3755 1178 Dei

2094 1221 2192 1278 est,
2246 1214 2534 1268 descendat
2580 1213 2646 1268 de
2695 1229 2855 1269 cruce
2905 1213 3127 1283 (Matth.
3158 1212 3353 1284 xxvii).
3403 1211 3618 1277 Vidisti,
3650 1212 3759 1266 Do-

2093 1301 2442 1365 mine.Quasi
2462 1302 2646 1357 dicat:
2670 1302 2784 1373 Ipsi
2807 1301 3078 1357 viderunt
3094 1301 3427 1374 passionem
3448 1301 3756 1367 meam,vi-

2094 1390 2306 1445 derunt
2327 1396 2571 1447 mortem
2596 1408 2786 1446 meam
2806 1391 2907 1463 qui
2927 1394 3176 1463 possunt
3195 1389 3413 1462 decipi:
3438 1389 3544 1445 sed
3560 1391 3755 1459 tu,Do-

2092 1480 2261 1546 mine,
2294 1479 2433 1551 quia
2461 1498 2574 1535 non
2609 1484 2770 1552 potes
2803 1479 2946 1545 falli,
2978 1481 3176 1535 vidisti
3205 1496 3459 1552 pmnam,
3483 1478 3677 1534 vidisti
3692 1484 3751 1535 et

2092 1582 2351 1622 causam:
2372 1573 2429 1624 et
2450 1568 2577 1623 ideo
2602 1585 2671 1623 ne
2697 1568 2882 1636 sileas,
2908 1567 3132 1623 scilicet
3156 1566 3749 1639 ajndicio,quivisns

2092 1672 2155 1711 es
2186 1656 2358 1712 silere
2387 1655 2608 1712 scilicet
2634 1656 2695 1711 in
2725 1672 2900 1728 poena
2927 1672 3092 1712 mea:
3125 1672 3197 1710 ne
3235 1656 3400 1711 sileas
3448 1654 3509 1710 in
3564 1671 3747 1713 causa

2093 1761 2242 1812 mea,
2276 1746 2515 1802 ostende
2561 1761 2789 1802 causam
2843 1762 3034 1801 meam
3074 1761 3201 1801 esse
3232 1743 3534 1801 meliorem
3566 1761 3751 1801 causa

2091 1834 2452 1902 Judaeorum,
2506 1851 2598 1890 me
2644 1834 3066 1891 resuscitando.
3120 1833 3181 1890 Si
3223 1850 3339 1889 non
3370 1834 3645 1890 descendi
3676 1835 3750 1890 de

2092 1939 2283 1993 cruce,
2301 1939 2605 1996 resurgam
2623 1924 2695 1979 de
2721 1922 3007 1994 sepulcro.
3044 1924 3130 1993 Et,
3159 1938 3252 1978 me
3275 1922 3648 1990 resuscitato,
3677 1939 3749 1979 ne

2091 2010 2334 2066 discedas
2353 2029 2386 2067 a
2404 2028 2511 2082 me,
2544 2012 2602 2066 id
2630 2014 2721 2067 est
2744 2029 2778 2066 a
2801 2012 2967 2078 meis,
2995 2012 3188 2067 dando
3208 2010 3328 2066 illis
3349 2011 3746 2068 constantiam

2092 2115 2194 2170 per
2223 2100 2421 2167 fidem,
2455 2117 2642 2171 spem,
2676 2105 2735 2155 et
2762 2099 3130 2170 charitatem,
3183 2098 3285 2171 qui
3315 2100 3515 2155 dixisti
3551 2118 3565 2156 :
3615 2101 3747 2156 Ecce

2089 2204 2188 2255 ego
2234 2190 2509 2245 vobiscum
2556 2206 2677 2245 sum
2735 2189 2988 2245 omnibus
3042 2188 3230 2245 diebus
3287 2190 3470 2259 (Matt.
3517 2190 3740 2261 xxvm).

2088 2287 2352 2357 Exsurge,
2373 2287 2639 2351 Domine,
2664 2286 2720 2341 id
2748 2291 2855 2353 est,
2883 2288 3127 2343 ostende
3152 2287 3474 2359 potentiam
3497 2291 3666 2343 tuam
3684 2288 3742 2343 in

2090 2376 2511 2431 resurrectione
2533 2391 2692 2431 mea:
2714 2375 2814 2447 qui
2834 2375 2996 2431 visus
3014 2391 3077 2431 es
3094 2376 3287 2445 jacere
3304 2376 3363 2431 in
3382 2382 3571 2431 morte
3591 2392 3739 2433 mea.

2089 2464 2158 2519 Et
2171 2464 2253 2519 ita
2267 2481 2538 2537 exsurge:
2560 2464 2776 2520 intende
2782 2464 2993 2536 judicio
3010 2480 3148 2533 meo,
3160 2464 3218 2519 id
3237 2470 3349 2535 est,
3362 2465 3731 2521 irremissum

2088 2557 2145 2608 te
2166 2553 2256 2608 fac
2275 2555 2336 2608 in
2359 2554 2741 2609 discernendo
2760 2570 2997 2610 causam
3020 2570 3208 2609 meam
3229 2570 3264 2609 a
3279 2553 3726 2622 causaillorum,

2090 2658 2223 2696 cum
2247 2642 2463 2713 quibus
2488 2660 2659 2714 pinna
2679 2647 2768 2699 est
2789 2659 2911 2715 par.
2933 2643 3001 2697 Et
3020 2642 3130 2698 hoc
3151 2647 3243 2698 est
3266 2644 3420 2715 quod
3446 2643 3730 2715 sequitur,

2089 2731 2229 2785 Deus
2258 2747 2405 2785 meus
2437 2732 2801 2799 necessitate,
2824 2736 2874 2787 et
2902 2733 3166 2787 Dominus
3197 2731 3517 2788 voluntate.
3545 2733 3733 2788 Inten-

2089 2819 2239 2874 dein
2269 2836 2498 2874 causam
2528 2836 2725 2875 meam.
2758 2820 2884 2876 Non
2907 2820 3210 2876 discernor
3228 2822 3300 2876 ab
3326 2821 3526 2890 impiis
3547 2838 3734 2893 quan-

2087 2912 2215 2963 tum
2247 2907 2319 2962 ad
2354 2924 2581 2978 pmnam
2607 2926 2619 2964 :
2655 2909 2958 2965 discernor
2985 2913 3182 2965 autem
3214 2927 3247 2965 a
3274 2915 3332 2965 te
3353 2914 3640 2982 quantum
3662 2911 3735 2966 ad

2089 3012 2324 3051 causam
2341 3011 2354 3051 :
2370 2997 2609 3052 ostende
2623 2997 2682 3051 in
2698 2998 3123 3054 resurrectione
3135 3013 3265 3053 mea
3283 3014 3520 3054 causam
3542 3015 3737 3055 meam

2087 3083 2380 3155 disparem
2402 3084 2583 3141 fuisse
2612 3102 2645 3139 a
2669 3101 2847 3141 causa
2872 3085 3186 3153 latronum,
3209 3102 3339 3140 cum
3366 3086 3588 3156 quibus
3609 3104 3738 3158 pce-

2087 3189 2164 3228 na
2210 3189 2313 3244 par
2360 3172 2487 3227 fuit.
2535 3173 2735 3230 Judica
2780 3191 2866 3230 me
2911 3175 3204 3231 secundum
3229 3174 3501 3245 justitiam
3529 3176 3727 3243 tuam,

329 3266 433 3323 Vel
464 3284 504 3324 a
533 3233 796 3337 leonibus,
830 3233 889 3320 id
918 3268 1026 3331 est,
1059 3282 1093 3320 a
1121 3262 1463 3319 crudelitate
1484 3261 1699 3318 diaboli
1722 3266 1779 3316 et
1801 3233 1970 3315 mini-
2005 3233 2047 3300 Ο
2086 3261 2194 3317 hoc
2210 3233 2388 3318 modo
2405 3261 2670 3318 discerne
2688 3278 2780 3318 me
2797 3264 2867 3318 ab
2885 3233 3298 3335 impiisJudiei
3312 3233 3728 3334 judicaverunt

330 3363 584 3413 atrorum
602 3357 750 3428 ejus.
765 3355 835 3410 Et
853 3371 969 3426 quo
992 3356 1183 3409 fructu
1208 3358 1338 3425 peto
1364 3368 1457 3408 me
1477 3351 1640 3407 erui?
1683 3351 1829 3406 Hoc:
1853 3366 1978 3405 con-

325 3446 519 3516 ﬁtebor
545 3446 647 3500 tibi
676 3447 738 3500 in
769 3445 1005 3499 Ecclesia
1032 3459 1268 3514 magna,
1319 3441 1376 3496 id
1406 3445 1495 3497 est
1526 3439 1757 3512 ampla:
1793 3438 1977 3495 conti-

330 3534 492 3589 nenti
542 3534 727 3589 bonos
755 3537 813 3588 et
843 3531 1061 3602 malos,
1110 3547 1295 3603 grana
1324 3535 1381 3585 et
1410 3528 1605 3603 paleas
1632 3548 1645 3584 :
1680 3531 1739 3584 in
1764 3526 1980 3600 populo
2014 3574 2015 3577 η

324 3623 483 3694 gravi
510 3621 745 3677 laudabo
774 3629 850 3692 te,
906 3636 1020 3675 non
1052 3620 1111 3675 in
1146 3619 1331 3691 palea,
1382 3619 1439 3674 id
1474 3623 1591 3685 est,
1625 3634 1737 3672 non
1769 3618 1828 3672 in
1860 3617 1977 3672 illis

326 3726 476 3781 quos
494 3714 703 3767 ventus
723 3709 1112 3765 tentationum
1138 3708 1401 3764 sublevat
1420 3713 1477 3763 et
1501 3706 1770 3777 dissipat,
1789 3706 1889 3761 sed
1913 3706 1977 3760 il-

323 3799 398 3855 lis
416 3800 517 3872 qui
533 3801 647 3855 ﬁde
661 3803 719 3855 et
735 3816 907 3870 opere
938 3799 1090 3853 firmi
1113 3802 1170 3853 et
1186 3796 1426 3852 stabiles
1450 3794 1626 3851 nullis
1647 3794 1976 3850 tentationi-

325 3888 438 3943 bus
463 3892 790 3953 moventur,
813 3887 874 3940 in
897 3885 989 3941 bis
1012 3885 1319 3941 ostendam
1346 3888 1400 3937 te
1424 3880 1801 3939 laudabilem.
1822 3883 1891 3937 Et
1911 3888 1977 3938 ut

324 3976 549 4047 possim
570 3979 627 4030 te
642 3974 881 4029 laudare
899 3973 959 4028 in
981 3972 1195 4046 populo
1212 3972 1517 4045 gravi,non
1534 3970 1977 4042 supergaudeant

324 4063 487 4129 mihi,
521 4062 621 4134 qui
652 4062 837 4134 gavisi
869 4067 1006 4117 sunt
1038 4063 1097 4118 in
1147 4066 1337 4117 morte
1359 4078 1474 4117 non
1500 4060 1975 4133 supergaudeant

327 4167 444 4207 non
475 4150 803 4223 resurgenti
835 4150 1041 4217 Judaei,
1065 4152 1162 4221 qui
1190 4151 1554 4206 adversantur
1580 4151 1723 4205 mihi
1752 4152 1972 4221 inique:

327 4240 468 4313 quia
484 4239 703 4295 infirmi
723 4239 851 4293 med
863 4239 1127 4304 ico,servi
1142 4238 1971 4310 Domino,creaturaCreatori.

323 4338 592 4395 Ostendit
621 4337 915 4410 quomodo
947 4336 1166 4408 inique.
1201 4337 1308 4404 Qui
1326 4336 1555 4392 oderunt
1584 4353 1669 4392 me
1697 4340 1890 4406 gratis,
1915 4338 1972 4393 id

323 4432 415 4484 est
445 4428 573 4483 sine
603 4442 803 4493 causa,
834 4433 885 4481 et
913 4433 1171 4480 annuunt
1201 4426 1393 4493 oculis,
1418 4425 1474 4480 id
1506 4430 1613 4497 est,
1640 4425 1836 4481 dolose
1857 4441 1975 4482 me-

323 4532 457 4572 cum
475 4518 678 4587 agunt,
693 4530 894 4586 pacem
913 4513 1104 4571 verbis
1128 4514 1571 4585 praetendentes,
1585 4531 1755 4586 opere
1776 4517 1971 4570 autem

2088 3366 2183 3406 me
2205 3351 2531 3407 secundum
2544 3352 2839 3422 justitiam
2867 3369 3057 3420 suam,
3082 3353 3184 3409 sed
3206 3357 3268 3407 tu
3292 3350 3489 3424 judice
3511 3368 3732 3408 secun-

2087 3439 2228 3495 dum
2247 3439 2542 3510 justitiam
2563 3444 2756 3496 tuam:
2782 3457 2896 3496 non
2927 3442 3083 3496 enim
3104 3440 3313 3497 merito
3335 3441 3551 3513 peccati
3576 3458 3736 3497 mor-

2085 3531 2203 3584 tem
2236 3529 2409 3600 subii,
2441 3530 2541 3585 sed
2574 3546 2753 3585 causa
2779 3530 3123 3585 obedientize
3150 3555 3165 3599 ;
3221 3534 3280 3585 et
3326 3529 3454 3585 ideo
3492 3530 3735 3600 justum

2086 3623 2176 3673 est
2194 3622 2262 3672 ut
2284 3634 2374 3672 me
2399 3618 2734 3685 resuscites,
2767 3635 2799 3674 o
2830 3618 3073 3674 Domine
3096 3621 3107 3676 l
3150 3619 3244 3675 cui
3263 3617 3590 3675 voluntarie
3611 3633 3737 3674 ser-

2084 3705 2193 3760 vio.
2230 3707 2368 3762 Deus
2406 3722 2589 3775 meus,
2640 3706 2950 3763 creatione.
3012 3709 3145 3764 Ideo
3184 3708 3380 3780 judice
3428 3708 3736 3763 secundum

2074 3795 2357 3865 justitiam
2381 3803 2553 3865 tuam,
2586 3799 2646 3850 ut
2672 3812 2784 3851 non
2812 3796 3259 3868 supergaudeant
3295 3797 3455 3853 mihi.
3499 3794 3560 3852 Si
3590 3811 3735 3868 gau-

2084 3883 2226 3938 dent
2254 3884 2325 3939 de
2348 3900 2480 3939 mea
2501 3889 2707 3955 morte,
2739 3885 3047 3941 tristentur
3068 3886 3141 3941 de
3162 3884 3609 3941 resurrectione.
3632 3882 3736 3939 Vel

2083 3996 2198 4035 non
2216 3982 2690 4054 supergaudeant
2707 3982 2876 4045 meis,
2890 3982 3227 4038 devocando
3241 3998 3341 4038 eos
3360 3981 3464 4053 qui
3477 3981 3739 4054 gaudent

2083 4069 2156 4124 de
2200 4086 2403 4125 eorum
2456 4070 2719 4138 interitu,
2771 4070 2995 4126 scilicet
3031 4086 3141 4127 non
3168 4071 3361 4127 dicant
3388 4073 3450 4126 in
3478 4070 3737 4126 cordibus

2080 4160 2217 4226 suis,
2246 4159 2302 4214 id
2335 4162 2442 4225 est,
2475 4159 2531 4213 in
2564 4158 3041 4230 cogitationibus,
3077 4160 3185 4215 etsi
3215 4160 3418 4215 dicunt
3448 4160 3508 4214 in
3539 4158 3735 4226 labiis,

2080 4250 2249 4319 Euge,
2278 4253 2448 4317 euge!
2476 4249 2678 4303 animm
2705 4255 2934 4314 nostrae;
2981 4248 3131 4304 bene
3172 4249 3418 4321 contigit
3445 4246 3738 4304 voluntati

2083 4341 2293 4393 nostra:
2318 4353 2332 4393 :
2365 4337 2493 4393 ideo
2516 4337 2663 4392 bene
2689 4336 2830 4408 quia
2849 4336 3231 4394 devoravimus
3254 4355 3402 4406 eum,
3430 4334 3741 4410 deglutivi-

2083 4442 2217 4481 mus
2239 4429 2296 4481 et
2319 4424 2732 4496 transjecimus
2755 4425 2814 4480 in
2843 4441 3056 4497 corpus
3086 4433 3377 4498 nostrum,
3399 4425 3738 4482 devocando

2082 4531 2115 4569 a
2136 4514 2252 4570 Deo
2275 4529 2401 4584 suo,
2426 4518 2484 4569 et
2516 4513 2686 4569 nobis
2720 4514 3143 4571 conﬁrmando.
3178 4516 3301 4570 Imo
3328 4515 3741 4571 diminuantur

324 4603 565 4660 bellum.
584 4603 687 4659 Vel
715 4613 970 4659 annuunt
988 4602 1187 4674 oculis,
1229 4607 1291 4658 ut
1314 4603 1345 4659 J
1353 4603 1526 4658 udas:
1553 4603 1669 4675 Ipse
1694 4612 1794 4668 est,
1812 4607 1983 4659 tenete
2009 4599 2056 4665 D
2086 4603 2222 4676 ipsi,
2251 4606 2317 4658 ut
2336 4602 2761 4659 absorbeantur
2780 4604 2838 4659 in
2862 4620 3074 4677 corpus
3106 4604 3305 4677 populi
3329 4602 3539 4671 sancti,
3563 4618 3740 4676 quem

326 4692 691 4760 eumﬂlatth.
723 4693 895 4763 xxvx).
928 4690 1113 4747 Aliter
1142 4708 1245 4764 pro
1280 4690 1560 4747 membris
1587 4708 1599 4745 :
1634 4691 1677 4746 Ο
1709 4691 1973 4758 Domine,

327 4783 395 4835 ut
421 4784 478 4835 te
506 4777 740 4835 laudem
775 4780 943 4851 meis,
974 4796 1084 4835 non
1121 4780 1569 4852 supergaudeant
1586 4779 1749 4846 mihi,
1798 4779 1858 4834 id
1889 4784 1979 4835 est

329 4868 496 4939 meis,
519 4868 619 4941 qui
636 4867 995 4923 adversantur
1013 4869 1155 4923 mihi
1183 4870 1395 4940 inique.
1420 4868 1543 4922 Non
1573 4868 1981 4939 supervaleant

328 4957 472 5030 palan
504 4956 726 5030 granis,
759 4955 981 5011 scilicet
1010 4960 1076 5011 ut
1106 4956 1302 5028 plures
1334 4956 1638 5011 imitentur
1667 4957 1845 5012 vitam
1867 4958 1977 5013 im-

333 5047 581 5120 piorum,
604 5062 783 5118 quam
806 5044 983 5100 ﬁdem
1004 5049 1062 5100 et
1083 5048 1260 5100 vitam
1283 5050 1646 5112 sanctorum,
1671 5046 1772 5117 qui
1793 5047 1980 5119 gravi-

327 5140 508 5193 tatem
540 5150 770 5190 morum
801 5142 858 5188 et
888 5134 1258 5189 sanctitatem
1282 5135 1411 5188 vitae
1435 5133 1670 5188 habent.
1697 5133 1874 5199 Quasi
1899 5135 1981 5189 di-

329 5230 458 5282 cat:
492 5225 564 5280 Et
593 5239 709 5279 non
742 5223 959 5278 mirum
992 5222 1042 5278 si
1074 5238 1208 5278 cum
1235 5222 1381 5277 meis
1404 5220 1600 5277 dolose
1622 5227 1823 5293 agunt,
1848 5239 1979 5294 quo-

328 5316 483 5371 niam
504 5312 650 5368 mihi
669 5312 909 5383 quidem,
934 5312 1033 5385 qui
1057 5311 1341 5367 immunis
1371 5327 1502 5366 sum
1535 5328 1568 5366 a
1598 5316 1850 5383 peccato,
1877 5313 1979 5385 qui

329 5408 397 5460 ut
416 5401 678 5458 medicus
700 5401 771 5456 ad
797 5406 1078 5474 aegrotum
1102 5401 1495 5475 veni,paciﬁce
1526 5400 1906 5472 loquebantur,
1920 5402 1979 5458 id

330 5495 421 5550 est
438 5491 656 5548 dolose.
670 5490 943 5562 Magister,
955 5492 1162 5548 scimus
1183 5493 1315 5563 quia
1334 5505 1503 5546 verax
1519 5504 1573 5543 es
1585 5488 1792 5558 (Matth.
1815 5492 1978 5563 χχιι).

330 5590 402 5648 Et
429 5588 757 5661 loquentes,
789 5587 1013 5645 scilicet
1032 5589 1292 5662 paciﬁca,
1314 5590 1375 5644 in
1398 5585 1692 5643 iracundia
1714 5590 1900 5660 terrae,
1922 5589 1981 5644 id

336 5682 444 5754 ost,
458 5678 517 5736 in
540 5693 716 5751 prava
730 5676 819 5736 ira
832 5682 892 5735 et
910 5677 1133 5753 injuste
1153 5694 1282 5754 qua
1297 5682 1421 5737 erat
1441 5693 1545 5753 pro
1562 5677 1831 5749 terrenis,
1846 5679 1985 5753 quia

2083 4693 2144 4747 in
2168 4708 2341 4749 suum
2366 4691 2677 4747 absorbere
2704 4690 3008 4747 volebant:
3043 4694 3198 4765 quod
3232 4692 3623 4765 preﬁguravit
3651 4692 3738 4747 vi-

2084 4781 2245 4838 tulus
2278 4780 2375 4836 ille
2407 4780 2721 4837 conflatilis
2751 4797 2928 4852 quem
2957 4784 3148 4837 Aaron
3177 4782 3312 4837 fecit
3333 4782 3405 4837 de
3426 4782 3741 4837 inauribus

2089 4870 2401 4927 mulierum
2427 4870 2822 4941 Hebraearum,
2855 4871 2998 4926 dum
3030 4871 3258 4944 Moyses
3280 4875 3437 4927 esset
3457 4872 3517 4926 in
3542 4874 3743 4927 monte

2088 4958 2269 5027 Sinai,
2286 4957 2581 5030 accipiens
2604 4958 2753 5014 duas
2771 4958 3005 5015 tabulas
3026 4960 3388 5015 Testamenti
3409 4958 3742 5015 aDomino:

2088 5056 2181 5113 cui
2215 5056 2693 5113 sacriﬁcaverunt
2723 5055 2827 5110 filii
2866 5055 3074 5122 Israel,
3106 5057 3368 5113 dicentes
3399 5073 3411 5111 :
3469 5058 3569 5113 Isti
3613 5061 3747 5112 sunt

2088 5146 2170 5200 dii
2198 5146 2299 5210 tui,
2332 5144 2502 5199 Israel
2530 5143 2722 5215 (Exod.
2755 5146 2934 5218 χχχιι)
2960 5166 2974 5210 ς
3016 5162 3192 5218 quem
3214 5145 3464 5202 vitulum
3487 5146 3741 5219 Moyses,

2090 5233 2450 5290 descendens
2497 5232 2569 5287 de
2619 5238 2845 5302 monte,
2890 5240 3127 5307 accepta
3169 5235 3325 5307 lege,
3371 5235 3657 5291 diminuit
3683 5241 3748 5291 et

2090 5321 2313 5395 redegit
2342 5320 2401 5376 in
2451 5319 2771 5393 pulverem,
2820 5326 2877 5379 et
2916 5323 3075 5379 dedit
3104 5323 3318 5397 populo
3349 5324 3571 5380 bibere.
3625 5324 3746 5381 Hoc

2091 5412 2264 5468 modo
2296 5415 2596 5466 transeant
2645 5411 2706 5467 in
2739 5428 2950 5484 corpus
2981 5413 3066 5469 tui
3096 5413 3321 5486 populi.
3373 5414 3745 5481 Erubescant,

2092 5500 2316 5559 scilicet
2345 5501 2417 5556 de
2446 5504 2681 5573 peccato
2711 5517 2847 5572 suo,
2898 5511 2948 5558 et
2977 5511 3365 5572 revereantur,
3403 5502 3463 5557 id
3492 5509 3616 5570 est,
3668 5503 3746 5559 ti-

2092 5594 2290 5648 meant
2318 5591 2390 5647 de
2416 5589 2841 5646 resurrectione
2869 5606 3028 5659 mea,
3079 5596 3138 5648 et
3178 5594 3263 5649 sic
3306 5596 3742 5649 convertantur.

2093 5680 2220 5743 Non
2250 5680 2444 5738 solum
2474 5679 2577 5755 qui
2607 5677 2849 5751 faciunt,
2883 5681 2986 5739 sed
3015 5682 3192 5741 etiam
3223 5680 3502 5741 similiter
3526 5679 3615 5739 illi
3645 5682 3747 5758 qui
