4016 6192
268 334 379 399 325

1544 332 2149 397 ENARRATIONES
2194 333 2271 394 IN
2322 333 2703 395 PSALMOS.

3553 343 3671 402 326

269 470 632 540 gratulantur
662 471 827 526 matis
856 469 1075 537 meis,id
1099 470 1644 536 est,consentientes
1666 474 1732 523 ut
1756 473 1914 524 totus
1942 472 1997 537 Α
2032 490 2058 517 ‹‹
2098 467 2290 521 corde.
2325 467 2450 522 Non
2482 468 2677 523 veniat
2707 466 2850 522 mihi
2876 482 2977 539 pes
3004 467 3308 539 superbiae,
3341 473 3398 523 et
3455 486 3667 526 manus

268 560 529 615 mundus
559 564 692 631 post
723 577 856 616 eum
880 560 1143 616 abeat.Et
1172 577 1285 615 non
1321 559 1511 614 solum
1544 560 1908 624 erubescant,

268 649 368 705 sed
403 648 706 704 induantur
733 652 1074 721 confusione,
1104 650 1156 704 id
1188 654 1296 716 est,
1332 666 1547 722 magna
1572 649 1913 703 erubescen-

264 739 347 793 tia
377 742 744 810 peccatorum
778 756 1019 795 suorum
1075 738 1409 810 operientur
1438 756 1456 792 :
1482 746 1532 794 et
1586 740 1911 803 reverentia,

265 827 325 883 id
362 832 473 893 est,
509 828 718 883 timore
742 829 973 899 judicii,
1000 830 1094 899 qui
1134 829 1381 898 maligna
1430 829 1728 898 loquuntur
1754 843 1916 897 super

263 933 373 984 me,
404 917 461 971 id
494 920 602 983 est,
637 918 944 973 mendacia
974 934 1101 985 sua,
1134 922 1191 972 et
1247 917 1305 971 hi
1356 934 1558 971 omnes
1614 915 1745 971 facti
1780 916 1913 983 mei,

264 1006 511 1062 exultent
540 1005 764 1061 scilicet
793 1007 852 1060 in
886 1024 1124 1079 corpore
1184 1022 1287 1079 spe
1343 1006 1806 1072 resurrectionis,
1866 1009 1917 1059 et

266 1096 534 1152 lc'etentur
563 1094 794 1149 nuncin
828 1101 1021 1150 mente
1054 1095 1380 1150 resuscitati
1413 1095 1658 1149 interius
1692 1094 1797 1148 illi.
1825 1096 1917 1165 qui

266 1184 457 1239 volunt
477 1185 749 1251 justitiam
778 1201 985 1248 meam,
1036 1185 1091 1238 id
1124 1188 1231 1251 est,
1267 1184 1363 1255 qui
1425 1201 1590 1239 suam
1617 1183 1915 1253 justitiam

268 1275 674 1340 deseruerunt,
707 1278 763 1328 et
794 1273 1201 1328 misericordiae
1260 1273 1354 1328 Dei
1406 1273 1820 1344 subjiciuntur.
1852 1275 1919 1327 Et

266 1362 453 1417 dicant
480 1378 695 1433 semper
726 1380 743 1415 :
776 1363 1152 1433 Magniﬁcetur
1206 1364 1491 1430 Dominus,
1544 1362 1600 1416 id
1653 1367 1761 1427 est,
1808 1362 1913 1416 hu-

268 1451 505 1505 mitient
534 1468 595 1505 se
626 1450 771 1505 nihil
804 1451 915 1505 sibi
947 1451 1273 1505 attribuant
1333 1451 1444 1506 nisi
1503 1450 1723 1505 malum
1752 1468 1764 1505 :
1798 1449 1917 1504 illis

266 1538 412 1593 solis
445 1555 695 1611 magnus
725 1539 955 1593 videtur
983 1539 1267 1594 Dominus
1299 1540 1395 1611 qui
1430 1556 1491 1595 se
1523 1538 1918 1605 humiliant,et

266 1644 333 1682 se
387 1644 594 1699 parvos
644 1632 1090 1699 reeognoscunt.
1142 1628 1387 1699 Semper,
1438 1628 1495 1683 id
1565 1634 1672 1695 est,
1742 1634 1798 1683 et
1857 1628 1916 1682 in

271 1716 594 1788 prosperis,
628 1721 683 1772 et
711 1717 769 1771 in
803 1717 1176 1772 adversis.llli
1210 1733 1415 1773 omnes
1448 1734 1509 1773 se
1549 1717 1917 1772 humiliando

273 1806 778 1876 magniﬁcentiam
810 1805 910 1861 Dei
942 1805 999 1859 in
1034 1822 1095 1861 se
1135 1813 1573 1878 recognoscunt,
1604 1807 1701 1877 qui
1728 1807 1918 1861 volunt

263 1909 458 1963 pacem
487 1896 631 1949 servi
685 1896 825 1964 eius,
858 1894 915 1949 id
967 1899 1073 1961 est,
1129 1895 1227 1966 qui
1276 1900 1575 1967 gratanter
1629 1894 1924 1966 accipiunt

274 1983 809 2039 reconciliationem
844 1985 1042 2038 datam
1074 2000 1177 2055 per
1208 2000 1299 2040 me
1356 1985 1654 2039 Christum
1690 2000 1921 2039 servum

275 2072 430 2143 ejus,
464 2073 565 2143 qui
599 2073 744 2127 dixit
778 2091 789 2126 :
822 2079 1017 2127 Pacem
1046 2088 1224 2127 meam
1253 2073 1320 2127 do
1350 2074 1518 2139 vobis,
1580 2074 1920 2128 exteriorem

276 2160 508 2216 scilicet
540 2162 597 2215 in
626 2178 747 2232 spe,
793 2178 983 2231 pacem
1040 2162 1293 2231 relinquo
1348 2162 1494 2218 vobis
1548 2164 1723 2230 (Joan.
1786 2163 1921 2231 xw),

269 2249 505 2304 scilicet
534 2249 869 2304 interiorem
901 2250 971 2303 ad
1003 2249 1223 2304 bellum
1255 2251 1524 2305 exterius.
1557 2249 1657 2304 Vel
1715 2266 1928 2320 semper

272 2339 666 2406 magniﬁcetur
696 2338 979 2406 Dominus,
1014 2343 1071 2392 et
1092 2354 1204 2392 non
1237 2354 1460 2393 servus.
1493 2340 1703 2393 Servus
1734 2338 1926 2393 humi-

267 2422 475 2492 lietur,
508 2430 566 2481 et
598 2425 877 2482 Dominus
911 2426 1322 2499 magniﬁcetur
1352 2444 1364 2481 ε
1398 2431 1447 2483 et
1475 2432 1614 2482 tunc
1646 2428 1787 2482 fatui
1819 2428 1926 2482 lin-

264 2531 402 2585 gua,
439 2517 540 2586 qui
590 2516 818 2587 primus
868 2516 1125 2588 maligna
1179 2517 1529 2588 loquebatur
1585 2535 1761 2589 super
1814 2534 1927 2585 me,

262 2603 479 2675 lingua
509 2620 622 2658 non
658 2605 797 2670 oris,
830 2606 930 2660 sed
971 2607 1183 2673 cordis,
1242 2607 1598 2661 meditabitur
1643 2608 1928 2677 justitiam

266 2702 448 2759 tuam,
486 2692 540 2746 id
569 2696 675 2759 est,
702 2693 1026 2765 divulgabit
1053 2710 1157 2765 per
1186 2695 1474 2749 mundum
1532 2695 1705 2749 ﬁdem
1762 2699 1923 2749 tuam

267 2798 395 2852 qua
421 2780 545 2836 sola
576 2782 878 2836 credentes
902 2782 1323 2851 justiticantur,
1376 2788 1432 2837 et
1489 2783 1595 2838 hoc
1642 2800 1755 2838 non
1816 2787 1927 2838 tota

269 2871 390 2937 die,
424 2870 482 2924 id
515 2875 621 2939 est,
674 2870 834 2925 omni
887 2875 1147 2943 tempore
1204 2872 1423 2926 laudem
1480 2879 1649 2926 tuam.
1685 2871 1927 2927 Videtur

274 2958 395 3012 hoc
426 2956 813 3029 impossibile,
846 2964 911 3013 ut
960 2958 1093 3029 quis
1151 2958 1508 3014 incessanter
1555 2958 1755 3015 laudet
1812 2965 1925 3014 Do-

269 3046 531 3115 minum,
582 3048 682 3103 sed
748 3051 899 3102 recte
967 3048 1401 3103 attendentibus
1470 3049 1748 3119 possibile
1815 3055 1922 3104 est.

269 3136 523 3192 Exercet
553 3137 685 3208 quis
732 3136 967 3209 aliquod
1032 3137 1331 3209 negotium
1359 3138 1387 3191 ?
1417 3138 1541 3192 Non
1600 3138 1923 3193 circumve-

270 3226 407 3280 niat
458 3226 516 3280 in
564 3243 629 3281 eo
677 3226 956 3297 aliquem,
1007 3227 1064 3280 in
1105 3227 1212 3281 hoc
1258 3226 1461 3281 laudat
1522 3228 1721 3297 Deum,
1776 3227 1926 3281 Colit
1957 3209 1998 3273 ί]

267 3331 489 3387 agrum
524 3315 693 3370 PNon
726 3315 1192 3387 transgrediatur
1222 3316 1543 3369 terminum
1574 3315 1750 3369 vicini
1786 3316 1875 3369 sui
1912 3332 1924 3370 :

267 3409 337 3458 et
371 3404 430 3458 in
464 3403 573 3459 hoc
603 3404 732 3458 laus
767 3405 882 3458 Dei.
931 3405 1121 3459 Utitur
1171 3403 1344 3458 cibo?
1384 3420 1498 3458 non
1549 3408 1613 3457 ut
1669 3408 1926 3457 ventrem

267 3492 604 3558 distendat,
640 3492 740 3547 sed
798 3496 865 3546 ut
894 3493 964 3547 ad
1016 3492 1273 3547 laborem
1333 3493 1410 3547 sit
1469 3491 1812 3564 promptior,
1869 3508 1929 3546 se

270 3580 527 3642 reﬁciat,
571 3585 627 3635 et
675 3581 732 3635 in
787 3581 892 3636 hoc
939 3580 1160 3635 laudat.
1209 3580 1482 3635 Dormit?
1511 3579 1635 3634 Non
1694 3584 1931 3650 rumpat

275 3686 565 3725 somnum
615 3669 810 3741 aliquo
842 3668 995 3724 malo
1027 3686 1199 3741 Opere
1230 3670 1296 3723 Et
1317 3670 1374 3723 in
1407 3668 1565 3723 omni
1596 3667 1930 3723 innocentia

278 3775 535 3831 operum
565 3776 623 3815 se
653 3764 939 3831 przeparet
968 3759 1039 3813 ad
1098 3758 1330 3813 laudem
1392 3759 1514 3826 Dei,
1545 3758 1595 3813 ei
1630 3758 1712 3812 sic
1772 3774 1928 3811 nun-

273 3864 465 3921 quam
497 3853 688 3904 cessat
716 3865 750 3903 a
770 3847 963 3903 laude.

820 4008 1153 4064 PSALMUS
1182 4007 1393 4063 XXXV.

499 4116 553 4153 IN
586 4116 759 4153 FlNEM
791 4114 969 4153 SERVO
1001 4114 1207 4151 DOMINI
1239 4112 1490 4152 PSALMUS
1524 4112 1710 4151 DAVID.

354 4264 381 4292 ‹‹
416 4242 570 4297 Dixit
603 4242 863 4311 injustas
896 4245 960 4296 ut
991 4239 1293 4311 delinquat
1323 4240 1383 4293 in
1414 4238 1751 4310 semetipso,
1812 4256 1923 4293 non

269 4355 302 4381 ‹‹
351 4336 441 4387 est
457 4331 631 4386 timor
647 4331 877 4386 Domini
901 4334 1031 4385 ante
1049 4329 1248 4384 oculos
1275 4327 1713 4398 ejus.Quoniam
1729 4326 1929 4382 dolose

265 4446 297 4473 ‹‹
351 4421 471 4493 egit
502 4421 557 4474 in
591 4426 906 4491 conspectu
955 4420 1102 4488 ejus,
1139 4423 1204 4473 ut
1261 4417 1596 4472 inveniatur
1645 4416 1928 4487 iniquitas

268 4534 301 4560 ‹‹
353 4510 483 4579 ejus
516 4509 586 4564 ad
620 4507 1037 4564 odium.Verba
1060 4506 1177 4561 oris
1201 4507 1327 4576 ejus
1358 4504 1640 4576 iniquitas
1673 4508 1727 4559 et
1759 4504 1929 4560 dolus

2022 580 2048 604 ‹‹
2096 555 2412 627 peccatoris
2444 574 2559 611 non
2594 562 2814 612 moveat
2862 572 2973 611 me.
3037 556 3116 611 lbi
3177 557 3509 611 ceciderunt
3567 559 3667 629 qui

2024 669 2049 693 ‹‹
2094 648 2404 715 operantur
2432 644 2805 715 iniquitatem
2840 664 2851 712 ;
2887 645 3111 718 expulsi
3143 650 3301 711 sunt,
3326 663 3430 701 nec
3459 652 3666 717 potue-

2025 756 2051 781 ‹‹
2096 738 2232 788 runt
2260 738 2433 787 stare.
2472 756 2498 781 »

2634 842 2804 896 ENNA
2820 843 2941 897 RRA
2954 842 3074 898 T10.

2100 947 2199 1000 llic
2233 945 2494 1016 psalmus
2518 948 2635 1018 agit
2650 953 2850 1002 contra
2872 948 3003 1004 illos
3026 951 3127 1021 qui
3158 950 3265 1005 sibi
3291 952 3673 1007 adversantur

2027 1052 2097 1089 ne
2129 1036 2274 1089 bene
2304 1035 2516 1101 vivant,
2554 1053 2665 1089 non
2702 1037 2841 1107 quia
2873 1055 2986 1093 non
3022 1039 3357 1112 intelligunt
3405 1043 3502 1096 sed
3537 1042 3672 1113 quia

2029 1123 2251 1178 nolunt.
2288 1123 2458 1178 Aliud
2482 1125 2635 1179 enim
2671 1132 2759 1179 est
2790 1126 2932 1180 velle
2958 1127 3373 1200 intelligere,et
3403 1131 3672 1203 impediri

2025 1213 2287 1267 humana
2310 1213 2639 1284 fragilitate,
2663 1214 2799 1284 quia
2821 1232 3014 1287 corpus
3036 1219 3393 1288 corruptibile
3412 1230 3674 1289 aggravat

2026 1305 2353 1371 animum,et
2384 1304 2945 1358 terrenainhabitatio
2965 1305 3227 1375 deprimit
3248 1323 3466 1362 sensum
3498 1311 3672 1364 multa

2025 1394 2352 1462 cogitantem
2379 1393 2527 1462 (Scip.
2554 1392 2654 1459 ιχ),
2689 1398 2745 1447 et
2775 1392 2931 1448 aliud
2994 1396 3147 1465 quod
3201 1412 3299 1450 cor
3344 1396 3671 1453 humanum

2026 1480 2409 1551 periculosius
2440 1487 2639 1536 contra
2672 1499 2732 1536 se
2754 1482 2873 1553 agit
2903 1482 3103 1538 nolens
3126 1484 3447 1556 intelligere
3479 1488 3675 1542 divina

2030 1570 2307 1623 mandata
2337 1574 2400 1623 ut
2426 1571 2595 1641 quasi
2626 1570 2954 1641 ignorantia
2986 1590 3047 1627 se
3104 1578 3358 1629 excuset.
3410 1575 3479 1628 Et
3534 1582 3675 1631 sunt

2030 1658 2150 1713 haec
2183 1658 2523 1729 hujusmodi
2557 1677 2569 1714 :
2607 1661 2754 1727 Quod
2783 1663 2887 1715 tibi
2918 1678 3024 1716 non
3059 1664 3156 1733 vis,
3192 1665 3321 1718 aliis
3367 1680 3436 1718 ne
3481 1667 3674 1735 feceris

2029 1747 2171 1818 (Tob.
2203 1764 2259 1801 1v
2290 1748 2583 1818 Matth.v),
2614 1755 2669 1803 et
2697 1748 2811 1803 alia
2869 1750 3053 1805 multa
3104 1768 3230 1823 qua:
3264 1753 3429 1807 facile
3459 1753 3673 1809 intelli-

1953 1847 2000 1911 B
2032 1841 2268 1908 guntur.
2304 1836 2371 1891 Hi
2402 1842 2541 1891 sunt
2572 1840 2672 1909 qui
2705 1839 2910 1893 nolunt
2957 1842 3281 1895 consentire
3340 1842 3673 1898 adversario

2035 1942 2139 1979 suo
2171 1926 2311 1980 dum
2363 1932 2500 1981 sunt
2540 1926 2596 1980 in
2628 1927 2720 1981 via
2752 1944 2885 1982 cum
2919 1944 3005 1995 eo,
3061 1930 3116 1984 id
3178 1935 3285 1995 est,
3345 1930 3549 1986 uolunt
3580 1948 3674 1988 ac-

2035 2015 2330 2085 quiescere
2362 2016 2615 2070 sermoni
2642 2016 2997 2087 Domini,qui
3022 2018 3105 2073 eis
3136 2020 3480 2075 contradicit
3502 2038 3678 2092 quan-

2035 2103 2132 2157 diu
2169 2102 2222 2156 in
2246 2104 2497 2174 peccatis
2528 2104 3019 2161 delectantur.lsti
3045 2113 3184 2161 sunt
3214 2107 3314 2177 qui
3334 2114 3533 2162 amant
3554 2126 3679 2180 pec-

2036 2195 2162 2245 cata
2193 2208 2318 2258 sua,
2352 2196 2407 2246 et
2438 2192 2645 2246 nolunt
2678 2210 2745 2246 ea
2776 2210 3125 2265 cognoscere
3160 2199 3225 2249 ut
3273 2196 3545 2251 deserant
3578 2214 3590 2263 ;
3625 2200 3682 2251 et

2038 2280 2085 2333 si
2120 2286 2491 2351 cognoscant,
2523 2280 2611 2334 vel
2644 2298 2744 2351 per
2774 2299 2856 2347 se,
2887 2282 2972 2335 vel
3006 2300 3107 2353 per
3137 2282 3303 2353 alios,
3338 2284 3678 2340 defendunt.

2037 2368 2105 2421 Et
2135 2368 2404 2423 timentes
2430 2367 2729 2438 judicium
2782 2370 3088 2425 hominum
3149 2372 3371 2427 occulte
3421 2378 3681 2445 peccant,

2039 2456 2177 2526 quia
2209 2458 2395 2528 magis
2429 2457 2949 2527 timentjudicium
2973 2459 3279 2515 hominum
3314 2478 3487 2533 quam
3521 2463 3688 2534 judi-

2038 2545 2193 2599 cium
2220 2545 2911 2616 Dei.Contrahujusmodi
2944 2549 3065 2619 agit
3112 2550 3397 2621 propheta
3452 2552 3509 2605 in
3574 2552 3681 2607 hoc

2038 2632 2283 2704 psalmo,
2319 2634 2559 2704 cupiens
2591 2651 2688 2689 eos
2719 2636 2789 2689 ad
2825 2636 3063 2691 meliora
3092 2638 3399 2695 deducere.
3602 2654 3605 2655 '

2108 2722 2246 2777 Inde
2279 2722 2360 2777 sic
2394 2723 2567 2777 habet
2596 2723 2803 2779 titulus
2837 2742 2849 2779 :
2887 2725 3153 2797 psalmus
3196 2728 3305 2783 iste
3338 2730 3680 2785 attribuitur

2036 2811 2211 2865 David
2264 2812 2576 2881 propheta,
2635 2812 2721 2867 vel
2775 2814 2984 2885 cuique
3030 2817 3281 2887 perfecto
3337 2818 3395 2871 in
3441 2835 3681 2889 corpore

2035 2899 2249 2953 Christi
2281 2918 2444 2955 servo
2480 2901 2703 2955 Domini
2743 2920 2754 2969 ;
2790 2903 2890 2973 qui
2924 2904 3078 2958 enim
3110 2905 3179 2959 ad
3225 2906 3332 2960 hoc
3361 2906 3681 2974 laborat,ut

2037 2992 2332 3043 convertat
2366 2989 2614 3060 impium
2648 2990 2716 3044 ab
2736 3007 2919 3046 errore
2942 2994 3045 3047 viae
3074 3008 3211 3059 suae,
3270 2995 3503 3049 salvabit
3552 2996 3682 3049 arni—

2036 3094 2182 3131 mam
2208 3078 2324 3147 ejus
2344 3096 2375 3131 a
2406 3083 2577 3132 morte
2606 3083 2658 3132 et
2677 3082 2877 3149 operiet
2908 3081 3317 3137 multitudinem
3340 3093 3685 3153 peccatorum

2037 3166 2177 3234 (Jac.
2211 3167 2266 3235 v)
2304 3184 2317 3232 ;
2351 3171 2407 3220 et
2436 3167 2494 3220 in
2544 3167 2653 3221 hoc
2714 3170 2857 3222 bene
2890 3170 3064 3223 servit
3120 3170 3256 3239 Deo,
3292 3188 3453 3226 servo
3490 3174 3682 3227 Domi-

2039 3254 2189 3318 nico,
2224 3255 2444 3307 scilicet
2473 3256 2745 3327 dirigenti
2778 3259 2838 3310 in
2866 3257 3052 3325 ﬁnem,
3088 3258 3143 3311 id
3176 3264 3282 3327 est,
3316 3276 3663 3315 consumma

2038 3346 2164 3395 tum
2197 3342 2438 3395 bonum.

2110 3430 2373 3500 lnjustus,
2402 3429 2497 3483 ille
2529 3429 2750 3485 scilicet
2780 3432 2879 3501 qui
2909 3433 2967 3487 in
3001 3434 3254 3505 peccatis
3285 3434 3408 3490 suis
3431 3436 3680 3492 delecta-

2040 3521 2137 3571 tur
2168 3534 2300 3571 eum
2332 3518 2568 3572 deberet
2599 3518 2728 3573 odio
2758 3519 2992 3593 habere,
3025 3523 3191 3593 dixit,
3245 3525 3299 3579 id
3333 3531 3443 3590 est,
3474 3543 3684 3598 propo-

2040 3605 2176 3671 suit,
2212 3623 2326 3660 non
2363 3607 2669 3678 ignoravit,
2704 3610 2871 3680 quasi
2903 3627 2972 3664 ex
3004 3612 3295 3667 industria
3324 3631 3523 3668 secum
3570 3616 3685 3670 dis-

2039 3695 2255 3767 posuit,
2288 3700 2348 3751 ut
2377 3695 2679 3767 delinquat,
2714 3698 2771 3752 id
2804 3703 2909 3768 est,
2944 3705 3007 3753 ut
3037 3706 3323 3771 peccet,ut
3353 3720 3386 3756 a
3408 3704 3684 3757 mandato

2043 3785 2269 3840 recedat
2307 3792 2364 3841 et
2397 3790 2460 3841 ut
2520 3786 2692 3842 homo
2753 3804 2869 3843 non
2919 3788 3110 3843 videat
3168 3790 3338 3860 cujus
3390 3790 3684 3861 judicium

2040 3875 2426 3946 magis‘timet
2456 3893 2634 3948 quam
2670 3878 2764 3933 Dei
2800 3896 2811 3933 :
2845 3882 2905 3932 ut
2936 3879 2995 3932 in
3035 3881 3319 3951 semetipso
3368 3878 3685 3950 delinquat,

2038 3965 2095 4018 id
2127 3969 2233 4035 est,
2268 3964 2325 4019 in
2359 3966 2645 4021 absconso
2679 3967 2777 4020 ubi
2811 3968 2934 4038 ipse
2963 3967 3125 4023 solus
3156 3969 3425 4025 conscius
3458 3970 3554 4037 sit,
3580 3987 3681 4026 n0-

2038 4053 2148 4107 luit
2178 4054 2518 4124 participem
2552 4054 2765 4109 habere
2806 4056 3191 4127 utlcelaretur
3254 4058 3343 4113 vel
3400 4058 3512 4114 sibi
3572 4059 3685 4132 ipsi

2040 4141 2237 4195 nocuit
2267 4142 2449 4212 prius.
2490 4143 2688 4199 Nonne
2745 4145 2898 4200 Deus
2948 4146 3157 4201 videt?
3187 4148 3305 4202 Non
3362 4150 3531 4204 timor
3590 4151 3685 4204 Det

2039 4239 2167 4285 ante
2194 4232 2377 4285 oculos
2405 4232 2663 4303 ejus,non
2690 4233 2867 4289 habet
2897 4236 2997 4290 Dei
3021 4236 3315 4306 judicium
3349 4254 3463 4308 prae
3498 4237 3683 4292 oculis

2039 4320 2422 4385 cordis.Quod
2445 4327 2637 4377 autem
2662 4324 2846 4379 Deum
2870 4342 2983 4379 non
3008 4326 3340 4395 timeat,per
3357 4326 3465 4379 hoc
3486 4330 3685 4378 osten-

2039 4409 2145 4475 dit,
2179 4412 2439 4479 quoniam
2470 4411 2649 4466 dolose
2679 4415 2788 4482 egit
2817 4416 2877 4466 in
2913 4417 3197 4483 conspectu
3247 4414 3381 4481 ejus,
3443 4412 3559 4467 imo
3586 4413 3684 4468 ubi

2040 4497 2202 4552 solus
2236 4504 2385 4553 Deus
2416 4500 2701 4570 conspicit
2734 4518 2745 4554 :
2781 4500 2892 4554 hoc
2944 4501 3114 4553 modo
3172 4499 3304 4554 dolo
3361 4500 3498 4571 egit,
3558 4517 3682 4555 ma-

263 4624 295 4650 ‹‹
338 4598 528 4653 noluit
558 4597 879 4668 intelligere
912 4596 1137 4651 utbene
1169 4592 1770 4667 ageret.Iniquitatem
1803 4610 1923 4649 me-
1959 4579 2005 4641 Β
2038 4587 2161 4641 vult
2190 4587 2453 4657 ignorare
2474 4593 2758 4659 praecepta
2775 4588 2867 4642 Dei
2893 4592 2948 4641 et
2970 4588 3120 4642 male
3145 4604 3520 4661 agere,quam
3540 4589 3680 4647 intel

267 4714 297 4738 ‹‹
349 4688 569 4743 ditatus
599 4692 687 4742 est
744 4687 802 4741 in
853 4685 1031 4741 cubili
1086 4702 1212 4749 suo,
1264 4683 1451 4738 astitit
1481 4683 1640 4737 omni
1675 4683 1775 4737 vim
1811 4700 1925 4738 non

272 4801 303 4825 (ι
352 4778 539 4842 bonae,
609 4775 896 4831 malitiam
957 4779 1151 4829 autem
1210 4790 1325 4828 non
1398 4772 1597 4827 odivit.
1660 4772 1925 4843 Domine,

269 4892 301 4917 «
349 4866 409 4920 in
446 4865 592 4921 coelo
627 4864 1031 4920 misericordia
1059 4868 1244 4928 tua,et
1272 4862 1483 4916 veritas
1517 4866 1616 4915 tua
1648 4879 1833 4939 usque
1854 4863 1925 4915 ad

269 4980 301 5004 (ι
353 4954 570 5009 nubes.
599 4953 836 5009 Justitia
868 4959 967 5007 tua
999 4952 1151 5007 sicut
1180 4954 1409 5005 montes
1441 4949 1801 5019 Dei,judicia
1830 4955 1930 5004 tua

272 5068 303 5093 ‹‹
352 5044 602 5116 abyssus
634 5041 1124 5098 multa.Homines
1156 5046 1212 5095 et
1233 5042 1505 5111 jumenta
1535 5037 1926 5104 salvabis,Do-

270 5158 302 5181 ‹‹
352 5128 1926 5203 mine,quemadmodummultiplicastimisericordiam

271 5245 303 5273 (ι
347 5221 849 5287 tuam,Deus.Filii
883 5225 1076 5275 autem
1110 5218 1416 5273 hominum
1440 5218 1495 5271 in
1523 5218 1777 5289 tegmine
1808 5217 1926 5271 ala-

271 5334 303 5359 ‹‹
348 5328 485 5366 rum
509 5316 742 5365 tuarum
777 5310 1111 5381 sperabunt.
1150 5307 1600 5361 Inebriabuntur
1654 5306 1722 5359 ab
1758 5307 1925 5360 uber-

269 5423 302 5449 ‹‹
349 5404 473 5455 tate
496 5400 706 5454 domus
730 5402 925 5466 tua,et
950 5401 1208 5452 torrente
1232 5394 1547 5465 voluptatis
1570 5398 1681 5448 tua:
1697 5395 1926 5464 potabis

268 5511 303 5541 cc
349 5505 473 5545 eos.
500 5489 788 5553 Quoniam
819 5488 973 5559 apud
1000 5491 1055 5541 te
1086 5488 1175 5540 est
1205 5484 1334 5538 fons
1364 5483 1513 5551 vita,
1538 5482 1670 5536 etin
1705 5482 1926 5538 lumine

275 5600 303 5628 α
349 5578 687 5633 videbimus
718 5574 1245 5633 lumen.Praztende
1280 5570 1739 5626 misericordiam
1767 5577 1924 5626 tuam

268 5692 305 5723 ι(
350 5668 675 5727 scientibus
711 5665 1154 5741 te,etjustitiam
1186 5667 1347 5719 tuam
1366 5658 1458 5718 his
1487 5659 1587 5739 qui
1612 5665 1764 5717 recto
1788 5667 1926 5718 sunt

2037 4676 2214 4749 ligere
2245 4682 2301 4733 et
2333 4678 2499 4748 bene,
2534 4682 2591 4731 et
2637 4677 2745 4731 hoc
2795 4681 2884 4731 est
2918 4676 3112 4731 dolose
3169 4695 3338 4749 agere
3387 4678 3525 4751 quia
3573 4679 3681 4737 hoc

2040 4768 2209 4822 modo
2229 4766 2734 4838 perignorantiam
2750 4766 3194 4823 vultdefendere
3213 4767 3489 4825 delictum
3507 4788 3681 4825 suum

2036 4855 2137 4910 Vel
2170 4856 2276 4911 hoc
2301 4858 2471 4911 modo
2504 4856 2702 4911 dolose
2734 4856 3020 4927 egit,ut,id
3054 4859 3685 4929 est,quasi,inveniatur

2038 4947 2302 5014 iniquitas
2321 4947 2436 5015 ejus
2462 4944 2532 4999 ad
2553 4946 3065 5001 odium:simulavit
3095 4963 3354 5017 quaerere
3376 4951 3679 5016 peccatum

2039 5038 2103 5088 ut
2133 5040 2404 5099 cessaret,
2441 5039 2502 5087 ut
2532 5033 2663 5088 odio
2711 5034 2949 5090 haberet
3006 5036 3305 5107 cognitum
3342 5052 3353 5088 :
3389 5034 3487 5089 sed
3541 5033 3681 5102 quia

2038 5122 2255 5187 dolose,
2291 5124 2589 5177 inventum
2626 5141 2739 5178 non
2775 5124 2895 5178 odit
2927 5130 2990 5178 ut
3022 5122 3385 5186 sanetur,sed
3418 5121 3680 5175 defendit

2037 5212 2189 5267 Dicit
2219 5213 2397 5276 enim,
2421 5212 2585 5267 Multi
2620 5212 2726 5268 hoe
2760 5214 2979 5267 faciunt
3010 5213 3165 5282 quod
3199 5210 3435 5278 teci,aut
3475 5226 3679 5265 omnes

2038 5301 2301 5373 nunquid
2335 5320 2539 5357 omnes
2572 5304 2773 5374 perdet
2804 5302 2955 5355 Deus
2994 5301 3021 5353 ?
3053 5302 3160 5353 Aut
3216 5299 3266 5352 si
3326 5296 3503 5351 nollet
3558 5297 3679 5352 haec

2038 5392 2301 5463 nunquid
2335 5391 2588 5446 viverent
2626 5389 2725 5460 qui
2757 5389 2875 5441 haec
2908 5392 3089 5457 agunt
3119 5389 3141 5440 Ρ
3169 5388 3236 5441 Et
3264 5386 3401 5456 quia
3458 5403 3571 5440 non
3605 5387 3677 5441 ad

2035 5481 2235 5535 odium
2263 5498 2388 5546 quae
2421 5484 2559 5535 sunt
2589 5480 2688 5534 sed
2720 5475 3177 5542 dolose,cognita
3204 5474 3513 5544 iniquitate
3535 5476 3676 5547 quid

2040 5572 2229 5633 faciat,
2264 5570 2569 5639 subjungit
2602 5586 2613 5620 :
2656 5568 2817 5621 Verba
2849 5568 2955 5620 oris
2990 5566 3106 5633 ejus
3139 5567 3421 5633 iniquitas,
3457 5565 3677 5621 scilicet

2036 5658 2435 5730 defendit,non
2467 5654 2767 5713 damnavit
2795 5657 3098 5729 peceatum
3130 5658 3443 5729 postquam
3467 5671 3676 5736 cogno.
