4016 6192
376 317 494 378 327

947 311 1253 376 REMIGII
1298 306 2052 374 ANTISSIODORENSIS
2098 305 2276 368 OPP.
2319 303 2515 368 PARS
2559 306 2608 368 Ι.
2642 340 2718 350 -
2747 303 3217 369 EXEGETICA:

3670 304 3795 370 328

377 446 479 512 vit,
516 448 829 518 postquam
855 443 1138 500 intellexit
1171 461 1350 516 quam
1383 459 1664 515 magnum
1725 441 1850 496 fuit.
1885 442 2022 495 Em-
2053 456 2106 519 Α
2139 443 2330 494 autem
2353 438 2646 511 permittis
2674 456 2792 494 non
2816 437 3136 511 intelligere
3168 442 3233 492 ut
3260 437 3410 493 bene
3437 435 3800 509 agant,utilo

378 535 612 606 phatice
646 534 869 589 dictum
900 533 1268 604 iniquitas,id
1303 537 1392 588 est
1422 529 2030 604 augmentative;adeo

379 624 536 680 enim
563 641 737 695 prava
767 627 908 679 sunt
957 623 1135 678 verba
1193 627 1493 694 peccatum
1544 620 1934 685 defendentia,
1969 624 2035 672 ut

378 730 493 768 non
520 711 709 768 solum
735 711 1065 782 iniqua,sed
1099 712 1228 782 ipsa
1259 711 1537 782 iniquitas
1570 709 1797 781 possint
1826 708 2033 763 dici.El

376 801 552 857 dolus.
581 805 698 856 Hoc
731 802 902 856 modo
935 801 1126 866 dolus,
1185 801 1376 856 Noluit
1425 800 1734 869 intelligere
1789 806 1848 852 ut
1902 798 2033 851 bene

377 899 579 960 ageret.
615 889 908 945 Intellexit
958 889 1098 961 quid
1126 893 1276 945 esset
1309 891 1550 954 bonum,
1585 889 1684 944 sed
1735 888 1917 941 noluit
1947 886 2030 940 sic

376 982 680 1051 intelligere
706 985 766 1033 ut
801 982 933 1034 bene
960 978 1467 1050 ageret.Intellexit
1499 977 1809 1047 malum,et
1829 981 2025 1030 tamen

376 1069 527 1125 fecit.
564 1068 854 1124 Intellexit
899 1070 1139 1139 bonum,
1196 1074 1256 1124 et
1307 1067 1495 1122 noluit
1549 1067 1755 1121 facere.
1820 1066 1886 1119 Et
1916 1081 2028 1119 non

375 1159 594 1213 mirum
625 1159 672 1213 si
705 1157 764 1212 in
787 1158 981 1212 verbis
1013 1156 1463 1231 iniquitas,quia
1483 1158 1841 1228 iniquitatem
1861 1153 2031 1209 medi-

375 1252 520 1303 tatus
567 1249 647 1302 est
703 1248 760 1301 in
818 1247 991 1301 cubili
1047 1263 1164 1313 suo,
1227 1245 1284 1301 id
1343 1250 1432 1301 est
1491 1246 1548 1299 in
1599 1245 1770 1300 corde
1822 1243 1908 1298 vel
1968 1243 2026 1297 in

375 1333 734 1389 conscientia
793 1351 806 1401 ;
859 1335 958 1388 ubi
1016 1334 1127 1389 sibi
1188 1334 1450 1405 requiem
1523 1350 1726 1404 parare
1803 1331 2024 1398 debuit,

375 1424 455 1478 ibi
498 1422 966 1494 inquietudinem
1025 1422 1272 1495 paravit.
1332 1423 1392 1479 Si
1449 1422 1584 1494 quis
1642 1421 1782 1476 foris
1841 1435 2029 1492 perse-

375 1513 673 1567 cutionem
709 1512 947 1583 patitur,
981 1511 1042 1566 in
1099 1513 1340 1566 domum
1402 1511 1571 1583 fugit,
1631 1514 1697 1564 ut
1750 1510 1828 1564 ibi
1863 1509 2026 1564 inve-

377 1601 500 1655 niat
533 1601 793 1672 requiem
830 1619 842 1668 ;
877 1600 926 1655 si
961 1605 1155 1655 autem
1187 1599 1270 1654 ibi
1300 1600 1522 1655 invenit
1563 1599 1848 1654 rixantem
1885 1613 2025 1652 uxo-

377 1704 499 1743 rem
527 1694 584 1744 et
632 1689 972 1761 litigiosam,
1035 1705 1328 1760 nusquam
1387 1694 1475 1744 est
1530 1689 1579 1742 ei
1631 1689 1862 1760 requies
1896 1731 1908 1756 ,
1945 1687 2026 1742 ita

376 1777 426 1833 si
456 1778 556 1850 qui
583 1778 726 1834 foris
745 1777 1294 1850 tribulatur,puram
1325 1777 1538 1834 habeat
1566 1775 1984 1833 conscientiam
2009 1793 2023 1830 :

377 1827 426 1833 _-
462 1827 556 1850 Ἰ--
583 1827 724 1834 η---
749 1827 1294 1850 ---πηηηρηψ
1326 1827 1536 1834 nn“-
1570 1827 2022 1833 _-_-_-_-_--_“___-

375 1867 456 1922 ibi
489 1867 779 1939 sapientia
807 1866 1112 1939 inhabitet,
1172 1867 1310 1922 foris
1354 1868 1404 1922 si
1461 1867 1734 1923 vitiorum
1766 1867 1888 1920 rixa
1922 1884 1934 1934 ;
1969 1869 2026 1920 et
2057 1827 2103 1893 Β

2142 526 2242 583 lud
2279 545 2290 582 :
2323 530 2481 584 Jacob
2512 528 2704 594 dilexi,
2739 532 2880 584 Esau
2911 536 3092 584 autem
3131 528 3260 584 odio
3294 526 3464 582 habui
3491 525 3710 597 (Malae.
3744 543 3780 594 ις

2141 619 2291 673 Rom.
2327 619 2404 688 ιχ)
2443 636 2454 671 :
2490 618 2546 672 in
2579 618 2688 673 hoc
2719 620 2858 672 sunt
2876 618 3098 688 judicia
3131 625 3225 672 tua
3256 620 3487 688 abyssus
3519 617 3720 681 multa,
3735 615 3794 671 id

2141 720 2247 786 est,
2281 715 2707 780 inscrutabilia,
2737 733 2916 786 quare
2947 716 3104 771 hunc
3165 715 3357 788 eligis,
3391 714 3557 770 illum
3591 720 3788 770 autem

2141 812 2439 876 reprobas.
2475 805 2514 860 0
2546 806 2778 860 altitudo
2805 806 3129 861 divitiarum
3156 807 3446 877 sapientiae
3465 813 3517 860 et
3548 806 3796 861 scientiae

2143 896 2236 948 Dei
2268 894 2576 965 !(Itom.x1.)
2611 894 2804 948 Potest
2834 899 2889 949 et
2918 894 3004 948 sic
3035 893 3385 949 continuari:
3424 894 3660 965 lnjustus
3677 898 3796 950 sta-

2139 983 2254 1038 tuit
2283 985 2343 1038 in
2373 986 2658 1056 semetipso
2690 987 2746 1037 ut
2779 983 3087 1054 delinquat,
3123 983 3180 1038 id
3213 982 3586 1053 est,injustus
3605 999 3710 1055 per
3729 1000 3792 1039 se

2138 1076 2429 1144 peccatJn
2462 1090 2813 1144 unoquoque
2835 1078 3028 1127 autem
3059 1073 3194 1127 caelo
3224 1077 3464 1144 apparet
3483 1073 3796 1128 misericor-

2137 1162 2230 1216 dia
2261 1161 2500 1230 Dei,hoc
2536 1162 2791 1231 est,justi
2823 1167 3143 1232 operantur
3189 1177 3292 1233 per
3323 1161 3788 1217 misericordiam

2135 1250 2252 1306 Dei.
2283 1252 2348 1306 Et
2371 1253 2569 1306 veritas
2594 1257 2695 1305 tua
2724 1250 2781 1304 id
2802 1255 2890 1306 est
2911 1250 3194 1322 ,impletio
3227 1249 3646 1305 misericordiae
3672 1255 3786 1306 tua;

2136 1344 2224 1396 est
2254 1339 2451 1395 valens
2480 1357 2650 1413 usque
2689 1340 2758 1394 ad
2785 1340 2953 1395 nubes
3010 1339 3469 1395 constituendas.
3505 1343 3703 1395 Potest
3734 1343 3791 1395 et

2137 1429 2259 1484 haec
2291 1430 2534 1484 intentio
2562 1427 3629 1500 daripsalmo.Propheta,velquilibet
3665 1443 3791 1500 per-

2139 1520 2324 1574 fectus
2354 1519 2475 1590 agit
2503 1518 2563 1572 in
2594 1518 2702 1572 hoc
2733 1516 2958 1589 psalmo
2985 1522 3189 1572 contra
3213 1515 3346 1572 illos
3376 1516 3477 1587 qui
3510 1516 3790 1573 dicuntse

2136 1624 2376 1679 peccare
2409 1606 2495 1663 vel
2528 1612 2762 1679 propter
2787 1605 3293 1662 constellationem
3325 1605 3414 1660 vel
3444 1609 3682 1677 propter
3712 1606 3790 1662 fa-

2136 1702 2261 1750 tum
2292 1696 2381 1752 vel
2419 1700 2651 1769 prepter
2681 1695 3082 1752 infirmitatem
3127 1697 3446 1750 naturae.Et
3474 1693 3587 1750 hoc
3615 1695 3788 1751 modo

2137 1785 2340 1842 volunt
2369 1803 2429 1841 se
2461 1801 2736 1841 excusare
2765 1784 2835 1839 de
2865 1787 3098 1856 peccato
3130 1799 3259 1850 suo,
3293 1787 3349 1838 et
3395 1782 3589 1838 Deum
3621 1798 3794 1839 accu-

2137 1892 2283 1930 sare.
2318 1874 2492 1940 Quasi
2516 1874 2672 1929 dicat
2701 1873 2983 1946 propheta
3017 1891 3029 1928 :
3063 1871 3232 1928 Falso
3263 1871 3548 1943 quaeritur
3579 1871 3652 1928 de
3683 1889 3786 1930 na-

376 1957 460 2012 sic
493 1956 890 2012 consolabitur
918 1962 972 2010 et
1032 1956 1294 2027 requiem
1355 1956 1466 2011 sibi
1527 1955 1796 2012 inveniet.
1863 1955 2022 2009 Foris
2130 1969 2263 2019 tura
2283 1981 2390 2020 sua
2413 1980 2600 2036 genus
2621 1963 3090 2029 humanummon
3121 1961 3278 2017 enim
3293 1977 3361 2016 ex
3380 1960 3782 2018 imbecillitate

375 2051 548 2102 erunt
582 2062 810 2118 pugnas,
844 2046 1002 2100 intus
1033 2045 1338 2117 gaudium.
1374 2045 1551 2111 Intra,
1587 2044 1799 2116 inquit,
1833 2044 1890 2097 in
1923 2059 2021 2097 cu-

374 2135 492 2189 bile
522 2135 726 2206 (Matth.
760 2135 860 2205 VI),
896 2135 954 2189 id
985 2139 1092 2204 est,
1124 2133 1182 2187 in
1213 2150 1312 2188 cor
1341 2139 1508 2189 tuum
1544 2159 1558 2202 ;
1590 2133 1670 2188 ibi
1705 2149 1774 2188 ne
1805 2131 2024 2187 tumul-

375 2231 503 2280 tum
535 2241 726 2280 rerum
749 2241 817 2280 ex
841 2225 1153 2295 depravata
1175 2224 1529 2279 conscientia
1553 2221 2026 2295 patiaris,claude

379 2315 618 2382 ostium,
650 2314 707 2368 id
738 2318 846 2382 est,
880 2312 1024 2368 nihil
1057 2313 1309 2368 exterius
1341 2313 1577 2369 amittas
1609 2317 1711 2368 aut
1739 2316 1923 2384 petas.

453 2421 626 2477 Aliter
680 2441 697 2474 :
757 2421 1129 2492 iniquitatem
1190 2420 1506 2476 meditatus
1591 2424 1679 2476 est
1734 2420 1789 2474 in
1847 2418 2025 2474 cubili

380 2527 488 2565 suo
521 2510 576 2563 id
601 2514 690 2564 est
729 2510 1039 2581 interrupit
1087 2527 1253 2565 suam
1306 2509 1562 2580 quietem
1620 2526 1798 2564 causa
1858 2508 2025 2562 mali-

380 2599 496 2664 tiae,
555 2597 707 2652 sicut
761 2597 975 2668 aliquis
1023 2615 1200 2653 causa
1256 2597 1486 2652 honesti
1548 2598 1786 2668 negotii.
1843 2599 2029 2652 Astitit

381 2687 535 2742 omni
563 2688 670 2742 viae
694 2701 805 2739 non
837 2687 1006 2753 bonae,
1054 2686 1111 2739 id
1144 2690 1251 2756 est,
1311 2686 1610 2740 consensit
1671 2685 1832 2740 mala:
1892 2701 2028 2756 (ipe-

381 2774 592 2830 rationi
624 2775 882 2842 alterius,
919 2779 974 2829 et
1004 2773 1112 2830 hoc
1163 2780 1495 2829 totum’non
1553 2791 1622 2829 ex
1687 2775 2030 2846 impotentia

381 2864 467 2919 vel
493 2863 824 2937 ignorantia
853 2865 953 2920 sed
987 2863 1125 2935 quia
1180 2865 1359 2918 noluit
1415 2864 1725 2935 intelligere
1780 2874 1840 2920 ut
1897 2865 2030 2920 bene

381 2958 584 3026 ageret.
617 2953 820 3008 Aliena
836 2958 1071 3026 peccata
1104 2953 1370 3008 imitatus
1428 2957 1515 3008 est
1546 2958 1602 3009 et
1633 2954 1868 3008 amavit.
1916 2955 2026 3009 Ma-

384 3044 569 3098 litiam
597 3048 803 3111 autem,
837 3043 895 3097 id
926 3046 1014 3098 est
1048 3042 1281 3114 propria
1309 3047 1541 3114 peccata
1597 3059 1704 3099 non
1745 3043 1933 3110 odivit,
1972 3043 2029 3098 id

382 3137 492 3200 est,
527 3148 640 3187 non
672 3131 808 3186 fecit
837 3132 993 3203 quod
1025 3132 1358 3186 faciendum
1391 3138 1546 3187 esset
1577 3137 1640 3187 ut
1672 3133 1721 3187 si
1750 3149 1864 3187 non
1902 3150 2030 3204 pos-

388 3226 477 3277 set
494 3238 608 3276 non
622 3237 859 3294 peccare
873 3225 1109 3292 propter
1131 3225 1431 3292 peccatum
1455 3222 1610 3293 quod
1643 3223 1700 3276 in
1725 3238 1895 3276 carne
1918 3228 2026 3292 est,
2061 3195 2103 3260 Ο

366 3311 478 3366 vel
508 3310 640 3366 odio
671 3310 928 3365 haberet.
955 3309 1062 3364 Alii
1095 3310 1251 3364 enim
1282 3316 1546 3382 pugnant
1572 3317 1775 3366 contra
1828 3311 2029 3367 diabo-

388 3400 532 3466 lum,
564 3405 622 3456 et
648 3398 1018 3464 vincunt;alii
1045 3403 1308 3470 pugnant
1347 3405 1403 3454 et
1433 3400 1766 3467 vincuntur,
1801 3402 1940 3472 quia
1961 3401 2032 3457 de

386 3507 448 3545 se
478 3493 841 3561 praesumunt
874 3506 886 3557 ;
920 3487 1019 3543 alii
1051 3505 1154 3544 nec
1187 3493 1470 3561 pugnant,
1532 3507 1633 3545 nec
1688 3490 2026 3558 vincuntur,

385 3580 486 3635 sed
511 3579 825 3642 traduntur
855 3575 1062 3648 captivi
1099 3576 1195 3631 :hi
1224 3582 1362 3632 sunt
1417 3578 1517 3650 qui
1578 3577 1862 3633 malitiam
1914 3597 2030 3634 non

385 3667 516 3724 odio
549 3666 784 3722 habent.
818 3665 969 3721 Ordo
1001 3684 1012 3720 :
1047 3666 1218 3721 verba
1247 3670 1385 3720 sunt
1414 3665 1782 3738 iniqua,quia
1814 3667 2028 3739 cogita-

383 3757 463 3813 tio
495 3773 674 3829 prava
706 3774 718 3823 ;
751 3760 807 3810 et
833 3755 970 3827 quia
1000 3755 1272 3826 cogitatio
1331 3773 1525 3826 prava,
1586 3756 1714 3811 ideo
1765 3761 1823 3810 et
1877 3756 2032 3812 mala

386 3863 578 3918 opera:
611 3847 858 3911 Domine,-
892 3845 951 3898 in
979 3844 1111 3899 caelo
1136 3843 1518 3898 misericordia
1551 3844 1851 3908 tua.Quasi
1875 3845 2031 3900 dicat

384 3935 553 3990 Tales
584 3951 700 3988 non
733 3933 1131 3998 salvahuntur,
1167 3932 1323 4004 quia,
1357 3950 1388 3988 o
1420 3933 2031 4004 Domine,misericor-

388 4022 486 4076 dia
515 4028 636 4088 tua,
669 4021 727 4076 in
761 4037 878 4092 qua
909 4020 1035 4075 sola
1065 4025 1152 4076 est
1181 4021 1362 4092 salus,
1394 4025 1482 4076 est
1504 4025 1561 4077 in
1589 4024 1744 4093 c310,
1767 4024 1824 4078 id
1859 4023 2032 4092 est,in

389 4109 530 4165 solis
548 4108 668 4163 illis
687 4125 832 4180 quos
857 4114 917 4163 tu
946 4110 1088 4164 facis
1114 4109 1464 4181 cmlos,quos
1494 4111 1695 4166 multis
1719 4113 2032 4171 virtutibus

390 4197 677 4254 sublimas
706 4202 763 4252 et
791 4214 986 4251 ornas.
1019 4201 1086 4253 Et
1117 4200 1311 4253 veritas
1351 4207 1471 4265 tua,
1531 4200 1588 4254 id
1651 4207 1760 4267 est,
1818 4204 2034 4264 veritas

391 4288 804 4345 mandatorum
861 4291 1124 4354 tuorum,
1177 4291 1265 4342 est
1323 4288 1541 4344 scilicet
1601 4296 1807 4362 potens
1864 4312 2035 4367 usque

388 4379 459 4434 ad
487 4379 656 4434 nubes
687 4376 1128 4433 constituendas
1167 4377 1306 4449 quia
1346 4379 1559 4435 veritas
1617 4383 2033 4444 mandatorum

387 4473 624 4523 tuorum
658 4484 773 4522 non
805 4465 997 4522 solum
1030 4465 1344 4531 illuminat,
1403 4469 1503 4523 sed
1561 4470 1737 4526 etiam
1779 4473 1850 4528 ad
1883 4475 2035 4532 hanc

2133 2054 2234 2130 sed
2267 2070 2336 2108 ex
2359 2053 2591 2125 proprio
2621 2051 2860 2107 arbitrio
2892 2055 3133 2123 peccant
3166 2050 3436 2106 homines
3472 2067 3485 2117 ;
3519 2049 3650 2106 ideo
3675 2068 3786 2107 non

2134 2147 2222 2197 est
2249 2146 2454 2197 auctor
2473 2142 2860 2208 accusandus,
2897 2141 2996 2196 sed
3034 2139 3166 2212 ipsi.
3221 2139 3371 2195 Dixit
3429 2139 3689 2210 injustas
3719 2144 3782 2196 ut

2134 2231 2435 2303 delinquat
2461 2231 2516 2285 in
2553 2229 2889 2302 semetipso,
2923 2229 2978 2285 id
3007 2234 3114 2300 est,
3139 2229 3342 2285 statuit
3372 2229 3529 2300 apud
3559 2245 3624 2285 se
3655 2247 3783 2301 pro-

2135 2322 2259 2392 prio
2291 2321 2531 2376 arbitrio
2565 2335 2824 2392 peccare,
2853 2335 2970 2374 non
3003 2323 3240 2374 coactus
3268 2317 3389 2373 ulla
3411 2318 3779 2374 necessitate.

2135 2410 2308 2474 Quasi
2344 2410 2516 2465 dicat:
2554 2409 2619 2464 Et
2649 2409 2804 2464 unde
2834 2408 2944 2464 hoc
2976 2408 3130 2480 quod
3167 2407 3374 2463 statuit
3404 2407 3782 2480 delinquere?

2135 2510 2253 2564 Non
2281 2516 2359 2564 est
2387 2511 2551 2564 timor
2578 2509 2685 2563 Dei
2713 2515 2840 2562 ante
2870 2507 3050 2563 oculos
3074 2505 3276 2578 ejus,id
3308 2508 3419 2575 est,
3453 2521 3567 2561 non
3592 2510 3779 2562 atten-

2135 2597 2221 2652 dit
2247 2598 2430 2652 Deum
2453 2597 2718 2667 judicem
2748 2613 2876 2652 esse
2904 2595 2991 2651 vel
3014 2599 3332 2650 creatorem
3352 2593 3412 2649 in
3440 2593 3780 2650 cebus.Etin

2136 2686 2244 2741 hoc
2274 2704 2390 2741 non
2416 2692 2505 2742 est
2535 2690 2738 2742 auctor
2754 2683 3233 2754 accusabilis,sed
3265 2683 3462 2755 potius
3485 2683 3782 2755 ipse.Nam

2137 2791 2269 2830 cum
2304 2779 2455 2830 Deus
2480 2773 3321 2845 dedisseteiintellectum,quo
3354 2780 3550 2845 posset
3580 2770 3787 2828 intelli-

2137 2879 2272 2935 gere
2305 2880 2418 2919 non
2449 2880 2577 2918 esse
2608 2863 3094 2936 delinquendum,
3123 2868 3320 2918 tamen
3354 2861 3782 2934 deliquitzquod

2137 2957 2226 3008 est
2253 2953 2437 3008 dolose
2468 2969 2658 3023 agere.
2694 2954 2759 3008 Et
2786 2958 2991 3008 caetera
3021 2957 3084 3007 ut
3115 2968 3526 3023 supra,usque,
3560 2951 3790 3006 Domine

2136 3044 2194 3097 in
2225 3043 2352 3098 caelo
2386 3042 2765 3098 misericordia
2794 3050 2914 3106 tua,
2948 3043 3101 3113 quod
3137 3042 3205 3097 ad
3235 3041 3386 3095 hunc
3428 3041 3674 3095 modum
3702 3041 3789 3096 sic

2139 3131 2518 3187 continuatur
2568 3148 2701 3187 cum
2750 3130 3216 3203 superiori,dicat
3278 3146 3292 3183 :
3333 3129 3483 3182 Diui!
3539 3129 3790 3198 injustas

2139 3229 2201 3276 ut
2231 3221 2513 3292 delinquat
2539 3222 2961 3276 cxinfirmitate
2975 3218 3319 3287 naturamsed
3332 3233 3444 3271 non
3462 3219 3551 3271 est
3570 3232 3784 3272 verum

2141 3311 2278 3381 quia
2308 3327 2340 3366 ο
2369 3312 2632 3366 Domine!
2662 3313 2720 3365 in
2751 3311 2900 3377 caelo,
2920 3310 2976 3365 id
2999 3311 3174 3375 est,in
3196 3307 3415 3364 Christo
3438 3303 3578 3361 coelo
3601 3303 3788 3360 ccelo-

2141 3416 2269 3454 rum
2294 3399 2516 3455 scilicet
2535 3400 2700 3470 justo
2724 3401 3045 3469 justorum,
3081 3397 3272 3471 posita
3293 3403 3379 3453 est
3407 3394 3790 3451 misericordia

2141 3491 2239 3543 tua
2253 3489 2321 3543 ad
2340 3489 2724 3543 condonanda
2748 3493 2981 3560 peccata
2994 3492 3049 3543 et
3061 3489 3132 3542 ad
3149 3474 3473 3542 fa'ciendam
3481 3483 3781 3555 justitiam

2141 3579 2294 3649 quod
2329 3596 2442 3634 non
2470 3583 2644 3648 esset,
2677 3577 2725 3632 si
2758 3578 3024 3633 homines
3055 3577 3210 3650 quod
3237 3579 3416 3647 agunt
3443 3591 3511 3630 ex
3540 3571 3790 3628 necessi-

2140 3673 2256 3723 tate
2283 3672 2538 3740 agerent.
2557 3669 2621 3722 Et
2652 3669 2852 3722 veritas
2869 3673 2971 3721 tua
2999 3667 3070 3722 ad
3093 3664 3523 3722 remuneranda
3554 3662 3784 3727 merita,

2140 3761 2228 3811 est
2259 3755 2478 3811 scilicet
2507 3773 2622 3811 non
2651 3755 2842 3810 solum
2874 3755 2932 3810 in
2967 3754 3129 3822 caelo,
3164 3755 3265 3810 sed
3299 3751 3603 3809 descendit
3624 3765 3790 3822 usque

2141 3845 2210 3899 ad
2235 3845 2420 3912 nubes,
2454 3845 2512 3898 id
2545 3850 2651 3914 est,
2703 3845 3131 3918 praedicatores,
3192 3848 3256 3898 ut
3286 3843 3463 3898 etiam
3521 3840 3608 3896 illi
3641 3840 3792 3895 hanc

2144 3933 2603 3988 misericordiam
2617 3934 2831 3988 ethanc
2843 3932 3144 3988 veritatem
3160 3929 3696 4004 pluantmundo.Et
3708 3945 3790 3984 re-

2141 4038 2275 4076 vera
2303 4021 2362 4076 in
2376 4021 2604 4077 Christo
2630 4027 2719 4078 est
2739 4021 3136 4077 misericordia
3149 4019 3418 4090 tua,quia
3433 4017 3533 4090 qui
3552 4016 3792 4072 illisunt

2143 4111 2224 4166 ita
2253 4111 2570 4166 virtutibus
2602 4110 2997 4181 sublimati,ut
3018 4109 3138 4164 sint
3161 4108 3260 4163 alti
3279 4108 3434 4164 sicut
3464 4109 3717 4171 montes,
3735 4109 3794 4160 et

2144 4201 2224 4255 ita
2254 4201 2493 4256 stabiles
2524 4199 2583 4254 in
2616 4200 2727 4254 fide
2760 4199 2842 4253 illi
2875 4203 3032 4254 sunt.
3063 4200 3286 4255 Iustitia
3316 4195 3540 4262 tua,Dei
3573 4211 3691 4250 non
3721 4210 3792 4249 ex

2146 4289 2369 4344 meritis
2401 4289 2545 4344 suis.
2579 4289 2646 4343 Et
2671 4289 2890 4360 judicia
2921 4292 3015 4343 tua
3045 4287 3270 4360 abyssus
3301 4286 3498 4353 multa,
3558 4287 3628 4340 ut
3687 4299 3787 4339 su-

2146 4395 2268 4450 pra.
2304 4378 2369 4432 Et
2407 4394 2744 4449 quanquam
2798 4376 2858 4431 hi
2918 4375 3037 4431 sint
3094 4376 3362 4448 abyssus,
3400 4373 3482 4428 illi
3529 4371 3792 4444 justitia,

2144 4472 2341 4522 tamen
2373 4471 2653 4538 utrosque
2700 4464 2974 4533 salvebis,
3011 4465 3113 4520 sed
3171 4463 3400 4520 diversa
3447 4459 3794 4525 salvatione,

390 4557 804 4629 perfectionem
840 4555 1104 4628 provehit
1134 4557 1443 4628 quosdam,
1479 4563 1546 4613 ut
1569 4559 1713 4614 fiant
1764 4565 2038 4631 nubes,id
2068 4568 2115 4632 Β
2147 4555 2284 4628 quia
2312 4555 2558 4610 homines
2605 4567 2655 4610 et
2701 4556 2956 4626 jumenta
3011 4553 3271 4618 salvebis,
3329 4552 3578 4607 Domine.
3636 4547 3798 4604 Sicut

390 4650 498 4710 est,
531 4646 793 4701 doctores
825 4645 1096 4712 aliorum,
1130 4646 1398 4716 pluentes
1437 4647 1738 4720 doctrinis,
1763 4655 2034 4711 tonantes

392 4733 592 4798 minis,
625 4739 998 4792 coruscantes
1020 4735 1571 4792 miraculisJustitia
1599 4742 1692 4792 tua
1720 4742 1861 4796 sicut
1881 4760 2036 4799 mon-

391 4827 474 4878 tes
506 4822 622 4890 Dei,
674 4827 908 4894 propter
962 4824 1336 4880 eminentiam
1389 4825 1674 4882 virtutum
1710 4846 1721 4895 ;
1754 4829 1843 4884 vel
1897 4834 2038 4888 sicut

391 4915 599 4967 montes
629 4910 888 4980 Dei,quia
917 4900 1416 4982 quemadmodum
1448 4913 1534 4970 soI
1567 4916 1759 4972 oriens
1782 4918 2037 4978 illustrat

392 5005 621 5056 montes
651 5000 834 5072 prius,
859 5001 1068 5057 deinde
1101 5003 1347 5075 refulget
1368 5003 1426 5058 in
1459 5004 1744 5071 vallesita
1771 5009 2038 5068 Christus

391 5107 563 5146 verus
595 5089 704 5157 sol,
744 5090 908 5162 prius
956 5090 1271 5147 illustravit
1331 5093 1645 5165 apostolos,
1697 5097 1906 5155 deinde
1937 5118 2039 5173 per

395 5178 527 5235 illos
559 5196 664 5235 nos
691 5179 858 5251 quasi
889 5179 1090 5246 valles,
1123 5179 1348 5236 scilicet
1375 5199 1576 5239 eorum
1603 5186 1920 5244 auditores.

466 5285 561 5342 Sic
591 5301 621 5340 e
650 5286 940 5341 contrario
962 5287 1182 5357 judicia
1213 5292 1308 5343 tua
1338 5289 1574 5360 abyosus
1613 5293 1810 5358 multa,
1839 5293 1895 5348 id
1929 5300 2036 5364 est,

395 5373 657 5431 damnati
681 5376 738 5429 in
770 5376 1062 5447 profundo
1094 5377 1368 5435 vitiorum
1403 5383 1544 5434 sunt
1602 5379 1762 5436 velut
1791 5383 2040 5455 abyssus

399 5463 608 5520 multa.
633 5462 816 5520 Aliter
846 5481 858 5519 :
892 5465 1110 5522 Iudicia
1140 5470 1236 5523 tua
1267 5468 1496 5539 abyssus
1523 5469 1720 5538 mulio,
1756 5473 1922 5540 quasi
1953 5474 2041 5529 di-

2147 4644 2340 4700 salvas
2364 4644 2855 4715 jumenta,dando
2879 4643 2994 4698 illis
3026 4642 3308 4698 alimenta
3327 4641 3484 4696 unde
3515 4639 3794 4694 lacunam

2145 4733 2362 4790 ventris
2393 4733 2694 4806 impleant,
2731 4737 2788 4788 et
2817 4737 3022 4788 caetera
3081 4730 3308 4804 corpori
3351 4726 3793 4792 satisfacientia,

2147 4830 2204 4880 et
2235 4824 2526 4891 homines,
2554 4823 2609 4877 id
2644 4827 2752 4894 est,
2785 4823 2843 4878 in
2873 4821 3334 4878 vetustateillius
3365 4826 3797 4892 priemanentes

2149 4914 2246 4986 qui
2273 4914 2447 4969 homo
2479 4913 2610 4979 fuit,
2642 4930 2756 4968 non
2789 4911 2945 4968 filius
2975 4911 3254 4978 hominis,
3287 4908 3552 4966 carnales
3575 4905 3802 4962 scilicet

2148 5004 2299 5059 intra
2330 5003 2547 5058 bestias
2579 5001 2894 5073 deputatis,
2947 5005 3012 5056 ut
3049 5000 3225 5055 aliam
3255 4999 3434 5054 vitam
3493 5013 3608 5052 non
3640 5010 3799 5068 que-

2149 5097 2281 5149 rant
2315 5091 2425 5147 nisi
2450 5091 2619 5146 hanc.
2670 5092 2836 5146 Homo
2884 5093 3032 5147 enim
3090 5107 3211 5145 cum
3271 5091 3330 5144 in
3387 5088 3593 5143 honore
3631 5091 3796 5150 esset,

2148 5199 2257 5238 non
2287 5181 2557 5236 intellexit
2589 5196 2602 5233 :
2637 5184 2983 5252 comparatus
3003 5181 3080 5234 est
3103 5181 3375 5249 jumenlis
3407 5173 3801 5248 insipientibus

2148 5281 2200 5328 et
2229 5271 2431 5326 similis
2461 5270 2636 5341 factus
2665 5275 2747 5324 est
2779 5271 2892 5324 illis
2923 5269 3097 5339 (Psal.
3130 5268 3346 5339 XLVIII).

2223 5380 2312 5448 Et,
2348 5395 2379 5433 o
2413 5378 2571 5444 Deus,
2606 5378 2756 5449 quod
2789 5377 2936 5433 tales
2961 5377 3134 5433 etiam
3159 5375 3354 5448 aliquo
3376 5373 3550 5430 modo
3582 5369 3800 5434 salvas,

2153 5469 2236 5526 ad'
2259 5485 2393 5525 eum
2427 5467 2668 5522 modum
2716 5466 2858 5522 facis
2908 5465 3363 5538 quemadmodum
3416 5454 3807 5532 multiplicati

396 5553 670 5627 catzquod
694 5554 982 5627 quosdam
1008 5571 1076 5611 ex
1106 5557 1507 5614 misericordia
1526 5561 1629 5615 tua
1650 5559 1732 5616 sic
1753 5560 2043 5620 sublime
2151 5555 2588 5615 misericordiam
2614 5558 2787 5628 tuam,
2832 5556 2888 5611 id
2922 5554 3362 5624 est,secundum
3410 5547 3802 5622 multiplicem

398 5646 463 5704 ut
491 5642 620 5702 coeli
651 5643 882 5720 possint
909 5644 1050 5703 dicit
1080 5649 1138 5703 et
1167 5646 1351 5705 nubes
1383 5652 1440 5707 et
1467 5654 1717 5720 montes,
1750 5652 2042 5725 quosdam

2157 5647 2620 5707 misericordiam
2641 5651 2960 5723 tuam,quie
2992 5663 3108 5704 non
3129 5647 3293 5703 deest
3317 5642 3435 5701 illis
3465 5641 3563 5699 hic
3583 5639 3643 5697 in
3660 5641 3808 5697 tem-
