4016 6192
324 327 444 397 33"!

1452 321 2065 393 ENARRATIONES
2107 325 2189 392 IN
2232 326 2617 396 PSALMOS.

3619 323 3747 395 838

326 465 500 538 (Psal.
529 464 750 539 χχχιιι).
777 462 913 522 Cum
930 465 1196 523 ceciderit
1214 464 1275 520 in
1298 463 1526 538 aliquas
1546 462 1972 531 tribulationes,
2005 465 2058 529 Α
2087 464 2292 532 fecistis
2323 464 2540 535 (Matth.
2573 465 2723 539 xxv).
2749 464 2873 521 Tota
2901 461 2990 521 die
3015 462 3306 521 miseretur
3330 469 3381 520 et
3409 462 3733 522 commodat.

325 566 436 612 non
467 555 794 612 collidatur:
823 555 928 612 illa
966 553 1204 611 afﬂictio
1234 571 1351 611 non
1382 554 1491 610 erit
1520 552 1567 609 ci
1599 553 1670 608 ad
1705 551 1969 623 dejectio~

325 658 486 713 nem,
509 645 609 700 sed
639 646 834 717 potius
856 646 926 700 ad
951 644 1388 711 exultationem,
1409 645 1542 715 quia
1564 644 1826 698 Dominus
1854 655 1978 711 sup-

320 737 478 809 ponit
505 751 733 790 manum
753 752 943 791 suam:
966 735 1094 790 ideo
1117 734 1333 790 auxilio
1355 738 1411 789 et
1432 731 1695 804 exemplo
1716 747 1821 787 suo
1843 746 1977 786 eum

323 825 593 883 sublevat
622 825 761 897 quia
789 824 948 898 prior
980 840 1191 897 passus
1222 827 1330 878 est.
1356 822 1538 877 Aliter
1562 840 1574 877 :
1612 821 1833 877 Firmat
1862 836 1979 874 ma-

323 929 469 971 num
500 914 649 985 ejus,
683 913 739 967 id
773 917 883 981 est,
917 930 1092 985 opera
1143 913 1290 983 ejus.
1327 912 1737 979 Hieronymus.
1772 908 1980 981 Septies

323 1001 472 1059 cadit
489 1003 694 1074 justus,
727 1010 779 1058 et
812 1004 1053 1072 resurgit
1100 1003 1285 1072 (Prov.
1318 1000 1493 1072 xxxv).
1549 998 1718 1054 Cadit
1760 997 1979 1071 cogita-

324 1091 507 1161 tione,
541 1090 946 1156 delectatione,
1004 1091 1202 1146 verbo.
1266 1089 1541 1161 Resurgit
1596 1086 1980 1151 confessione,

327 1206 453 1264 spe,
478 1190 592 1245 fide
613 1194 670 1245 et
690 1206 882 1261 opere.
911 1190 977 1245 Et
998 1189 1365 1260 ideojustus,
1401 1186 1753 1259 quiajustus
1782 1202 1851 1241 ex
1878 1185 1983 1256 ﬁde

325 1279 462 1335 vivit
491 1279 665 1349 (Rom.
699 1279 759 1350 1).
795 1277 861 1333 Et
893 1293 1090 1332 revera
1127 1278 1330 1349 justus
1361 1292 1471 1331 non
1522 1275 1814 1331 collidetur
1845 1274 1985 1347 quia

325 1364 615 1424 Dominus
646 1384 761 1422 non
795 1365 1159 1438 derelinquet
1188 1382 1346 1432 eum,
1378 1364 1683 1437 dirigendo
1743 1381 1984 1437 gressus

328 1456 494 1527 ejus:
523 1457 681 1529 quod
714 1455 859 1510 mihi
885 1459 1120 1527 experto
1152 1453 1385 1511 credite.
1418 1455 1617 1510 Junior
1642 1455 1750 1524 fui,
1786 1455 1984 1509 etenim

327 1546 512 1601 senui.
546 1544 649 1600 Hic
682 1543 945 1617 loquitur
965 1542 1221 1600 Ecclesia
1240 1548 1381 1611 tota,
1408 1560 1536 1615 qum
1560 1560 1677 1597 una
1696 1546 1785 1597 est
1807 1542 1864 1597 in
1892 1559 1983 1597 sa-

329 1632 668 1701 cramentis,
701 1634 801 1689 sed
852 1633 913 1687 in
963 1632 1230 1706 personis
1277 1631 1540 1688 diversa:
1572 1635 1629 1686 et
1657 1631 1787 1687 ideo
1818 1629 1986 1702 quasi

328 1739 488 1779 unus
511 1721 685 1778 homo
706 1726 829 1778 tota
859 1721 1139 1794 loquitur.
1173 1722 1371 1778 Junior
1396 1723 1503 1793 fui,
1535 1719 1591 1775 id
1627 1725 1735 1785 est,
1764 1720 1985 1776 ferven-

2087 551 2401 623 Nunquam
2436 554 2689 611 charitas
2719 559 2808 612 est
2858 555 3079 614 otiosa:
3130 553 3179 611 si
3228 551 3406 610 habet
3452 554 3741 610 exteriora

2088 640 2260 709 bona,
2287 641 2493 697 tribuit
2513 660 2580 699 ea
2605 661 2616 699 :
2654 645 2701 701 si
2725 662 2792 701 ea
2822 662 2936 701 non
2959 644 3154 713 habet,
3178 641 3384 699 tribuit
3406 643 3619 698 bonam
3641 660 3737 698 vo-

2086 730 2394 785 luntatem.
2421 732 2547 788 Non
2575 749 2711 805 ergo
2731 733 3158 807 derelinquitur
3173 733 3396 805 justus,
3418 733 3518 789 sed
3542 733 3738 806 potius

2089 836 2203 875 non
2228 820 2530 877 deserente
2552 838 2614 877 se
2634 821 2771 890 Deo,
2795 822 3209 896 comparabilis
3231 826 3318 879 est
3340 821 3445 890 illi,
3475 823 3573 895 qui
3607 840 3740 879 mo-

2089 912 2187 964 tus
2206 908 2366 964 intus
2391 909 2814 979 misericordia,
2838 911 2895 967 in
2912 919 3110 968 actum
3132 912 3295 970 ducit
3313 928 3462 969 eam.
3487 911 3590 968 Vel
3610 929 3738 985 per-

2092 1004 2426 1054 severanter
2446 999 2978 1056 misereturanimar
2999 1019 3142 1073 suae,
3162 1002 3399 1074 placens
3421 1002 3561 1072 Deo,
3577 1008 3641 1060 ut
3660 1003 3740 1059 fa-

2090 1087 2208 1143 ciat
2232 1087 2343 1143 sibi
2367 1089 2699 1160 proximum
2727 1089 2785 1144 in
2806 1089 2897 1146 via
2920 1090 3016 1146 Dei
3038 1092 3286 1147 socium.
3314 1093 3381 1148 Et
3408 1092 3536 1149 ideo
3557 1110 3741 1149 sanun

2092 1176 2208 1248 ejus
2250 1178 2306 1231 in
2342 1177 2712 1233 benedictione
2739 1180 2843 1234 erit
2866 1197 2885 1234 :
2936 1178 3349 1251 comparabilis
3380 1182 3489 1238 erit
3530 1181 3608 1250 ei,
3638 1182 3740 1254 qui

2093 1266 2247 1338 quod
2270 1265 2523 1322 seminat
2538 1266 2994 1339 multiplicatum
3008 1268 3231 1340 recipit.
3250 1268 3570 1342 Centuplum
3584 1272 3741 1329 enim

2092 1356 2339 1427 accipiet,
2371 1364 2423 1411 et
2472 1357 2645 1411 vitam
2695 1365 2965 1414 aeternam
3002 1358 3293 1429 possidebit
3344 1360 3551 1431 (Matth.
3602 1362 3740 1433 xxx).

2094 1452 2242 1526 Ergo
2273 1452 2487 1509 declina
2516 1472 2549 1509 a
2579 1455 2747 1517 malo.
2778 1460 2832 1511 et
2853 1458 2947 1527 fac
2975 1456 3179 1511 bonum
3197 1475 3215 1511 :
3265 1458 3421 1528 quod
3447 1461 3536 1514 est
3563 1459 3744 1531 tequi-

2094 1540 2391 1614 pollenter'
2411 1541 2636 1599 dictum
2664 1561 2676 1599 :
2710 1542 2837 1599 Noli
2869 1543 3154 1613 aemulari,
3189 1544 3306 1600 noli
3338 1543 3615 1603 invidiam
3645 1547 3746 1603 ha—

2096 1632 2232 1687 bere
2264 1631 2321 1687 in
2355 1632 2496 1687 ﬂore
2520 1632 2806 1688 malorum
2835 1633 3064 1705 ;potius
3085 1633 3175 1689 fac
3197 1632 3438 1703 bonum,
3469 1634 3743 1708 quianon

2096 1719 2733 1777 eritirremuneratum:
2758 1722 2919 1778 vides
2942 1721 3293 1795 quianullus
3312 1722 3746 1781 invidusremu-

327 1810 444 1867 tior
463 1811 522 1865 in
548 1811 851 1878 charitate,
880 1826 1010 1866 cum
1039 1810 1337 1882 primitiva
1357 1827 1516 1866 eram
1543 1809 1600 1866 in
1624 1809 1785 1875 Abel,
1808 1808 1869 1864 in
1892 1826 2040 1905 pa-B
2098 1809 2419 1865 nerabitur.
2453 1811 2517 1863 Et
2548 1811 2631 1866 sic
2659 1812 2936 1883 inhabita,
2971 1811 3193 1869 scilicet
3220 1817 3434 1870 terram
3470 1819 3653 1881 tuam,
3686 1816 3748 1870 in

326 1898 624 1956 triarchis.
659 1901 729 1955 Et
758 1915 959 1955 revera
980 1900 1203 1970 junior,
1239 1916 1374 1955 nam
1430 1901 1631 1955 senui:
1669 1899 1794 1970 jam
1826 1898 2034 1955 enim'
2092 1899 2360 1956 saeculum
2388 1901 2622 1956 smculi:
2664 1901 2748 1955 sic
2779 1917 2907 1956 eam
2941 1900 3191 1974 accipies
3239 1902 3631 1959 immortalem
3691 1907 3749 1959 et

330 1989 601 2062 refriguit
631 1989 907 2045 charitas.
942 1990 1005 2044 Et
1028 2005 1139 2044 non
1163 1989 1220 2042 in
1236 1988 1566 2060 juventute,
1600 2004 1705 2042 nec
1736 1987 1794 2042 in
1826 2003 1988 2042 sene-

331 2082 491 2136 ctute
510 2079 627 2134 vidi
647 2080 865 2151 justum
892 2077 1211 2133 derelictum
1241 2077 1510 2142 interius,
1539 2076 1679 2148 quin
1706 2076 1987 2132 Dominus

333 2183 568 2239 semper
598 2167 873 2238 dirigeret
902 2183 1143 2239 gressus
1174 2168 1325 2237 ejus,
1355 2170 1409 2222 et
1440 2166 1489 2220 si
1518 2165 1689 2220 multi
1723 2165 1828 2220 visi
1851 2167 1991 2220 sunt

336 2254 622 2322 derelicti,
671 2259 957 2326 quantum
1009 2255 1080 2308 ad
1128 2253 1401 2309 exterius.
1442 2253 1544 2309 Vel
1566 2255 1764 2324 junior
1790 2255 1898 2325 fui,
1932 2252 1989 2307 id

338 2347 449 2410 est,
476 2343 736 2415 parvula,
758 2343 902 2414 quia
922 2343 980 2397 in
1015 2341 1217 2415 paucis
1248 2347 1508 2414 tempore
1539 2341 1843 2413 Abeljusti
1868 2342 1994 2396 sine

337 2431 698 2487 fecunditate
729 2431 939 2486 adhuc.
972 2432 1043 2486 Et
1070 2431 1181 2487 hoc
1212 2430 1470 2487 ostendit
1496 2448 1509 2485 :
1543 2433 1762 2486 Etenim
1814 2432 1992 2497 senui,

334 2520 395 2575 id
429 2525 541 2586 est,
574 2520 725 2575 crevi
753 2524 811 2575 et
837 2518 1226 2592 multiplicata
1260 2536 1393 2575 sum
1427 2519 1483 2574 in
1519 2523 1753 2575 senecta
1771 2519 1992 2574 haberi.

334 2617 403 2675 Et
433 2634 545 2673 non
573 2615 691 2671 vidi
708 2618 924 2688 justum
959 2618 1309 2684 derelictum,
1347 2613 1568 2672 scilicet
1592 2633 1626 2670 a
1657 2632 1804 2688 pane
1835 2616 1993 2671 verbi

336 2706 439 2762 Dei
470 2723 482 2762 :
517 2706 658 2777 quia
710 2720 1014 2776 nunquam
1048 2704 1139 2760 lex
1168 2706 1291 2777 Dei,
1327 2705 1385 2759 id
1419 2710 1510 2759 est
1539 2706 1668 2775 ejus
1695 2702 1989 2774 voluntas,

338 2795 557 2852 recedit
587 2794 659 2849 de
690 2794 865 2849 corde
918 2798 975 2849 et
1005 2809 1103 2848 ore
1133 2795 1282 2864 ejus.
1345 2794 1487 2863 Ejus
1544 2793 1628 2848 ori
1687 2807 1989 2863 nunquam

339 2884 607 2942 Christus
636 2883 846 2938 abfuit.
878 2885 985 2939 Nec
1032 2898 1213 2938 semen
1240 2884 1380 2955 ejus,
1429 2882 1487 2937 id
1532 2887 1622 2937 est
1667 2880 1993 2937 imitatores

342 2975 492 3044 ejus,
514 2985 769 3043 querens
795 2987 1017 3043 panem,
1050 2970 1273 3027 scilicet
1298 2971 1448 3038 vitae,
1472 2985 1682 3043 panem
1713 2970 1870 3026 verbi
1896 2970 1993 3025 Dei

343 3077 460 3117 non
494 3056 734 3128 habens,
768 3066 826 3116 et
854 3060 985 3116 ideo
1015 3060 1378 3116 mendicans.
1412 3060 1516 3115 Vel
1545 3075 1727 3115 semen
1754 3063 1896 3130 ejus,
1935 3059 1991 3113 id

344 3156 455 3220 est,
484 3151 639 3206 bona
668 3166 843 3222 opera
872 3166 1001 3221 qum
1029 3149 1123 3205 hic
1161 3148 1494 3220 seminavit,
1526 3149 1652 3204 sine
1683 3150 1897 3220 fructu,
1931 3147 1988 3202 id

338 3243 435 3297 est
460 3239 590 3296 sine
616 3239 883 3295 mercede
907 3255 920 3294 :
944 3244 1084 3295 tunc
1106 3254 1305 3295 semen
1330 3237 1501 3309 quasi
1524 3236 1735 3309 quaerit
1754 3252 1991 3309 panem,

2094 1987 2545 2060 impassibilem.
2567 1987 2743 2053 Quasi
2759 1989 2941 2045 dicat:
2959 1991 3124 2046 Certa
3143 1990 3421 2064 legitime,
3436 1997 3492 2049 et
3504 2009 3744 2049 corona-

2097 2077 2251 2134 beris
2304 2077 2375 2149 (II
2404 2077 2539 2133 Tim.
2570 2080 2653 2149 ιι).
2687 2079 2747 2135 Si
2776 2096 2890 2135 non
2923 2079 3322 2148 seminaveris,
3373 2097 3488 2137 non
3539 2086 3744 2139 metes.

2098 2174 2231 2230 Ideo
2288 2174 2511 2229 declina
2563 2191 2602 2229 α
2648 2176 2799 2231 malo
2828 2180 2878 2231 et
2908 2179 3002 2244 [ac
3052 2178 3272 2249 bonum,
3329 2180 3460 2249 quia
3488 2179 3751 2234 Dominus

2100 2270 2250 2319 amat
2268 2263 2573 2333 judicium,
2608 2262 2718 2319 hoc
2749 2264 2989 2337 scilicet,
3022 2265 3079 2320 id
3114 2271 3222 2333 est,
3270 2265 3422 2323 hanc
3446 2267 3751 2323 discretio-

2104 2368 2259 2407 nem.
2294 2350 2398 2407 Vel
2427 2351 2641 2407 declina
2672 2370 2705 2407 a
2732 2354 2879 2408 malo
2907 2356 2957 2410 et
2994 2355 3085 2425 fac
3134 2354 3355 2421 bonum,
3404 2360 3462 2411 et
3490 2355 3757 2412 faciendo

2106 2440 2246 2510 haec,
2282 2439 2465 2496 multa
2497 2440 2650 2496 mala
2680 2441 3003 2498 sustinebis
3027 2459 3039 2498 :
3065 2445 3164 2498 sed
3192 2444 3309 2499 noli
3338 2444 3598 2511 deﬁcere,
3621 2446 3755 2516 quia

2102 2529 2365 2585 Dominus
2395 2533 2545 2584 amat
2557 2530 2837 2602 judicium
2859 2550 2877 2585 :
2919 2530 3087 2600 Quem
3115 2533 3263 2588 enim
3292 2532 3483 2603 diligit
3505 2534 3754 2606 castigat

2101 2617 2286 2687 (Prov.
2323 2620 2397 2685 1):
2432 2621 2488 2671 et
2516 2618 2574 2673 in
2598 2617 2850 2690 judicio,
2883 2619 2939 2673 id
2990 2623 3079 2674 est
3108 2619 3165 2675 in
3200 2619 3612 2693 ﬂagellatione,
3641 2637 3753 2678 non
3794 2670 3803 2675 .

2101 2703 2448 2776 derclinquet
2464 2712 2685 2763 sanctos
2708 2724 2856 2775 suos,
2881 2712 2948 2763 ut
2966 2707 3199 2765 videtur
3215 2708 3411 2779 malis,
3434 2708 3535 2767 sed
3558 2711 3753 2782 potius

2100 2809 2203 2865 per
2232 2793 2341 2849 hoc
2364 2796 2730 2851 conservabit
2753 2814 2771 2850 :
2803 2813 2906 2868 pro
2929 2797 3238 2870 temporali
3261 2794 3486 2872 ﬂagello
3507 2801 3565 2856 in
3587 2804 3753 2857 aeter-

2099 2899 2234 2937 num
2262 2884 2746 2941 conservabuntur.
2801 2885 2872 2941 Et
2902 2886 2951 2940 si
2982 2886 3176 2958 priora
3221 2886 3434 2944 horum
3481 2887 3757 2945 videntur

2101 2971 2284 3041 arida,
2319 2973 2642 3045 posteriora
2673 2973 2985 3030 ﬂorebunt.
3016 2977 3215 3048 Injusti
3243 2979 3461 3044 autem,
3499 2993 3752 3049 quorum

2101 3059 2297 3132 priora
2327 3078 2482 3117 nunc
2513 3062 2743 3127 ﬂorent,
2769 3064 3099 3135 punientur,
3141 3062 3198 3119 id
3232 3068 3342 3133 est,
3392 3080 3595 3121 eorum
3644 3082 3750 3139 po-

2103 3148 2349 3205 steriora
2378 3155 2664 3206 arescent.
2698 3152 2765 3206 Et
2792 3168 2976 3207 semen
3008 3154 3329 3225 impiorum,
3362 3154 3420 3209 id
3458 3158 3549 3211 est
3578 3171 3757 3227 opera

2104 3236 2260 3293 mala
2316 3254 2442 3308 qua:
2493 3238 2588 3292 hic
2642 3239 3101 3309 seminaverunt,
3149 3242 3377 3314 peribit,
3410 3242 3466 3297 id
3498 3245 3606 3313 est,
3640 3258 3757 3299 non

333 3355 479 3397 cum
502 3354 619 3394 non
641 3337 850 3394 crescit
868 3337 926 3392 in
946 3337 1192 3392 fructus.
1212 3333 1481 3390 Ostendit
1495 3334 2001 3405 quomodojustus
2108 3328 2282 3380 erunt
2310 3324 2369 3379 in
2400 3325 2827 3397 benedictione,
2859 3328 2919 3383 id
2950 3333 3060 3397 est,
3096 3327 3601 3400 multiplicatione,
3621 3330 3762 3402 quia

338 3443 657 3499 nunquam
690 3442 841 3499 pane
878 3426 1007 3481 vitae
1054 3424 1275 3479 scilicet
1322 3426 1535 3487 careat,
1586 3420 1725 3492 quia
1771 3435 2006 3491 semper
2108 3412 2533 3499 irremunerata
2553 3418 2743 3468 erunt.
2773 3417 2918 3471 Iusti
2937 3426 3139 3485 autem,
3168 3417 3269 3489 qui
3296 3416 3469 3472 modo
3495 3416 3766 3474 videntur

334 3498 542 3574 habet.
566 3498 707 3572 Tota
722 3519 878 3571 enim
902 3514 1011 3580 die,
1042 3513 1101 3568 id
1139 3517 1230 3569 est
1259 3511 1517 3578 assidue,
1538 3511 1711 3581 juxta
1739 3508 1923 3563 illud:
1957 3510 2008 3563 et
2113 3498 2395 3567 derelicti,
2424 3500 2833 3557 haereditabunt
2871 3507 3095 3561 terram.
3156 3504 3258 3562 Vel
3305 3522 3541 3562 carnem
3586 3522 3766 3580 quam

336 3609 410 3664 in
440 3607 557 3676 lege
582 3607 698 3678 ejus
725 3604 1087 3660 meditabitur
1116 3602 1208 3657 die
1234 3618 1300 3657 ac
1329 3609 1485 3655 nocte
1513 3600 1689 3671 (Psat.
1725 3597 1768 3670 ι)
1793 3615 1808 3663 ς
1839 3599 2004 3652 mise—
2114 3588 2212 3645 hic
2226 3587 3119 3654 coluerunt,immarcescibilem
3136 3594 3435 3666 recipient.
3451 3594 3554 3651 Vel
3567 3604 3771 3652 terram

339 3698 525 3759 retur,
559 3693 785 3750 scilicet
813 3692 947 3763 sibi,
971 3707 1170 3748 ensem
1203 3690 1374 3745 illum
1402 3688 1648 3745 rationis
1672 3704 1787 3759 quo
1818 3685 2008 3742 accin-
2115 3686 2464 3757 viventium,
2497 3686 2555 3743 id
2610 3692 2717 3757 est,
2747 3695 3021 3746 aeternam
3072 3690 3524 3747 beatitudinem.
3558 3694 3624 3750 Et
3667 3693 3779 3749 hoc

346 3789 487 3841 ctus
506 3788 597 3838 est
617 3799 733 3838 non
751 3780 1099 3855 permittens
1113 3778 1381 3853 rubigine
1397 3776 1684 3834 consumi.
1705 3780 1767 3833 Et
1781 3791 2013 3833 commo-
2119 3794 2237 3833 non
2270 3776 2344 3832 ad
2376 3780 2635 3850 tempus,
2658 3778 2758 3834 sed
2790 3779 3177 3836 inhabitabant
3205 3782 3267 3835 in
3293 3779 3557 3838 saeculum
3587 3780 3780 3838 sa’culi

346 3873 453 3930 dat
474 3871 607 3926 aliis
630 3871 902 3926 eumdem
928 3885 1161 3942 panem,
1186 3885 1301 3923 non
1325 3872 1515 3923 cessat
1535 3865 1680 3922 alios
1702 3867 2010 3922 obsecran-
2120 3882 2286 3939 super
2314 3882 2462 3935 eam,
2481 3866 2703 3924 scilicet
2722 3873 2967 3939 stantes,
2993 3869 3049 3925 id
3073 3873 3183 3936 est,
3211 3868 3460 3925 firmiter
3478 3873 3534 3924 et
3556 3867 3780 3926 stabili-

350 3963 459 4028 do,
497 3960 889 4027 admonendo,
931 3958 1244 4024 hortando,
1276 3955 1563 4012 rationem
1595 3954 1909 4021 reddendo,
1943 3953 2015 4008 ad
2124 3960 2212 4010 ter
2236 3954 2542 4011 habentes.
2569 3956 2810 4012 Interim
2834 3962 3028 4013 autem
3055 3974 3112 4014 os
3130 3959 3276 4030 justi
3303 3958 3572 4031 interius,
3605 3957 3664 4014 id
3694 3963 3784 4014 est

360 4049 716 4107 charitatem
751 4047 846 4104 Dei
880 4045 1248 4102 attrahendo.
1279 4045 1350 4100 Et
1380 4045 1465 4101 sic
1505 4043 1809 4114 subjungit
1835 4041 2011 4096 dilec-
2127 4060 2245 4114 cor,
2279 4043 2644 4100 meditabitur
2674 4047 3025 4118 sapientiam,
3060 4047 3117 4103 id
3142 4052 3250 4119 est,
3283 4046 3471 4121 legem
3501 4050 3559 4105 et
3576 4048 3785 4106 volun-

361 4139 511 4195 tioni
545 4138 669 4207 Dei,
694 4135 1067 4192 dilectionem
1100 4134 1371 4207 proximi.
1397 4134 1520 4189 Tota
1542 4132 1629 4188 die
1656 4134 1943 4187 miseretur
1968 4133 2021 4185 et
2136 4136 2320 4187 tatem
2350 4132 2451 4186 Dei
2477 4148 2489 4188 ε
2539 4136 2591 4188 et
2622 4133 2819 4207 lingua
2848 4136 2967 4203 eius
3005 4137 3257 4209 loquetur
3274 4136 3576 4210 judicium,
3608 4138 3667 4194 id
3696 4140 3786 4194 est

362 4226 695 4294 commodat,
719 4225 777 4281 id
798 4228 909 4292 est,
931 4239 1235 4294 nunquam
1267 4222 1359 4278 lex
1381 4221 1500 4292 Dei,
1533 4221 1589 4275 id
1621 4224 1728 4285 est,
1752 4218 2021 4275 voluntas
2140 4219 2574 4289 discretionem,
2607 4227 2663 4278 et
2711 4223 2823 4280 sibi
2870 4224 3266 4292 miserebitur,
3312 4231 3368 4282 et
3414 4226 3547 4282 aliis
3573 4225 3789 4283 tribuet

365 4317 474 4375 Dei
510 4315 726 4372 recedit
755 4315 828 4369 de
859 4313 1032 4368 corde
1061 4313 1189 4383 ejus
1218 4327 1231 4367 :
1275 4310 1510 4383 quando
1566 4309 1728 4381 legit,
1768 4309 2021 4363 mandu-
2142 4309 2334 4376 illum,
2358 4310 2587 4367 docebit
2607 4315 2937 4386 proximum
2960 4316 3102 4388 quid
3130 4317 3339 4371 debeat
3356 4316 3621 4387 probare,
3646 4314 3786 4386 quid

368 4409 506 4471 eat;
537 4404 773 4477 quando
803 4402 941 4457 inde
962 4401 1197 4474 cogitat,
1222 4399 1518 4465 ruminat;
1554 4402 1619 4452 ut
1642 4397 1718 4452 sit
1734 4397 2023 4452 mundum
2144 4398 2495 4472 improbare.
2526 4402 2635 4458 Lex
2666 4405 2768 4459 Dei
2795 4406 2913 4473 ejus
2934 4408 2991 4460 in
3012 4404 3171 4460 corde
3193 4405 3408 4474 ipsius:
3437 4402 3560 4458 haec
3580 4407 3669 4458 est
3687 4402 3789 4459 illa

369 4492 595 4552 animal
620 4496 678 4549 et
709 4509 827 4548 non
865 4491 1244 4545 immundum
1275 4488 1431 4559 quod
1486 4486 1755 4558 deglutit,
1805 4486 1862 4541 id
1914 4492 2023 4553 est,
2146 4488 2433 4561 sapientia
2455 4506 2630 4561 quam
2655 4491 3053 4559 meditabitur,
3076 4495 3133 4546 et
3159 4489 3301 4545 illud
3318 4489 3612 4561 judicium
3635 4490 3792 4563 quod

373 4582 752 4640 obliviscitur
781 4580 938 4653 quod
972 4578 1157 4650 audit,
1178 4575 1512 4649 juxtaillud
1543 4575 1873 4632 Salomonis
1900 4594 1912 4631 :
1944 4581 2034 4630 ln-
2066 4570 2111 4635 D
2145 4576 2592 4649 aliisloquatur.
2625 4578 2688 4631 In
2718 4577 2877 4634 corde
2905 4580 3098 4648 ipsius,
3128 4578 3267 4649 quia
3302 4577 3627 4636 voluntarie
3658 4596 3791 4654 ope-

374 4670 796 4744 oomparabilis
825 4670 1140 4725 thesaurus
1193 4666 1443 4739 quiescit
1497 4665 1557 4720 in
1589 4681 1687 4721 ore
1730 4665 2032 4737 sapientis,
2146 4667 2374 4723 rabitur
2404 4662 2462 4721 in
2493 4664 2639 4739 lege.
2672 4666 2736 4721 Et
2767 4666 2897 4722 ideo
2924 4684 3034 4723 non
3053 4667 3563 4741 supplantabuntur
3586 4684 3799 4743 gressus

375 4768 601 4826 stultus
623 4773 817 4824 autem
843 4765 1090 4839 deglutit
1112 4763 1280 4820 illum
1302 4767 1487 4834 (Prov.
1514 4761 2037 4835 xx1).Augustiuus
2145 4756 2279 4829 ejus,
2312 4755 2367 4811 id
2403 4759 2512 4823 est,
2564 4754 2946 4826 cogitationes
2975 4757 3104 4827 ejus
3154 4772 3268 4812 non
3320 4757 3704 4831 decipiantur,
3736 4760 3804 4813 ut

378 4857 526 4916 dicit
551 4874 565 4912 :
593 4879 621 4907 ‹‹
654 4858 984 4927 Miseretur,
1017 4855 1074 4910 id
1108 4862 1216 4920 est,
1241 4854 1573 4920 feneratur;
1608 4868 1797 4925 pauca
1827 4852 1945 4917 dat,
1979 4855 2037 4907 et
2148 4846 2463 4902 devocetur
2493 4862 2526 4899 a
2557 4844 2730 4899 malo.
2760 4844 2908 4900 Nam
2932 4862 3043 4901 non
3065 4846 3280 4902 desunt
3307 4844 3799 4919 supplantatores.

377 4945 574 5005 multa
602 4946 847 5019 recipit:
881 4945 965 5000 sic
993 4950 1050 4999 et
1071 4944 1274 5015 justus
1296 4943 1394 4996 dat
1417 4945 1667 5005 terrena,
1699 4944 1764 4994 ut
1796 4939 2041 5010 accipiat
2152 4942 2467 4999 Considerat
2498 4941 2654 4997 enim
2685 4945 2935 5013 peccator
2953 4944 3187 5016 justum,
3216 4943 3274 4998 id
3296 4946 3405 5011 est,
3437 4943 3616 4997 vitam
3647 4940 3805 4999 illius

381 5035 680 5095 cmlestia:
707 5036 808 5091 dat
829 5033 1107 5106 peritura,
1132 5036 1199 5087 ut
1216 5029 1467 5103 accipiat
1488 5034 1722 5084 interna.
1750 5050 1777 5078 ››
1811 5029 1868 5083 Si
1891 5029 2042 5083 fene—
2154 5030 2463 5103 diligenter
2510 5030 2787 5103 inquirit:
2820 5035 2871 5086 et
2900 5030 3010 5087 hoc
3041 5049 3156 5087 non
3189 5032 3260 5087 ad
3295 5030 3671 5098 imitandum,
3704 5026 3803 5086 sed

387 5140 513 5192 ras,
544 5140 659 5180 non
679 5138 904 5197 speras,
927 5122 977 5178 si
1000 5137 1115 5178 non
1139 5121 1386 5186 teneras,
1413 5135 1528 5174 non
1549 5134 1751 5190 speras
1777 5134 1791 5185 ;
1823 5116 1871 5173 si
1894 5118 2044 5173 fene—
2152 5120 2353 5192 quaerit
2382 5117 2719 5188 morti/imre
2771 5136 2914 5191 eum,
2949 5119 3006 5175 id
3042 5123 3152 5190 est,
3185 5119 3463 5175 devocare
3490 5135 3523 5175 a
3544 5117 3803 5188 justitia,

390 5231 493 5270 ras
525 5211 847 5282 hominem,
871 5228 986 5268 non
1013 5226 1214 5283 speras
1244 5225 1277 5264 ει
1309 5213 1419 5263 Deo
1450 5207 1778 5264 mercedem
1805 5232 1819 5274 ;
1850 5206 2046 5262 fenera
2155 5209 2255 5265 sed
2288 5224 2403 5263 non
2437 5206 2846 5264 mortificabit:
2883 5209 3154 5263 Dominus
3183 5215 3383 5275 autem,
3418 5206 3588 5279 cujus
3613 5205 3802 5279 legem

393 5300 605 5372 Deum,
638 5305 696 5357 et
718 5300 969 5373 accipies
989 5298 1351 5365 mercedem;
1382 5297 1759 5352 accommoda
1780 5296 2042 5368 pauperi,
2156 5297 2393 5353 assidue
2424 5295 2764 5363 meditatur,
2800 5311 2911 5351 non
2938 5294 3288 5369 derelinquet
3315 5311 3439 5351 eum
3461 5296 3521 5350 in
3548 5295 3804 5352 manibus

396 5393 491 5449 fac
519 5404 656 5448 eum
690 5389 1031 5456 debitorem,
1066 5386 1261 5458 accipe
1292 5383 1474 5441 Deum
1501 5384 1950 5454 ﬁdeijussorem.
1984 5386 2046 5440 In
2155 5387 2293 5456 eius.
2318 5383 2554 5451 Linquit
2586 5384 2823 5455 quidem
2856 5384 2913 5438 in
2941 5384 3214 5441 manibus
3243 5383 3648 5458 exterioribus,
3666 5382 3805 5457 quia

393 5479 555 5538 cmlis
570 5479 697 5551 jam
720 5479 903 5547 sedet,
927 5478 987 5533 in
1012 5456 1404 5532 terris—tamen
1428 5488 1541 5527 non
1563 5472 1913 5542 dedignatur
1933 5472 2047 5529 sol-
2158 5473 2445 5548 permittit
2473 5473 2545 5528 ab
2568 5489 2633 5528 eo
2653 5471 2855 5544 affligi,
2884 5472 2985 5528 sed
3013 5490 3127 5529 non
3150 5471 3515 5546 derelinquat
3536 5456 3801 5545 interius,

394 5583 533 5625 vere
564 5566 829 5624 debitum
862 5582 965 5641 pro
997 5580 1274 5640 paupere,
1308 5561 1407 5634 qui
1441 5577 1502 5616 se
1532 5560 1591 5615 in
1624 5576 1879 5632 paupere
1909 5562 2051 5618 dicit
2159 5563 2295 5635 quia
2325 5579 2440 5617 non
2473 5560 2847 5618 devocabitur
2876 5562 3202 5617 secundum
3245 5561 3604 5618 voluntatem
3652 5563 3803 5635 ejus.

401 5657 700 5733 accipere:
734 5655 890 5729 Quod
935 5657 1040 5711 uni
1083 5670 1153 5711 ex
1184 5651 1435 5709 minimis
1463 5650 1598 5705 meis
1653 5651 1880 5721 fecistis,
1912 5651 2052 5707 mihi
2159 5654 2278 5707 Hoc
2312 5650 2483 5707 modo
2516 5666 2631 5706 non
2682 5648 3067 5722 derelinquet,
3117 5648 3257 5723 quia
3301 5648 3410 5705 etsi
3457 5648 3676 5724 impius
3714 5650 3809 5709 hic
