4016 6192
257 365 391 440 339'

829 381 1136 492 [numen
1180 381 1933 452 ANTISSIODORENSIS
1978 387 2151 452 opp.
2196 387 2400 452 PARS
2442 389 2492 452 1.
2520 363 3099 453 —Exan'rIoA.

3552 379 3670 448 340

262 517 503 572 damnet
521 532 669 591 eum,
693 520 975 576 Dominus
996 526 1190 578 tamen
1211 539 1308 578 nec
1327 524 1608 579 damnabit
1627 523 1686 577 in
1713 523 1908 577 futuro
1940 526 1991 590 Α
2026 529 2270 580 mortem
2293 524 2532 579 habebit
2551 524 2747 579 vitam.
2769 525 2975 596 Injusti
2991 528 3196 594 autem,
3221 521 3317 595 qui
3343 537 3457 577 non
3477 527 3672 579 custo-

255 604 506 677 judicio,
537 623 661 663 cum
694 609 1040 680 judicabitur
1085 613 1194 680 illi,
1229 612 1450 668 scilicet
1480 613 1573 684 pio
1604 612 1674 667 de
1703 611 1908 683 impio,

260 694 349 750 vel
381 711 490 750 non
521 695 864 769 derelinquet
907 717 1033 755 eum
1063 703 1123 755 in
1151 701 1408 756 manibus
1436 703 1574 772 ejus,
1627 699 1910 754 traditum

265 783 407 840 foris
437 785 496 840 in
532 785 804 843 manibus
836 789 984 860 ejus,
1017 807 1149 845 cum
1181 789 1619 846 concediturilli
1645 790 1785 844 adeo
1808 789 1911 844 ﬂa-

265 873 481 948 gellare
503 875 686 946 pium,
712 883 999 949 quantum
1022 880 1178 951 velit,
1205 881 1398 951 etjam
1420 885 1545 935 tum
1568 880 1915 950 cumjudiea-

266 963 416 1019 bitur
442 965 550 1034 illi,
585 965 803 1021 scilicet
823 967 1003 1040 impio
1029 970 1100 1024 de
1122 969 1236 1042 pio,
1261 970 1316 1024 id
1343 974 1451 1036 est,
1475 968 1910 1039 cumjudicabi-

263 1056 362 1108 tur
381 1053 511 1125 pius
533 1056 858 1112 secundum
876 1056 1234 1114 voluntatem
1249 1058 1434 1130 impii,
1452 1058 1590 1129 quia
1608 1055 1915 1127 illudjudi-

263 1143 417 1198 cium
443 1144 540 1198 fiet
562 1145 630 1199 ad
651 1146 1054 1216 probationem
1080 1146 1156 1219 pii
1181 1153 1236 1202 et
1257 1148 1326 1202 ad
1349 1147 1782 1202 damnationem
1809 1147 1913 1200 im-

262 1232 362 1305 pii.
397 1234 466 1288 Et
495 1234 636 1305 quia
663 1251 778 1290 non
811 1235 1178 1307 derelinquet
1214 1241 1269 1292 te
1307 1236 1365 1291 in
1399 1237 1672 1292 manibus
1723 1234 1909 1307 impii,

262 1337 400 1394 ergo
431 1321 548 1378 noli
582 1323 868 1390 aemulari,
902 1325 1001 1379 sed
1049 1334 1295 1397 exspecta
1321 1327 1640 1396 Dominum,
1691 1324 1915 1380 scilicet

262 1413 1244 1484 remuneratoremfetliberatorem
1269 1432 1401 1470 cum
1426 1415 1586 1471 omni
1613 1413 1908 1486 patientia.

261 1511 327 1567 Et
356 1511 464 1567 hoc
520 1512 696 1568 modo
756 1517 1060 1584 exspecta:
1121 1513 1347 1568 Custodi
1390 1515 1539 1568 viam
1570 1515 1706 1585 ejus,
1736 1529 1910 1584 quam

263 1600 390 1673 ipse
412 1600 517 1655 tibi
540 1602 1024 1671 praemonstravit,
1047 1601 1200 1657 viam
1225 1602 1517 1673 patientiae
1541 1607 1598 1657 et
1617 1601 1915 1656 humilita-

262 1688 360 1745 tis.
397 1688 652 1745 Viriliter
682 1705 804 1761 age,
839 1706 873 1745 a
900 1690 1053 1746 bono
1085 1707 1256 1761 opere
1287 1707 1591 1762 nunquam
1616 1689 1865 1746 desistas
1897 1707 1908 1744 :

264 1787 315 1835 et
333 1779 602 1835 exaltabit
629 1782 682 1836 te
705 1780 775 1834 de
795 1779 1007 1836 virtute
1033 1781 1090 1834 in
1114 1783 1383 1836 virtutem
1407 1798 1419 1849 ;
1447 1781 1588 1835 adeo
1614 1779 1908 1846 exaltabit,

262 1877 325 1925 ut
349 1868 664 1924 hereditate
693 1871 879 1940 capias
905 1874 1130 1924 terram.
1177 1869 1278 1925 Vel
1324 1874 1540 1925 terram
1589 1869 1906 1924 viventium
1940 1897 1987 1961 B

261 1957 486 2014 videbis
508 1974 575 2014 ex
591 1958 954 2030 compendio,
974 1976 1106 2014 cum
1125 1964 1188 2014 tu
1213 1959 1282 2014 ad
1303 1959 1621 2025 dexteram,
1641 1957 1722 2012 illi
1741 1961 1913 2013 erunt

263 2049 336 2106 ad
358 2047 692 2104 sinistram:
720 2046 905 2103 Aliter
929 2065 940 2103 :
968 2050 1029 2103 Et
1056 2048 1322 2103 exaltabit
1355 2056 1404 2103 te
1429 2048 1688 2117 tandem,
1711 2051 1773 2102 ut
1803 2047 1910 2102 hm-

263 2139 494 2196 reditate
521 2139 708 2210 capias
737 2143 964 2204 terram,
999 2137 1138 2209 quia
1163 2138 1339 2192 etiam
1371 2137 1466 2192 hic
1509 2142 1563 2192 te
1613 2137 1909 2193 exaltabit.

264 2226 516 2284 Consule
547 2225 781 2283 oculum
813 2227 970 2295 ﬁdei,
1004 2231 1061 2283 et
1088 2226 1315 2292 videbis,
1347 2225 1569 2282 scilicet
1608 2230 1664 2281 te
1695 2225 1911 2282 exalta-

262 2319 414 2389 tum,
437 2318 494 2372 id
514 2320 602 2373 est
623 2316 909 2373 elevatum
936 2321 993 2373 et
1013 2317 1270 2387 beatum,
1293 2334 1417 2374 cum
1435 2317 1707 2388 perierint
1725 2332 1914 2388 pecca-

263 2410 428 2473 tores,
459 2406 519 2462 id
549 2409 656 2471 est,
691 2423 826 2462 cum
856 2407 1164 2463 tradentur
1192 2405 1253 2461 in
1301 2405 1616 2479 reprobum
1648 2420 1910 2476 sensum,

255 2507 425 2576 juxta
447 2503 592 2559 illud
619 2521 632 2560 :
659 2504 850 2558 Manus
868 2520 994 2558 suas
1020 2503 1232 2559 lavabit
1254 2505 1315 2558 in
1334 2505 1602 2574 sanguine
1618 2505 1915 2574 peccatoris

264 2594 436 2667 (Psal.
464 2592 623 2662 LVII).
655 2593 798 2648 Cum
829 2592 986 2646 enim
1013 2593 1214 2662 justus
1244 2592 1403 2646 videt
1432 2591 1678 2662 impium
1703 2590 1911 2646 dereli-

265 2687 426 2738 ctum
443 2698 477 2737 a
499 2681 613 2736 Deo
635 2683 871 2752 propter
891 2679 1264 2751 iniquitatem
1289 2695 1479 2745 suam,
1506 2678 1567 2732 in
1591 2695 1728 2733 casu
1752 2677 1914 2734 illius

265 2771 381 2828 sibi
403 2773 563 2826 cavet
587 2767 798 2840 magis.
827 2768 895 2822 Et
914 2784 1112 2823 revera
1132 2768 1408 2840 peribunt
1429 2767 1616 2838 impii,
1651 2766 1788 2839 quia
1809 2783 1914 2838 ego

265 2860 573 2917 attendens
599 2859 729 2930 ejus
745 2857 960 2931 priora,
983 2857 1099 2912 vidi
1117 2858 1355 2929 impium
1375 2856 1842 2928 superexaltatum
1865 2863 1915 2911 et

263 2951 532 3007 eleuatum
559 2950 701 3004 sicut
724 2947 909 3003 cedros
950 2948 1168 3016 Libani,
1203 2947 1263 3001 in
1296 2945 1534 3013 divitiis,
1584 2945 1644 3000 in
1686 2945 1917 3001 honori-

265 3040 399 3106 bus,
460 3038 522 3093 in
580 3039 858 3110 potentia.
935 3037 999 3091 Et
1055 3035 1308 3105 transivi,
1378 3034 1600 3091 scilicet
1655 3034 1916 3107 agilitate

267 3127 485 3184 mentis
514 3127 587 3183 ad
635 3128 763 3199 ejus
820 3124 1160 3196 novissima,
1221 3123 1443 3180 scilicet
1499 3124 1570 3178 ab
1628 3124 1738 3179 hac
1768 3123 1917 3178 falsa

270 3217 546 3274 felicitate
572 3216 643 3272 ad
672 3231 908 3271 veram:
969 3223 1018 3271 et
1074 3231 1190 3270 ecce
1233 3230 1345 3269 non
1374 3217 1531 3275 erat;
1587 3229 1699 3268 non
1755 3213 1912 3284 quod

270 3264 544 3274 -------..--
572 3264 643 3272 .._
686 3264 908 3271 .--η-η
970 3264 1015 3271 --
1075 3264 1184 3270 --η
1763 3264 1912 3284 1η--

269 3307 509 3364 omnino
539 3321 656 3361 non
688 3309 865 3369 esset,
898 3304 998 3360 sed
1031 3305 1174 3358 dum
1218 3303 1450 3374 quaesivi
1500 3319 1647 3367 eum,
1698 3317 1809 3356 non
1838 3304 1912 3356 est
1946 3264 1988 3330 C

270 3399 524 3454 inventus
554 3396 701 3452 locus
728 3395 844 3467 ejus
862 3411 884 3457 ;
911 3393 1051 3464 quia
1071 3391 1307 3465 planato
1329 3392 1501 3460 ferro,
1524 3407 1638 3446 non
1659 3395 1747 3446 est
1767 3408 1916 3463 opus

270 3486 430 3542 lima.
457 3485 676 3542 Aliter:
710 3486 896 3550 Quare
925 3484 1074 3553 dico,
1109 3485 1360 3554 exspecta
1383 3485 1408 3534 ?
1436 3497 1616 3553 quare
1648 3481 1799 3549 dico,
1827 3497 1917 3535 cu-

265 3576 408 3633 stodi
426 3579 451 3629 .9
479 3574 626 3641 Quia
656 3573 770 3629 vidi
796 3575 1034 3645 impium
1065 3589 1181 3628 non
1232 3571 1656 3627 custodientem
1689 3575 1746 3626 et
1796 3587 1912 3626 non

267 3665 696 3733 observantem,
719 3661 814 3717 hic
833 3661 1138 3717 exaltatum
1160 3659 1219 3714 in
1242 3659 1508 3714 terrenis.
1532 3658 1601 3712 Et
1622 3657 1913 3713 transiens

265 3755 338 3810 ad
361 3753 682 3810 novissima
702 3753 852 3824 ejus,
874 3767 986 3807 non
1017 3751 1206 3805 inveni
1228 3765 1354 3804 eum
1374 3747 1457 3803 sic
1488 3747 1909 3802 abundantem.

265 3852 331 3908 Et
361 3853 501 3924 quia
526 3851 689 3908 vides
711 3850 913 3906 ﬂorem
937 3848 1225 3904 malorum
1263 3846 1376 3902 cito
1417 3861 1714 3912 casurum,
1749 3848 1911 3899 tuam

257 3941 595 3998 felicitatem
620 3939 1115 4011 appropinquare,
1144 3934 1263 3991 noli
1286 3934 1457 3990 malis
1474 3933 1732 3988 invidere
1753 3935 1908 4003 quod

261 4031 472 4086 ﬂorent
495 4047 508 4096 ;
534 4028 651 4083 noli
671 4027 805 4083 illos
826 4027 1065 4093 imitari,
1089 4027 1186 4081 sed
1211 4024 1406 4098 potius
1427 4022 1634 4079 custodi
1652 4025 1909 4079 innocen-

260 4119 438 4181 tiam;
458 4116 577 4173 noli
614 4116 721 4171 tibi
752 4115 866 4188 ipsi
897 4132 1124 4180 nocere,
1159 4113 1276 4169 noli
1309 4129 1680 4168 murmurare
1711 4117 1913 4168 contra

265 4206 599 4263 Dominum.
623 4206 687 4260 Et
703 4206 825 4260 vide
845 4203 1060 4276 potius,
1086 4203 1143 4258 id
1166 4207 1276 4268 est,
1296 4201 1556 4274 intellige
1571 4202 1908 4273 aequitatem,

258 4297 318 4353 id
349 4300 460 4363 est,
485 4294 780 4368 justitiam
811 4293 912 4350 Dei
938 4310 951 4348 :
987 4309 1102 4348 non
1136 4291 1291 4347 enim
1318 4291 1443 4346 sine
1470 4290 1693 4346 ratione
1722 4290 1910 4347 malos

258 4387 462 4444 ﬂorere
483 4384 770 4458 permittit
795 4384 909 4448 hic,
934 4383 1120 4438 bonos
1142 4384 1337 4437 autem
1361 4379 1645 4436 laborare.
1675 4378 1909 4435 Judicia

255 4477 357 4534 Dei
381 4494 497 4532 non
519 4475 649 4532 ideo
670 4473 916 4545 injuste,
937 4471 1076 4545 quia
1097 4470 1342 4526 occulta.
1366 4469 1511 4524 Vide
1529 4484 1760 4540 aequum
1779 4485 1907 4524 esse

256 4566 522 4622 laborare
545 4565 603 4619 in
624 4563 815 4631 vinea,
839 4567 905 4618 ut
925 4577 1208 4616 nummus
1236 4557 1550 4630 recipiatur
1570 4557 1629 4612 in
1650 4558 1907 4630 vesperis

2022 613 2190 668 diunt
2230 613 2654 679 innocentiam,
2705 614 3094 684 disperibunt:
3140 611 3317 668 variis
3365 612 3672 668 tormentis

2021 703 2463 769 cruciabuntur,
2495 702 2580 757 vel
2630 702 2723 757 hic
2783 703 3224 758 excmcabuntur
3276 701 3546 756 interius.
3605 702 3674 756 Et

2021 792 2187 845 simul
2219 792 2477 863 reliquiae
2511 792 2808 863 impiorum
2830 792 3150 860 interibunt,
3186 791 3240 845 id
3266 795 3374 856 est,
3399 793 3456 844 et
3478 794 3670 861 poste-

2024 879 2176 935 riora
2197 897 2400 935 eorum
2425 885 2708 936 arescent.
2729 881 2898 935 Justo
2920 879 3086 934 utilia
3108 883 3245 934 sunt
3261 883 3316 933 et
3334 878 3527 950 priora
3548 878 3675 950 qui-

2023 969 2134 1025 bus
2165 969 2534 1039 humiliatur,
2596 975 2654 1024 et
2713 971 3031 1040 posteriora
3088 968 3303 1040 quibus
3363 966 3669 1022 exaltatur.

2026 1058 2266 1129 Injustis
2297 1065 2499 1114 contra
2519 1058 2831 1130 perditioni
2857 1063 2995 1113 sunt
3018 1063 3074 1113 et
3095 1058 3287 1129 priora
3309 1057 3525 1128 quibus
3547 1074 3675 1112 exa-

2024 1151 2242 1214 tantur,
2278 1152 2333 1203 et
2366 1148 2691 1219 posteriora
2722 1148 2938 1219 quibus
2969 1147 3344 1218 dejiciuntur.
3378 1148 3543 1202 Salus
3571 1164 3672 1200 au-

2022 1245 2130 1291 tem
2161 1238 2428 1304 iustorum
2460 1255 2494 1292 a
2523 1238 2770 1293 Domino.
2797 1237 2968 1299 Quasi
2995 1237 3182 1291 dicat:
3216 1236 3543 1306 Quodjusti
3567 1235 3675 1291 hoc

2024 1325 2195 1380 modo
2218 1325 2538 1390 salvantur,
2569 1326 2949 1381 custodiendo
2980 1324 3400 1389 innocentiam,
3425 1324 3674 1379 videndo

2022 1415 2380 1485 aequitatem,
2410 1431 2443 1467 a
2473 1414 2721 1469 Domino
2755 1418 2864 1484 est,
2889 1430 3002 1468 non
3029 1414 3099 1467 ab
3119 1413 3285 1485 ipsis.
3319 1414 3380 1467 Et
3404 1415 3677 1484 protector

2023 1508 2110 1558 est
2132 1519 2321 1558 eorum
2343 1509 2545 1557 contra
2571 1503 3014 1574 impugnatores
3039 1504 3096 1556 in
3111 1507 3353 1573 tempore
3368 1502 3677 1558 tribulatio-

2021 1593 2130 1657 nis,
2162 1591 2218 1646 id
2246 1598 2354 1660 est,
2381 1591 2438 1646 in
2469 1591 2578 1646 hac
2611 1591 2750 1647 vita.
2786 1596 2852 1646 Et
2881 1592 3019 1662 quia
3047 1591 3171 1662 ipse
3218 1596 3306 1646 est
3357 1590 3440 1645 eis
3488 1591 3669 1658 salus,

2023 1680 2148 1752 ipse
2170 1685 2462 1753 protector
2480 1681 2765 1752 adjuvabit
2794 1696 2879 1734 eos
2901 1681 3184 1746 Dominus,
3209 1679 3425 1735 scilicet
3461 1679 3514 1734 in
3547 1697 3674 1752 per-

2023 1770 2272 1825 ficienda
2301 1769 2648 1825 obedientia.
2673 1772 2738 1824 Et
2760 1769 3013 1824 liberabit
3029 1786 3136 1837 eos,
3161 1787 3194 1824 a
3215 1769 3673 1825 conformatione

2025 1859 2314 1914 malorum
2341 1875 2354 1913 :
2391 1863 2443 1914 et
2473 1859 2708 1914 tandem
2739 1862 2889 1914 eruet
2918 1875 3005 1914 eos
3034 1876 3066 1913 a
3091 1860 3482 1929 peccatoribus,
3505 1875 3673 1929 sepa-

2023 1948 2205 2002 rando
2238 1964 2421 2020 grana
2452 1966 2485 2002 a
2515 1947 2718 2018 paleis.
2751 1948 2815 2003 Et
2845 1947 3085 2002 salcabit
3114 1963 3201 2004 eos
3223 1947 3460 2019 perenni
3485 1946 3673 2003 salva-

2022 2037 2202 2106 tionc,
2229 2037 2368 2108 quia
2387 2053 2568 2109 grana
2594 2041 2755 2103 sunt,
2779 2042 2835 2092 et
2854 2054 2966 2092 non
2991 2036 3175 2109 palea.
3204 2038 3272 2094 Et
3292 2037 3521 2104 merito,
3544 2040 3673 2108 quia

2021 2134 2377 2197 speraverant
2405 2129 2465 2180 in
2486 2142 2565 2192 eo,
2601 2143 2715 2180 non
2738 2125 2796 2180 in
2822 2127 3061 2181 mundo.
3086 2131 3230 2198 Ergo
3251 2126 3372 2181 noli
3391 2127 3669 2194 wmulari,

2023 2215 2141 2270 noli
2165 2215 2548 2271 invidentiam
2567 2215 2781 2270 habere
2799 2217 2856 2270 in
2870 2216 3331 2286 malignantibus:
3353 2216 3455 2270 sed
3479 2216 3674 2287 potius

2021 2321 2180 2376 spera
2208 2307 2270 2360 in
2290 2306 2419 2359 Dom
2430 2307 2519 2360 ino
2541 2309 2590 2360 et
2609 2307 2699 2376 fac
2721 2304 3037 2373 bonitatem,
3067 2304 3207 2376 quia
3227 2306 3277 2360 et
3296 2308 3352 2359 te
3371 2303 3670 2375 adjuvabzt,

2022 2402 2072 2450 et
2098 2398 2155 2449 te
2179 2395 2433 2450 salvabit.

2530 2499 2860 2557 PSALMUS
2890 2499 3152 2556 XXXVII.

2150 2607 2410 2646 PSALMUS
2450 2606 2619 2645 DAVID
2653 2607 2710 2644 IN
2752 2605 3240 2645 REMEMORATIONE
3279 2605 3536 2645 SABBATI.

2097 2721 2124 2747 α
2161 2697 2423 2762 Domine,
2457 2713 2528 2752 ne
2557 2697 2617 2750 in
2648 2697 2842 2752 furore
2869 2700 2970 2752 tuo
3004 2712 3218 2768 arguas
3249 2712 3361 2763 me,
3395 2713 3584 2769 neque
3614 2697 3675 2752 in

2025 2809 2053 2836 «
2088 2786 2175 2842 ira
2204 2789 2306 2842 tua
2335 2786 2620 2857 corripias
2651 2803 2765 2841 me.
2802 2786 3088 2851 Quoniam
3107 2785 3332 2858 sagitta
3354 2789 3465 2840 tuae
3487 2785 3676 2842 inﬁxa

2026 2897 2054 2925 ‹‹
2087 2879 2228 2930 sunt
2250 2873 2414 2942 mihi,
2443 2879 2500 2930 et
2523 2875 2883 2930 conﬁrmasti
2903 2890 3081 2946 super
3105 2891 3199 2930 me
3225 2891 3467 2930 manum
3487 2880 3674 2931 tuam.

2029 2985 2056 3013 «
2087 2964 2214 3020 Non
2247 2967 2335 3018 est
2366 2963 2590 3018 sanitas
2615 2963 2673 3018 in
2697 2980 2871 3020 carne
2896 2979 3028 3019 mea
3048 2980 3081 3018 a
3100 2963 3358 3019 facieirse
3379 2969 3489 3018 tua:
3519 2983 3532 3032 ;
3559 2981 3675 3020 non

2026 3076 2053 3102 «
2087 3056 2175 3108 est
2197 3070 2308 3125 pax
2337 3053 2572 3109 ossibus
2601 3053 2748 3109 meis
2771 3070 2804 3108 a
2824 3053 2968 3108 facie
2992 3057 3353 3123 peccatorum
3381 3069 3670 3109 meorum.

2032 3161 2054 3190 ι
2088 3141 2375 3206 Quoniam
2400 3141 2742 3213 iniquitates
2764 3157 2903 3196 mem
2927 3158 3310 3215 supergressa;
3331 3145 3466 3196 sunt
3489 3148 3668 3213 caput

2029 3253 2056 3280 ‹‹
2089 3247 2307 3296 meum,
2329 3235 2384 3286 et
2403 3231 2559 3286 sicut
2578 3248 2727 3286 onus
2749 3247 2921 3302 grave
2942 3235 3185 3303 gravata:
3207 3237 3340 3286 sunt
3356 3247 3527 3302 super
3542 3248 3656 3287 me.

2027 3343 2055 3369 «
2089 3320 2443 3375 Putruerunt
2468 3325 2526 3374 et
2555 3324 2837 3392 corruptae
2869 3324 3010 3375 sunt
3039 3319 3337 3375 cicatrices
3365 3335 3501 3374 mea:
3523 3319 3662 3374 afa-

2027 3433 2054 3459 ‹‹
2088 3409 2173 3464 cie
2195 3409 2547 3481 insipientia:
2570 3425 2731 3463 meze.
2758 3409 2934 3464 Miser
2955 3409 3143 3465 factus
3166 3426 3298 3464 sum
3321 3413 3377 3464 et
3396 3412 3670 3465 curvatus

2025 3521 2053 3548 ‹‹
2088 3515 2218 3554 sum
2244 3515 2431 3570 usque
2448 3499 2508 3552 in
2527 3499 2725 3567 ﬁnem,
2743 3503 2866 3553 tota
2879 3497 2973 3553 die
2995 3499 3372 3554 contristatus
3391 3497 3675 3570 ingredie-

2025 3610 2052 3636 ‹‹
2086 3588 2211 3643 bar.
2238 3588 2524 3651 Quoniam
2549 3587 2736 3641 lumbi
2762 3586 3674 3659 meiimpletisuntillusionibus,

2024 3698 2051 3725 ‹‹
2084 3679 2141 3730 et
2171 3693 2286 3731 non
2319 3681 2410 3730 est
2441 3675 2666 3730 sanitas
2697 3676 2756 3729 in
2781 3691 2956 3731 carne
2987 3692 3136 3731 mea.
3170 3675 3443 3731 Afﬂictus
3464 3692 3598 3730 sum
3619 3680 3677 3731 et

2026 3786 2053 3814 «
2083 3764 2432 3820 humiliatus
2456 3780 2585 3820 sum
2610 3765 2808 3829 nimis,
2845 3765 3148 3837 rugiebam
3172 3782 3206 3820 a
3234 3764 3458 3836 gemitu
3481 3765 3675 3819 cordis

2024 3877 2051 3903 «
2084 3854 2199 3908 mei
2221 3853 2486 3921 Domine,
2507 3857 2640 3909 ante
2655 3859 2709 3908 te
2725 3871 2896 3909 omne
2911 3853 3264 3909 desiderium
3282 3870 3502 3923 meum,
3519 3861 3678 3926 elge-

2023 3966 2051 3993 «
2086 3943 2266 3997 mitus
2291 3959 2458 3997 meus
2480 3959 2512 3997 a
2540 3947 2595 3998 te
2617 3960 2731 3998 non
2756 3948 2846 3998 est
2877 3943 3279 3998 absconditus.
3329 3943 3438 3998 Cor
3475 3958 3675 3998 meum

2023 4055 2050 4083 «
2085 4031 2501 4087 conturbatum
2524 4037 2632 4100 est,
2657 4031 2972 4104 dereliquit
2993 4049 3086 4087 me
3107 4032 3295 4087 virtus
3315 4047 3481 4098 mea;
3505 4035 3564 4087 et
3581 4031 3671 4086 lu-

2021 4143 2050 4172 ‹‹
2082 4138 2217 4177 men
2240 4119 2542 4176 oculorum
2570 4137 2855 4188 meorum,
2880 4126 2939 4176 et
2958 4120 3152 4192 ipsum
3172 4138 3286 4176 non
3309 4126 3397 4176 est
3416 4137 3670 4176 mecum.

2024 4233 2052 4260 «
2083 4210 2264 4266 Amici
2287 4209 2401 4264 mei
2422 4214 2479 4264 et
2501 4211 2750 4281 proximi
2775 4209 2888 4265 mei
2907 4210 3216 4266 adversum
3241 4225 3334 4265 me
3356 4209 3670 4282 appropin-

2021 4323 2048 4348 ‹‹
2085 4305 2408 4371 quaverunt
2433 4301 2489 4353 et
2511 4302 2820 4354 steterunt.
2855 4299 2922 4353 Et
2948 4299 3044 4370 qui
3062 4299 3230 4370 juxta
3260 4315 3354 4354 me
3383 4303 3570 4364 erant,
3601 4299 3674 4354 de

2020 4412 2048 4438 «
2080 4388 2252 4459 longe
2274 4391 2591 4443 steterunt:
2625 4393 2681 4443 et
2709 4387 2828 4443 vim
2860 4386 3169 4455 faciebant,
3203 4387 3304 4458 qui
3333 4387 3675 4459 quaerebant

2020 4501 2048 4528 ‹‹
2072 4477 2329 4533 animam
2347 4475 2744 4548 meam.thui
2762 4476 3140 4547 inquirebant
3154 4475 3673 4543 malamihi,locuti

2020 4590 2046 4615 «
2081 4569 2221 4622 sunt
2239 4565 2544 4631 vanitates,
2570 4570 2626 4620 et
2642 4564 2807 4620 dolos
2827 4570 2951 4620 tota
2966 4565 3059 4620 die
3078 4565 3536 4621 meditabantur.
3555 4565 3674 4637 Ego

257 4655 465 4724 (Matth.
500 4654 576 4724 x).
610 4654 742 4709 Ideo
773 4651 1002 4708 custodi
1041 4648 1456 4715 innocentiam,
1490 4649 1751 4719 quoniam
1780 4655 1909 4702 sunt
1939 4634 1986 4699 D
2019 4680 2046 4706 «
2082 4661 2275 4712 autem
2300 4660 2584 4726 umquam
2601 4654 2945 4710 surdusnon
2961 4634 3678 4720 audiebam’etsicutm'u.

259 4744 510 4814 reliquiz
541 4743 760 4798 homini
785 4739 1038 4812 paciﬁco,
1069 4740 1126 4794 id
1167 4744 1274 4810 est,
1307 4736 1592 4809 patienter
1623 4736 1816 4808 agenti
1847 4739 1905 4790 et

259 4849 376 4889 non
396 4830 790 4887 murmuranti
813 4835 1014 4885 contra
1035 4828 1350 4884 Dominum
1367 4827 1438 4881 de
1462 4823 1764 4896 temporali
1788 4822 1907 4879 feli-

259 4923 432 4980 citate
456 4939 470 4978 :
494 4929 622 4977 sunt
639 4920 915 4992 reliquiae,
935 4919 993 4973 id
1014 4923 1121 4986 est,
1145 4917 1228 4972 illi
1255 4919 1584 4972 reservatur
1604 4918 1735 4987 post
1755 4930 1906 4968 mor-

255 5017 375 5070 tem
404 5016 620 5069 aeterna
649 5009 896 5066 felicitas
922 5024 934 5064 :
967 5025 999 5062 a
1031 5006 1230 5072 simili,
1263 5006 1415 5061 sicut
1439 5003 1678 5077 pauperi
1705 5004 1804 5075 qui
1835 5004 1906 5058 de

257 5120 364 5161 suo
383 5119 500 5159 non
519 5101 714 5167 habet,
730 5100 1102 5154 reservantur
1119 5094 1374 5166 reliquiae
1389 5094 1459 5149 de
1472 5110 1675 5149 mensa
1686 5093 1903 5148 divitis.

254 5193 474 5249 Aliter:
507 5193 622 5248 Non
656 5192 734 5246 est
764 5189 1020 5244 inventus
1052 5185 1198 5240 locus
1249 5185 1386 5255 ejus,
1435 5181 1656 5238 scilicet
1687 5181 1904 5238 divitis.

255 5287 670 5362 Quasialiquis
693 5286 885 5342 dicat:
921 5284 1046 5340 Non
1081 5298 1217 5355 ergo
1249 5279 1385 5336 licet
1414 5279 1508 5335 hic
1558 5280 1859 5336 abundare
1880 5279 1908 5334 ‘I

255 5379 472 5451 Inquit,
491 5377 644 5444 licet,
667 5376 766 5431 sed
785 5374 994 5430 custodi
1010 5372 1410 5428 innocentiam:
1428 5369 1609 5424 habes
1625 5369 1905 5424 sacellum

256 5466 503 5540 argenti,
529 5471 585 5522 et
605 5464 869 5522 custodis
899 5480 969 5518 ne
991 5462 1096 5516 tibi
1120 5459 1523 5522 subtrahatur,
1553 5464 1608 5514 et
1629 5459 1904 5514 innocen-

255 5557 350 5611 tiae
381 5557 665 5611 damnum
687 5552 934 5627 negligis
955 5551 983 5607 ?
1003 5553 1063 5606 Et
1087 5549 1207 5604 cide
1221 5550 1554 5620 mquitatem,
1582 5548 1636 5602 id
1656 5553 1744 5602 est
1763 5547 1909 5603 dire-

261 5643 542 5700 ctionem:
567 5660 678 5699 non
698 5641 918 5714 dirigas
939 5638 1140 5696 oculos
1157 5637 1224 5692 ad
1248 5637 1585 5708 praesentia:
1606 5641 1662 5691 et
1682 5634 1906 5691 videbis

260 5731 538 5807 quoniam
569 5740 694 5788 sunt
723 5731 967 5800 reliquiae
998 5727 1210 5783 homini
1237 5726 1487 5797 paciﬁca,
1520 5725 1742 5781 scilicet
1773 5729 1903 5797 post

2019 4769 2044 4796 ‹‹
2077 4750 2173 4801 tus
2189 4761 2301 4799 non
2319 4744 2588 4815 aperiens
2604 4761 2668 4798 os
2685 4760 2878 4798 suum.
2895 4743 2964 4798 Et
2981 4745 3168 4798 factus
3181 4759 3314 4798 sum
3334 4741 3675 4798 sicuthomo

2019 4858 2046 4885 «
2083 4850 2198 4889 non
2223 4833 2489 4898 audiens,
2514 4837 2571 4887 et
2595 4850 2709 4887 non
2733 4831 3038 4888 habensin
3062 4849 3160 4887 ore
3181 4848 3287 4887 suo
3310 4832 3672 4904 redargutio-

2022 4946 2047 4971 α
2081 4939 2204 4978 nes.
2234 4921 2523 4988 Quoniam
2557 4921 2616 4975 in
2639 4929 2717 4986 te,
2744 4920 3005 4992 Domine,
3030 4920 3278 4992 speravi,
3302 4925 3366 4975 tu
3397 4921 3673 4976 exaudies

2021 5033 2048 5062 ‹‹
2082 5027 2195 5079 me,
2225 5010 2470 5065 Domine
2501 5014 2653 5064 Deus
2702 5026 2890 5064 meus.
2953 5010 3101 5075 Quia
3139 5009 3254 5064 dixi
3283 5027 3294 5064 :
3348 5008 3670 5082 Nequando

2017 5125 2045 5152 ‹‹
2075 5100 2550 5172 supergaudeant
2571 5098 2718 5153 mihi
2742 5099 2967 5154 inimici
2993 5100 3103 5154 mei
3132 5117 3144 5155 :
3170 5104 3227 5154 et
3248 5099 3388 5153 dum
3410 5115 3669 5155 commo-

2018 5213 2046 5240 «
2078 5194 2289 5244 ventur
2318 5188 2494 5260 pedes
2527 5186 2663 5252 mei,
2697 5205 2874 5260 super
2903 5205 2995 5243 me
3027 5203 3242 5260 magna
3278 5187 3458 5243 locuti
3508 5192 3666 5242 sunt.

2019 5301 2046 5328 «
2080 5276 2362 5342 Quoniam
2395 5293 2498 5349 ego
2530 5277 2587 5330 in
2631 5276 2862 5349 ﬂagella
2910 5282 3152 5349 paratus
3185 5293 3340 5342 sum,
3391 5281 3448 5331 et
3505 5274 3670 5331 dolor

2023 5391 2042 5417 υ
2081 5383 2247 5422 meus
2279 5366 2337 5420 in
2369 5370 2680 5437 conspectu
2707 5383 2836 5422 meo
2866 5383 3115 5438 semper.
3138 5363 3424 5428 Quoniam
3447 5364 3667 5436 iniqui-

2021 5480 2048 5508 «
2081 5461 2258 5511 tatem
2293 5472 2481 5510 meam
2514 5455 2896 5522 annuntiabo,
2921 5459 2977 5511 et
2999 5454 3268 5526 cogitabo
3292 5470 3397 5525 pro
3429 5459 3667 5524 peccato

2019 5568 2046 5594 ι(
2083 5559 2232 5598 meo.
2261 5541 2486 5596 Inimici
2520 5548 2712 5598 autem
2738 5544 2849 5598 mei
2883 5543 3083 5598 vivunt
3105 5547 3161 5597 et
3181 5540 3510 5597 confirmati
3531 5545 3670 5596 sunt

2021 5659 2046 5683 «ι
2079 5649 2255 5704 super
2285 5648 2398 5698 me,
2431 5637 2486 5686 et
2529 5631 2901 5704 multiplicati
2935 5637 3075 5688 sunt
3127 5631 3227 5704 qui
3280 5630 3529 5688 oderunt
3575 5647 3668 5686 me

2020 5746 2046 5772 α
2080 5721 2299 5793 inique.
2321 5720 2427 5787 Qui
2445 5721 2775 5776 retribuunt
2791 5720 2946 5778 mala
2958 5739 3061 5794 pro
3075 5721 3265 5792 bonis,
3282 5720 3666 5778 detrahebant
