  <div class='ocr_page' id='page_1' title='image "/cluster/home/n/w/nwhite01/storage/ocr_20150623/131/hvd.32044054759923/182.png"; bbox 0 0 4016 6192; ppageno 0'>
   <div class='ocr_carea' id='block_1_1' title="bbox 230 400 336 465">
    <p class='ocr_par' dir='ltr' id='par_1_1' title="bbox 230 400 336 465">
     <span class='ocr_line' id='line_1_1' title="bbox 230 400 336 465; baseline -0.019 0"><span class='ocrx_word' id='word_1_1' title='bbox 230 400 336 465; x_wconf 74' lang='grc'>349</span> 
     </span>
    </p>
   </div>
   <div class='ocr_carea' id='block_1_2' title="bbox 1336 387 2494 461">
    <p class='ocr_par' dir='ltr' id='par_1_2' title="bbox 1336 387 2494 461">
     <span class='ocr_line' id='line_1_2' title="bbox 1336 387 2494 461; baseline -0.004 0"><span class='ocrx_word' id='word_1_2' title='bbox 1336 389 1947 461; x_wconf 79' lang='lat' dir='ltr'>ENARRATIONES</span> <span class='ocrx_word' id='word_1_3' title='bbox 1990 391 2070 456; x_wconf 86' lang='lat' dir='ltr'>IN</span> <span class='ocrx_word' id='word_1_4' title='bbox 2113 387 2494 456; x_wconf 83' lang='lat' dir='ltr'>PSALMOS.</span> 
     </span>
    </p>
   </div>
   <div class='ocr_carea' id='block_1_3' title="bbox 3507 398 3627 459">
    <p class='ocr_par' dir='ltr' id='par_1_3' title="bbox 3507 398 3627 459">
     <span class='ocr_line' id='line_1_3' title="bbox 3507 398 3627 459; baseline 0 0"><span class='ocrx_word' id='word_1_5' title='bbox 3507 398 3627 459; x_wconf 81' lang='lat'>350</span> 
     </span>
    </p>
   </div>
   <div class='ocr_carea' id='block_1_4' title="bbox 228 525 3621 598">
    <p class='ocr_par' dir='ltr' id='par_1_4' title="bbox 228 525 3621 598">
     <span class='ocr_line' id='line_1_4' title="bbox 228 525 3621 598; baseline -0.002 -4"><span class='ocrx_word' id='word_1_6' title='bbox 228 550 560 594; x_wconf 79' lang='lat' dir='ltr'>mensuram</span> <span class='ocrx_word' id='word_1_7' title='bbox 591 534 811 597; x_wconf 90' lang='lat' dir='ltr'>darem,</span> <span class='ocrx_word' id='word_1_8' title='bbox 843 532 1071 589; x_wconf 85' lang='lat' dir='ltr'>tacendi</span> <span class='ocrx_word' id='word_1_9' title='bbox 1103 550 1175 588; x_wconf 89' lang='lat' dir='ltr'>ne</span> <span class='ocrx_word' id='word_1_10' title='bbox 1214 532 1385 588; x_wconf 86' lang='lat' dir='ltr'>malis</span> <span class='ocrx_word' id='word_1_11' title='bbox 1413 533 1606 589; x_wconf 82' lang='lat' dir='ltr'>locum</span> <span class='ocrx_word' id='word_1_12' title='bbox 1640 531 1862 586; x_wconf 86' lang='lat' dir='ltr'>calum-</span> <span class='ocrx_word' id='word_1_13' title='bbox 1894 530 1945 595; x_wconf 76' lang='grc' dir='ltr'><strong>Α</strong></span> <span class='ocrx_word' id='word_1_14' title='bbox 1976 528 2261 594; x_wconf 85' lang='lat' dir='ltr'>ctum,scd</span> <span class='ocrx_word' id='word_1_15' title='bbox 2289 527 2668 582; x_wconf 88' lang='lat' dir='ltr'>imminutum</span> <span class='ocrx_word' id='word_1_16' title='bbox 2695 545 2707 595; x_wconf 88' lang='lat'>;</span> <span class='ocrx_word' id='word_1_17' title='bbox 2739 526 2895 583; x_wconf 90' lang='lat' dir='ltr'>hunc</span> <span class='ocrx_word' id='word_1_18' title='bbox 2926 525 3071 582; x_wconf 90' lang='lat' dir='ltr'>mihi</span> <span class='ocrx_word' id='word_1_19' title='bbox 3093 528 3621 598; x_wconf 88' lang='lat' dir='ltr'>ostende,mentem</span> 
     </span>
    </p>
   </div>
   <div class='ocr_carea' id='block_1_5' title="bbox 229 624 1867 691">
    <p class='ocr_par' dir='ltr' id='par_1_5' title="bbox 229 624 1867 691">
     <span class='ocr_line' id='line_1_5' title="bbox 229 624 1867 691; baseline -0.004 -10"><span class='ocrx_word' id='word_1_20' title='bbox 229 626 445 691; x_wconf 89' lang='lat' dir='ltr'>niandi,</span> <span class='ocrx_word' id='word_1_21' title='bbox 481 625 877 689; x_wconf 87' lang='lat' dir='ltr'>concederem,</span> <span class='ocrx_word' id='word_1_22' title='bbox 921 624 1209 679; x_wconf 83' lang='lat' dir='ltr'>Concaluit</span> <span class='ocrx_word' id='word_1_23' title='bbox 1242 640 1335 677; x_wconf 87' lang='lat' dir='ltr'>cor</span> <span class='ocrx_word' id='word_1_24' title='bbox 1375 640 1555 678; x_wconf 84' lang='lat' dir='ltr'>meum</span> <span class='ocrx_word' id='word_1_25' title='bbox 1584 624 1735 677; x_wconf 85' lang='lat' dir='ltr'>intra</span> <span class='ocrx_word' id='word_1_26' title='bbox 1762 637 1867 685; x_wconf 90' lang='lat' dir='ltr'>me,</span> 
     </span>
    </p>
   </div>
   <div class='ocr_carea' id='block_1_6' title="bbox 228 712 1868 786">
    <p class='ocr_par' dir='ltr' id='par_1_6' title="bbox 228 712 1868 786">
     <span class='ocr_line' id='line_1_6' title="bbox 228 712 1868 786; baseline -0.004 -14"><span class='ocrx_word' id='word_1_27' title='bbox 228 717 280 772; x_wconf 89' lang='lat' dir='ltr'>id</span> <span class='ocrx_word' id='word_1_28' title='bbox 306 716 589 786; x_wconf 77' lang='lat' dir='ltr'>est,c03pit</span> <span class='ocrx_word' id='word_1_29' title='bbox 614 731 739 769; x_wconf 89' lang='lat' dir='ltr'>esse</span> <span class='ocrx_word' id='word_1_30' title='bbox 763 712 1093 785; x_wconf 87' lang='lat' dir='ltr'>inquietum</span> <span class='ocrx_word' id='word_1_31' title='bbox 1118 730 1215 768; x_wconf 91' lang='lat' dir='ltr'>cor</span> <span class='ocrx_word' id='word_1_32' title='bbox 1240 713 1868 779; x_wconf 80' lang='lat' dir='ltr'>meum,conllictatum</span> 
     </span>
    </p>
   </div>
   <div class='ocr_carea' id='block_1_7' title="bbox 233 800 1868 875">
    <p class='ocr_par' dir='ltr' id='par_1_7' title="bbox 233 800 1868 875">
     <span class='ocr_line' id='line_1_7' title="bbox 233 800 1868 875; baseline -0.004 -16"><span class='ocrx_word' id='word_1_33' title='bbox 233 805 389 859; x_wconf 90' lang='lat' dir='ltr'>intus</span> <span class='ocrx_word' id='word_1_34' title='bbox 419 803 651 875; x_wconf 86' lang='lat' dir='ltr'>gemino</span> <span class='ocrx_word' id='word_1_35' title='bbox 685 800 891 869; x_wconf 87' lang='lat' dir='ltr'>calore,</span> <span class='ocrx_word' id='word_1_36' title='bbox 927 802 1152 873; x_wconf 90' lang='lat' dir='ltr'>positus</span> <span class='ocrx_word' id='word_1_37' title='bbox 1203 801 1353 856; x_wconf 91' lang='lat' dir='ltr'>inter</span> <span class='ocrx_word' id='word_1_38' title='bbox 1382 818 1479 856; x_wconf 85' lang='lat' dir='ltr'>eos</span> <span class='ocrx_word' id='word_1_39' title='bbox 1513 802 1612 873; x_wconf 89' lang='lat' dir='ltr'>qui</span> <span class='ocrx_word' id='word_1_40' title='bbox 1647 800 1868 855; x_wconf 88' lang='lat' dir='ltr'>calum-</span> 
     </span>
    </p>
   </div>
   <div class='ocr_carea' id='block_1_8' title="bbox 228 889 1869 963">
    <p class='ocr_par' dir='ltr' id='par_1_8' title="bbox 228 889 1869 963">
     <span class='ocr_line' id='line_1_8' title="bbox 228 889 1869 963; baseline -0.004 -15"><span class='ocrx_word' id='word_1_41' title='bbox 228 893 371 948; x_wconf 89' lang='lat' dir='ltr'>niari</span> <span class='ocrx_word' id='word_1_42' title='bbox 402 891 587 963; x_wconf 82' lang='lat' dir='ltr'>parati</span> <span class='ocrx_word' id='word_1_43' title='bbox 613 894 796 960; x_wconf 80' lang='lat' dir='ltr'>erant,</span> <span class='ocrx_word' id='word_1_44' title='bbox 816 895 871 943; x_wconf 89' lang='lat' dir='ltr'>et</span> <span class='ocrx_word' id='word_1_45' title='bbox 901 907 997 945; x_wconf 91' lang='lat' dir='ltr'>eos</span> <span class='ocrx_word' id='word_1_46' title='bbox 1016 890 1115 961; x_wconf 86' lang='lat' dir='ltr'>qui</span> <span class='ocrx_word' id='word_1_47' title='bbox 1139 891 1503 955; x_wconf 70' lang='lat' dir='ltr'>affectabunt,</span> <span class='ocrx_word' id='word_1_48' title='bbox 1530 889 1760 957; x_wconf 79' lang='lat' dir='ltr'>instrui,</span> <span class='ocrx_word' id='word_1_49' title='bbox 1787 890 1869 943; x_wconf 87' lang='lat' dir='ltr'>af-</span> 
     </span>
    </p>
   </div>
   <div class='ocr_carea' id='block_1_9' title="bbox 228 980 1871 1053">
    <p class='ocr_par' dir='ltr' id='par_1_9' title="bbox 228 980 1871 1053">
     <span class='ocr_line' id='line_1_9' title="bbox 228 980 1871 1053; baseline -0.005 -15"><span class='ocrx_word' id='word_1_50' title='bbox 228 982 465 1053; x_wconf 84' lang='lat' dir='ltr'>ﬂigebar</span> <span class='ocrx_word' id='word_1_51' title='bbox 500 981 556 1034; x_wconf 92' lang='lat' dir='ltr'>in</span> <span class='ocrx_word' id='word_1_52' title='bbox 594 986 837 1050; x_wconf 86' lang='lat' dir='ltr'>utroque</span> <span class='ocrx_word' id='word_1_53' title='bbox 871 996 883 1033; x_wconf 88' lang='lat'>:</span> <span class='ocrx_word' id='word_1_54' title='bbox 918 980 978 1033; x_wconf 91' lang='lat' dir='ltr'>in</span> <span class='ocrx_word' id='word_1_55' title='bbox 1009 980 1124 1043; x_wconf 89' lang='lat' dir='ltr'>his,</span> <span class='ocrx_word' id='word_1_56' title='bbox 1160 995 1228 1033; x_wconf 91' lang='lat' dir='ltr'>ne</span> <span class='ocrx_word' id='word_1_57' title='bbox 1276 980 1611 1051; x_wconf 83' lang='lat' dir='ltr'>projicerem</span> <span class='ocrx_word' id='word_1_58' title='bbox 1648 996 1871 1050; x_wconf 80' lang='lat' dir='ltr'>marga-</span> 
     </span>
    </p>
   </div>
   <div class='ocr_carea' id='block_1_10' title="bbox 227 1067 1872 1139">
    <p class='ocr_par' dir='ltr' id='par_1_10' title="bbox 227 1067 1872 1139">
     <span class='ocr_line' id='line_1_10' title="bbox 227 1067 1872 1139; baseline -0.004 -13"><span class='ocrx_word' id='word_1_59' title='bbox 227 1072 367 1127; x_wconf 83' lang='lat' dir='ltr'>ritas</span> <span class='ocrx_word' id='word_1_60' title='bbox 416 1075 548 1124; x_wconf 89' lang='lat' dir='ltr'>ante</span> <span class='ocrx_word' id='word_1_61' title='bbox 597 1086 840 1139; x_wconf 87' lang='lat' dir='ltr'>porcos;</span> <span class='ocrx_word' id='word_1_62' title='bbox 888 1069 943 1122; x_wconf 91' lang='lat' dir='ltr'>in</span> <span class='ocrx_word' id='word_1_63' title='bbox 1002 1068 1136 1133; x_wconf 83' lang='lat' dir='ltr'>illis,</span> <span class='ocrx_word' id='word_1_64' title='bbox 1190 1086 1259 1123; x_wconf 89' lang='lat' dir='ltr'>ne</span> <span class='ocrx_word' id='word_1_65' title='bbox 1310 1085 1607 1139; x_wconf 83' lang='lat' dir='ltr'>erogarem</span> <span class='ocrx_word' id='word_1_66' title='bbox 1654 1067 1872 1121; x_wconf 87' lang='lat' dir='ltr'>cibaria</span> 
     </span>
    </p>
   </div>
   <div class='ocr_carea' id='block_1_11' title="bbox 225 1156 1869 1227">
    <p class='ocr_par' dir='ltr' id='par_1_11' title="bbox 225 1156 1869 1227">
     <span class='ocr_line' id='line_1_11' title="bbox 225 1156 1869 1227; baseline -0.003 -12"><span class='ocrx_word' id='word_1_67' title='bbox 225 1159 537 1216; x_wconf 83' lang='lat' dir='ltr'>conservis.</span> <span class='ocrx_word' id='word_1_68' title='bbox 573 1158 857 1212; x_wconf 81' lang='lat' dir='ltr'>Videbam</span> <span class='ocrx_word' id='word_1_69' title='bbox 902 1157 1251 1227; x_wconf 84' lang='lat' dir='ltr'>insensatos,</span> <span class='ocrx_word' id='word_1_70' title='bbox 1284 1162 1339 1210; x_wconf 90' lang='lat' dir='ltr'>et</span> <span class='ocrx_word' id='word_1_71' title='bbox 1382 1174 1494 1211; x_wconf 90' lang='lat' dir='ltr'>non</span> <span class='ocrx_word' id='word_1_72' title='bbox 1529 1156 1869 1227; x_wconf 78' lang='lat' dir='ltr'>arguebam,</span> 
     </span>
    </p>
   </div>
   <div class='ocr_carea' id='block_1_12' title="bbox 226 1255 1873 1313">
    <p class='ocr_par' dir='ltr' id='par_1_12' title="bbox 226 1255 1873 1313">
     <span class='ocr_line' id='line_1_12' title="bbox 226 1255 1873 1313; baseline -0.003 0"><span class='ocrx_word' id='word_1_73' title='bbox 226 1264 278 1313; x_wconf 88' lang='lat' dir='ltr'>et</span> <span class='ocrx_word' id='word_1_74' title='bbox 328 1273 422 1312; x_wconf 89' lang='lat' dir='ltr'>me</span> <span class='ocrx_word' id='word_1_75' title='bbox 474 1257 555 1311; x_wconf 90' lang='lat' dir='ltr'>sic</span> <span class='ocrx_word' id='word_1_76' title='bbox 604 1262 890 1311; x_wconf 80' lang='lat' dir='ltr'>tacentem</span> <span class='ocrx_word' id='word_1_77' title='bbox 924 1255 1081 1310; x_wconf 87' lang='lat' dir='ltr'>zelus</span> <span class='ocrx_word' id='word_1_78' title='bbox 1130 1256 1340 1310; x_wconf 82' lang='lat' dir='ltr'>domus</span> <span class='ocrx_word' id='word_1_79' title='bbox 1372 1261 1483 1309; x_wconf 67' lang='lat' dir='ltr'>tua:</span> <span class='ocrx_word' id='word_1_80' title='bbox 1533 1255 1873 1309; x_wconf 84' lang='lat' dir='ltr'>comedebat</span> 
     </span>
    </p>
   </div>
   <div class='ocr_carea' id='block_1_13' title="bbox 224 1342 1868 1416">
    <p class='ocr_par' dir='ltr' id='par_1_13' title="bbox 224 1342 1868 1416">
     <span class='ocr_line' id='line_1_13' title="bbox 224 1342 1868 1416; baseline -0.004 -14"><span class='ocrx_word' id='word_1_81' title='bbox 224 1348 395 1415; x_wconf 91' lang='lat' dir='ltr'>(Psal.</span> <span class='ocrx_word' id='word_1_82' title='bbox 418 1347 630 1416; x_wconf 84' lang='lat' dir='ltr'>vam).</span> <span class='ocrx_word' id='word_1_83' title='bbox 654 1348 721 1399; x_wconf 83' lang='lat' dir='ltr'>Et</span> <span class='ocrx_word' id='word_1_84' title='bbox 750 1345 809 1398; x_wconf 93' lang='lat' dir='ltr'>in</span> <span class='ocrx_word' id='word_1_85' title='bbox 833 1345 940 1399; x_wconf 92' lang='lat' dir='ltr'>hoc</span> <span class='ocrx_word' id='word_1_86' title='bbox 963 1350 1103 1398; x_wconf 70' lang='lat' dir='ltr'>aestu</span> <span class='ocrx_word' id='word_1_87' title='bbox 1130 1344 1236 1398; x_wconf 85' lang='lat' dir='ltr'>etsi</span> <span class='ocrx_word' id='word_1_88' title='bbox 1262 1344 1449 1399; x_wconf 87' lang='lat' dir='ltr'>multa</span> <span class='ocrx_word' id='word_1_89' title='bbox 1470 1342 1868 1414; x_wconf 83' lang='lat' dir='ltr'>transilierim,</span> 
     </span>
    </p>
   </div>
   <div class='ocr_carea' id='block_1_14' title="bbox 224 1432 1874 1507">
    <p class='ocr_par' dir='ltr' id='par_1_14' title="bbox 224 1432 1874 1507">
     <span class='ocr_line' id='line_1_14' title="bbox 224 1432 1874 1507; baseline -0.004 -16"><span class='ocrx_word' id='word_1_90' title='bbox 224 1433 469 1507; x_wconf 84' lang='lat' dir='ltr'>cogitavi</span> <span class='ocrx_word' id='word_1_91' title='bbox 500 1440 693 1489; x_wconf 86' lang='lat' dir='ltr'>tamen</span> <span class='ocrx_word' id='word_1_92' title='bbox 729 1434 920 1488; x_wconf 88' lang='lat' dir='ltr'>adhuc</span> <span class='ocrx_word' id='word_1_93' title='bbox 969 1432 1143 1487; x_wconf 80' lang='lat' dir='ltr'>altius</span> <span class='ocrx_word' id='word_1_94' title='bbox 1173 1433 1605 1487; x_wconf 87' lang='lat' dir='ltr'>ascendendum</span> <span class='ocrx_word' id='word_1_95' title='bbox 1661 1449 1787 1487; x_wconf 85' lang='lat' dir='ltr'>esse</span> <span class='ocrx_word' id='word_1_96' title='bbox 1817 1437 1874 1486; x_wconf 89' lang='lat' dir='ltr'>et</span> 
     </span>
    </p>
   </div>
   <div class='ocr_carea' id='block_1_15' title="bbox 223 1521 1873 1596">
    <p class='ocr_par' dir='ltr' id='par_1_15' title="bbox 223 1521 1873 1596">
     <span class='ocr_line' id='line_1_15' title="bbox 223 1521 1873 1596; baseline -0.002 -18"><span class='ocrx_word' id='word_1_97' title='bbox 223 1523 605 1596; x_wconf 66' lang='lat' dir='ltr'>quaerendum</span> <span class='ocrx_word' id='word_1_98' title='bbox 642 1523 914 1577; x_wconf 81' lang='lat' dir='ltr'>tutiorem</span> <span class='ocrx_word' id='word_1_99' title='bbox 950 1521 1163 1576; x_wconf 89' lang='lat' dir='ltr'>locum.</span> <span class='ocrx_word' id='word_1_100' title='bbox 1188 1523 1253 1576; x_wconf 88' lang='lat' dir='ltr'>Et</span> <span class='ocrx_word' id='word_1_101' title='bbox 1283 1523 1342 1575; x_wconf 90' lang='lat' dir='ltr'>in</span> <span class='ocrx_word' id='word_1_102' title='bbox 1371 1521 1472 1577; x_wconf 91' lang='lat' dir='ltr'>illa</span> <span class='ocrx_word' id='word_1_103' title='bbox 1500 1538 1621 1575; x_wconf 82' lang='lat' dir='ltr'>mea</span> <span class='ocrx_word' id='word_1_104' title='bbox 1650 1521 1873 1577; x_wconf 82' lang='lat' dir='ltr'>medita-</span> 
     </span>
    </p>
   </div>
   <div class='ocr_carea' id='block_1_16' title="bbox 220 1610 1872 1681">
    <p class='ocr_par' dir='ltr' id='par_1_16' title="bbox 220 1610 1872 1681">
     <span class='ocr_line' id='line_1_16' title="bbox 220 1610 1872 1681; baseline -0.003 -13"><span class='ocrx_word' id='word_1_105' title='bbox 220 1616 371 1668; x_wconf 75' lang='lat' dir='ltr'>tione</span> <span class='ocrx_word' id='word_1_106' title='bbox 402 1612 725 1667; x_wconf 79' lang='lat' dir='ltr'>exardescit</span> <span class='ocrx_word' id='word_1_107' title='bbox 755 1613 921 1681; x_wconf 86' lang='lat' dir='ltr'>ignis,</span> <span class='ocrx_word' id='word_1_108' title='bbox 955 1611 1013 1664; x_wconf 91' lang='lat' dir='ltr'>id</span> <span class='ocrx_word' id='word_1_109' title='bbox 1042 1614 1149 1675; x_wconf 89' lang='lat' dir='ltr'>est,</span> <span class='ocrx_word' id='word_1_110' title='bbox 1185 1610 1479 1679; x_wconf 85' lang='lat' dir='ltr'>quoddam</span> <span class='ocrx_word' id='word_1_111' title='bbox 1513 1610 1872 1664; x_wconf 85' lang='lat' dir='ltr'>desiderium</span> 
     </span>
    </p>
   </div>
   <div class='ocr_carea' id='block_1_17' title="bbox 222 1699 1875 1771">
    <p class='ocr_par' dir='ltr' id='par_1_17' title="bbox 222 1699 1875 1771">
     <span class='ocr_line' id='line_1_17' title="bbox 222 1699 1875 1771; baseline -0.002 -14"><span class='ocrx_word' id='word_1_112' title='bbox 222 1702 491 1758; x_wconf 81' lang='lat' dir='ltr'>accendit</span> <span class='ocrx_word' id='word_1_113' title='bbox 512 1718 611 1755; x_wconf 91' lang='lat' dir='ltr'>cor</span> <span class='ocrx_word' id='word_1_114' title='bbox 624 1716 819 1754; x_wconf 89' lang='lat' dir='ltr'>meum</span> <span class='ocrx_word' id='word_1_115' title='bbox 834 1700 1221 1771; x_wconf 86' lang='lat' dir='ltr'>cognoscendi</span> <span class='ocrx_word' id='word_1_116' title='bbox 1239 1699 1409 1753; x_wconf 78' lang='lat' dir='ltr'>linem</span> <span class='ocrx_word' id='word_1_117' title='bbox 1437 1700 1875 1770; x_wconf 59' lang='lat' dir='ltr'>meum.Et‘post</span> 
     </span>
    </p>
   </div>
   <div class='ocr_carea' id='block_1_18' title="bbox 221 1788 1873 1859">
    <p class='ocr_par' dir='ltr' id='par_1_18' title="bbox 221 1788 1873 1859">
     <span class='ocr_line' id='line_1_18' title="bbox 221 1788 1873 1859; baseline -0.003 -13"><span class='ocrx_word' id='word_1_118' title='bbox 221 1789 585 1846; x_wconf 83' lang='lat' dir='ltr'>desiderium</span> <span class='ocrx_word' id='word_1_119' title='bbox 610 1790 821 1844; x_wconf 84' lang='lat' dir='ltr'>locutus</span> <span class='ocrx_word' id='word_1_120' title='bbox 845 1806 967 1843; x_wconf 88' lang='lat' dir='ltr'>sum</span> <span class='ocrx_word' id='word_1_121' title='bbox 1000 1790 1058 1843; x_wconf 90' lang='lat' dir='ltr'>in</span> <span class='ocrx_word' id='word_1_122' title='bbox 1090 1790 1279 1859; x_wconf 79' lang='lat' dir='ltr'>lingua</span> <span class='ocrx_word' id='word_1_123' title='bbox 1309 1805 1449 1848; x_wconf 87' lang='lat' dir='ltr'>mea.</span> <span class='ocrx_word' id='word_1_124' title='bbox 1476 1805 1590 1843; x_wconf 87' lang='lat' dir='ltr'>non</span> <span class='ocrx_word' id='word_1_125' title='bbox 1622 1788 1673 1842; x_wconf 92' lang='lat' dir='ltr'>ei</span> <span class='ocrx_word' id='word_1_126' title='bbox 1698 1804 1873 1859; x_wconf 87' lang='lat' dir='ltr'>quem</span> 
     </span>
    </p>
   </div>
   <div class='ocr_carea' id='block_1_19' title="bbox 219 1877 1951 1965">
    <p class='ocr_par' dir='ltr' id='par_1_19' title="bbox 219 1877 1951 1965">
     <span class='ocr_line' id='line_1_19' title="bbox 219 1877 1951 1965; baseline -0.002 -31"><span class='ocrx_word' id='word_1_127' title='bbox 219 1879 659 1946; x_wconf 89' lang='lat' dir='ltr'>erudirem,sed</span> <span class='ocrx_word' id='word_1_128' title='bbox 693 1896 727 1932; x_wconf 89' lang='lat' dir='ltr'>a</span> <span class='ocrx_word' id='word_1_129' title='bbox 758 1895 873 1948; x_wconf 93' lang='lat' dir='ltr'>quo</span> <span class='ocrx_word' id='word_1_130' title='bbox 895 1877 1195 1945; x_wconf 89' lang='lat' dir='ltr'>erudirer;</span> <span class='ocrx_word' id='word_1_131' title='bbox 1231 1880 1290 1932; x_wconf 87' lang='lat' dir='ltr'>in</span> <span class='ocrx_word' id='word_1_132' title='bbox 1316 1879 1512 1947; x_wconf 81' lang='lat' dir='ltr'>lingua</span> <span class='ocrx_word' id='word_1_133' title='bbox 1543 1878 1743 1945; x_wconf 87' lang='lat' dir='ltr'>mea,id</span> <span class='ocrx_word' id='word_1_134' title='bbox 1764 1882 1872 1945; x_wconf 89' lang='lat' dir='ltr'>est,</span> <span class='ocrx_word' id='word_1_135' title='bbox 1904 1902 1951 1965; x_wconf 84' lang='lat' dir='ltr'><strong>B</strong></span> 
     </span>
    </p>
   </div>
   <div class='ocr_carea' id='block_1_20' title="bbox 217 1966 1870 2040">
    <p class='ocr_par' dir='ltr' id='par_1_20' title="bbox 217 1966 1870 2040">
     <span class='ocr_line' id='line_1_20' title="bbox 217 1966 1870 2040; baseline -0.002 -18"><span class='ocrx_word' id='word_1_136' title='bbox 217 1968 278 2023; x_wconf 89' lang='lat' dir='ltr'>in</span> <span class='ocrx_word' id='word_1_137' title='bbox 310 1968 516 2040; x_wconf 83' lang='lat' dir='ltr'>lingua</span> <span class='ocrx_word' id='word_1_138' title='bbox 546 1967 758 2032; x_wconf 90' lang='lat' dir='ltr'>cordis,</span> <span class='ocrx_word' id='word_1_139' title='bbox 793 1966 879 2022; x_wconf 86' lang='lat' dir='ltr'>vel</span> <span class='ocrx_word' id='word_1_140' title='bbox 912 1967 969 2020; x_wconf 92' lang='lat' dir='ltr'>in</span> <span class='ocrx_word' id='word_1_141' title='bbox 1005 1983 1273 2021; x_wconf 89' lang='lat' dir='ltr'>sermone</span> <span class='ocrx_word' id='word_1_142' title='bbox 1306 1967 1449 2021; x_wconf 89' lang='lat' dir='ltr'>mihi</span> <span class='ocrx_word' id='word_1_143' title='bbox 1483 1966 1870 2031; x_wconf 89' lang='lat' dir='ltr'>convenienti,</span> 
     </span>
    </p>
   </div>
   <div class='ocr_carea' id='block_1_21' title="bbox 216 2055 1873 2129">
    <p class='ocr_par' dir='ltr' id='par_1_21' title="bbox 216 2055 1873 2129">
     <span class='ocr_line' id='line_1_21' title="bbox 216 2055 1873 2129; baseline -0.001 -17"><span class='ocrx_word' id='word_1_144' title='bbox 216 2059 322 2129; x_wconf 89' lang='lat' dir='ltr'>qui</span> <span class='ocrx_word' id='word_1_145' title='bbox 347 2059 475 2128; x_wconf 85' lang='lat' dir='ltr'>jam</span> <span class='ocrx_word' id='word_1_146' title='bbox 518 2057 638 2111; x_wconf 71' lang='lat' dir='ltr'>haec</span> <span class='ocrx_word' id='word_1_147' title='bbox 696 2057 997 2111; x_wconf 89' lang='lat' dir='ltr'>mundana</span> <span class='ocrx_word' id='word_1_148' title='bbox 1043 2056 1459 2126; x_wconf 88' lang='lat' dir='ltr'>transilieram,</span> <span class='ocrx_word' id='word_1_149' title='bbox 1492 2055 1613 2110; x_wconf 65' lang='lat' dir='ltr'>haec</span> <span class='ocrx_word' id='word_1_150' title='bbox 1644 2055 1873 2110; x_wconf 90' lang='lat' dir='ltr'>locutus</span> 
     </span>
    </p>
   </div>
   <div class='ocr_carea' id='block_1_22' title="bbox 215 2144 1874 2218">
    <p class='ocr_par' dir='ltr' id='par_1_22' title="bbox 215 2144 1874 2218">
     <span class='ocr_line' id='line_1_22' title="bbox 215 2144 1874 2218; baseline -0.002 -16"><span class='ocrx_word' id='word_1_151' title='bbox 215 2163 381 2203; x_wconf 89' lang='lat' dir='ltr'>sum.</span> <span class='ocrx_word' id='word_1_152' title='bbox 412 2147 611 2201; x_wconf 85' lang='lat' dir='ltr'>Notum</span> <span class='ocrx_word' id='word_1_153' title='bbox 641 2146 781 2199; x_wconf 85' lang='lat' dir='ltr'>mihi</span> <span class='ocrx_word' id='word_1_154' title='bbox 818 2146 931 2218; x_wconf 82' lang='lat' dir='ltr'>fac,</span> <span class='ocrx_word' id='word_1_155' title='bbox 964 2146 1209 2212; x_wconf 79' lang='lat' dir='ltr'>Domine,</span> <span class='ocrx_word' id='word_1_156' title='bbox 1239 2144 1405 2213; x_wconf 84' lang='lat' dir='ltr'>ﬁnem</span> <span class='ocrx_word' id='word_1_157' title='bbox 1433 2160 1612 2199; x_wconf 86' lang='lat' dir='ltr'>meum</span> <span class='ocrx_word' id='word_1_158' title='bbox 1646 2163 1664 2198; x_wconf 90' lang='lat'><strong><em>:</em></strong></span> <span class='ocrx_word' id='word_1_159' title='bbox 1698 2145 1874 2199; x_wconf 83' lang='lat' dir='ltr'>ﬁnem</span> 
     </span>
    </p>
   </div>
   <div class='ocr_carea' id='block_1_23' title="bbox 211 2233 1875 2303">
    <p class='ocr_par' dir='ltr' id='par_1_23' title="bbox 211 2233 1875 2303">
     <span class='ocr_line' id='line_1_23' title="bbox 211 2233 1875 2303; baseline -0.001 -13"><span class='ocrx_word' id='word_1_160' title='bbox 211 2236 352 2290; x_wconf 89' lang='lat' dir='ltr'>sine</span> <span class='ocrx_word' id='word_1_161' title='bbox 384 2235 521 2299; x_wconf 83' lang='lat' dir='ltr'>ﬁne,</span> <span class='ocrx_word' id='word_1_162' title='bbox 554 2250 670 2288; x_wconf 91' lang='lat' dir='ltr'>non</span> <span class='ocrx_word' id='word_1_163' title='bbox 704 2250 945 2288; x_wconf 90' lang='lat' dir='ltr'>cursum</span> <span class='ocrx_word' id='word_1_164' title='bbox 978 2250 1196 2300; x_wconf 88' lang='lat' dir='ltr'>meum,</span> <span class='ocrx_word' id='word_1_165' title='bbox 1221 2238 1287 2286; x_wconf 91' lang='lat' dir='ltr'>ut</span> <span class='ocrx_word' id='word_1_166' title='bbox 1314 2249 1430 2287; x_wconf 92' lang='lat' dir='ltr'>non</span> <span class='ocrx_word' id='word_1_167' title='bbox 1460 2233 1771 2303; x_wconf 88' lang='lat' dir='ltr'>respiciam</span> <span class='ocrx_word' id='word_1_168' title='bbox 1802 2234 1875 2288; x_wconf 90' lang='lat' dir='ltr'>ad</span> 
     </span>
    </p>
   </div>
   <div class='ocr_carea' id='block_1_24' title="bbox 212 2322 1877 2393">
    <p class='ocr_par' dir='ltr' id='par_1_24' title="bbox 212 2322 1877 2393">
     <span class='ocr_line' id='line_1_24' title="bbox 212 2322 1877 2393; baseline -0.003 -14"><span class='ocrx_word' id='word_1_169' title='bbox 212 2340 292 2379; x_wconf 82' lang='lat' dir='ltr'>ea</span> <span class='ocrx_word' id='word_1_170' title='bbox 326 2340 455 2393; x_wconf 65' lang='lat' dir='ltr'>quae</span> <span class='ocrx_word' id='word_1_171' title='bbox 479 2323 607 2392; x_wconf 87' lang='lat' dir='ltr'>jam</span> <span class='ocrx_word' id='word_1_172' title='bbox 647 2322 955 2387; x_wconf 87' lang='lat' dir='ltr'>transilivi,</span> <span class='ocrx_word' id='word_1_173' title='bbox 992 2322 1093 2376; x_wconf 90' lang='lat' dir='ltr'>sed</span> <span class='ocrx_word' id='word_1_174' title='bbox 1147 2322 1217 2375; x_wconf 89' lang='lat' dir='ltr'>ad</span> <span class='ocrx_word' id='word_1_175' title='bbox 1250 2338 1315 2375; x_wconf 91' lang='lat' dir='ltr'>ea</span> <span class='ocrx_word' id='word_1_176' title='bbox 1364 2322 1717 2392; x_wconf 86' lang='lat' dir='ltr'>prospiciam</span> <span class='ocrx_word' id='word_1_177' title='bbox 1751 2338 1877 2391; x_wconf 66' lang='lat' dir='ltr'>quae</span> 
     </span>
    </p>
   </div>
   <div class='ocr_carea' id='block_1_25' title="bbox 208 2409 1877 2481">
    <p class='ocr_par' dir='ltr' id='par_1_25' title="bbox 208 2409 1877 2481">
     <span class='ocr_line' id='line_1_25' title="bbox 208 2409 1877 2481; baseline -0.001 -15"><span class='ocrx_word' id='word_1_178' title='bbox 208 2415 473 2467; x_wconf 85' lang='lat' dir='ltr'>restant.</span> <span class='ocrx_word' id='word_1_179' title='bbox 509 2410 821 2465; x_wconf 91' lang='lat' dir='ltr'>Transilivi</span> <span class='ocrx_word' id='word_1_180' title='bbox 844 2412 968 2480; x_wconf 88' lang='lat' dir='ltr'>jam</span> <span class='ocrx_word' id='word_1_181' title='bbox 994 2409 1260 2481; x_wconf 88' lang='lat' dir='ltr'>multam,</span> <span class='ocrx_word' id='word_1_182' title='bbox 1290 2414 1345 2465; x_wconf 91' lang='lat' dir='ltr'>et</span> <span class='ocrx_word' id='word_1_183' title='bbox 1365 2410 1495 2466; x_wconf 89' lang='lat' dir='ltr'>veni</span> <span class='ocrx_word' id='word_1_184' title='bbox 1520 2410 1577 2463; x_wconf 91' lang='lat' dir='ltr'>in</span> <span class='ocrx_word' id='word_1_185' title='bbox 1611 2411 1877 2481; x_wconf 82' lang='lat' dir='ltr'>quaedam</span> 
     </span>
    </p>
   </div>
   <div class='ocr_carea' id='block_1_26' title="bbox 214 2498 1881 2570">
    <p class='ocr_par' dir='ltr' id='par_1_26' title="bbox 214 2498 1881 2570">
     <span class='ocr_line' id='line_1_26' title="bbox 214 2498 1881 2570; baseline -0.001 -16"><span class='ocrx_word' id='word_1_186' title='bbox 214 2498 471 2554; x_wconf 87' lang='lat' dir='ltr'>meliora</span> <span class='ocrx_word' id='word_1_187' title='bbox 504 2498 598 2553; x_wconf 90' lang='lat' dir='ltr'>his</span> <span class='ocrx_word' id='word_1_188' title='bbox 620 2516 746 2570; x_wconf 72' lang='lat' dir='ltr'>quae</span> <span class='ocrx_word' id='word_1_189' title='bbox 779 2499 1200 2567; x_wconf 87' lang='lat' dir='ltr'>transilivi,sed</span> <span class='ocrx_word' id='word_1_190' title='bbox 1234 2504 1413 2553; x_wconf 86' lang='lat' dir='ltr'>restat</span> <span class='ocrx_word' id='word_1_191' title='bbox 1443 2500 1634 2553; x_wconf 90' lang='lat' dir='ltr'>adhuc</span> <span class='ocrx_word' id='word_1_192' title='bbox 1668 2516 1781 2570; x_wconf 91' lang='lat' dir='ltr'>quo</span> <span class='ocrx_word' id='word_1_193' title='bbox 1806 2499 1881 2553; x_wconf 87' lang='lat' dir='ltr'>sit</span> 
     </span>
    </p>
   </div>
   <div class='ocr_carea' id='block_1_27' title="bbox 213 2586 1875 2659">
    <p class='ocr_par' dir='ltr' id='par_1_27' title="bbox 213 2586 1875 2659">
     <span class='ocr_line' id='line_1_27' title="bbox 213 2586 1875 2659; baseline -0.001 -16"><span class='ocrx_word' id='word_1_194' title='bbox 213 2587 686 2643; x_wconf 89' lang='lat' dir='ltr'>ascendendum.</span> <span class='ocrx_word' id='word_1_195' title='bbox 722 2586 929 2641; x_wconf 89' lang='lat' dir='ltr'>Nullus</span> <span class='ocrx_word' id='word_1_196' title='bbox 979 2587 1136 2640; x_wconf 86' lang='lat' dir='ltr'>enim</span> <span class='ocrx_word' id='word_1_197' title='bbox 1168 2588 1227 2640; x_wconf 91' lang='lat' dir='ltr'>in</span> <span class='ocrx_word' id='word_1_198' title='bbox 1259 2588 1366 2641; x_wconf 89' lang='lat' dir='ltr'>hac</span> <span class='ocrx_word' id='word_1_199' title='bbox 1418 2588 1536 2642; x_wconf 91' lang='lat' dir='ltr'>vita</span> <span class='ocrx_word' id='word_1_200' title='bbox 1567 2589 1875 2659; x_wconf 88' lang='lat' dir='ltr'>perfectus,</span> 
     </span>
    </p>
   </div>
   <div class='ocr_carea' id='block_1_28' title="bbox 213 2684 1875 2756">
    <p class='ocr_par' dir='ltr' id='par_1_28' title="bbox 213 2684 1875 2756">
     <span class='ocr_line' id='line_1_28' title="bbox 213 2684 1875 2756; baseline -0.003 -14"><span class='ocrx_word' id='word_1_201' title='bbox 213 2689 312 2742; x_wconf 88' lang='lat' dir='ltr'>cui</span> <span class='ocrx_word' id='word_1_202' title='bbox 345 2684 541 2741; x_wconf 88' lang='lat' dir='ltr'>adhuc</span> <span class='ocrx_word' id='word_1_203' title='bbox 563 2684 716 2738; x_wconf 88' lang='lat' dir='ltr'>desit</span> <span class='ocrx_word' id='word_1_204' title='bbox 746 2700 859 2755; x_wconf 93' lang='lat' dir='ltr'>quo</span> <span class='ocrx_word' id='word_1_205' title='bbox 884 2684 1195 2739; x_wconf 86' lang='lat' dir='ltr'>ascendere</span> <span class='ocrx_word' id='word_1_206' title='bbox 1223 2685 1440 2755; x_wconf 89' lang='lat' dir='ltr'>possit;</span> <span class='ocrx_word' id='word_1_207' title='bbox 1476 2685 1610 2738; x_wconf 88' lang='lat' dir='ltr'>audi</span> <span class='ocrx_word' id='word_1_208' title='bbox 1632 2687 1875 2756; x_wconf 86' lang='lat' dir='ltr'>Aposto-</span> 
     </span>
    </p>
   </div>
   <div class='ocr_carea' id='block_1_29' title="bbox 212 2773 1873 2845">
    <p class='ocr_par' dir='ltr' id='par_1_29' title="bbox 212 2773 1873 2845">
     <span class='ocr_line' id='line_1_29' title="bbox 212 2773 1873 2845; baseline -0.001 -16"><span class='ocrx_word' id='word_1_209' title='bbox 212 2774 343 2829; x_wconf 87' lang='lat' dir='ltr'>lum</span> <span class='ocrx_word' id='word_1_210' title='bbox 384 2791 397 2828; x_wconf 96' lang='lat'>:</span> <span class='ocrx_word' id='word_1_211' title='bbox 432 2773 682 2839; x_wconf 86' lang='lat' dir='ltr'>Fratres,</span> <span class='ocrx_word' id='word_1_212' title='bbox 717 2789 821 2845; x_wconf 89' lang='lat' dir='ltr'>ego</span> <span class='ocrx_word' id='word_1_213' title='bbox 852 2789 945 2827; x_wconf 88' lang='lat' dir='ltr'>me</span> <span class='ocrx_word' id='word_1_214' title='bbox 976 2774 1237 2827; x_wconf 90' lang='lat' dir='ltr'>nondum</span> <span class='ocrx_word' id='word_1_215' title='bbox 1270 2774 1521 2827; x_wconf 90' lang='lat' dir='ltr'>arbitror</span> <span class='ocrx_word' id='word_1_216' title='bbox 1550 2773 1873 2845; x_wconf 86' lang='lat' dir='ltr'>apprehen-</span> 
     </span>
    </p>
   </div>
   <div class='ocr_carea' id='block_1_30' title="bbox 213 2860 1872 2933">
    <p class='ocr_par' dir='ltr' id='par_1_30' title="bbox 213 2860 1872 2933">
     <span class='ocr_line' id='line_1_30' title="bbox 213 2860 1872 2933; baseline -0.002 -15"><span class='ocrx_word' id='word_1_217' title='bbox 213 2864 383 2919; x_wconf 87' lang='lat' dir='ltr'>disse</span> <span class='ocrx_word' id='word_1_218' title='bbox 413 2860 591 2932; x_wconf 86' lang='lat' dir='ltr'>(Phil.</span> <span class='ocrx_word' id='word_1_219' title='bbox 628 2862 734 2933; x_wconf 83' lang='lat' dir='ltr'>In).</span> <span class='ocrx_word' id='word_1_220' title='bbox 771 2862 961 2917; x_wconf 92' lang='lat' dir='ltr'>Unum</span> <span class='ocrx_word' id='word_1_221' title='bbox 995 2866 1191 2916; x_wconf 90' lang='lat' dir='ltr'>autem</span> <span class='ocrx_word' id='word_1_222' title='bbox 1224 2879 1348 2933; x_wconf 70' lang='lat' dir='ltr'>quae</span> <span class='ocrx_word' id='word_1_223' title='bbox 1380 2867 1531 2917; x_wconf 89' lang='lat' dir='ltr'>retro</span> <span class='ocrx_word' id='word_1_224' title='bbox 1563 2867 1699 2917; x_wconf 92' lang='lat' dir='ltr'>sunt</span> <span class='ocrx_word' id='word_1_225' title='bbox 1726 2861 1872 2916; x_wconf 86' lang='lat' dir='ltr'>obli-</span> 
     </span>
    </p>
   </div>
   <div class='ocr_carea' id='block_1_31' title="bbox 208 2949 1875 3017">
    <p class='ocr_par' dir='ltr' id='par_1_31' title="bbox 208 2949 1875 3017">
     <span class='ocr_line' id='line_1_31' title="bbox 208 2949 1875 3017; baseline -0.001 -10"><span class='ocrx_word' id='word_1_226' title='bbox 208 2952 477 3017; x_wconf 89' lang='lat' dir='ltr'>viscens,</span> <span class='ocrx_word' id='word_1_227' title='bbox 497 2951 552 3005; x_wconf 91' lang='lat' dir='ltr'>in</span> <span class='ocrx_word' id='word_1_228' title='bbox 571 2949 862 3005; x_wconf 86' lang='lat' dir='ltr'>anteriora</span> <span class='ocrx_word' id='word_1_229' title='bbox 879 2968 970 3006; x_wconf 88' lang='lat' dir='ltr'>me</span> <span class='ocrx_word' id='word_1_230' title='bbox 988 2952 1322 3016; x_wconf 86' lang='lat' dir='ltr'>extendens,</span> <span class='ocrx_word' id='word_1_231' title='bbox 1342 2952 1665 3006; x_wconf 89' lang='lat' dir='ltr'>secundum</span> <span class='ocrx_word' id='word_1_232' title='bbox 1692 2953 1875 3006; x_wconf 85' lang='lat' dir='ltr'>inten-</span> 
     </span>
    </p>
   </div>
   <div class='ocr_carea' id='block_1_32' title="bbox 210 3039 1868 3111">
    <p class='ocr_par' dir='ltr' id='par_1_32' title="bbox 210 3039 1868 3111">
     <span class='ocr_line' id='line_1_32' title="bbox 210 3039 1868 3111; baseline 0 -15"><span class='ocrx_word' id='word_1_233' title='bbox 210 3042 451 3096; x_wconf 86' lang='lat' dir='ltr'>tionem</span> <span class='ocrx_word' id='word_1_234' title='bbox 513 3054 724 3110; x_wconf 91' lang='lat' dir='ltr'>sequor</span> <span class='ocrx_word' id='word_1_235' title='bbox 772 3040 841 3094; x_wconf 90' lang='lat' dir='ltr'>ad</span> <span class='ocrx_word' id='word_1_236' title='bbox 888 3039 1145 3111; x_wconf 82' lang='lat' dir='ltr'>palmam</span> <span class='ocrx_word' id='word_1_237' title='bbox 1204 3056 1469 3111; x_wconf 72' lang='lat' dir='ltr'>supernae</span> <span class='ocrx_word' id='word_1_238' title='bbox 1528 3041 1868 3096; x_wconf 88' lang='lat' dir='ltr'>vocationis.</span> 
     </span>
    </p>
   </div>
   <div class='ocr_carea' id='block_1_33' title="bbox 212 3136 1866 3209">
    <p class='ocr_par' dir='ltr' id='par_1_33' title="bbox 212 3136 1866 3209">
     <span class='ocr_line' id='line_1_33' title="bbox 212 3136 1866 3209; baseline 0 -16"><span class='ocrx_word' id='word_1_239' title='bbox 212 3139 355 3193; x_wconf 88' lang='lat' dir='ltr'>Ideo</span> <span class='ocrx_word' id='word_1_240' title='bbox 394 3136 505 3192; x_wconf 83' lang='lat' dir='ltr'>iste</span> <span class='ocrx_word' id='word_1_241' title='bbox 535 3136 872 3192; x_wconf 88' lang='lat' dir='ltr'>transiliens</span> <span class='ocrx_word' id='word_1_242' title='bbox 904 3138 1045 3191; x_wconf 88' lang='lat' dir='ltr'>dicit</span> <span class='ocrx_word' id='word_1_243' title='bbox 1077 3155 1088 3193; x_wconf 91' lang='lat'><strong>:</strong></span> <span class='ocrx_word' id='word_1_244' title='bbox 1123 3140 1319 3193; x_wconf 88' lang='lat' dir='ltr'>Notum</span> <span class='ocrx_word' id='word_1_245' title='bbox 1340 3139 1479 3192; x_wconf 82' lang='lat' dir='ltr'>mihi</span> <span class='ocrx_word' id='word_1_246' title='bbox 1507 3140 1866 3209; x_wconf 84' lang='lat' dir='ltr'>fac,Domine,</span> 
     </span>
    </p>
   </div>
   <div class='ocr_carea' id='block_1_34' title="bbox 207 3226 1951 3333">
    <p class='ocr_par' dir='ltr' id='par_1_34' title="bbox 207 3226 1951 3333">
     <span class='ocr_line' id='line_1_34' title="bbox 207 3226 1951 3333; baseline -0.001 -50"><span class='ocrx_word' id='word_1_247' title='bbox 207 3229 391 3297; x_wconf 76' lang='lat' dir='ltr'>ﬁnem</span> <span class='ocrx_word' id='word_1_248' title='bbox 414 3243 615 3293; x_wconf 88' lang='lat' dir='ltr'>meum,</span> <span class='ocrx_word' id='word_1_249' title='bbox 643 3226 699 3280; x_wconf 91' lang='lat' dir='ltr'>id</span> <span class='ocrx_word' id='word_1_250' title='bbox 724 3230 811 3281; x_wconf 88' lang='lat' dir='ltr'>est</span> <span class='ocrx_word' id='word_1_251' title='bbox 832 3230 908 3291; x_wconf 90' lang='lat' dir='ltr'>te,</span> <span class='ocrx_word' id='word_1_252' title='bbox 929 3226 1081 3281; x_wconf 87' lang='lat' dir='ltr'>ultra</span> <span class='ocrx_word' id='word_1_253' title='bbox 1104 3244 1275 3299; x_wconf 90' lang='lat' dir='ltr'>quem</span> <span class='ocrx_word' id='word_1_254' title='bbox 1300 3244 1415 3281; x_wconf 90' lang='lat' dir='ltr'>non</span> <span class='ocrx_word' id='word_1_255' title='bbox 1440 3232 1527 3281; x_wconf 87' lang='lat' dir='ltr'>est</span> <span class='ocrx_word' id='word_1_256' title='bbox 1550 3228 1872 3298; x_wconf 87' lang='lat' dir='ltr'>quidquam</span> <span class='ocrx_word' id='word_1_257' title='bbox 1909 3267 1951 3333; x_wconf 62' lang='grc' dir='ltr'>Ο</span> 
     </span>
    </p>
   </div>
   <div class='ocr_carea' id='block_1_35' title="bbox 209 3316 1880 3383">
    <p class='ocr_par' dir='ltr' id='par_1_35' title="bbox 209 3316 1880 3383">
     <span class='ocr_line' id='line_1_35' title="bbox 209 3316 1880 3383; baseline -0.001 -12"><span class='ocrx_word' id='word_1_258' title='bbox 209 3316 705 3383; x_wconf 83' lang='lat' dir='ltr'>desiderandum.</span> <span class='ocrx_word' id='word_1_259' title='bbox 756 3317 1003 3381; x_wconf 80' lang='lat' dir='ltr'>Domine,</span> <span class='ocrx_word' id='word_1_260' title='bbox 1060 3316 1275 3371; x_wconf 84' lang='lat' dir='ltr'>ostende</span> <span class='ocrx_word' id='word_1_261' title='bbox 1324 3317 1485 3368; x_wconf 86' lang='lat' dir='ltr'>nobis</span> <span class='ocrx_word' id='word_1_262' title='bbox 1536 3321 1775 3379; x_wconf 80' lang='lat' dir='ltr'>Patrem,</span> <span class='ocrx_word' id='word_1_263' title='bbox 1826 3320 1880 3369; x_wconf 87' lang='lat' dir='ltr'>et</span> 
     </span>
    </p>
   </div>
   <div class='ocr_carea' id='block_1_36' title="bbox 208 3402 1880 3476">
    <p class='ocr_par' dir='ltr' id='par_1_36' title="bbox 208 3402 1880 3476">
     <span class='ocr_line' id='line_1_36' title="bbox 208 3402 1880 3476; baseline -0.004 -15"><span class='ocrx_word' id='word_1_264' title='bbox 208 3406 436 3476; x_wconf 80' lang='lat' dir='ltr'>sufﬁcit</span> <span class='ocrx_word' id='word_1_265' title='bbox 466 3406 620 3459; x_wconf 88' lang='lat' dir='ltr'>nobis</span> <span class='ocrx_word' id='word_1_266' title='bbox 641 3405 826 3475; x_wconf 88' lang='lat' dir='ltr'>(Joan.</span> <span class='ocrx_word' id='word_1_267' title='bbox 860 3407 995 3475; x_wconf 76' lang='lat' dir='ltr'>xxv),</span> <span class='ocrx_word' id='word_1_268' title='bbox 1021 3403 1079 3457; x_wconf 91' lang='lat' dir='ltr'>id</span> <span class='ocrx_word' id='word_1_269' title='bbox 1102 3408 1211 3470; x_wconf 89' lang='lat' dir='ltr'>est,</span> <span class='ocrx_word' id='word_1_270' title='bbox 1232 3404 1319 3457; x_wconf 83' lang='lat' dir='ltr'>fac</span> <span class='ocrx_word' id='word_1_271' title='bbox 1354 3419 1444 3456; x_wconf 88' lang='lat' dir='ltr'>me</span> <span class='ocrx_word' id='word_1_272' title='bbox 1474 3406 1530 3456; x_wconf 88' lang='lat' dir='ltr'>te</span> <span class='ocrx_word' id='word_1_273' title='bbox 1558 3402 1749 3457; x_wconf 90' lang='lat' dir='ltr'>solum</span> <span class='ocrx_word' id='word_1_274' title='bbox 1782 3419 1880 3455; x_wconf 91' lang='lat' dir='ltr'>co-</span> 
     </span>
    </p>
   </div>
   <div class='ocr_carea' id='block_1_37' title="bbox 210 3490 1881 3567">
    <p class='ocr_par' dir='ltr' id='par_1_37' title="bbox 210 3490 1881 3567">
     <span class='ocr_line' id='line_1_37' title="bbox 210 3490 1881 3567; baseline -0.002 -18"><span class='ocrx_word' id='word_1_275' title='bbox 210 3510 510 3567; x_wconf 86' lang='lat' dir='ltr'>gnoscere</span> <span class='ocrx_word' id='word_1_276' title='bbox 542 3494 612 3549; x_wconf 91' lang='lat' dir='ltr'>ad</span> <span class='ocrx_word' id='word_1_277' title='bbox 645 3493 1121 3562; x_wconf 86' lang='lat' dir='ltr'>desiderandum,</span> <span class='ocrx_word' id='word_1_278' title='bbox 1156 3497 1220 3546; x_wconf 88' lang='lat' dir='ltr'>ut</span> <span class='ocrx_word' id='word_1_279' title='bbox 1251 3491 1445 3545; x_wconf 89' lang='lat' dir='ltr'>omnis</span> <span class='ocrx_word' id='word_1_280' title='bbox 1478 3507 1606 3545; x_wconf 89' lang='lat' dir='ltr'>mea</span> <span class='ocrx_word' id='word_1_281' title='bbox 1636 3490 1881 3545; x_wconf 86' lang='lat' dir='ltr'>intentio</span> 
     </span>
    </p>
   </div>
   <div class='ocr_carea' id='block_1_38' title="bbox 210 3580 1883 3654">
    <p class='ocr_par' dir='ltr' id='par_1_38' title="bbox 210 3580 1883 3654">
     <span class='ocr_line' id='line_1_38' title="bbox 210 3580 1883 3654; baseline -0.004 -15"><span class='ocrx_word' id='word_1_282' title='bbox 210 3584 285 3639; x_wconf 80' lang='lat' dir='ltr'>ad</span> <span class='ocrx_word' id='word_1_283' title='bbox 319 3590 389 3639; x_wconf 89' lang='lat' dir='ltr'>te</span> <span class='ocrx_word' id='word_1_284' title='bbox 414 3584 869 3654; x_wconf 89' lang='lat' dir='ltr'>promerendum</span> <span class='ocrx_word' id='word_1_285' title='bbox 894 3582 1180 3646; x_wconf 88' lang='lat' dir='ltr'>intendat,</span> <span class='ocrx_word' id='word_1_286' title='bbox 1208 3585 1263 3635; x_wconf 90' lang='lat' dir='ltr'>ct</span> <span class='ocrx_word' id='word_1_287' title='bbox 1294 3580 1651 3636; x_wconf 89' lang='lat' dir='ltr'>desiderium</span> <span class='ocrx_word' id='word_1_288' title='bbox 1685 3596 1883 3635; x_wconf 84' lang='lat' dir='ltr'>meum</span> 
     </span>
    </p>
   </div>
   <div class='ocr_carea' id='block_1_39' title="bbox 212 3669 1884 3744">
    <p class='ocr_par' dir='ltr' id='par_1_39' title="bbox 212 3669 1884 3744">
     <span class='ocr_line' id='line_1_39' title="bbox 212 3669 1884 3744; baseline -0.002 -17"><span class='ocrx_word' id='word_1_289' title='bbox 212 3688 527 3744; x_wconf 87' lang='lat' dir='ltr'>nusquam</span> <span class='ocrx_word' id='word_1_290' title='bbox 561 3672 1039 3737; x_wconf 87' lang='lat' dir='ltr'>moretur,donec</span> <span class='ocrx_word' id='word_1_291' title='bbox 1063 3671 1133 3725; x_wconf 89' lang='lat' dir='ltr'>ad</span> <span class='ocrx_word' id='word_1_292' title='bbox 1162 3675 1217 3725; x_wconf 92' lang='lat' dir='ltr'>te</span> <span class='ocrx_word' id='word_1_293' title='bbox 1247 3669 1715 3742; x_wconf 89' lang='lat' dir='ltr'>perveniat,quia</span> <span class='ocrx_word' id='word_1_294' title='bbox 1748 3670 1806 3723; x_wconf 90' lang='lat' dir='ltr'>in</span> <span class='ocrx_word' id='word_1_295' title='bbox 1829 3674 1884 3724; x_wconf 91' lang='lat' dir='ltr'>te</span> 
     </span>
    </p>
   </div>
   <div class='ocr_carea' id='block_1_40' title="bbox 214 3757 1881 3831">
    <p class='ocr_par' dir='ltr' id='par_1_40' title="bbox 214 3757 1881 3831">
     <span class='ocr_line' id='line_1_40' title="bbox 214 3757 1881 3831; baseline -0.002 -15"><span class='ocrx_word' id='word_1_296' title='bbox 214 3761 343 3817; x_wconf 92' lang='lat' dir='ltr'>solo</span> <span class='ocrx_word' id='word_1_297' title='bbox 379 3764 474 3814; x_wconf 90' lang='lat' dir='ltr'>est</span> <span class='ocrx_word' id='word_1_298' title='bbox 523 3759 821 3814; x_wconf 90' lang='lat' dir='ltr'>beatitudo</span> <span class='ocrx_word' id='word_1_299' title='bbox 853 3776 989 3814; x_wconf 89' lang='lat' dir='ltr'>vera</span> <span class='ocrx_word' id='word_1_300' title='bbox 1029 3764 1085 3814; x_wconf 92' lang='lat' dir='ltr'>et</span> <span class='ocrx_word' id='word_1_301' title='bbox 1118 3760 1388 3831; x_wconf 77' lang='lat' dir='ltr'>perfecta.</span> <span class='ocrx_word' id='word_1_302' title='bbox 1424 3759 1491 3813; x_wconf 89' lang='lat' dir='ltr'>Et</span> <span class='ocrx_word' id='word_1_303' title='bbox 1536 3758 1583 3813; x_wconf 92' lang='lat' dir='ltr'>si</span> <span class='ocrx_word' id='word_1_304' title='bbox 1630 3757 1881 3813; x_wconf 89' lang='lat' dir='ltr'>multum</span> 
     </span>
    </p>
   </div>
   <div class='ocr_carea' id='block_1_41' title="bbox 215 3848 1884 3920">
    <p class='ocr_par' dir='ltr' id='par_1_41' title="bbox 215 3848 1884 3920">
     <span class='ocr_line' id='line_1_41' title="bbox 215 3848 1884 3920; baseline 0 -17"><span class='ocrx_word' id='word_1_305' title='bbox 215 3848 498 3920; x_wconf 78' lang='lat' dir='ltr'>proficiat</span> <span class='ocrx_word' id='word_1_306' title='bbox 528 3848 724 3918; x_wconf 89' lang='lat' dir='ltr'>homo,</span> <span class='ocrx_word' id='word_1_307' title='bbox 760 3864 1052 3919; x_wconf 87' lang='lat' dir='ltr'>nusquam</span> <span class='ocrx_word' id='word_1_308' title='bbox 1075 3855 1265 3902; x_wconf 82' lang='lat' dir='ltr'>tamen</span> <span class='ocrx_word' id='word_1_309' title='bbox 1298 3848 1668 3914; x_wconf 89' lang='lat' dir='ltr'>cessandum,</span> <span class='ocrx_word' id='word_1_310' title='bbox 1702 3848 1884 3903; x_wconf 90' lang='lat' dir='ltr'>donec</span> 
     </span>
    </p>
   </div>
   <div class='ocr_carea' id='block_1_42' title="bbox 215 3935 1882 4008">
    <p class='ocr_par' dir='ltr' id='par_1_42' title="bbox 215 3935 1882 4008">
     <span class='ocr_line' id='line_1_42' title="bbox 215 3935 1882 4008; baseline -0.001 -15"><span class='ocrx_word' id='word_1_311' title='bbox 215 3939 286 3993; x_wconf 87' lang='lat' dir='ltr'>ad</span> <span class='ocrx_word' id='word_1_312' title='bbox 324 3937 506 3993; x_wconf 88' lang='lat' dir='ltr'>illum</span> <span class='ocrx_word' id='word_1_313' title='bbox 561 3938 737 3992; x_wconf 81' lang='lat' dir='ltr'>tinem</span> <span class='ocrx_word' id='word_1_314' title='bbox 787 3935 1179 4008; x_wconf 86' lang='lat' dir='ltr'>perveniatur.</span> <span class='ocrx_word' id='word_1_315' title='bbox 1230 3936 1332 3990; x_wconf 91' lang='lat' dir='ltr'>Vel</span> <span class='ocrx_word' id='word_1_316' title='bbox 1385 3938 1550 4006; x_wconf 82' lang='lat' dir='ltr'>ﬁnem</span> <span class='ocrx_word' id='word_1_317' title='bbox 1596 3953 1793 4003; x_wconf 89' lang='lat' dir='ltr'>meum,</span> <span class='ocrx_word' id='word_1_318' title='bbox 1826 3937 1882 3991; x_wconf 91' lang='lat' dir='ltr'>id</span> 
     </span>
    </p>
   </div>
   <div class='ocr_carea' id='block_1_43' title="bbox 217 4025 1885 4097">
    <p class='ocr_par' dir='ltr' id='par_1_43' title="bbox 217 4025 1885 4097">
     <span class='ocr_line' id='line_1_43' title="bbox 217 4025 1885 4097; baseline -0.002 -15"><span class='ocrx_word' id='word_1_319' title='bbox 217 4033 327 4095; x_wconf 85' lang='lat' dir='ltr'>est,</span> <span class='ocrx_word' id='word_1_320' title='bbox 348 4027 599 4081; x_wconf 88' lang='lat' dir='ltr'>modum</span> <span class='ocrx_word' id='word_1_321' title='bbox 624 4025 899 4097; x_wconf 91' lang='lat' dir='ltr'>loquendi</span> <span class='ocrx_word' id='word_1_322' title='bbox 921 4030 975 4080; x_wconf 88' lang='lat' dir='ltr'>et</span> <span class='ocrx_word' id='word_1_323' title='bbox 1002 4026 1239 4079; x_wconf 90' lang='lat' dir='ltr'>modum</span> <span class='ocrx_word' id='word_1_324' title='bbox 1263 4025 1655 4096; x_wconf 82' lang='lat' dir='ltr'>tacendi,quia</span> <span class='ocrx_word' id='word_1_325' title='bbox 1673 4035 1885 4097; x_wconf 87' lang='lat' dir='ltr'>tempus</span> 
     </span>
    </p>
   </div>
   <div class='ocr_carea' id='block_1_44' title="bbox 219 4114 1887 4187">
    <p class='ocr_par' dir='ltr' id='par_1_44' title="bbox 219 4114 1887 4187">
     <span class='ocr_line' id='line_1_44' title="bbox 219 4114 1887 4187; baseline 0 -18"><span class='ocrx_word' id='word_1_326' title='bbox 219 4114 497 4187; x_wconf 78' lang='lat' dir='ltr'>loquendi</span> <span class='ocrx_word' id='word_1_327' title='bbox 532 4123 583 4170; x_wconf 86' lang='lat' dir='ltr'>et</span> <span class='ocrx_word' id='word_1_328' title='bbox 626 4120 838 4186; x_wconf 77' lang='lat' dir='ltr'>tempus</span> <span class='ocrx_word' id='word_1_329' title='bbox 868 4114 1085 4169; x_wconf 85' lang='lat' dir='ltr'>tacendi</span> <span class='ocrx_word' id='word_1_330' title='bbox 1116 4115 1307 4182; x_wconf 88' lang='lat' dir='ltr'>(Eccle.</span> <span class='ocrx_word' id='word_1_331' title='bbox 1343 4115 1447 4183; x_wconf 81' lang='lat' dir='ltr'>In).</span> <span class='ocrx_word' id='word_1_332' title='bbox 1487 4116 1545 4167; x_wconf 88' lang='lat' dir='ltr'>Et</span> <span class='ocrx_word' id='word_1_333' title='bbox 1595 4131 1887 4169; x_wconf 85' lang='lat' dir='ltr'>numerum</span> 
     </span>
    </p>
   </div>
   <div class='ocr_carea' id='block_1_45' title="bbox 216 4202 1886 4275">
    <p class='ocr_par' dir='ltr' id='par_1_45' title="bbox 216 4202 1886 4275">
     <span class='ocr_line' id='line_1_45' title="bbox 216 4202 1886 4275; baseline -0.001 -16"><span class='ocrx_word' id='word_1_334' title='bbox 216 4206 455 4262; x_wconf 83' lang='lat' dir='ltr'>dierum</span> <span class='ocrx_word' id='word_1_335' title='bbox 476 4220 726 4259; x_wconf 89' lang='lat' dir='ltr'>meorum</span> <span class='ocrx_word' id='word_1_336' title='bbox 748 4205 868 4275; x_wconf 85' lang='lat' dir='ltr'>quis</span> <span class='ocrx_word' id='word_1_337' title='bbox 899 4203 1061 4267; x_wconf 84' lang='lat' dir='ltr'>est,id</span> <span class='ocrx_word' id='word_1_338' title='bbox 1094 4208 1200 4270; x_wconf 92' lang='lat' dir='ltr'>est,</span> <span class='ocrx_word' id='word_1_339' title='bbox 1229 4203 1469 4257; x_wconf 88' lang='lat' dir='ltr'>ostende</span> <span class='ocrx_word' id='word_1_340' title='bbox 1502 4202 1643 4255; x_wconf 88' lang='lat' dir='ltr'>mihi</span> <span class='ocrx_word' id='word_1_341' title='bbox 1669 4220 1780 4256; x_wconf 91' lang='lat' dir='ltr'>non</span> <span class='ocrx_word' id='word_1_342' title='bbox 1815 4204 1886 4257; x_wconf 90' lang='lat' dir='ltr'>ad</span> 
     </span>
    </p>
   </div>
   <div class='ocr_carea' id='block_1_46' title="bbox 220 4289 1889 4363">
    <p class='ocr_par' dir='ltr' id='par_1_46' title="bbox 220 4289 1889 4363">
     <span class='ocr_line' id='line_1_46' title="bbox 220 4289 1889 4363; baseline -0.002 -13"><span class='ocrx_word' id='word_1_343' title='bbox 220 4293 569 4359; x_wconf 81' lang='lat' dir='ltr'>scientiam,</span> <span class='ocrx_word' id='word_1_344' title='bbox 603 4293 703 4348; x_wconf 90' lang='lat' dir='ltr'>sed</span> <span class='ocrx_word' id='word_1_345' title='bbox 735 4293 805 4347; x_wconf 91' lang='lat' dir='ltr'>ad</span> <span class='ocrx_word' id='word_1_346' title='bbox 852 4291 1291 4363; x_wconf 80' lang='lat' dir='ltr'>experientiam,</span> <span class='ocrx_word' id='word_1_347' title='bbox 1324 4290 1733 4346; x_wconf 89' lang='lat' dir='ltr'>certitudinem</span> <span class='ocrx_word' id='word_1_348' title='bbox 1767 4289 1889 4346; x_wconf 90' lang='lat' dir='ltr'>illo-</span> 
     </span>
    </p>
   </div>
   <div class='ocr_carea' id='block_1_47' title="bbox 216 4379 1887 4450">
    <p class='ocr_par' dir='ltr' id='par_1_47' title="bbox 216 4379 1887 4450">
     <span class='ocr_line' id='line_1_47' title="bbox 216 4379 1887 4450; baseline -0.003 -12"><span class='ocrx_word' id='word_1_349' title='bbox 216 4401 360 4440; x_wconf 85' lang='lat' dir='ltr'>rum</span> <span class='ocrx_word' id='word_1_350' title='bbox 402 4383 653 4447; x_wconf 88' lang='lat' dir='ltr'>dierum,</span> <span class='ocrx_word' id='word_1_351' title='bbox 677 4382 735 4436; x_wconf 88' lang='lat' dir='ltr'>id</span> <span class='ocrx_word' id='word_1_352' title='bbox 768 4386 874 4439; x_wconf 89' lang='lat' dir='ltr'>est.</span> <span class='ocrx_word' id='word_1_353' title='bbox 900 4381 1059 4436; x_wconf 89' lang='lat' dir='ltr'>illius</span> <span class='ocrx_word' id='word_1_354' title='bbox 1090 4379 1428 4435; x_wconf 69' lang='lat' dir='ltr'>aeternitatis</span> <span class='ocrx_word' id='word_1_355' title='bbox 1449 4396 1576 4450; x_wconf 63' lang='lat' dir='ltr'>qua:</span> <span class='ocrx_word' id='word_1_356' title='bbox 1600 4384 1687 4434; x_wconf 88' lang='lat' dir='ltr'>est</span> <span class='ocrx_word' id='word_1_357' title='bbox 1708 4379 1764 4433; x_wconf 93' lang='lat' dir='ltr'>in</span> <span class='ocrx_word' id='word_1_358' title='bbox 1790 4380 1887 4433; x_wconf 89' lang='lat' dir='ltr'>illo</span> 
     </span>
    </p>
   </div>
   <div class='ocr_carea' id='block_1_48' title="bbox 216 4467 1888 4543">
    <p class='ocr_par' dir='ltr' id='par_1_48' title="bbox 216 4467 1888 4543">
     <span class='ocr_line' id='line_1_48' title="bbox 216 4467 1888 4543; baseline -0.003 -16"><span class='ocrx_word' id='word_1_359' title='bbox 216 4472 337 4529; x_wconf 82' lang='lat' dir='ltr'>ﬁne</span> <span class='ocrx_word' id='word_1_360' title='bbox 374 4471 481 4543; x_wconf 91' lang='lat' dir='ltr'>qui</span> <span class='ocrx_word' id='word_1_361' title='bbox 512 4488 796 4526; x_wconf 89' lang='lat' dir='ltr'>numerus</span> <span class='ocrx_word' id='word_1_362' title='bbox 828 4476 938 4539; x_wconf 90' lang='lat' dir='ltr'>est,</span> <span class='ocrx_word' id='word_1_363' title='bbox 971 4470 1107 4542; x_wconf 86' lang='lat' dir='ltr'>quia</span> <span class='ocrx_word' id='word_1_364' title='bbox 1138 4474 1226 4525; x_wconf 88' lang='lat' dir='ltr'>est</span> <span class='ocrx_word' id='word_1_365' title='bbox 1260 4468 1491 4523; x_wconf 90' lang='lat' dir='ltr'>illorum</span> <span class='ocrx_word' id='word_1_366' title='bbox 1525 4467 1754 4523; x_wconf 88' lang='lat' dir='ltr'>dierum</span> <span class='ocrx_word' id='word_1_367' title='bbox 1788 4468 1888 4539; x_wconf 89' lang='lat' dir='ltr'>qui</span> 
     </span>
    </p>
   </div>
   <div class='ocr_carea' id='block_1_49' title="bbox 214 4556 1889 4631">
    <p class='ocr_par' dir='ltr' id='par_1_49' title="bbox 214 4556 1889 4631">
     <span class='ocr_line' id='line_1_49' title="bbox 214 4556 1889 4631; baseline -0.002 -16"><span class='ocrx_word' id='word_1_368' title='bbox 214 4579 341 4618; x_wconf 88' lang='lat' dir='ltr'>non</span> <span class='ocrx_word' id='word_1_369' title='bbox 428 4565 692 4631; x_wconf 89' lang='lat' dir='ltr'>pereunt,</span> <span class='ocrx_word' id='word_1_370' title='bbox 753 4578 870 4615; x_wconf 89' lang='lat' dir='ltr'>non</span> <span class='ocrx_word' id='word_1_371' title='bbox 949 4560 1143 4613; x_wconf 87' lang='lat' dir='ltr'>fluunt</span> <span class='ocrx_word' id='word_1_372' title='bbox 1215 4562 1475 4629; x_wconf 88' lang='lat' dir='ltr'>tempora</span> <span class='ocrx_word' id='word_1_373' title='bbox 1536 4573 1547 4610; x_wconf 92' lang='lat'>:</span> <span class='ocrx_word' id='word_1_374' title='bbox 1613 4556 1741 4627; x_wconf 82' lang='lat' dir='ltr'>luit,</span> <span class='ocrx_word' id='word_1_375' title='bbox 1801 4556 1889 4611; x_wconf 92' lang='lat' dir='ltr'>vel</span> 
     </span>
    </p>
   </div>
   <div class='ocr_carea' id='block_1_50' title="bbox 1979 616 3625 689">
    <p class='ocr_par' dir='ltr' id='par_1_50' title="bbox 1979 616 3625 689">
     <span class='ocr_line' id='line_1_50' title="bbox 1979 616 3625 689; baseline 0.002 -17"><span class='ocrx_word' id='word_1_376' title='bbox 1979 633 2168 672; x_wconf 87' lang='lat' dir='ltr'>meam</span> <span class='ocrx_word' id='word_1_377' title='bbox 2201 616 2268 670; x_wconf 90' lang='lat' dir='ltr'>ad</span> <span class='ocrx_word' id='word_1_378' title='bbox 2322 616 2477 671; x_wconf 90' lang='lat' dir='ltr'>hunc</span> <span class='ocrx_word' id='word_1_379' title='bbox 2527 617 2711 689; x_wconf 85' lang='lat' dir='ltr'>dirige</span> <span class='ocrx_word' id='word_1_380' title='bbox 2744 634 2756 671; x_wconf 90' lang='lat'><strong>:</strong></span> <span class='ocrx_word' id='word_1_381' title='bbox 2792 619 3226 689; x_wconf 89' lang='lat' dir='ltr'>comparatione</span> <span class='ocrx_word' id='word_1_382' title='bbox 3279 620 3432 675; x_wconf 90' lang='lat' dir='ltr'>enim</span> <span class='ocrx_word' id='word_1_383' title='bbox 3466 620 3625 676; x_wconf 91' lang='lat' dir='ltr'>illius</span> 
     </span>
    </p>
   </div>
   <div class='ocr_carea' id='block_1_51' title="bbox 1980 706 3623 782">
    <p class='ocr_par' dir='ltr' id='par_1_51' title="bbox 1980 706 3623 782">
     <span class='ocr_line' id='line_1_51' title="bbox 1980 706 3623 782; baseline 0.004 -22"><span class='ocrx_word' id='word_1_384' title='bbox 1980 706 2132 777; x_wconf 89' lang='lat' dir='ltr'>quod</span> <span class='ocrx_word' id='word_1_385' title='bbox 2164 710 2269 771; x_wconf 87' lang='lat' dir='ltr'>est,</span> <span class='ocrx_word' id='word_1_386' title='bbox 2306 706 2612 760; x_wconf 84' lang='lat' dir='ltr'>attendens</span> <span class='ocrx_word' id='word_1_387' title='bbox 2644 706 2755 760; x_wconf 88' lang='lat' dir='ltr'>ista</span> <span class='ocrx_word' id='word_1_388' title='bbox 2786 724 2911 778; x_wconf 68' lang='lat' dir='ltr'>qua:</span> <span class='ocrx_word' id='word_1_389' title='bbox 2944 724 3058 762; x_wconf 90' lang='lat' dir='ltr'>non</span> <span class='ocrx_word' id='word_1_390' title='bbox 3094 708 3172 764; x_wconf 89' lang='lat' dir='ltr'>ita</span> <span class='ocrx_word' id='word_1_391' title='bbox 3203 714 3359 773; x_wconf 86' lang='lat' dir='ltr'>sunt,</span> <span class='ocrx_word' id='word_1_392' title='bbox 3392 714 3448 766; x_wconf 89' lang='lat' dir='ltr'>et</span> <span class='ocrx_word' id='word_1_393' title='bbox 3492 711 3623 782; x_wconf 87' lang='lat' dir='ltr'>plus</span> 
     </span>
    </p>
   </div>
   <div class='ocr_carea' id='block_1_52' title="bbox 1980 794 3627 865">
    <p class='ocr_par' dir='ltr' id='par_1_52' title="bbox 1980 794 3627 865">
     <span class='ocr_line' id='line_1_52' title="bbox 1980 794 3627 865; baseline 0.004 -15"><span class='ocrx_word' id='word_1_394' title='bbox 1980 796 2183 850; x_wconf 89' lang='lat' dir='ltr'>videns</span> <span class='ocrx_word' id='word_1_395' title='bbox 2215 794 2356 849; x_wconf 89' lang='lat' dir='ltr'>mihi</span> <span class='ocrx_word' id='word_1_396' title='bbox 2381 795 2583 849; x_wconf 87' lang='lat' dir='ltr'>deesse</span> <span class='ocrx_word' id='word_1_397' title='bbox 2603 812 2778 865; x_wconf 90' lang='lat' dir='ltr'>quam</span> <span class='ocrx_word' id='word_1_398' title='bbox 2802 798 3027 864; x_wconf 89' lang='lat' dir='ltr'>adesse,</span> <span class='ocrx_word' id='word_1_399' title='bbox 3048 815 3144 854; x_wconf 93' lang='lat' dir='ltr'>ero</span> <span class='ocrx_word' id='word_1_400' title='bbox 3164 799 3443 855; x_wconf 88' lang='lat' dir='ltr'>humilior</span> <span class='ocrx_word' id='word_1_401' title='bbox 3471 817 3539 856; x_wconf 83' lang='lat' dir='ltr'>ex</span> <span class='ocrx_word' id='word_1_402' title='bbox 3561 818 3627 857; x_wconf 93' lang='lat' dir='ltr'>eo</span> 
     </span>
    </p>
   </div>
   <div class='ocr_carea' id='block_1_53' title="bbox 1982 883 3625 959">
    <p class='ocr_par' dir='ltr' id='par_1_53' title="bbox 1982 883 3625 959">
     <span class='ocr_line' id='line_1_53' title="bbox 1982 883 3625 959; baseline 0.004 -20"><span class='ocrx_word' id='word_1_403' title='bbox 1982 886 2135 957; x_wconf 92' lang='lat' dir='ltr'>quod</span> <span class='ocrx_word' id='word_1_404' title='bbox 2168 886 2347 950; x_wconf 88' lang='lat' dir='ltr'>deest,</span> <span class='ocrx_word' id='word_1_405' title='bbox 2388 900 2564 954; x_wconf 89' lang='lat' dir='ltr'>quam</span> <span class='ocrx_word' id='word_1_406' title='bbox 2613 883 2818 939; x_wconf 82' lang='lat' dir='ltr'>elatior</span> <span class='ocrx_word' id='word_1_407' title='bbox 2849 902 2917 939; x_wconf 76' lang='lat' dir='ltr'>ex</span> <span class='ocrx_word' id='word_1_408' title='bbox 2947 904 3011 941; x_wconf 92' lang='lat' dir='ltr'>eo</span> <span class='ocrx_word' id='word_1_409' title='bbox 3044 889 3197 959; x_wconf 91' lang='lat' dir='ltr'>quod</span> <span class='ocrx_word' id='word_1_410' title='bbox 3231 890 3414 945; x_wconf 89' lang='lat' dir='ltr'>adest.</span> <span class='ocrx_word' id='word_1_411' title='bbox 3449 891 3625 955; x_wconf 85' lang='lat' dir='ltr'>Quasi</span> 
     </span>
    </p>
   </div>
   <div class='ocr_carea' id='block_1_54' title="bbox 1982 974 3629 1048">
    <p class='ocr_par' dir='ltr' id='par_1_54' title="bbox 1982 974 3629 1048">
     <span class='ocr_line' id='line_1_54' title="bbox 1982 974 3629 1048; baseline 0.004 -18"><span class='ocrx_word' id='word_1_412' title='bbox 1982 975 2137 1030; x_wconf 89' lang='lat' dir='ltr'>dicat</span> <span class='ocrx_word' id='word_1_413' title='bbox 2168 991 2180 1029; x_wconf 90' lang='lat'><strong>:</strong></span> <span class='ocrx_word' id='word_1_414' title='bbox 2217 975 2283 1028; x_wconf 88' lang='lat' dir='ltr'>Et</span> <span class='ocrx_word' id='word_1_415' title='bbox 2312 990 2507 1028; x_wconf 87' lang='lat' dir='ltr'>revera</span> <span class='ocrx_word' id='word_1_416' title='bbox 2537 974 2697 1027; x_wconf 88' lang='lat' dir='ltr'>deest</span> <span class='ocrx_word' id='word_1_417' title='bbox 2749 975 2890 1028; x_wconf 90' lang='lat' dir='ltr'>mihi</span> <span class='ocrx_word' id='word_1_418' title='bbox 2925 978 2994 1029; x_wconf 88' lang='lat' dir='ltr'>ad</span> <span class='ocrx_word' id='word_1_419' title='bbox 3031 978 3463 1048; x_wconf 83' lang='lat' dir='ltr'>perfectionem.</span> <span class='ocrx_word' id='word_1_420' title='bbox 3496 982 3629 1037; x_wconf 85' lang='lat' dir='ltr'>Ecce</span> 
     </span>
    </p>
   </div>
   <div class='ocr_carea' id='block_1_55' title="bbox 1981 1062 3632 1133">
    <p class='ocr_par' dir='ltr' id='par_1_55' title="bbox 1981 1062 3632 1133">
     <span class='ocr_line' id='line_1_55' title="bbox 1981 1062 3632 1133; baseline 0.005 -15"><span class='ocrx_word' id='word_1_421' title='bbox 1981 1064 2379 1125; x_wconf 76' lang='lat' dir='ltr'>mensurabilcs</span> <span class='ocrx_word' id='word_1_422' title='bbox 2425 1062 2657 1133; x_wconf 69' lang='lat' dir='ltr'>posuisti</span> <span class='ocrx_word' id='word_1_423' title='bbox 2697 1063 2810 1118; x_wconf 80' lang='lat' dir='ltr'>dies</span> <span class='ocrx_word' id='word_1_424' title='bbox 2859 1080 3022 1129; x_wconf 84' lang='lat' dir='ltr'>meos,</span> <span class='ocrx_word' id='word_1_425' title='bbox 3074 1065 3129 1119; x_wconf 87' lang='lat' dir='ltr'>id</span> <span class='ocrx_word' id='word_1_426' title='bbox 3190 1071 3278 1121; x_wconf 85' lang='lat' dir='ltr'>est</span> <span class='ocrx_word' id='word_1_427' title='bbox 3326 1068 3528 1124; x_wconf 91' lang='lat' dir='ltr'>breves</span> <span class='ocrx_word' id='word_1_428' title='bbox 3575 1075 3632 1126; x_wconf 87' lang='lat' dir='ltr'>et</span> 
     </span>
    </p>
   </div>
   <div class='ocr_carea' id='block_1_56' title="bbox 1982 1153 3635 1228">
    <p class='ocr_par' dir='ltr' id='par_1_56' title="bbox 1982 1153 3635 1228">
     <span class='ocr_line' id='line_1_56' title="bbox 1982 1153 3635 1228; baseline 0.005 -21"><span class='ocrx_word' id='word_1_429' title='bbox 1982 1153 2095 1208; x_wconf 88' lang='lat' dir='ltr'>cito</span> <span class='ocrx_word' id='word_1_430' title='bbox 2126 1156 2521 1207; x_wconf 82' lang='lat' dir='ltr'>transeuntes.</span> <span class='ocrx_word' id='word_1_431' title='bbox 2556 1154 2685 1205; x_wconf 86' lang='lat' dir='ltr'>Dies</span> <span class='ocrx_word' id='word_1_432' title='bbox 2731 1168 2894 1217; x_wconf 86' lang='lat' dir='ltr'>meos,</span> <span class='ocrx_word' id='word_1_433' title='bbox 2931 1154 2985 1207; x_wconf 91' lang='lat' dir='ltr'>id</span> <span class='ocrx_word' id='word_1_434' title='bbox 3017 1158 3122 1220; x_wconf 89' lang='lat' dir='ltr'>est,</span> <span class='ocrx_word' id='word_1_435' title='bbox 3159 1172 3306 1225; x_wconf 89' lang='lat' dir='ltr'>quos</span> <span class='ocrx_word' id='word_1_436' title='bbox 3351 1173 3457 1228; x_wconf 87' lang='lat' dir='ltr'>ego</span> <span class='ocrx_word' id='word_1_437' title='bbox 3505 1176 3635 1215; x_wconf 90' lang='lat' dir='ltr'>mea</span> 
     </span>
    </p>
   </div>
   <div class='ocr_carea' id='block_1_57' title="bbox 1980 1240 3631 1313">
    <p class='ocr_par' dir='ltr' id='par_1_57' title="bbox 1980 1240 3631 1313">
     <span class='ocr_line' id='line_1_57' title="bbox 1980 1240 3631 1313; baseline 0.004 -16"><span class='ocrx_word' id='word_1_438' title='bbox 1980 1242 2153 1313; x_wconf 87' lang='lat' dir='ltr'>culpa</span> <span class='ocrx_word' id='word_1_439' title='bbox 2186 1240 2775 1295; x_wconf 86' lang='lat' dir='ltr'>mihimensurabiles</span> <span class='ocrx_word' id='word_1_440' title='bbox 2806 1241 2908 1296; x_wconf 82' lang='lat' dir='ltr'>feci</span> <span class='ocrx_word' id='word_1_441' title='bbox 2933 1258 3099 1296; x_wconf 81' lang='lat' dir='ltr'>zeum</span> <span class='ocrx_word' id='word_1_442' title='bbox 3138 1250 3335 1299; x_wconf 87' lang='lat' dir='ltr'>essent</span> <span class='ocrx_word' id='word_1_443' title='bbox 3374 1263 3407 1300; x_wconf 89' lang='lat' dir='ltr'>a</span> <span class='ocrx_word' id='word_1_444' title='bbox 3437 1253 3491 1302; x_wconf 88' lang='lat' dir='ltr'>te</span> <span class='ocrx_word' id='word_1_445' title='bbox 3509 1248 3631 1304; x_wconf 87' lang='lat' dir='ltr'>dati</span> 
     </span>
    </p>
   </div>
   <div class='ocr_carea' id='block_1_58' title="bbox 1980 1329 3627 1391">
    <p class='ocr_par' dir='ltr' id='par_1_58' title="bbox 1980 1329 3627 1391">
     <span class='ocr_line' id='line_1_58' title="bbox 1980 1329 3627 1391; baseline 0.003 -5"><span class='ocrx_word' id='word_1_446' title='bbox 1980 1331 2105 1386; x_wconf 87' lang='lat' dir='ltr'>sine</span> <span class='ocrx_word' id='word_1_447' title='bbox 2139 1348 2431 1385; x_wconf 88' lang='lat' dir='ltr'>mensura.</span> <span class='ocrx_word' id='word_1_448' title='bbox 2456 1332 2517 1383; x_wconf 87' lang='lat' dir='ltr'>Et</span> <span class='ocrx_word' id='word_1_449' title='bbox 2549 1348 2663 1385; x_wconf 92' lang='lat' dir='ltr'>non</span> <span class='ocrx_word' id='word_1_450' title='bbox 2682 1329 2871 1385; x_wconf 85' lang='lat' dir='ltr'>solum</span> <span class='ocrx_word' id='word_1_451' title='bbox 2895 1330 3018 1385; x_wconf 88' lang='lat' dir='ltr'>dies</span> <span class='ocrx_word' id='word_1_452' title='bbox 3043 1334 3471 1390; x_wconf 84' lang='lat' dir='ltr'>mensurabiles</span> <span class='ocrx_word' id='word_1_453' title='bbox 3495 1337 3627 1391; x_wconf 83' lang='lat' dir='ltr'>facti</span> 
     </span>
    </p>
   </div>
   <div class='ocr_carea' id='block_1_59' title="bbox 1984 1420 3627 1496">
    <p class='ocr_par' dir='ltr' id='par_1_59' title="bbox 1984 1420 3627 1496">
     <span class='ocr_line' id='line_1_59' title="bbox 1984 1420 3627 1496; baseline 0.004 -20"><span class='ocrx_word' id='word_1_454' title='bbox 1984 1426 2141 1490; x_wconf 90' lang='lat' dir='ltr'>sunt,</span> <span class='ocrx_word' id='word_1_455' title='bbox 2177 1420 2275 1474; x_wconf 90' lang='lat' dir='ltr'>sed</span> <span class='ocrx_word' id='word_1_456' title='bbox 2303 1420 2607 1473; x_wconf 80' lang='lat' dir='ltr'>substantia</span> <span class='ocrx_word' id='word_1_457' title='bbox 2654 1436 2795 1489; x_wconf 83' lang='lat' dir='ltr'>mea,</span> <span class='ocrx_word' id='word_1_458' title='bbox 2832 1437 3007 1491; x_wconf 90' lang='lat' dir='ltr'>quam</span> <span class='ocrx_word' id='word_1_459' title='bbox 3060 1420 3153 1474; x_wconf 91' lang='lat' dir='ltr'>hic</span> <span class='ocrx_word' id='word_1_460' title='bbox 3203 1422 3409 1493; x_wconf 89' lang='lat' dir='ltr'>habeo,</span> <span class='ocrx_word' id='word_1_461' title='bbox 3453 1442 3627 1496; x_wconf 90' lang='lat' dir='ltr'>quam</span> 
     </span>
    </p>
   </div>
   <div class='ocr_carea' id='block_1_60' title="bbox 1983 1507 3630 1581">
    <p class='ocr_par' dir='ltr' id='par_1_60' title="bbox 1983 1507 3630 1581">
     <span class='ocr_line' id='line_1_60' title="bbox 1983 1507 3630 1581; baseline 0.004 -18"><span class='ocrx_word' id='word_1_462' title='bbox 1983 1508 2125 1563; x_wconf 88' lang='lat' dir='ltr'>mihi</span> <span class='ocrx_word' id='word_1_463' title='bbox 2158 1525 2225 1563; x_wconf 86' lang='lat' dir='ltr'>ex</span> <span class='ocrx_word' id='word_1_464' title='bbox 2258 1507 2438 1562; x_wconf 84' lang='lat' dir='ltr'>nihilo</span> <span class='ocrx_word' id='word_1_465' title='bbox 2470 1507 2700 1575; x_wconf 90' lang='lat' dir='ltr'>dedisti,</span> <span class='ocrx_word' id='word_1_466' title='bbox 2725 1513 2985 1581; x_wconf 80' lang='lat' dir='ltr'>tanquam</span> <span class='ocrx_word' id='word_1_467' title='bbox 3018 1509 3257 1564; x_wconf 82' lang='lat' dir='ltr'>nihilum</span> <span class='ocrx_word' id='word_1_468' title='bbox 3288 1519 3376 1566; x_wconf 89' lang='lat' dir='ltr'>est</span> <span class='ocrx_word' id='word_1_469' title='bbox 3407 1518 3532 1568; x_wconf 87' lang='lat' dir='ltr'>ante</span> <span class='ocrx_word' id='word_1_470' title='bbox 3561 1523 3630 1581; x_wconf 87' lang='lat' dir='ltr'>te,</span> 
     </span>
    </p>
   </div>
   <div class='ocr_carea' id='block_1_61' title="bbox 1983 1597 3633 1668">
    <p class='ocr_par' dir='ltr' id='par_1_61' title="bbox 1983 1597 3633 1668">
     <span class='ocr_line' id='line_1_61' title="bbox 1983 1597 3633 1668; baseline 0.004 -17"><span class='ocrx_word' id='word_1_471' title='bbox 1983 1598 2039 1651; x_wconf 91' lang='lat' dir='ltr'>id</span> <span class='ocrx_word' id='word_1_472' title='bbox 2074 1602 2180 1661; x_wconf 87' lang='lat' dir='ltr'>est,</span> <span class='ocrx_word' id='word_1_473' title='bbox 2207 1598 2274 1651; x_wconf 88' lang='lat' dir='ltr'>ad</span> <span class='ocrx_word' id='word_1_474' title='bbox 2303 1597 2794 1668; x_wconf 88' lang='lat' dir='ltr'>comparationem</span> <span class='ocrx_word' id='word_1_475' title='bbox 2828 1598 2986 1651; x_wconf 75' lang='lat' dir='ltr'>illius</span> <span class='ocrx_word' id='word_1_476' title='bbox 3018 1599 3363 1655; x_wconf 70' lang='lat' dir='ltr'>substantiae</span> <span class='ocrx_word' id='word_1_477' title='bbox 3395 1606 3451 1656; x_wconf 89' lang='lat' dir='ltr'>et</span> <span class='ocrx_word' id='word_1_478' title='bbox 3473 1602 3633 1659; x_wconf 89' lang='lat' dir='ltr'>illius</span> 
     </span>
    </p>
   </div>
   <div class='ocr_carea' id='block_1_62' title="bbox 1982 1684 3629 1760">
    <p class='ocr_par' dir='ltr' id='par_1_62' title="bbox 1982 1684 3629 1760">
     <span class='ocr_line' id='line_1_62' title="bbox 1982 1684 3629 1760; baseline 0.004 -19"><span class='ocrx_word' id='word_1_479' title='bbox 1982 1684 2372 1751; x_wconf 78' lang='lat' dir='ltr'>claritudinis,</span> <span class='ocrx_word' id='word_1_480' title='bbox 2392 1702 2565 1757; x_wconf 90' lang='lat' dir='ltr'>quam</span> <span class='ocrx_word' id='word_1_481' title='bbox 2601 1687 2910 1741; x_wconf 89' lang='lat' dir='ltr'>habiturus</span> <span class='ocrx_word' id='word_1_482' title='bbox 2931 1704 3061 1742; x_wconf 89' lang='lat' dir='ltr'>sum</span> <span class='ocrx_word' id='word_1_483' title='bbox 3085 1688 3144 1743; x_wconf 91' lang='lat' dir='ltr'>in</span> <span class='ocrx_word' id='word_1_484' title='bbox 3176 1692 3487 1760; x_wconf 61' lang='lat' dir='ltr'>prmsentia</span> <span class='ocrx_word' id='word_1_485' title='bbox 3507 1696 3629 1748; x_wconf 91' lang='lat' dir='ltr'>tua.</span> 
     </span>
    </p>
   </div>
   <div class='ocr_carea' id='block_1_63' title="bbox 1988 1786 3634 1856">
    <p class='ocr_par' dir='ltr' id='par_1_63' title="bbox 1988 1786 3634 1856">
     <span class='ocr_line' id='line_1_63' title="bbox 1988 1786 3634 1856; baseline 0.004 -16"><span class='ocrx_word' id='word_1_486' title='bbox 1988 1787 2370 1840; x_wconf 82' lang='lat' dir='ltr'>Verumtamen</span> <span class='ocrx_word' id='word_1_487' title='bbox 2402 1786 2663 1839; x_wconf 79' lang='lat' dir='ltr'>universa</span> <span class='ocrx_word' id='word_1_488' title='bbox 2698 1789 2909 1841; x_wconf 83' lang='lat' dir='ltr'>vanitas</span> <span class='ocrx_word' id='word_1_489' title='bbox 2939 1789 3117 1841; x_wconf 90' lang='lat' dir='ltr'>omnis</span> <span class='ocrx_word' id='word_1_490' title='bbox 3149 1787 3303 1843; x_wconf 84' lang='lat' dir='ltr'>homo</span> <span class='ocrx_word' id='word_1_491' title='bbox 3334 1793 3540 1856; x_wconf 81' lang='lat' dir='ltr'>vivens,</span> <span class='ocrx_word' id='word_1_492' title='bbox 3577 1792 3634 1846; x_wconf 91' lang='lat' dir='ltr'>id</span> 
     </span>
    </p>
   </div>
   <div class='ocr_carea' id='block_1_64' title="bbox 1982 1872 3634 1945">
    <p class='ocr_par' dir='ltr' id='par_1_64' title="bbox 1982 1872 3634 1945">
     <span class='ocr_line' id='line_1_64' title="bbox 1982 1872 3634 1945; baseline 0.005 -17"><span class='ocrx_word' id='word_1_493' title='bbox 1982 1879 2091 1937; x_wconf 87' lang='lat' dir='ltr'>est,</span> <span class='ocrx_word' id='word_1_494' title='bbox 2129 1872 2397 1945; x_wconf 88' lang='lat' dir='ltr'>quamvis</span> <span class='ocrx_word' id='word_1_495' title='bbox 2419 1873 2577 1927; x_wconf 71' lang='lat' dir='ltr'>&#39;nihil</span> <span class='ocrx_word' id='word_1_496' title='bbox 2613 1875 2707 1944; x_wconf 90' lang='lat' dir='ltr'>sit,</span> <span class='ocrx_word' id='word_1_497' title='bbox 2744 1882 2936 1930; x_wconf 85' lang='lat' dir='ltr'>tamen</span> <span class='ocrx_word' id='word_1_498' title='bbox 2970 1876 3150 1931; x_wconf 89' lang='lat' dir='ltr'>miser</span> <span class='ocrx_word' id='word_1_499' title='bbox 3180 1876 3353 1932; x_wconf 91' lang='lat' dir='ltr'>homo</span> <span class='ocrx_word' id='word_1_500' title='bbox 3381 1878 3489 1935; x_wconf 92' lang='lat' dir='ltr'>hoc</span> <span class='ocrx_word' id='word_1_501' title='bbox 3519 1898 3634 1936; x_wconf 91' lang='lat' dir='ltr'>non</span> 
     </span>
    </p>
   </div>
   <div class='ocr_carea' id='block_1_65' title="bbox 1984 1962 3633 2034">
    <p class='ocr_par' dir='ltr' id='par_1_65' title="bbox 1984 1962 3633 2034">
     <span class='ocr_line' id='line_1_65' title="bbox 1984 1962 3633 2034; baseline 0.005 -18"><span class='ocrx_word' id='word_1_502' title='bbox 1984 1962 2252 2016; x_wconf 84' lang='lat' dir='ltr'>attendit.</span> <span class='ocrx_word' id='word_1_503' title='bbox 2289 1962 2475 2017; x_wconf 85' lang='lat' dir='ltr'>Omnis</span> <span class='ocrx_word' id='word_1_504' title='bbox 2522 1962 2677 2017; x_wconf 83' lang='lat' dir='ltr'>homo</span> <span class='ocrx_word' id='word_1_505' title='bbox 2729 1965 2934 2034; x_wconf 82' lang='lat' dir='ltr'>vivens,</span> <span class='ocrx_word' id='word_1_506' title='bbox 2970 1964 3025 2018; x_wconf 92' lang='lat' dir='ltr'>id</span> <span class='ocrx_word' id='word_1_507' title='bbox 3074 1970 3183 2033; x_wconf 92' lang='lat' dir='ltr'>est,</span> <span class='ocrx_word' id='word_1_508' title='bbox 3216 1968 3409 2023; x_wconf 89' lang='lat' dir='ltr'>omnis</span> <span class='ocrx_word' id='word_1_509' title='bbox 3458 1968 3633 2024; x_wconf 88' lang='lat' dir='ltr'>homo</span> 
     </span>
    </p>
   </div>
   <div class='ocr_carea' id='block_1_66' title="bbox 1982 2051 3632 2127">
    <p class='ocr_par' dir='ltr' id='par_1_66' title="bbox 1982 2051 3632 2127">
     <span class='ocr_line' id='line_1_66' title="bbox 1982 2051 3632 2127; baseline 0.005 -21"><span class='ocrx_word' id='word_1_510' title='bbox 1982 2051 2178 2106; x_wconf 90' lang='lat' dir='ltr'>vivens</span> <span class='ocrx_word' id='word_1_511' title='bbox 2201 2053 2523 2106; x_wconf 91' lang='lat' dir='ltr'>secundum</span> <span class='ocrx_word' id='word_1_512' title='bbox 2548 2052 2868 2119; x_wconf 80' lang='lat' dir='ltr'>hominem,</span> <span class='ocrx_word' id='word_1_513' title='bbox 2886 2053 2943 2107; x_wconf 92' lang='lat' dir='ltr'>id</span> <span class='ocrx_word' id='word_1_514' title='bbox 2975 2058 3081 2121; x_wconf 89' lang='lat' dir='ltr'>est,</span> <span class='ocrx_word' id='word_1_515' title='bbox 3105 2054 3165 2109; x_wconf 89' lang='lat' dir='ltr'>in</span> <span class='ocrx_word' id='word_1_516' title='bbox 3189 2073 3253 2110; x_wconf 91' lang='lat' dir='ltr'>eo</span> <span class='ocrx_word' id='word_1_517' title='bbox 3278 2057 3434 2127; x_wconf 90' lang='lat' dir='ltr'>quod</span> <span class='ocrx_word' id='word_1_518' title='bbox 3459 2058 3632 2114; x_wconf 89' lang='lat' dir='ltr'>homo</span> 
     </span>
    </p>
   </div>
   <div class='ocr_carea' id='block_1_67' title="bbox 1984 2141 3635 2214">
    <p class='ocr_par' dir='ltr' id='par_1_67' title="bbox 1984 2141 3635 2214">
     <span class='ocr_line' id='line_1_67' title="bbox 1984 2141 3635 2214; baseline 0.003 -17"><span class='ocrx_word' id='word_1_519' title='bbox 1984 2145 2092 2205; x_wconf 86' lang='lat' dir='ltr'>est,</span> <span class='ocrx_word' id='word_1_520' title='bbox 2126 2158 2242 2195; x_wconf 91' lang='lat' dir='ltr'>non</span> <span class='ocrx_word' id='word_1_521' title='bbox 2277 2141 2333 2195; x_wconf 93' lang='lat' dir='ltr'>in</span> <span class='ocrx_word' id='word_1_522' title='bbox 2366 2158 2432 2197; x_wconf 74' lang='lat' dir='ltr'>ea</span> <span class='ocrx_word' id='word_1_523' title='bbox 2464 2142 2617 2213; x_wconf 90' lang='lat' dir='ltr'>quod</span> <span class='ocrx_word' id='word_1_524' title='bbox 2651 2142 2842 2213; x_wconf 85' lang='lat' dir='ltr'>imago</span> <span class='ocrx_word' id='word_1_525' title='bbox 2868 2143 2965 2196; x_wconf 89' lang='lat' dir='ltr'>Dei</span> <span class='ocrx_word' id='word_1_526' title='bbox 2996 2148 3104 2214; x_wconf 87' lang='lat' dir='ltr'>est,</span> <span class='ocrx_word' id='word_1_527' title='bbox 3132 2149 3222 2199; x_wconf 88' lang='lat' dir='ltr'>est</span> <span class='ocrx_word' id='word_1_528' title='bbox 3250 2146 3510 2201; x_wconf 84' lang='lat' dir='ltr'>universa</span> <span class='ocrx_word' id='word_1_529' title='bbox 3541 2164 3635 2202; x_wconf 87' lang='lat' dir='ltr'>va-</span> 
     </span>
    </p>
   </div>
   <div class='ocr_carea' id='block_1_68' title="bbox 1985 2229 3639 2300">
    <p class='ocr_par' dir='ltr' id='par_1_68' title="bbox 1985 2229 3639 2300">
     <span class='ocr_line' id='line_1_68' title="bbox 1985 2229 3639 2300; baseline 0.004 -16"><span class='ocrx_word' id='word_1_530' title='bbox 1985 2233 2154 2300; x_wconf 83' lang='lat' dir='ltr'>nitas,</span> <span class='ocrx_word' id='word_1_531' title='bbox 2185 2229 2240 2283; x_wconf 89' lang='lat' dir='ltr'>id</span> <span class='ocrx_word' id='word_1_532' title='bbox 2276 2234 2383 2297; x_wconf 89' lang='lat' dir='ltr'>est,</span> <span class='ocrx_word' id='word_1_533' title='bbox 2418 2230 2734 2285; x_wconf 85' lang='lat' dir='ltr'>laborando</span> <span class='ocrx_word' id='word_1_534' title='bbox 2767 2231 3015 2286; x_wconf 91' lang='lat' dir='ltr'>incurrit</span> <span class='ocrx_word' id='word_1_535' title='bbox 3044 2236 3445 2290; x_wconf 85' lang='lat' dir='ltr'>omnimodam</span> <span class='ocrx_word' id='word_1_536' title='bbox 3478 2236 3639 2291; x_wconf 86' lang='lat' dir='ltr'>vani-</span> 
     </span>
    </p>
   </div>
   <div class='ocr_carea' id='block_1_69' title="bbox 1986 2318 3638 2393">
    <p class='ocr_par' dir='ltr' id='par_1_69' title="bbox 1986 2318 3638 2393">
     <span class='ocr_line' id='line_1_69' title="bbox 1986 2318 3638 2393; baseline 0.005 -21"><span class='ocrx_word' id='word_1_537' title='bbox 1986 2323 2165 2373; x_wconf 88' lang='lat' dir='ltr'>tatem</span> <span class='ocrx_word' id='word_1_538' title='bbox 2216 2318 2421 2373; x_wconf 73' lang='lat' dir='ltr'>animaa</span> <span class='ocrx_word' id='word_1_539' title='bbox 2456 2325 2513 2373; x_wconf 88' lang='lat' dir='ltr'>et</span> <span class='ocrx_word' id='word_1_540' title='bbox 2561 2320 2856 2390; x_wconf 90' lang='lat' dir='ltr'>corporis;</span> <span class='ocrx_word' id='word_1_541' title='bbox 2893 2320 3030 2389; x_wconf 88' lang='lat' dir='ltr'>quia</span> <span class='ocrx_word' id='word_1_542' title='bbox 3082 2326 3138 2375; x_wconf 91' lang='lat' dir='ltr'>et</span> <span class='ocrx_word' id='word_1_543' title='bbox 3188 2323 3404 2393; x_wconf 85' lang='lat' dir='ltr'>cogitat</span> <span class='ocrx_word' id='word_1_544' title='bbox 3451 2328 3508 2379; x_wconf 91' lang='lat' dir='ltr'>et</span> <span class='ocrx_word' id='word_1_545' title='bbox 3555 2325 3638 2381; x_wconf 87' lang='lat' dir='ltr'>la-</span> 
     </span>
    </p>
   </div>
   <div class='ocr_carea' id='block_1_70' title="bbox 1989 2407 3637 2479">
    <p class='ocr_par' dir='ltr' id='par_1_70' title="bbox 1989 2407 3637 2479">
     <span class='ocr_line' id='line_1_70' title="bbox 1989 2407 3637 2479; baseline 0.005 -18"><span class='ocrx_word' id='word_1_546' title='bbox 1989 2408 2157 2462; x_wconf 89' lang='lat' dir='ltr'>borat</span> <span class='ocrx_word' id='word_1_547' title='bbox 2186 2407 2246 2461; x_wconf 88' lang='lat' dir='ltr'>in</span> <span class='ocrx_word' id='word_1_548' title='bbox 2278 2408 2545 2478; x_wconf 90' lang='lat' dir='ltr'>terrenis,</span> <span class='ocrx_word' id='word_1_549' title='bbox 2580 2425 2705 2479; x_wconf 70' lang='lat' dir='ltr'>quae</span> <span class='ocrx_word' id='word_1_550' title='bbox 2754 2410 2824 2463; x_wconf 90' lang='lat' dir='ltr'>ad</span> <span class='ocrx_word' id='word_1_551' title='bbox 2859 2409 3110 2466; x_wconf 89' lang='lat' dir='ltr'>nihilum</span> <span class='ocrx_word' id='word_1_552' title='bbox 3158 2413 3426 2469; x_wconf 88' lang='lat' dir='ltr'>tendunt.</span> <span class='ocrx_word' id='word_1_553' title='bbox 3462 2415 3637 2477; x_wconf 86' lang='lat' dir='ltr'>Quasi</span> 
     </span>
    </p>
   </div>
   <div class='ocr_carea' id='block_1_71' title="bbox 1990 2496 3640 2567">
    <p class='ocr_par' dir='ltr' id='par_1_71' title="bbox 1990 2496 3640 2567">
     <span class='ocr_line' id='line_1_71' title="bbox 1990 2496 3640 2567; baseline 0.005 -17"><span class='ocrx_word' id='word_1_554' title='bbox 1990 2496 2180 2551; x_wconf 87' lang='lat' dir='ltr'>dicat:</span> <span class='ocrx_word' id='word_1_555' title='bbox 2207 2498 2275 2551; x_wconf 76' lang='lat' dir='ltr'>Et</span> <span class='ocrx_word' id='word_1_556' title='bbox 2307 2513 2421 2551; x_wconf 93' lang='lat' dir='ltr'>non</span> <span class='ocrx_word' id='word_1_557' title='bbox 2456 2497 2597 2551; x_wconf 90' lang='lat' dir='ltr'>adeo</span> <span class='ocrx_word' id='word_1_558' title='bbox 2619 2502 2772 2552; x_wconf 89' lang='lat' dir='ltr'>esset</span> <span class='ocrx_word' id='word_1_559' title='bbox 2795 2499 3032 2567; x_wconf 88' lang='lat' dir='ltr'>mirum,</span> <span class='ocrx_word' id='word_1_560' title='bbox 3061 2499 3109 2553; x_wconf 89' lang='lat' dir='ltr'>si</span> <span class='ocrx_word' id='word_1_561' title='bbox 3144 2499 3319 2555; x_wconf 89' lang='lat' dir='ltr'>homo</span> <span class='ocrx_word' id='word_1_562' title='bbox 3351 2502 3514 2557; x_wconf 90' lang='lat' dir='ltr'>vanis</span> <span class='ocrx_word' id='word_1_563' title='bbox 3546 2503 3640 2559; x_wconf 58' lang='lat' dir='ltr'>de-</span> 
     </span>
    </p>
   </div>
   <div class='ocr_carea' id='block_1_72' title="bbox 1988 2584 3635 2663">
    <p class='ocr_par' dir='ltr' id='par_1_72' title="bbox 1988 2584 3635 2663">
     <span class='ocr_line' id='line_1_72' title="bbox 1988 2584 3635 2663; baseline 0.006 -25"><span class='ocrx_word' id='word_1_564' title='bbox 1988 2585 2164 2655; x_wconf 67' lang='lat' dir='ltr'>ditus,</span> <span class='ocrx_word' id='word_1_565' title='bbox 2199 2585 2299 2639; x_wconf 91' lang='lat' dir='ltr'>diu</span> <span class='ocrx_word' id='word_1_566' title='bbox 2332 2587 2388 2639; x_wconf 92' lang='lat' dir='ltr'>in</span> <span class='ocrx_word' id='word_1_567' title='bbox 2424 2584 2540 2639; x_wconf 89' lang='lat' dir='ltr'>illis</span> <span class='ocrx_word' id='word_1_568' title='bbox 2574 2592 2976 2656; x_wconf 88' lang='lat' dir='ltr'>permaneret;</span> <span class='ocrx_word' id='word_1_569' title='bbox 3010 2597 3406 2661; x_wconf 82' lang='lat' dir='ltr'>verumtamen,</span> <span class='ocrx_word' id='word_1_570' title='bbox 3438 2590 3493 2646; x_wconf 91' lang='lat' dir='ltr'>id</span> <span class='ocrx_word' id='word_1_571' title='bbox 3527 2596 3635 2663; x_wconf 88' lang='lat' dir='ltr'>est,</span> 
     </span>
    </p>
   </div>
   <div class='ocr_carea' id='block_1_73' title="bbox 1986 2673 3639 2751">
    <p class='ocr_par' dir='ltr' id='par_1_73' title="bbox 1986 2673 3639 2751">
     <span class='ocr_line' id='line_1_73' title="bbox 1986 2673 3639 2751; baseline 0.005 -23"><span class='ocrx_word' id='word_1_572' title='bbox 1986 2673 2120 2729; x_wconf 88' lang='lat' dir='ltr'>licet</span> <span class='ocrx_word' id='word_1_573' title='bbox 2135 2675 2209 2728; x_wconf 91' lang='lat' dir='ltr'>sit</span> <span class='ocrx_word' id='word_1_574' title='bbox 2227 2674 2388 2728; x_wconf 87' lang='lat' dir='ltr'>homo</span> <span class='ocrx_word' id='word_1_575' title='bbox 2408 2673 2756 2730; x_wconf 90' lang='lat' dir='ltr'>multimoda</span> <span class='ocrx_word' id='word_1_576' title='bbox 2776 2676 3093 2743; x_wconf 88' lang='lat' dir='ltr'>vanitas,in</span> <span class='ocrx_word' id='word_1_577' title='bbox 3119 2679 3370 2749; x_wconf 87' lang='lat' dir='ltr'>imagine</span> <span class='ocrx_word' id='word_1_578' title='bbox 3385 2686 3639 2751; x_wconf 86' lang='lat' dir='ltr'>pertran-</span> 
     </span>
    </p>
   </div>
   <div class='ocr_carea' id='block_1_74' title="bbox 1983 2762 3637 2834">
    <p class='ocr_par' dir='ltr' id='par_1_74' title="bbox 1983 2762 3637 2834">
     <span class='ocr_line' id='line_1_74' title="bbox 1983 2762 3637 2834; baseline 0.007 -18"><span class='ocrx_word' id='word_1_579' title='bbox 1983 2764 2074 2832; x_wconf 86' lang='lat' dir='ltr'>sit,</span> <span class='ocrx_word' id='word_1_580' title='bbox 2108 2763 2161 2816; x_wconf 91' lang='lat' dir='ltr'>id</span> <span class='ocrx_word' id='word_1_581' title='bbox 2197 2768 2305 2829; x_wconf 91' lang='lat' dir='ltr'>est,</span> <span class='ocrx_word' id='word_1_582' title='bbox 2342 2762 2425 2817; x_wconf 92' lang='lat' dir='ltr'>sic</span> <span class='ocrx_word' id='word_1_583' title='bbox 2457 2762 2568 2818; x_wconf 90' lang='lat' dir='ltr'>cito</span> <span class='ocrx_word' id='word_1_584' title='bbox 2600 2764 2721 2819; x_wconf 70' lang='lat' dir='ltr'>haec</span> <span class='ocrx_word' id='word_1_585' title='bbox 2753 2765 2952 2820; x_wconf 90' lang='lat' dir='ltr'>omnia</span> <span class='ocrx_word' id='word_1_586' title='bbox 2976 2783 3125 2821; x_wconf 89' lang='lat' dir='ltr'>vana</span> <span class='ocrx_word' id='word_1_587' title='bbox 3148 2768 3386 2834; x_wconf 89' lang='lat' dir='ltr'>deserit,</span> <span class='ocrx_word' id='word_1_588' title='bbox 3412 2773 3637 2827; x_wconf 84' lang='lat' dir='ltr'>utima-</span> 
     </span>
    </p>
   </div>
   <div class='ocr_carea' id='block_1_75' title="bbox 1983 2852 3637 2927">
    <p class='ocr_par' dir='ltr' id='par_1_75' title="bbox 1983 2852 3637 2927">
     <span class='ocr_line' id='line_1_75' title="bbox 1983 2852 3637 2927; baseline 0.006 -21"><span class='ocrx_word' id='word_1_589' title='bbox 1983 2868 2055 2922; x_wconf 84' lang='lat' dir='ltr'>go</span> <span class='ocrx_word' id='word_1_590' title='bbox 2086 2852 2320 2907; x_wconf 87' lang='lat' dir='ltr'>transiit</span> <span class='ocrx_word' id='word_1_591' title='bbox 2351 2852 2408 2906; x_wconf 89' lang='lat' dir='ltr'>in</span> <span class='ocrx_word' id='word_1_592' title='bbox 2442 2853 2698 2924; x_wconf 92' lang='lat' dir='ltr'>speculo.</span> <span class='ocrx_word' id='word_1_593' title='bbox 2728 2854 3106 2911; x_wconf 78' lang='lat' dir='ltr'>Consideravit</span> <span class='ocrx_word' id='word_1_594' title='bbox 3137 2858 3286 2912; x_wconf 88' lang='lat' dir='ltr'>enim</span> <span class='ocrx_word' id='word_1_595' title='bbox 3314 2875 3388 2926; x_wconf 85' lang='lat' dir='ltr'>se,</span> <span class='ocrx_word' id='word_1_596' title='bbox 3412 2861 3637 2927; x_wconf 88' lang='lat' dir='ltr'>etabiit,</span> 
     </span>
    </p>
   </div>
   <div class='ocr_carea' id='block_1_76' title="bbox 1983 2942 3635 3017">
    <p class='ocr_par' dir='ltr' id='par_1_76' title="bbox 1983 2942 3635 3017">
     <span class='ocr_line' id='line_1_76' title="bbox 1983 2942 3635 3017; baseline 0.005 -21"><span class='ocrx_word' id='word_1_597' title='bbox 1983 2946 2032 2996; x_wconf 90' lang='lat' dir='ltr'>et</span> <span class='ocrx_word' id='word_1_598' title='bbox 2060 2944 2249 2996; x_wconf 82' lang='lat' dir='ltr'>statim</span> <span class='ocrx_word' id='word_1_599' title='bbox 2279 2942 2477 2996; x_wconf 88' lang='lat' dir='ltr'>oblitus</span> <span class='ocrx_word' id='word_1_600' title='bbox 2507 2946 2585 2997; x_wconf 84' lang='lat' dir='ltr'>est</span> <span class='ocrx_word' id='word_1_601' title='bbox 2614 2945 2794 3014; x_wconf 84' lang='lat' dir='ltr'>qualis</span> <span class='ocrx_word' id='word_1_602' title='bbox 2842 2947 3013 3014; x_wconf 79' lang='lat' dir='ltr'>fuerit</span> <span class='ocrx_word' id='word_1_603' title='bbox 3041 2945 3181 3017; x_wconf 85' lang='lat' dir='ltr'>(Jac.</span> <span class='ocrx_word' id='word_1_604' title='bbox 3213 2946 3274 3017; x_wconf 86' lang='lat'>1).</span> <span class='ocrx_word' id='word_1_605' title='bbox 3305 2946 3409 3002; x_wconf 87' lang='lat' dir='ltr'>Sed</span> <span class='ocrx_word' id='word_1_606' title='bbox 3439 2953 3635 3005; x_wconf 90' lang='lat' dir='ltr'>tamen</span> 
     </span>
    </p>
   </div>
   <div class='ocr_carea' id='block_1_77' title="bbox 1985 3030 3637 3106">
    <p class='ocr_par' dir='ltr' id='par_1_77' title="bbox 1985 3030 3637 3106">
     <span class='ocr_line' id='line_1_77' title="bbox 1985 3030 3637 3106; baseline 0.005 -21"><span class='ocrx_word' id='word_1_607' title='bbox 1985 3030 2163 3085; x_wconf 85' lang='lat' dir='ltr'>miser</span> <span class='ocrx_word' id='word_1_608' title='bbox 2185 3031 2379 3102; x_wconf 85' lang='lat' dir='ltr'>homo,</span> <span class='ocrx_word' id='word_1_609' title='bbox 2405 3030 2514 3086; x_wconf 93' lang='lat' dir='ltr'>hoc</span> <span class='ocrx_word' id='word_1_610' title='bbox 2538 3049 2653 3086; x_wconf 89' lang='lat' dir='ltr'>non</span> <span class='ocrx_word' id='word_1_611' title='bbox 2681 3034 3006 3100; x_wconf 89' lang='lat' dir='ltr'>attendens,</span> <span class='ocrx_word' id='word_1_612' title='bbox 3025 3037 3238 3106; x_wconf 76' lang='lat' dir='ltr'>frustra</span> <span class='ocrx_word' id='word_1_613' title='bbox 3258 3039 3637 3093; x_wconf 84' lang='lat' dir='ltr'>conturbatur.</span> 
     </span>
    </p>
   </div>
   <div class='ocr_carea' id='block_1_78' title="bbox 1982 3127 3644 3201">
    <p class='ocr_par' dir='ltr' id='par_1_78' title="bbox 1982 3127 3644 3201">
     <span class='ocr_line' id='line_1_78' title="bbox 1982 3127 3644 3201; baseline 0.007 -20"><span class='ocrx_word' id='word_1_614' title='bbox 1982 3128 2172 3181; x_wconf 86' lang='lat' dir='ltr'>Timet</span> <span class='ocrx_word' id='word_1_615' title='bbox 2186 3127 2294 3181; x_wconf 89' lang='lat' dir='ltr'>hoc</span> <span class='ocrx_word' id='word_1_616' title='bbox 2313 3145 2425 3182; x_wconf 91' lang='lat' dir='ltr'>non</span> <span class='ocrx_word' id='word_1_617' title='bbox 2445 3128 2937 3198; x_wconf 89' lang='lat' dir='ltr'>acquirere,timet</span> <span class='ocrx_word' id='word_1_618' title='bbox 2954 3132 3279 3201; x_wconf 80' lang='lat' dir='ltr'>perderezet</span> <span class='ocrx_word' id='word_1_619' title='bbox 3291 3133 3644 3191; x_wconf 89' lang='lat' dir='ltr'>sollicitatur</span> 
     </span>
    </p>
   </div>
   <div class='ocr_carea' id='block_1_79' title="bbox 1990 3216 3639 3291">
    <p class='ocr_par' dir='ltr' id='par_1_79' title="bbox 1990 3216 3639 3291">
     <span class='ocr_line' id='line_1_79' title="bbox 1990 3216 3639 3291; baseline 0.007 -23"><span class='ocrx_word' id='word_1_620' title='bbox 1990 3216 2195 3269; x_wconf 90' lang='lat' dir='ltr'>multis</span> <span class='ocrx_word' id='word_1_621' title='bbox 2227 3217 2416 3271; x_wconf 90' lang='lat' dir='ltr'>modis</span> <span class='ocrx_word' id='word_1_622' title='bbox 2449 3233 2552 3285; x_wconf 92' lang='lat' dir='ltr'>pro</span> <span class='ocrx_word' id='word_1_623' title='bbox 2584 3234 2664 3279; x_wconf 87' lang='lat' dir='ltr'>se,</span> <span class='ocrx_word' id='word_1_624' title='bbox 2701 3235 2801 3288; x_wconf 91' lang='lat' dir='ltr'>pro</span> <span class='ocrx_word' id='word_1_625' title='bbox 2851 3236 3045 3284; x_wconf 80' lang='lat' dir='ltr'>uxore,</span> <span class='ocrx_word' id='word_1_626' title='bbox 3092 3238 3195 3291; x_wconf 93' lang='lat' dir='ltr'>pro</span> <span class='ocrx_word' id='word_1_627' title='bbox 3228 3222 3384 3277; x_wconf 83' lang='lat' dir='ltr'>filiis.</span> <span class='ocrx_word' id='word_1_628' title='bbox 3420 3224 3639 3279; x_wconf 84' lang='lat' dir='ltr'>Revera</span> 
     </span>
    </p>
   </div>
   <div class='ocr_carea' id='block_1_80' title="bbox 1990 3304 3644 3382">
    <p class='ocr_par' dir='ltr' id='par_1_80' title="bbox 1990 3304 3644 3382">
     <span class='ocr_line' id='line_1_80' title="bbox 1990 3304 3644 3382; baseline 0.006 -26"><span class='ocrx_word' id='word_1_629' title='bbox 1990 3320 2155 3367; x_wconf 88' lang='lat' dir='ltr'>vane,</span> <span class='ocrx_word' id='word_1_630' title='bbox 2212 3304 2351 3371; x_wconf 89' lang='lat' dir='ltr'>quia</span> <span class='ocrx_word' id='word_1_631' title='bbox 2405 3304 2765 3371; x_wconf 69' lang='lat' dir='ltr'>thesaurizat,</span> <span class='ocrx_word' id='word_1_632' title='bbox 2826 3311 2877 3359; x_wconf 90' lang='lat' dir='ltr'>et</span> <span class='ocrx_word' id='word_1_633' title='bbox 2926 3308 3143 3375; x_wconf 87' lang='lat' dir='ltr'>ignorat</span> <span class='ocrx_word' id='word_1_634' title='bbox 3201 3311 3291 3363; x_wconf 85' lang='lat' dir='ltr'>cui</span> <span class='ocrx_word' id='word_1_635' title='bbox 3346 3325 3644 3382; x_wconf 81' lang='lat' dir='ltr'>congrega-</span> 
     </span>
    </p>
   </div>
   <div class='ocr_carea' id='block_1_81' title="bbox 1994 3390 3640 3471">
    <p class='ocr_par' dir='ltr' id='par_1_81' title="bbox 1994 3390 3640 3471">
     <span class='ocr_line' id='line_1_81' title="bbox 1994 3390 3640 3471; baseline 0.006 -26"><span class='ocrx_word' id='word_1_636' title='bbox 1994 3394 2071 3446; x_wconf 89' lang='lat' dir='ltr'>bit</span> <span class='ocrx_word' id='word_1_637' title='bbox 2096 3407 2183 3455; x_wconf 88' lang='lat' dir='ltr'>ea,</span> <span class='ocrx_word' id='word_1_638' title='bbox 2203 3390 2342 3459; x_wconf 90' lang='lat' dir='ltr'>quia</span> <span class='ocrx_word' id='word_1_639' title='bbox 2372 3390 2629 3446; x_wconf 88' lang='lat' dir='ltr'>incertus</span> <span class='ocrx_word' id='word_1_640' title='bbox 2652 3396 2742 3446; x_wconf 89' lang='lat' dir='ltr'>est</span> <span class='ocrx_word' id='word_1_641' title='bbox 2772 3395 2841 3448; x_wconf 91' lang='lat' dir='ltr'>de</span> <span class='ocrx_word' id='word_1_642' title='bbox 2872 3395 3001 3465; x_wconf 86' lang='lat' dir='ltr'>ejus</span> <span class='ocrx_word' id='word_1_643' title='bbox 3017 3395 3133 3451; x_wconf 87' lang='lat' dir='ltr'>vita</span> <span class='ocrx_word' id='word_1_644' title='bbox 3166 3397 3259 3451; x_wconf 90' lang='lat' dir='ltr'>cui</span> <span class='ocrx_word' id='word_1_645' title='bbox 3291 3404 3640 3471; x_wconf 87' lang='lat' dir='ltr'>congregat:</span> 
     </span>
    </p>
   </div>
   <div class='ocr_carea' id='block_1_82' title="bbox 1993 3488 3645 3564">
    <p class='ocr_par' dir='ltr' id='par_1_82' title="bbox 1993 3488 3645 3564">
     <span class='ocr_line' id='line_1_82' title="bbox 1993 3488 3645 3564; baseline 0.008 -22"><span class='ocrx_word' id='word_1_646' title='bbox 1993 3488 2173 3542; x_wconf 89' lang='lat' dir='ltr'>miser</span> <span class='ocrx_word' id='word_1_647' title='bbox 2222 3504 2337 3542; x_wconf 92' lang='lat' dir='ltr'>non</span> <span class='ocrx_word' id='word_1_648' title='bbox 2396 3488 2647 3542; x_wconf 90' lang='lat' dir='ltr'>attendit</span> <span class='ocrx_word' id='word_1_649' title='bbox 2705 3506 2880 3560; x_wconf 89' lang='lat' dir='ltr'>quam</span> <span class='ocrx_word' id='word_1_650' title='bbox 2931 3492 3044 3546; x_wconf 90' lang='lat' dir='ltr'>cito</span> <span class='ocrx_word' id='word_1_651' title='bbox 3076 3494 3148 3547; x_wconf 91' lang='lat' dir='ltr'>ab</span> <span class='ocrx_word' id='word_1_652' title='bbox 3206 3494 3335 3564; x_wconf 89' lang='lat' dir='ltr'>ipsa</span> <span class='ocrx_word' id='word_1_653' title='bbox 3390 3497 3645 3555; x_wconf 87' lang='lat' dir='ltr'>vanitate</span> 
     </span>
    </p>
   </div>
   <div class='ocr_carea' id='block_1_83' title="bbox 1995 3575 3651 3652">
    <p class='ocr_par' dir='ltr' id='par_1_83' title="bbox 1995 3575 3651 3652">
     <span class='ocr_line' id='line_1_83' title="bbox 1995 3575 3651 3652; baseline 0.007 -20"><span class='ocrx_word' id='word_1_654' title='bbox 1995 3576 2245 3642; x_wconf 89' lang='lat' dir='ltr'>decidat,</span> <span class='ocrx_word' id='word_1_655' title='bbox 2277 3575 2394 3631; x_wconf 89' lang='lat' dir='ltr'>imo</span> <span class='ocrx_word' id='word_1_656' title='bbox 2433 3577 2504 3630; x_wconf 92' lang='lat' dir='ltr'>de</span> <span class='ocrx_word' id='word_1_657' title='bbox 2551 3579 2890 3647; x_wconf 85' lang='lat' dir='ltr'>posteritate</span> <span class='ocrx_word' id='word_1_658' title='bbox 2936 3581 3167 3652; x_wconf 86' lang='lat' dir='ltr'>cogitat.</span> <span class='ocrx_word' id='word_1_659' title='bbox 3198 3583 3379 3639; x_wconf 86' lang='lat' dir='ltr'>Aliter</span> <span class='ocrx_word' id='word_1_660' title='bbox 3414 3604 3426 3641; x_wconf 90' lang='lat'><strong>:</strong></span> <span class='ocrx_word' id='word_1_661' title='bbox 3460 3587 3651 3650; x_wconf 89' lang='lat' dir='ltr'>Quan-</span> 
     </span>
    </p>
   </div>
   <div class='ocr_carea' id='block_1_84' title="bbox 1994 3665 3647 3738">
    <p class='ocr_par' dir='ltr' id='par_1_84' title="bbox 1994 3665 3647 3738">
     <span class='ocr_line' id='line_1_84' title="bbox 1994 3665 3647 3738; baseline 0.007 -18"><span class='ocrx_word' id='word_1_662' title='bbox 1994 3682 2171 3737; x_wconf 88' lang='lat' dir='ltr'>quam</span> <span class='ocrx_word' id='word_1_663' title='bbox 2205 3665 2403 3720; x_wconf 89' lang='lat' dir='ltr'>omnia</span> <span class='ocrx_word' id='word_1_664' title='bbox 2434 3667 2734 3721; x_wconf 90' lang='lat' dir='ltr'>mundana</span> <span class='ocrx_word' id='word_1_665' title='bbox 2784 3669 3185 3738; x_wconf 87' lang='lat' dir='ltr'>transilierim,</span> <span class='ocrx_word' id='word_1_666' title='bbox 3220 3671 3424 3727; x_wconf 82' lang='lat' dir='ltr'>intima</span> <span class='ocrx_word' id='word_1_667' title='bbox 3463 3675 3647 3731; x_wconf 86' lang='lat' dir='ltr'>calca-</span> 
     </span>
    </p>
   </div>
   <div class='ocr_carea' id='block_1_85' title="bbox 1994 3754 3646 3831">
    <p class='ocr_par' dir='ltr' id='par_1_85' title="bbox 1994 3754 3646 3831">
     <span class='ocr_line' id='line_1_85' title="bbox 1994 3754 3646 3831; baseline 0.005 -22"><span class='ocrx_word' id='word_1_668' title='bbox 1994 3754 2193 3821; x_wconf 88' lang='lat' dir='ltr'>verim,</span> <span class='ocrx_word' id='word_1_669' title='bbox 2230 3755 2285 3808; x_wconf 92' lang='lat' dir='ltr'>in</span> <span class='ocrx_word' id='word_1_670' title='bbox 2321 3754 2444 3809; x_wconf 90' lang='lat' dir='ltr'>sola</span> <span class='ocrx_word' id='word_1_671' title='bbox 2472 3754 2595 3827; x_wconf 85' lang='lat' dir='ltr'>lege</span> <span class='ocrx_word' id='word_1_672' title='bbox 2618 3756 2717 3811; x_wconf 89' lang='lat' dir='ltr'>Dei</span> <span class='ocrx_word' id='word_1_673' title='bbox 2744 3756 3188 3814; x_wconf 87' lang='lat' dir='ltr'>delectationem</span> <span class='ocrx_word' id='word_1_674' title='bbox 3219 3759 3549 3831; x_wconf 88' lang='lat' dir='ltr'>habuerim,</span> <span class='ocrx_word' id='word_1_675' title='bbox 3587 3764 3646 3818; x_wconf 90' lang='lat' dir='ltr'>in</span> 
     </span>
    </p>
   </div>
   <div class='ocr_carea' id='block_1_86' title="bbox 1996 3844 3650 3916">
    <p class='ocr_par' dir='ltr' id='par_1_86' title="bbox 1996 3844 3650 3916">
     <span class='ocr_line' id='line_1_86' title="bbox 1996 3844 3650 3916; baseline 0.005 -17"><span class='ocrx_word' id='word_1_676' title='bbox 1996 3844 2391 3916; x_wconf 88' lang='lat' dir='ltr'>dispensando</span> <span class='ocrx_word' id='word_1_677' title='bbox 2424 3846 2725 3901; x_wconf 91' lang='lat' dir='ltr'>Dominico</span> <span class='ocrx_word' id='word_1_678' title='bbox 2757 3847 2975 3903; x_wconf 89' lang='lat' dir='ltr'>talento</span> <span class='ocrx_word' id='word_1_679' title='bbox 3006 3847 3294 3906; x_wconf 90' lang='lat' dir='ltr'>sollicitus</span> <span class='ocrx_word' id='word_1_680' title='bbox 3334 3851 3416 3906; x_wconf 86' lang='lat' dir='ltr'>fui</span> <span class='ocrx_word' id='word_1_681' title='bbox 3458 3868 3469 3905; x_wconf 94' lang='lat'><strong>:</strong></span> <span class='ocrx_word' id='word_1_682' title='bbox 3504 3858 3559 3907; x_wconf 90' lang='lat' dir='ltr'>et</span> <span class='ocrx_word' id='word_1_683' title='bbox 3590 3852 3650 3907; x_wconf 92' lang='lat' dir='ltr'>in</span> 
     </span>
    </p>
   </div>
   <div class='ocr_carea' id='block_1_87' title="bbox 1995 3932 3649 4011">
    <p class='ocr_par' dir='ltr' id='par_1_87' title="bbox 1995 3932 3649 4011">
     <span class='ocr_line' id='line_1_87' title="bbox 1995 3932 3649 4011; baseline 0.007 -25"><span class='ocrx_word' id='word_1_684' title='bbox 1995 3932 2095 3987; x_wconf 88' lang='lat' dir='ltr'>illa</span> <span class='ocrx_word' id='word_1_685' title='bbox 2121 3933 2558 4004; x_wconf 81' lang='lat' dir='ltr'>dispensatione</span> <span class='ocrx_word' id='word_1_686' title='bbox 2582 3935 3252 4005; x_wconf 80' lang='lat' dir='ltr'>fructuavi,ﬁnemetiam</span> <span class='ocrx_word' id='word_1_687' title='bbox 3275 3941 3514 4011; x_wconf 89' lang='lat' dir='ltr'>quisine</span> <span class='ocrx_word' id='word_1_688' title='bbox 3534 3943 3649 3999; x_wconf 84' lang='lat' dir='ltr'>ﬁne</span> 
     </span>
    </p>
   </div>
   <div class='ocr_carea' id='block_1_88' title="bbox 1994 4022 3647 4093">
    <p class='ocr_par' dir='ltr' id='par_1_88' title="bbox 1994 4022 3647 4093">
     <span class='ocr_line' id='line_1_88' title="bbox 1994 4022 3647 4093; baseline 0.006 -15"><span class='ocrx_word' id='word_1_689' title='bbox 1994 4022 2667 4093; x_wconf 83' lang='lat' dir='ltr'>est,quaesivi,numerum</span> <span class='ocrx_word' id='word_1_690' title='bbox 2688 4025 2907 4079; x_wconf 86' lang='lat' dir='ltr'>dierum</span> <span class='ocrx_word' id='word_1_691' title='bbox 2933 4043 3180 4082; x_wconf 88' lang='lat' dir='ltr'>meorum</span> <span class='ocrx_word' id='word_1_692' title='bbox 3201 4030 3347 4085; x_wconf 89' lang='lat' dir='ltr'>scire</span> <span class='ocrx_word' id='word_1_693' title='bbox 3367 4030 3647 4087; x_wconf 87' lang='lat' dir='ltr'>laboravi:</span> 
     </span>
    </p>
   </div>
   <div class='ocr_carea' id='block_1_89' title="bbox 1997 4111 3647 4193">
    <p class='ocr_par' dir='ltr' id='par_1_89' title="bbox 1997 4111 3647 4193">
     <span class='ocr_line' id='line_1_89' title="bbox 1997 4111 3647 4193; baseline 0.008 -28"><span class='ocrx_word' id='word_1_694' title='bbox 1997 4111 2094 4165; x_wconf 92' lang='lat' dir='ltr'>ubi</span> <span class='ocrx_word' id='word_1_695' title='bbox 2129 4112 2205 4164; x_wconf 87' lang='lat' dir='ltr'>sit</span> <span class='ocrx_word' id='word_1_696' title='bbox 2228 4127 2363 4165; x_wconf 83' lang='lat' dir='ltr'>vera</span> <span class='ocrx_word' id='word_1_697' title='bbox 2379 4112 2908 4184; x_wconf 89' lang='lat' dir='ltr'>essentia,cognovi</span> <span class='ocrx_word' id='word_1_698' title='bbox 2946 4134 2959 4171; x_wconf 91' lang='lat'><strong>:</strong></span> <span class='ocrx_word' id='word_1_699' title='bbox 2992 4125 3363 4176; x_wconf 83' lang='lat' dir='ltr'>verumtamen</span> <span class='ocrx_word' id='word_1_700' title='bbox 3387 4123 3647 4193; x_wconf 85' lang='lat' dir='ltr'>quandiu</span> 
     </span>
    </p>
   </div>
   <div class='ocr_carea' id='block_1_90' title="bbox 1996 4198 3648 4277">
    <p class='ocr_par' dir='ltr' id='par_1_90' title="bbox 1996 4198 3648 4277">
     <span class='ocr_line' id='line_1_90' title="bbox 1996 4198 3648 4277; baseline 0.008 -24"><span class='ocrx_word' id='word_1_701' title='bbox 1996 4199 2055 4254; x_wconf 92' lang='lat' dir='ltr'>in</span> <span class='ocrx_word' id='word_1_702' title='bbox 2107 4199 2213 4253; x_wconf 88' lang='lat' dir='ltr'>hoc</span> <span class='ocrx_word' id='word_1_703' title='bbox 2264 4198 2492 4253; x_wconf 90' lang='lat' dir='ltr'>mortali</span> <span class='ocrx_word' id='word_1_704' title='bbox 2545 4217 2782 4272; x_wconf 91' lang='lat' dir='ltr'>corpore</span> <span class='ocrx_word' id='word_1_705' title='bbox 2829 4203 2979 4277; x_wconf 87' lang='lat' dir='ltr'>vivo,</span> <span class='ocrx_word' id='word_1_706' title='bbox 3015 4207 3276 4277; x_wconf 87' lang='lat' dir='ltr'>quandiu</span> <span class='ocrx_word' id='word_1_707' title='bbox 3326 4227 3398 4264; x_wconf 89' lang='lat' dir='ltr'>ne</span> <span class='ocrx_word' id='word_1_708' title='bbox 3446 4212 3648 4266; x_wconf 83' lang='lat' dir='ltr'>cadam</span> 
     </span>
    </p>
   </div>
   <div class='ocr_carea' id='block_1_91' title="bbox 1997 4287 3651 4364">
    <p class='ocr_par' dir='ltr' id='par_1_91' title="bbox 1997 4287 3651 4364">
     <span class='ocr_line' id='line_1_91' title="bbox 1997 4287 3651 4364; baseline 0.007 -22"><span class='ocrx_word' id='word_1_709' title='bbox 1997 4288 2217 4353; x_wconf 87' lang='lat' dir='ltr'>laboro,</span> <span class='ocrx_word' id='word_1_710' title='bbox 2255 4287 2515 4358; x_wconf 90' lang='lat' dir='ltr'>quandiu</span> <span class='ocrx_word' id='word_1_711' title='bbox 2560 4289 2712 4345; x_wconf 91' lang='lat' dir='ltr'>bona</span> <span class='ocrx_word' id='word_1_712' title='bbox 2740 4296 2796 4346; x_wconf 90' lang='lat' dir='ltr'>et</span> <span class='ocrx_word' id='word_1_713' title='bbox 2825 4292 2982 4348; x_wconf 88' lang='lat' dir='ltr'>mala</span> <span class='ocrx_word' id='word_1_714' title='bbox 3014 4311 3144 4350; x_wconf 88' lang='lat' dir='ltr'>mea</span> <span class='ocrx_word' id='word_1_715' title='bbox 3190 4296 3412 4352; x_wconf 88' lang='lat' dir='ltr'>incerta</span> <span class='ocrx_word' id='word_1_716' title='bbox 3440 4297 3651 4364; x_wconf 87' lang='lat' dir='ltr'>habeo,</span> 
     </span>
    </p>
   </div>
   <div class='ocr_carea' id='block_1_92' title="bbox 1998 4387 3650 4463">
    <p class='ocr_par' dir='ltr' id='par_1_92' title="bbox 1998 4387 3650 4463">
     <span class='ocr_line' id='line_1_92' title="bbox 1998 4387 3650 4463; baseline 0.004 -22"><span class='ocrx_word' id='word_1_717' title='bbox 1998 4402 2260 4441; x_wconf 79' lang='lat' dir='ltr'>universa</span> <span class='ocrx_word' id='word_1_718' title='bbox 2289 4387 2503 4441; x_wconf 86' lang='lat' dir='ltr'>vanitas</span> <span class='ocrx_word' id='word_1_719' title='bbox 2533 4404 2685 4453; x_wconf 88' lang='lat' dir='ltr'>sum,</span> <span class='ocrx_word' id='word_1_720' title='bbox 2712 4396 3000 4460; x_wconf 89' lang='lat' dir='ltr'>quantum</span> <span class='ocrx_word' id='word_1_721' title='bbox 3032 4392 3102 4446; x_wconf 92' lang='lat' dir='ltr'>ad</span> <span class='ocrx_word' id='word_1_722' title='bbox 3134 4409 3203 4446; x_wconf 91' lang='lat' dir='ltr'>ea</span> <span class='ocrx_word' id='word_1_723' title='bbox 3232 4410 3359 4463; x_wconf 68' lang='lat' dir='ltr'>quae</span> <span class='ocrx_word' id='word_1_724' title='bbox 3386 4394 3495 4448; x_wconf 91' lang='lat' dir='ltr'>sub</span> <span class='ocrx_word' id='word_1_725' title='bbox 3530 4393 3650 4447; x_wconf 90' lang='lat' dir='ltr'>sole</span> 
     </span>
    </p>
   </div>
   <div class='ocr_carea' id='block_1_93' title="bbox 2000 4475 3650 4547">
    <p class='ocr_par' dir='ltr' id='par_1_93' title="bbox 2000 4475 3650 4547">
     <span class='ocr_line' id='line_1_93' title="bbox 2000 4475 3650 4547; baseline 0.005 -19"><span class='ocrx_word' id='word_1_726' title='bbox 2000 4475 2208 4541; x_wconf 89' lang='lat' dir='ltr'>habeo,</span> <span class='ocrx_word' id='word_1_727' title='bbox 2242 4492 2356 4529; x_wconf 89' lang='lat' dir='ltr'>non</span> <span class='ocrx_word' id='word_1_728' title='bbox 2391 4492 2516 4545; x_wconf 73' lang='lat' dir='ltr'>quae</span> <span class='ocrx_word' id='word_1_729' title='bbox 2549 4493 2727 4547; x_wconf 89' lang='lat' dir='ltr'>supra</span> <span class='ocrx_word' id='word_1_730' title='bbox 2756 4476 2961 4533; x_wconf 91' lang='lat' dir='ltr'>solem.</span> <span class='ocrx_word' id='word_1_731' title='bbox 2985 4478 3131 4533; x_wconf 90' lang='lat' dir='ltr'>Nam</span> <span class='ocrx_word' id='word_1_732' title='bbox 3162 4483 3340 4535; x_wconf 88' lang='lat' dir='ltr'>omnis</span> <span class='ocrx_word' id='word_1_733' title='bbox 3369 4481 3524 4537; x_wconf 84' lang='lat' dir='ltr'>homo</span> <span class='ocrx_word' id='word_1_734' title='bbox 3555 4480 3650 4536; x_wconf 88' lang='lat' dir='ltr'>hic</span> 
     </span>
    </p>
   </div>
   <div class='ocr_carea' id='block_1_94' title="bbox 1998 4563 3649 4636">
    <p class='ocr_par' dir='ltr' id='par_1_94' title="bbox 1998 4563 3649 4636">
     <span class='ocr_line' id='line_1_94' title="bbox 1998 4563 3649 4636; baseline 0.004 -17"><span class='ocrx_word' id='word_1_735' title='bbox 1998 4567 2204 4632; x_wconf 83' lang='lat' dir='ltr'>vivens,</span> <span class='ocrx_word' id='word_1_736' title='bbox 2239 4565 2359 4619; x_wconf 89' lang='lat' dir='ltr'>sive</span> <span class='ocrx_word' id='word_1_737' title='bbox 2393 4563 2702 4630; x_wconf 75' lang='lat' dir='ltr'>inhaerens,</span> <span class='ocrx_word' id='word_1_738' title='bbox 2738 4564 2855 4620; x_wconf 92' lang='lat' dir='ltr'>sive</span> <span class='ocrx_word' id='word_1_739' title='bbox 2912 4566 3374 4636; x_wconf 89' lang='lat' dir='ltr'>pertransiliens,</span> <span class='ocrx_word' id='word_1_740' title='bbox 3408 4574 3496 4625; x_wconf 89' lang='lat' dir='ltr'>est</span> <span class='ocrx_word' id='word_1_741' title='bbox 3524 4572 3649 4625; x_wconf 84' lang='lat' dir='ltr'>uni-</span> 
     </span>
    </p>
   </div>
   <div class='ocr_carea' id='block_1_95' title="bbox 212 4638 3648 4729">
    <p class='ocr_par' dir='ltr' id='par_1_95' title="bbox 212 4638 3648 4729">
     <span class='ocr_line' id='line_1_95' title="bbox 212 4638 3648 4729; baseline 0.004 -27"><span class='ocrx_word' id='word_1_742' title='bbox 212 4652 333 4706; x_wconf 88' lang='lat' dir='ltr'>erit</span> <span class='ocrx_word' id='word_1_743' title='bbox 364 4676 382 4718; x_wconf 86' lang='lat'>;</span> <span class='ocrx_word' id='word_1_744' title='bbox 420 4650 519 4704; x_wconf 91' lang='lat' dir='ltr'>sed</span> <span class='ocrx_word' id='word_1_745' title='bbox 571 4654 679 4718; x_wconf 91' lang='lat' dir='ltr'>est,</span> <span class='ocrx_word' id='word_1_746' title='bbox 715 4666 947 4720; x_wconf 90' lang='lat' dir='ltr'>semper</span> <span class='ocrx_word' id='word_1_747' title='bbox 986 4648 1046 4702; x_wconf 92' lang='lat' dir='ltr'>in</span> <span class='ocrx_word' id='word_1_748' title='bbox 1098 4646 1215 4701; x_wconf 85' lang='lat' dir='ltr'>illis</span> <span class='ocrx_word' id='word_1_749' title='bbox 1264 4652 1373 4711; x_wconf 88' lang='lat' dir='ltr'>est,</span> <span class='ocrx_word' id='word_1_750' title='bbox 1415 4645 1523 4713; x_wconf 90' lang='lat' dir='ltr'>vel,</span> <span class='ocrx_word' id='word_1_751' title='bbox 1562 4646 1888 4701; x_wconf 85' lang='lat' dir='ltr'>secundum</span> <span class='ocrx_word' id='word_1_752' title='bbox 1924 4638 1967 4701; x_wconf 85' lang='lat' dir='ltr'>D</span> <span class='ocrx_word' id='word_1_753' title='bbox 1998 4670 2152 4709; x_wconf 89' lang='lat' dir='ltr'>versa</span> <span class='ocrx_word' id='word_1_754' title='bbox 2184 4656 2420 4709; x_wconf 84' lang='lat' dir='ltr'>vanitas.</span> <span class='ocrx_word' id='word_1_755' title='bbox 2452 4652 3004 4709; x_wconf 87' lang='lat' dir='ltr'>DicitEcclesiastes</span> <span class='ocrx_word' id='word_1_756' title='bbox 3030 4679 3042 4707; x_wconf 88' lang='lat'><strong>:</strong></span> <span class='ocrx_word' id='word_1_757' title='bbox 3072 4656 3290 4712; x_wconf 87' lang='lat' dir='ltr'>Vanitas</span> <span class='ocrx_word' id='word_1_758' title='bbox 3319 4661 3648 4729; x_wconf 84' lang='lat' dir='ltr'>vanitatum,</span> 
     </span>
    </p>
   </div>
   <div class='ocr_carea' id='block_1_96' title="bbox 211 4734 1888 4808">
    <p class='ocr_par' dir='ltr' id='par_1_96' title="bbox 211 4734 1888 4808">
     <span class='ocr_line' id='line_1_96' title="bbox 211 4734 1888 4808; baseline -0.002 -17"><span class='ocrx_word' id='word_1_759' title='bbox 211 4736 413 4793; x_wconf 83' lang='lat' dir='ltr'>aliam</span> <span class='ocrx_word' id='word_1_760' title='bbox 447 4736 824 4804; x_wconf 89' lang='lat' dir='ltr'>sententiam,</span> <span class='ocrx_word' id='word_1_761' title='bbox 857 4753 974 4808; x_wconf 90' lang='lat' dir='ltr'>qua</span> <span class='ocrx_word' id='word_1_762' title='bbox 1004 4736 1261 4790; x_wconf 87' lang='lat' dir='ltr'>diximus</span> <span class='ocrx_word' id='word_1_763' title='bbox 1292 4734 1501 4789; x_wconf 87' lang='lat' dir='ltr'>modus</span> <span class='ocrx_word' id='word_1_764' title='bbox 1529 4734 1803 4805; x_wconf 86' lang='lat' dir='ltr'>loquendi</span> <span class='ocrx_word' id='word_1_765' title='bbox 1832 4738 1888 4790; x_wconf 91' lang='lat' dir='ltr'>et</span> 
     </span>
    </p>
   </div>
   <div class='ocr_carea' id='block_1_97' title="bbox 212 4823 1886 4895">
    <p class='ocr_par' dir='ltr' id='par_1_97' title="bbox 212 4823 1886 4895">
     <span class='ocr_line' id='line_1_97' title="bbox 212 4823 1886 4895; baseline -0.002 -14"><span class='ocrx_word' id='word_1_766' title='bbox 212 4827 480 4881; x_wconf 88' lang='lat' dir='ltr'>modum</span> <span class='ocrx_word' id='word_1_767' title='bbox 531 4824 779 4895; x_wconf 86' lang='lat' dir='ltr'>tacendi,</span> <span class='ocrx_word' id='word_1_768' title='bbox 815 4825 1055 4880; x_wconf 86' lang='lat' dir='ltr'>ostende</span> <span class='ocrx_word' id='word_1_769' title='bbox 1105 4823 1248 4878; x_wconf 89' lang='lat' dir='ltr'>mihi</span> <span class='ocrx_word' id='word_1_770' title='bbox 1298 4840 1609 4878; x_wconf 90' lang='lat' dir='ltr'>numerum</span> <span class='ocrx_word' id='word_1_771' title='bbox 1660 4824 1886 4879; x_wconf 91' lang='lat' dir='ltr'>dierum</span> 
     </span>
    </p>
   </div>
   <div class='ocr_carea' id='block_1_98' title="bbox 211 4911 1887 4984">
    <p class='ocr_par' dir='ltr' id='par_1_98' title="bbox 211 4911 1887 4984">
     <span class='ocr_line' id='line_1_98' title="bbox 211 4911 1887 4984; baseline -0.002 -14"><span class='ocrx_word' id='word_1_772' title='bbox 211 4930 525 4979; x_wconf 82' lang='lat' dir='ltr'>meorum,</span> <span class='ocrx_word' id='word_1_773' title='bbox 558 4914 617 4968; x_wconf 92' lang='lat' dir='ltr'>id</span> <span class='ocrx_word' id='word_1_774' title='bbox 665 4918 774 4981; x_wconf 90' lang='lat' dir='ltr'>est,</span> <span class='ocrx_word' id='word_1_775' title='bbox 808 4913 1346 4984; x_wconf 87' lang='lat' dir='ltr'>compensationem</span> <span class='ocrx_word' id='word_1_776' title='bbox 1397 4911 1558 4966; x_wconf 91' lang='lat' dir='ltr'>illius</span> <span class='ocrx_word' id='word_1_777' title='bbox 1607 4912 1887 4983; x_wconf 89' lang='lat' dir='ltr'>temporis</span> 
     </span>
    </p>
   </div>
   <div class='ocr_carea' id='block_1_99' title="bbox 216 5000 1887 5075">
    <p class='ocr_par' dir='ltr' id='par_1_99' title="bbox 216 5000 1887 5075">
     <span class='ocr_line' id='line_1_99' title="bbox 216 5000 1887 5075; baseline -0.002 -16"><span class='ocrx_word' id='word_1_778' title='bbox 216 5004 391 5075; x_wconf 87' lang='lat' dir='ltr'>quod</span> <span class='ocrx_word' id='word_1_779' title='bbox 425 5019 555 5057; x_wconf 77' lang='lat' dir='ltr'>vere</span> <span class='ocrx_word' id='word_1_780' title='bbox 587 5007 698 5068; x_wconf 92' lang='lat' dir='ltr'>est,</span> <span class='ocrx_word' id='word_1_781' title='bbox 724 5008 788 5058; x_wconf 91' lang='lat' dir='ltr'>ut</span> <span class='ocrx_word' id='word_1_782' title='bbox 818 5002 998 5074; x_wconf 86' lang='lat' dir='ltr'>hujus</span> <span class='ocrx_word' id='word_1_783' title='bbox 1029 5001 1503 5073; x_wconf 90' lang='lat' dir='ltr'>compensatione</span> <span class='ocrx_word' id='word_1_784' title='bbox 1532 5000 1713 5057; x_wconf 89' lang='lat' dir='ltr'>sciam</span> <span class='ocrx_word' id='word_1_785' title='bbox 1747 5001 1887 5071; x_wconf 92' lang='lat' dir='ltr'>quid</span> 
     </span>
    </p>
   </div>
   <div class='ocr_carea' id='block_1_100' title="bbox 212 5089 1889 5165">
    <p class='ocr_par' dir='ltr' id='par_1_100' title="bbox 212 5089 1889 5165">
     <span class='ocr_line' id='line_1_100' title="bbox 212 5089 1889 5165; baseline -0.001 -18"><span class='ocrx_word' id='word_1_786' title='bbox 212 5090 621 5165; x_wconf 88' lang='lat' dir='ltr'>loquendum,</span> <span class='ocrx_word' id='word_1_787' title='bbox 657 5092 753 5157; x_wconf 88' lang='lat' dir='ltr'>sit,</span> <span class='ocrx_word' id='word_1_788' title='bbox 787 5096 844 5147; x_wconf 93' lang='lat' dir='ltr'>et</span> <span class='ocrx_word' id='word_1_789' title='bbox 883 5092 1119 5163; x_wconf 90' lang='lat' dir='ltr'>quibus,</span> <span class='ocrx_word' id='word_1_790' title='bbox 1154 5096 1209 5145; x_wconf 89' lang='lat' dir='ltr'>et</span> <span class='ocrx_word' id='word_1_791' title='bbox 1259 5089 1398 5162; x_wconf 91' lang='lat' dir='ltr'>quid</span> <span class='ocrx_word' id='word_1_792' title='bbox 1433 5107 1545 5145; x_wconf 90' lang='lat' dir='ltr'>non</span> <span class='ocrx_word' id='word_1_793' title='bbox 1582 5107 1594 5145; x_wconf 89' lang='lat'><strong><em>:</em></strong></span> <span class='ocrx_word' id='word_1_794' title='bbox 1632 5089 1717 5145; x_wconf 91' lang='lat' dir='ltr'>vel</span> <span class='ocrx_word' id='word_1_795' title='bbox 1749 5091 1889 5145; x_wconf 91' lang='lat' dir='ltr'>doce</span> 
     </span>
    </p>
   </div>
   <div class='ocr_carea' id='block_1_101' title="bbox 217 5178 1890 5251">
    <p class='ocr_par' dir='ltr' id='par_1_101' title="bbox 217 5178 1890 5251">
     <span class='ocr_line' id='line_1_101' title="bbox 217 5178 1890 5251; baseline -0.001 -15"><span class='ocrx_word' id='word_1_796' title='bbox 217 5197 317 5237; x_wconf 88' lang='lat' dir='ltr'>me</span> <span class='ocrx_word' id='word_1_797' title='bbox 355 5196 595 5251; x_wconf 90' lang='lat' dir='ltr'>semper</span> <span class='ocrx_word' id='word_1_798' title='bbox 625 5182 862 5236; x_wconf 88' lang='lat' dir='ltr'>tendere</span> <span class='ocrx_word' id='word_1_799' title='bbox 894 5182 965 5236; x_wconf 91' lang='lat' dir='ltr'>ad</span> <span class='ocrx_word' id='word_1_800' title='bbox 998 5181 1129 5236; x_wconf 90' lang='lat' dir='ltr'>illos</span> <span class='ocrx_word' id='word_1_801' title='bbox 1162 5180 1304 5243; x_wconf 88' lang='lat' dir='ltr'>dies,</span> <span class='ocrx_word' id='word_1_802' title='bbox 1340 5180 1441 5251; x_wconf 90' lang='lat' dir='ltr'>qui</span> <span class='ocrx_word' id='word_1_803' title='bbox 1474 5183 1633 5245; x_wconf 90' lang='lat' dir='ltr'>sunt,</span> <span class='ocrx_word' id='word_1_804' title='bbox 1667 5184 1732 5234; x_wconf 90' lang='lat' dir='ltr'>ut</span> <span class='ocrx_word' id='word_1_805' title='bbox 1761 5178 1890 5234; x_wconf 73' lang='grc'>1110-</span> 
     </span>
    </p>
   </div>
   <div class='ocr_carea' id='block_1_102' title="bbox 214 5269 1889 5342">
    <p class='ocr_par' dir='ltr' id='par_1_102' title="bbox 214 5269 1889 5342">
     <span class='ocr_line' id='line_1_102' title="bbox 214 5269 1889 5342; baseline -0.002 -17"><span class='ocrx_word' id='word_1_806' title='bbox 214 5287 364 5326; x_wconf 83' lang='lat' dir='ltr'>rum</span> <span class='ocrx_word' id='word_1_807' title='bbox 404 5271 883 5341; x_wconf 85' lang='lat' dir='ltr'>compensatione</span> <span class='ocrx_word' id='word_1_808' title='bbox 913 5288 1016 5342; x_wconf 92' lang='lat' dir='ltr'>pro</span> <span class='ocrx_word' id='word_1_809' title='bbox 1049 5269 1228 5324; x_wconf 92' lang='lat' dir='ltr'>nihilo</span> <span class='ocrx_word' id='word_1_810' title='bbox 1246 5270 1452 5323; x_wconf 84' lang='lat' dir='ltr'>ducam</span> <span class='ocrx_word' id='word_1_811' title='bbox 1476 5269 1763 5340; x_wconf 89' lang='lat' dir='ltr'>quidquid</span> <span class='ocrx_word' id='word_1_812' title='bbox 1789 5285 1889 5339; x_wconf 87' lang='lat' dir='ltr'>pa-</span> 
     </span>
    </p>
   </div>
   <div class='ocr_carea' id='block_1_103' title="bbox 212 5356 1889 5430">
    <p class='ocr_par' dir='ltr' id='par_1_103' title="bbox 212 5356 1889 5430">
     <span class='ocr_line' id='line_1_103' title="bbox 212 5356 1889 5430; baseline -0.002 -17"><span class='ocrx_word' id='word_1_813' title='bbox 212 5358 344 5414; x_wconf 87' lang='lat' dir='ltr'>tior</span> <span class='ocrx_word' id='word_1_814' title='bbox 381 5357 444 5411; x_wconf 90' lang='lat' dir='ltr'>in</span> <span class='ocrx_word' id='word_1_815' title='bbox 478 5357 572 5412; x_wconf 87' lang='lat' dir='ltr'>his</span> <span class='ocrx_word' id='word_1_816' title='bbox 603 5358 809 5414; x_wconf 88' lang='lat' dir='ltr'>diebus</span> <span class='ocrx_word' id='word_1_817' title='bbox 843 5360 940 5430; x_wconf 91' lang='lat' dir='ltr'>qui</span> <span class='ocrx_word' id='word_1_818' title='bbox 975 5376 1089 5413; x_wconf 92' lang='lat' dir='ltr'>non</span> <span class='ocrx_word' id='word_1_819' title='bbox 1120 5362 1279 5412; x_wconf 91' lang='lat' dir='ltr'>sunt.</span> <span class='ocrx_word' id='word_1_820' title='bbox 1313 5357 1398 5410; x_wconf 86' lang='lat' dir='ltr'>Ad</span> <span class='ocrx_word' id='word_1_821' title='bbox 1441 5356 1546 5411; x_wconf 90' lang='lat' dir='ltr'>hoc</span> <span class='ocrx_word' id='word_1_822' title='bbox 1580 5356 1747 5410; x_wconf 90' lang='lat' dir='ltr'>illum</span> <span class='ocrx_word' id='word_1_823' title='bbox 1782 5374 1889 5410; x_wconf 92' lang='lat' dir='ltr'>nu-</span> 
     </span>
    </p>
   </div>
   <div class='ocr_carea' id='block_1_104' title="bbox 210 5444 1889 5519">
    <p class='ocr_par' dir='ltr' id='par_1_104' title="bbox 210 5444 1889 5519">
     <span class='ocr_line' id='line_1_104' title="bbox 210 5444 1889 5519; baseline -0.003 -16"><span class='ocrx_word' id='word_1_824' title='bbox 210 5463 468 5503; x_wconf 85' lang='lat' dir='ltr'>merum</span> <span class='ocrx_word' id='word_1_825' title='bbox 495 5447 825 5515; x_wconf 86' lang='lat' dir='ltr'>ostende,ut</span> <span class='ocrx_word' id='word_1_826' title='bbox 844 5450 1019 5503; x_wconf 86' lang='lat' dir='ltr'>scium</span> <span class='ocrx_word' id='word_1_827' title='bbox 1039 5447 1169 5519; x_wconf 88' lang='lat' dir='ltr'>quid</span> <span class='ocrx_word' id='word_1_828' title='bbox 1186 5444 1723 5500; x_wconf 56' lang='lat' dir='ltr'>desitmihimcilicet</span> <span class='ocrx_word' id='word_1_829' title='bbox 1744 5461 1889 5515; x_wconf 78' lang='lat' dir='ltr'>prae-</span> 
     </span>
    </p>
   </div>
   <div class='ocr_carea' id='block_1_105' title="bbox 213 5534 1887 5607">
    <p class='ocr_par' dir='ltr' id='par_1_105' title="bbox 213 5534 1887 5607">
     <span class='ocr_line' id='line_1_105' title="bbox 213 5534 1887 5607; baseline -0.004 -14"><span class='ocrx_word' id='word_1_830' title='bbox 213 5535 429 5593; x_wconf 84' lang='lat' dir='ltr'>sentia</span> <span class='ocrx_word' id='word_1_831' title='bbox 459 5539 581 5599; x_wconf 87' lang='lat' dir='ltr'>tua,</span> <span class='ocrx_word' id='word_1_832' title='bbox 616 5537 755 5607; x_wconf 89' lang='lat' dir='ltr'>quia</span> <span class='ocrx_word' id='word_1_833' title='bbox 782 5554 930 5593; x_wconf 87' lang='lat' dir='ltr'>nunc</span> <span class='ocrx_word' id='word_1_834' title='bbox 958 5551 1214 5605; x_wconf 88' lang='lat' dir='ltr'>cognosco</span> <span class='ocrx_word' id='word_1_835' title='bbox 1238 5550 1309 5588; x_wconf 75' lang='lat' dir='ltr'>ex</span> <span class='ocrx_word' id='word_1_836' title='bbox 1335 5539 1496 5603; x_wconf 83' lang='lat' dir='ltr'>parte</span> <span class='ocrx_word' id='word_1_837' title='bbox 1526 5534 1569 5603; x_wconf 87' lang='grc' dir='ltr'>(Ι</span> <span class='ocrx_word' id='word_1_838' title='bbox 1592 5534 1710 5587; x_wconf 85' lang='lat' dir='ltr'>Cor.</span> <span class='ocrx_word' id='word_1_839' title='bbox 1746 5534 1887 5603; x_wconf 84' lang='lat' dir='ltr'>xm).</span> 
     </span>
    </p>
   </div>
   <div class='ocr_carea' id='block_1_106' title="bbox 211 5629 1892 5698">
    <p class='ocr_par' dir='ltr' id='par_1_106' title="bbox 211 5629 1892 5698">
     <span class='ocr_line' id='line_1_106' title="bbox 211 5629 1892 5698; baseline -0.001 -9"><span class='ocrx_word' id='word_1_840' title='bbox 211 5635 349 5690; x_wconf 84' lang='lat' dir='ltr'>Hoc</span> <span class='ocrx_word' id='word_1_841' title='bbox 389 5632 549 5688; x_wconf 89' lang='lat' dir='ltr'>enim</span> <span class='ocrx_word' id='word_1_842' title='bbox 582 5634 744 5690; x_wconf 90' lang='lat' dir='ltr'>deest</span> <span class='ocrx_word' id='word_1_843' title='bbox 774 5635 913 5690; x_wconf 90' lang='lat' dir='ltr'>mihi</span> <span class='ocrx_word' id='word_1_844' title='bbox 948 5635 1041 5690; x_wconf 89' lang='lat' dir='ltr'>hic</span> <span class='ocrx_word' id='word_1_845' title='bbox 1086 5632 1393 5698; x_wconf 89' lang='lat' dir='ltr'>laboranti,</span> <span class='ocrx_word' id='word_1_846' title='bbox 1427 5630 1521 5685; x_wconf 90' lang='lat' dir='ltr'>hic</span> <span class='ocrx_word' id='word_1_847' title='bbox 1551 5634 1639 5686; x_wconf 89' lang='lat' dir='ltr'>est</span> <span class='ocrx_word' id='word_1_848' title='bbox 1670 5629 1765 5686; x_wconf 89' lang='lat' dir='ltr'>ille</span> <span class='ocrx_word' id='word_1_849' title='bbox 1799 5632 1892 5687; x_wconf 87' lang='lat' dir='ltr'>de-</span> 
     </span>
    </p>
   </div>
   <div class='ocr_carea' id='block_1_107' title="bbox 215 5721 1891 5795">
    <p class='ocr_par' dir='ltr' id='par_1_107' title="bbox 215 5721 1891 5795">
     <span class='ocr_line' id='line_1_107' title="bbox 215 5721 1891 5795; baseline -0.001 -16"><span class='ocrx_word' id='word_1_850' title='bbox 215 5722 448 5779; x_wconf 84' lang='lat' dir='ltr'>narius</span> <span class='ocrx_word' id='word_1_851' title='bbox 481 5738 493 5776; x_wconf 90' lang='lat'><strong>:</strong></span> <span class='ocrx_word' id='word_1_852' title='bbox 530 5726 588 5779; x_wconf 90' lang='lat' dir='ltr'>et</span> <span class='ocrx_word' id='word_1_853' title='bbox 620 5725 882 5795; x_wconf 88' lang='lat' dir='ltr'>quandiu</span> <span class='ocrx_word' id='word_1_854' title='bbox 907 5724 1051 5780; x_wconf 88' lang='lat' dir='ltr'>mihi</span> <span class='ocrx_word' id='word_1_855' title='bbox 1075 5725 1255 5794; x_wconf 87' lang='lat' dir='ltr'>deest,</span> <span class='ocrx_word' id='word_1_856' title='bbox 1284 5738 1399 5778; x_wconf 91' lang='lat' dir='ltr'>non</span> <span class='ocrx_word' id='word_1_857' title='bbox 1432 5738 1524 5776; x_wconf 89' lang='lat' dir='ltr'>me</span> <span class='ocrx_word' id='word_1_858' title='bbox 1554 5721 1681 5775; x_wconf 92' lang='lat' dir='ltr'>dico</span> <span class='ocrx_word' id='word_1_859' title='bbox 1704 5721 1891 5793; x_wconf 83' lang='lat' dir='ltr'>perfe-</span> 
     </span>
    </p>
   </div>
   <div class='ocr_carea' id='block_1_108' title="bbox 1996 4742 3653 4822">
    <p class='ocr_par' dir='ltr' id='par_1_108' title="bbox 1996 4742 3653 4822">
     <span class='ocr_line' id='line_1_108' title="bbox 1996 4742 3653 4822; baseline 0.005 -23"><span class='ocrx_word' id='word_1_860' title='bbox 1996 4752 2046 4799; x_wconf 84' lang='lat' dir='ltr'>et</span> <span class='ocrx_word' id='word_1_861' title='bbox 2073 4745 2261 4799; x_wconf 88' lang='lat' dir='ltr'>omnia</span> <span class='ocrx_word' id='word_1_862' title='bbox 2292 4746 2523 4798; x_wconf 88' lang='lat' dir='ltr'>vanitas.</span> <span class='ocrx_word' id='word_1_863' title='bbox 2560 4742 2711 4815; x_wconf 82' lang='lat' dir='ltr'>Quid</span> <span class='ocrx_word' id='word_1_864' title='bbox 2739 4743 2899 4797; x_wconf 86' lang='lat' dir='ltr'>habet</span> <span class='ocrx_word' id='word_1_865' title='bbox 2929 4746 3165 4815; x_wconf 85' lang='lat' dir='ltr'>amplius</span> <span class='ocrx_word' id='word_1_866' title='bbox 3215 4748 3269 4801; x_wconf 90' lang='lat' dir='ltr'>in</span> <span class='ocrx_word' id='word_1_867' title='bbox 3304 4749 3464 4804; x_wconf 91' lang='lat' dir='ltr'>omni</span> <span class='ocrx_word' id='word_1_868' title='bbox 3492 4766 3653 4822; x_wconf 84' lang='lat' dir='ltr'>opere</span> 
     </span>
    </p>
   </div>
   <div class='ocr_carea' id='block_1_109' title="bbox 1995 4832 3655 4907">
    <p class='ocr_par' dir='ltr' id='par_1_109' title="bbox 1995 4832 3655 4907">
     <span class='ocr_line' id='line_1_109' title="bbox 1995 4832 3655 4907; baseline 0.004 -20"><span class='ocrx_word' id='word_1_869' title='bbox 1995 4848 2115 4899; x_wconf 89' lang='lat' dir='ltr'>suo,</span> <span class='ocrx_word' id='word_1_870' title='bbox 2140 4849 2504 4904; x_wconf 84' lang='lat' dir='ltr'>quaecunque</span> <span class='ocrx_word' id='word_1_871' title='bbox 2528 4833 2742 4887; x_wconf 83' lang='lat' dir='ltr'>laborat</span> <span class='ocrx_word' id='word_1_872' title='bbox 2763 4832 2919 4887; x_wconf 88' lang='lat' dir='ltr'>homo</span> <span class='ocrx_word' id='word_1_873' title='bbox 2940 4834 3043 4889; x_wconf 89' lang='lat' dir='ltr'>sub</span> <span class='ocrx_word' id='word_1_874' title='bbox 3061 4836 3177 4891; x_wconf 87' lang='lat' dir='ltr'>sole</span> <span class='ocrx_word' id='word_1_875' title='bbox 3198 4836 3399 4907; x_wconf 83' lang='lat' dir='ltr'>(Eccle.</span> <span class='ocrx_word' id='word_1_876' title='bbox 3425 4841 3497 4907; x_wconf 82' lang='lat'>1)?</span> <span class='ocrx_word' id='word_1_877' title='bbox 3523 4840 3655 4894; x_wconf 86' lang='lat' dir='ltr'>sub-</span> 
     </span>
    </p>
   </div>
   <div class='ocr_carea' id='block_1_110' title="bbox 1990 4920 3653 4997">
    <p class='ocr_par' dir='ltr' id='par_1_110' title="bbox 1990 4920 3653 4997">
     <span class='ocr_line' id='line_1_110' title="bbox 1990 4920 3653 4997; baseline 0.002 -21"><span class='ocrx_word' id='word_1_878' title='bbox 1990 4922 2313 4993; x_wconf 87' lang='lat' dir='ltr'>jacetenim</span> <span class='ocrx_word' id='word_1_879' title='bbox 2330 4922 2537 4977; x_wconf 87' lang='lat' dir='ltr'>merito</span> <span class='ocrx_word' id='word_1_880' title='bbox 2561 4920 2779 4992; x_wconf 87' lang='lat' dir='ltr'>peccati</span> <span class='ocrx_word' id='word_1_881' title='bbox 2806 4922 3162 4979; x_wconf 73' lang='lat' dir='ltr'>multimoda:</span> <span class='ocrx_word' id='word_1_882' title='bbox 3183 4927 3423 4982; x_wconf 88' lang='lat' dir='ltr'>vanitati</span> <span class='ocrx_word' id='word_1_883' title='bbox 3453 4945 3465 4994; x_wconf 92' lang='lat'>;</span> <span class='ocrx_word' id='word_1_884' title='bbox 3491 4927 3653 4997; x_wconf 89' lang='lat' dir='ltr'>cupit</span> 
     </span>
    </p>
   </div>
   <div class='ocr_carea' id='block_1_111' title="bbox 1998 5009 3653 5084">
    <p class='ocr_par' dir='ltr' id='par_1_111' title="bbox 1998 5009 3653 5084">
     <span class='ocr_line' id='line_1_111' title="bbox 1998 5009 3653 5084; baseline 0.002 -18"><span class='ocrx_word' id='word_1_885' title='bbox 1998 5009 2154 5066; x_wconf 89' lang='lat' dir='ltr'>enim</span> <span class='ocrx_word' id='word_1_886' title='bbox 2187 5011 2461 5076; x_wconf 89' lang='lat' dir='ltr'>dormire,</span> <span class='ocrx_word' id='word_1_887' title='bbox 2482 5010 2961 5081; x_wconf 84' lang='lat' dir='ltr'>vigilare,esurit,</span> <span class='ocrx_word' id='word_1_888' title='bbox 2978 5014 3195 5081; x_wconf 90' lang='lat' dir='ltr'>sitit,et</span> <span class='ocrx_word' id='word_1_889' title='bbox 3224 5020 3431 5071; x_wconf 65' lang='lat' dir='ltr'>cistera</span> <span class='ocrx_word' id='word_1_890' title='bbox 3450 5015 3653 5084; x_wconf 87' lang='lat' dir='ltr'>hujus-</span> 
     </span>
    </p>
   </div>
   <div class='ocr_carea' id='block_1_112' title="bbox 2000 5099 3654 5174">
    <p class='ocr_par' dir='ltr' id='par_1_112' title="bbox 2000 5099 3654 5174">
     <span class='ocr_line' id='line_1_112' title="bbox 2000 5099 3654 5174; baseline 0.004 -21"><span class='ocrx_word' id='word_1_891' title='bbox 2000 5099 2323 5171; x_wconf 72' lang='lat' dir='ltr'>modi,quae</span> <span class='ocrx_word' id='word_1_892' title='bbox 2353 5099 2551 5154; x_wconf 89' lang='lat' dir='ltr'>omnia</span> <span class='ocrx_word' id='word_1_893' title='bbox 2572 5115 2719 5153; x_wconf 88' lang='lat' dir='ltr'>vana</span> <span class='ocrx_word' id='word_1_894' title='bbox 2741 5106 2898 5156; x_wconf 90' lang='lat' dir='ltr'>sunt.</span> <span class='ocrx_word' id='word_1_895' title='bbox 2926 5104 3296 5159; x_wconf 86' lang='lat' dir='ltr'>Verumtamen</span> <span class='ocrx_word' id='word_1_896' title='bbox 3331 5105 3391 5159; x_wconf 86' lang='lat' dir='ltr'>in</span> <span class='ocrx_word' id='word_1_897' title='bbox 3407 5105 3654 5174; x_wconf 85' lang='lat' dir='ltr'>imagine</span> 
     </span>
    </p>
   </div>
   <div class='ocr_carea' id='block_1_113' title="bbox 1995 5187 3651 5261">
    <p class='ocr_par' dir='ltr' id='par_1_113' title="bbox 1995 5187 3651 5261">
     <span class='ocr_line' id='line_1_113' title="bbox 1995 5187 3651 5261; baseline 0.004 -19"><span class='ocrx_word' id='word_1_898' title='bbox 1995 5191 2297 5260; x_wconf 82' lang='lat' dir='ltr'>pertransit</span> <span class='ocrx_word' id='word_1_899' title='bbox 2327 5188 2506 5258; x_wconf 87' lang='lat' dir='ltr'>homo,</span> <span class='ocrx_word' id='word_1_900' title='bbox 2532 5187 2588 5241; x_wconf 92' lang='lat' dir='ltr'>id</span> <span class='ocrx_word' id='word_1_901' title='bbox 2620 5192 2729 5253; x_wconf 88' lang='lat' dir='ltr'>est,</span> <span class='ocrx_word' id='word_1_902' title='bbox 2756 5190 3024 5259; x_wconf 81' lang='lat' dir='ltr'>quamvis</span> <span class='ocrx_word' id='word_1_903' title='bbox 3056 5192 3114 5245; x_wconf 94' lang='lat' dir='ltr'>in</span> <span class='ocrx_word' id='word_1_904' title='bbox 3146 5191 3239 5247; x_wconf 90' lang='lat' dir='ltr'>his</span> <span class='ocrx_word' id='word_1_905' title='bbox 3260 5210 3382 5261; x_wconf 62' lang='lat' dir='ltr'>quas</span> <span class='ocrx_word' id='word_1_906' title='bbox 3402 5193 3511 5247; x_wconf 89' lang='lat' dir='ltr'>sub</span> <span class='ocrx_word' id='word_1_907' title='bbox 3530 5192 3651 5248; x_wconf 90' lang='lat' dir='ltr'>sole</span> 
     </span>
    </p>
   </div>
   <div class='ocr_carea' id='block_1_114' title="bbox 1999 5275 3653 5353">
    <p class='ocr_par' dir='ltr' id='par_1_114' title="bbox 1999 5275 3653 5353">
     <span class='ocr_line' id='line_1_114' title="bbox 1999 5275 3653 5353; baseline 0.004 -22"><span class='ocrx_word' id='word_1_908' title='bbox 1999 5276 2194 5343; x_wconf 88' lang='lat' dir='ltr'>habet,</span> <span class='ocrx_word' id='word_1_909' title='bbox 2229 5275 2468 5330; x_wconf 83' lang='lat' dir='ltr'>vanitati</span> <span class='ocrx_word' id='word_1_910' title='bbox 2502 5277 2838 5346; x_wconf 71' lang='lat' dir='ltr'>subiaceat;</span> <span class='ocrx_word' id='word_1_911' title='bbox 2879 5282 3069 5333; x_wconf 89' lang='lat' dir='ltr'>tamen</span> <span class='ocrx_word' id='word_1_912' title='bbox 3102 5279 3160 5334; x_wconf 90' lang='lat' dir='ltr'>in</span> <span class='ocrx_word' id='word_1_913' title='bbox 3194 5280 3287 5336; x_wconf 91' lang='lat' dir='ltr'>his</span> <span class='ocrx_word' id='word_1_914' title='bbox 3318 5298 3445 5352; x_wconf 68' lang='lat' dir='ltr'>qua:</span> <span class='ocrx_word' id='word_1_915' title='bbox 3472 5298 3653 5353; x_wconf 87' lang='lat' dir='ltr'>supra</span> 
     </span>
    </p>
   </div>
   <div class='ocr_carea' id='block_1_115' title="bbox 2002 5365 3655 5441">
    <p class='ocr_par' dir='ltr' id='par_1_115' title="bbox 2002 5365 3655 5441">
     <span class='ocr_line' id='line_1_115' title="bbox 2002 5365 3655 5441; baseline 0.002 -20"><span class='ocrx_word' id='word_1_916' title='bbox 2002 5366 2185 5421; x_wconf 89' lang='lat' dir='ltr'>solem</span> <span class='ocrx_word' id='word_1_917' title='bbox 2220 5365 2414 5431; x_wconf 89' lang='lat' dir='ltr'>habet,</span> <span class='ocrx_word' id='word_1_918' title='bbox 2450 5381 2562 5419; x_wconf 89' lang='lat' dir='ltr'>non</span> <span class='ocrx_word' id='word_1_919' title='bbox 2599 5367 2863 5437; x_wconf 85' lang='lat' dir='ltr'>subjacet</span> <span class='ocrx_word' id='word_1_920' title='bbox 2895 5367 3156 5439; x_wconf 69' lang='lat' dir='ltr'>vanitati,</span> <span class='ocrx_word' id='word_1_921' title='bbox 3185 5368 3322 5440; x_wconf 91' lang='lat' dir='ltr'>quia</span> <span class='ocrx_word' id='word_1_922' title='bbox 3349 5372 3655 5441; x_wconf 84' lang='lat' dir='ltr'>pertransit</span> 
     </span>
    </p>
   </div>
   <div class='ocr_carea' id='block_1_116' title="bbox 2000 5453 3654 5525">
    <p class='ocr_par' dir='ltr' id='par_1_116' title="bbox 2000 5453 3654 5525">
     <span class='ocr_line' id='line_1_116' title="bbox 2000 5453 3654 5525; baseline 0.003 -16"><span class='ocrx_word' id='word_1_923' title='bbox 2000 5457 2178 5523; x_wconf 85' lang='lat' dir='ltr'>homo,</span> <span class='ocrx_word' id='word_1_924' title='bbox 2210 5455 2266 5508; x_wconf 88' lang='lat' dir='ltr'>id</span> <span class='ocrx_word' id='word_1_925' title='bbox 2302 5458 2390 5509; x_wconf 87' lang='lat' dir='ltr'>est</span> <span class='ocrx_word' id='word_1_926' title='bbox 2420 5453 2578 5520; x_wconf 87' lang='lat' dir='ltr'>vivit,</span> <span class='ocrx_word' id='word_1_927' title='bbox 2613 5454 2701 5509; x_wconf 85' lang='lat' dir='ltr'>vel</span> <span class='ocrx_word' id='word_1_928' title='bbox 2728 5459 3033 5525; x_wconf 86' lang='lat' dir='ltr'>pertransit</span> <span class='ocrx_word' id='word_1_929' title='bbox 3067 5456 3214 5513; x_wconf 89' lang='lat' dir='ltr'>hanc</span> <span class='ocrx_word' id='word_1_930' title='bbox 3245 5459 3561 5515; x_wconf 79' lang='lat' dir='ltr'>vanitatem</span> <span class='ocrx_word' id='word_1_931' title='bbox 3594 5461 3654 5515; x_wconf 86' lang='lat' dir='ltr'>in</span> 
     </span>
    </p>
   </div>
   <div class='ocr_carea' id='block_1_117' title="bbox 2002 5542 3649 5620">
    <p class='ocr_par' dir='ltr' id='par_1_117' title="bbox 2002 5542 3649 5620">
     <span class='ocr_line' id='line_1_117' title="bbox 2002 5542 3649 5620; baseline 0.003 -21"><span class='ocrx_word' id='word_1_932' title='bbox 2002 5544 2270 5613; x_wconf 64' lang='lat' dir='ltr'>imagine,</span> <span class='ocrx_word' id='word_1_933' title='bbox 2306 5543 2361 5596; x_wconf 90' lang='lat' dir='ltr'>id</span> <span class='ocrx_word' id='word_1_934' title='bbox 2395 5546 2502 5610; x_wconf 88' lang='lat' dir='ltr'>est,</span> <span class='ocrx_word' id='word_1_935' title='bbox 2538 5542 2596 5596; x_wconf 90' lang='lat' dir='ltr'>in</span> <span class='ocrx_word' id='word_1_936' title='bbox 2628 5558 2694 5597; x_wconf 93' lang='lat' dir='ltr'>eo</span> <span class='ocrx_word' id='word_1_937' title='bbox 2746 5544 2901 5614; x_wconf 87' lang='lat' dir='ltr'>quod</span> <span class='ocrx_word' id='word_1_938' title='bbox 2936 5545 3199 5601; x_wconf 84' lang='lat' dir='ltr'>imitatur</span> <span class='ocrx_word' id='word_1_939' title='bbox 3228 5547 3547 5620; x_wconf 88' lang='lat' dir='ltr'>imaginem</span> <span class='ocrx_word' id='word_1_940' title='bbox 3579 5550 3649 5604; x_wconf 90' lang='lat' dir='ltr'>ad</span> 
     </span>
    </p>
   </div>
   <div class='ocr_carea' id='block_1_118' title="bbox 2002 5631 3655 5710">
    <p class='ocr_par' dir='ltr' id='par_1_118' title="bbox 2002 5631 3655 5710">
     <span class='ocr_line' id='line_1_118' title="bbox 2002 5631 3655 5710; baseline 0.004 -23"><span class='ocrx_word' id='word_1_941' title='bbox 2002 5650 2178 5704; x_wconf 90' lang='lat' dir='ltr'>quam</span> <span class='ocrx_word' id='word_1_942' title='bbox 2212 5635 2440 5687; x_wconf 88' lang='lat' dir='ltr'>creatus</span> <span class='ocrx_word' id='word_1_943' title='bbox 2468 5631 2648 5697; x_wconf 88' lang='lat' dir='ltr'>est,id</span> <span class='ocrx_word' id='word_1_944' title='bbox 2681 5638 2771 5687; x_wconf 91' lang='lat' dir='ltr'>est</span> <span class='ocrx_word' id='word_1_945' title='bbox 2804 5633 3109 5699; x_wconf 83' lang='lat' dir='ltr'>rationem,</span> <span class='ocrx_word' id='word_1_946' title='bbox 3132 5634 3347 5699; x_wconf 87' lang='lat' dir='ltr'>scilicet</span> <span class='ocrx_word' id='word_1_947' title='bbox 3370 5653 3502 5692; x_wconf 89' lang='lat' dir='ltr'>cum</span> <span class='ocrx_word' id='word_1_948' title='bbox 3528 5654 3655 5710; x_wconf 91' lang='lat' dir='ltr'>pro-</span> 
     </span>
    </p>
   </div>
   <div class='ocr_carea' id='block_1_119' title="bbox 2002 5720 3652 5799">
    <p class='ocr_par' dir='ltr' id='par_1_119' title="bbox 2002 5720 3652 5799">
     <span class='ocr_line' id='line_1_119' title="bbox 2002 5720 3652 5799; baseline 0.005 -23"><span class='ocrx_word' id='word_1_949' title='bbox 2002 5722 2197 5795; x_wconf 88' lang='lat' dir='ltr'>prium</span> <span class='ocrx_word' id='word_1_950' title='bbox 2220 5722 2396 5777; x_wconf 81' lang='lat' dir='ltr'>finem</span> <span class='ocrx_word' id='word_1_951' title='bbox 2422 5720 2732 5778; x_wconf 88' lang='lat' dir='ltr'>desiderat.</span> <span class='ocrx_word' id='word_1_952' title='bbox 2752 5722 2819 5778; x_wconf 91' lang='lat' dir='ltr'>Et</span> <span class='ocrx_word' id='word_1_953' title='bbox 2849 5726 3043 5780; x_wconf 86' lang='lat' dir='ltr'>tamen</span> <span class='ocrx_word' id='word_1_954' title='bbox 3066 5741 3406 5799; x_wconf 87' lang='lat' dir='ltr'>quanquam</span> <span class='ocrx_word' id='word_1_955' title='bbox 3455 5732 3652 5785; x_wconf 87' lang='lat' dir='ltr'>mente</span> 
     </span>
    </p>
   </div>
  </div>
