4016 6192
241 344 349 409 353

1349 346 1958 414 ENARRATIONES
2005 346 2081 410 IN
2126 345 2512 413 PSALMOS.

3521 349 3641 414 354

246 502 264 528 ι
296 483 381 535 tes
404 495 565 548 mem,
588 486 646 539 et
666 498 780 538 non
799 482 959 555 potui
981 483 1333 541 utviderem.
1354 482 1880 557 Multiplicatisunt
1906 485 1959 550 Α
1991 482 2157 553 duca,
2189 480 2395 537 direxit
2421 498 2637 554 gressus
2663 497 2827 552 meos,
2866 481 2925 537 id
2979 484 3086 549 est,
3148 496 3323 554 opera
3372 498 3638 541 meorum

240 592 265 618 ‹‹
294 585 469 640 super
495 569 735 643 capillos
765 572 972 644 capitis
1002 573 1115 628 mei
1148 577 1204 628 et
1233 590 1332 629 cor
1351 590 1547 629 meum
1572 573 1881 646 dereliquit

245 676 265 705 ι
296 673 406 713 me.
438 658 807 733 Complaceat
834 661 961 729 tibi,
997 663 1261 730 Domine,
1290 667 1357 718 ut
1399 681 1571 719 eruas
1603 681 1726 719 me:
1762 665 1878 719 Do—

238 768 263 795 «
294 746 469 812 mine,
485 748 556 823 ad
575 749 974 820 adjuvandum
990 768 1083 807 me
1102 752 1340 824 respice.
1361 754 1807 808 Confundantur
1824 757 1879 808 et

236 857 262 884 «
294 842 665 893 revereantur
694 839 871 893 simul
898 840 1000 912 qui
1024 846 1292 912 quarunt
1314 840 1570 897 animam
1597 858 1785 897 meam
1815 846 1879 897 ut

235 947 262 975 «
293 926 560 982 auferant
580 944 729 984 eam.
751 930 1099 985 Avertantur
1140 935 1458 986 retrorsum
1503 936 1559 986 et
1577 948 1878 986 reverean-

237 1035 263 1064 κ
291 1017 388 1069 tur
407 1015 509 1088 qui
534 1016 734 1072 volunt
759 1017 902 1075 mihi
927 1018 1100 1074 mala.
1154 1020 1364 1075 Ferant
1412 1019 1715 1075 confestim
1741 1037 1877 1075 con-

234 1126 261 1152 ‹‹
292 1104 585 1160 fusionem
617 1123 807 1177 suam,
842 1107 943 1179 qni
991 1108 1195 1164 dicunt
1254 1108 1397 1164 mihi
1426 1125 1439 1163 :
1499 1109 1680 1181 Euge,
1709 1126 1874 1182 euge.

236 1214 262 1242 ς(
290 1191 600 1250 Exsultent
639 1201 697 1250 et
729 1195 1001 1252 laetentur
1031 1214 1208 1270 super
1238 1202 1294 1253 te
1328 1214 1530 1253 omnes
1553 1205 1883 1270 quaerentes

232 1303 258 1331 ‹‹
288 1286 366 1353 te,
385 1287 443 1338 et
464 1282 695 1341 dicant:
721 1287 963 1358 Semper
991 1286 1399 1359 magnificetur
1436 1276 1750 1344 Dominus:
1776 1288 1876 1362 qui

237 1390 261 1423 ι
288 1369 544 1445 diligunt
565 1372 780 1429 slutare
803 1378 1031 1429 atuum.
1057 1374 1174 1448 Ego
1195 1380 1393 1430 autem
1418 1376 1725 1431 mendicus
1743 1393 1876 1432 sum

235 1478 259 1510 ι
287 1463 345 1514 et
375 1477 629 1534 pauper:
667 1462 947 1519 Dominus
978 1463 1265 1519 sollicitus
1316 1468 1406 1520 est
1464 1465 1598 1521 mei.
1630 1465 1880 1537 Adjutor

232 1571 252 1601 ι
282 1565 453 1605 meus
482 1554 539 1606 et
567 1555 860 1623 protector
916 1569 1085 1609 meus
1122 1556 1185 1608 tu
1242 1570 1343 1610 es:
1377 1553 1531 1610 Deus
1583 1572 1772 1619 meus,
1806 1570 1879 1611 ne

227 1659 254 1686 «
285 1638 633 1695 tardaveris.
665 1663 691 1690 ››
1312 1644 1323 1649 ‘

840 1742 1114 1806 ENARRA
1126 1751 1254 1809 T10.

292 1853 478 1910 Verus
508 1854 708 1920 David,
767 1854 824 1910 id
884 1861 975 1912 est
1030 1856 1319 1926 Christus,
1378 1862 1554 1930 caput
1585 1863 1873 1922 nostrum,
1906 1858 1953 1923 B

220 1943 480 1999 ostendit
506 1943 565 1999 in
598 1944 706 2000 hoc
729 1944 957 2017 psalmo
979 1945 1211 2001 nullum
1235 1962 1406 2018 posse
1420 1946 1738 2017 justiﬁcari
1762 1948 1875 2002 nisi

219 2046 326 2103 per
350 2030 548 2097 fidem,
579 2048 691 2088 non
715 2049 784 2088 ex
809 2033 1085 2105 operibus
1107 2034 1274 2106 legis,
1294 2051 1410 2090 non
1432 2052 1501 2091 ex
1520 2034 1704 2091 libero
1728 2036 1879 2091 arbi-

218 2119 354 2185 trio,
380 2127 447 2176 ut
468 2122 824 2195 Porphyrius
843 2122 1049 2195 voluit,
1072 2124 1177 2195 qui
1216 2124 1447 2180 dicebat
1470 2140 1585 2180 non
1608 2141 1737 2180 esse
1764 2126 1877 2180 sibi

215 2224 376 2281 Opus
403 2209 580 2265 ﬁdem
604 2212 661 2265 in
686 2211 978 2283 baptismo
998 2213 1279 2284 accipere,
1307 2213 1448 2283 quia
1476 2214 1603 2283 jam
1637 2213 1877 2268 mortiﬁ-

217 2300 398 2352 catus
427 2304 583 2353 esset
613 2298 880 2355 interius.
913 2300 983 2355 Et
1010 2300 1113 2371 qui
1143 2301 1265 2356 sint
1283 2301 1385 2373 qui
1406 2318 1508 2372 per
1526 2301 1883 2373 tidemjusti-

213 2383 500 2453 ﬁcentur,
531 2386 796 2459 exemplo
822 2405 930 2443 suo
958 2390 1278 2461 praemittit,
1310 2390 1624 2446 ostendens
1655 2390 1881 2462 patien-

214 2472 368 2528 tiam
400 2490 532 2530 esse
563 2476 977 2544 necessariam,
1001 2480 1065 2531 ut
1087 2483 1454 2549 reportemus
1476 2479 1880 2552 repromissio-

215 2577 359 2618 nes:
386 2566 516 2618 orat
538 2561 715 2619 etiam
737 2581 844 2635 pro
862 2565 1158 2637 gentibus,
1183 2566 1403 2622 Judaais
1423 2584 1526 2639 per
1548 2569 1725 2624 fidem
1746 2584 1879 2623 con-

212 2650 623 2723 corporandis,
659 2656 724 2707 ut
752 2652 855 2707 fiat
886 2670 1071 2709 unum
1102 2653 1250 2709 ovile
1279 2660 1336 2710 et
1367 2672 1520 2710 unus
1552 2661 1769 2728 pastor.

281 2740 622 2811 Exspectans
650 2743 967 2812 exspectavi
1015 2743 1334 2797 Dominum.
1386 2743 1464 2798 Ex
1496 2760 1711 2815 magna
1740 2743 1876 2799 atie-

214 2828 412 2885 ctione
441 2827 576 2884 talis
606 2829 931 2885 dictionum
964 2831 1314 2903 germinatio
1347 2831 1495 2887 solet
1524 2832 1672 2887 ﬁeri.
1702 2832 1877 2900 Quasi

216 2917 383 2974 dicat
409 2934 423 2973 :
447 2919 564 2990 Ego
590 2918 745 2986 veni,
788 2934 900 2975 non
947 2929 1007 2976 ut
1036 2921 1276 2991 facerem
1312 2921 1648 2977 voluntatem
1677 2938 1874 2990 meam,

208 3007 300 3063 sed
366 3009 485 3080 ejus
542 3008 643 3080 qui
693 3010 849 3064 misit
901 3025 988 3064 me
1043 3011 1220 3080 (Joan.
1255 3010 1372 3081 vi):
1418 3011 1569 3083 quod
1606 3017 1876 3084 oportue-

214 3102 303 3152 rat
326 3096 546 3153 fecisse
575 3097 837 3170 primum
859 3096 1157 3154 hominem
1185 3116 1198 3166 ;
1223 3097 1410 3154 habeo
1455 3100 1878 3157 misericordis-

210 3185 444 3242 simum
460 3185 1167 3259 promissorem;exspecto
1181 3186 1591 3242 ﬁdelissimum
1606 3188 1883 3244 exhibito-

211 3292 339 3331 rem
371 3299 387 3341 ;
412 3275 637 3346 prebeo
660 3291 754 3330 me
774 3274 1062 3331 humilem
1084 3279 1432 3331 exactorem.
1456 3276 1873 3346 Exspectans,id

210 3368 321 3431 est,
350 3379 493 3419 cum
513 3364 795 3436 patientia
813 3364 1206 3420 obedientiam
1228 3362 1550 3435 complens,
1571 3367 1884 3434 exspectavi

208 3454 663 3518 Dominummon
676 3451 1306 3524 quemlibetbominem
1322 3451 1880 3524 promissorem,non

208 3541 629 3616 impotentem,
643 3542 743 3598 sed
759 3542 1251 3614 omnipotentem:
1269 3541 1505 3613 qui,etsi
1524 3539 1880 3612 diﬂ‘ertquod

209 3630 515 3703 promisit,
540 3635 873 3687 nontamen
898 3630 1107 3686 aufert.
1135 3635 1205 3686 Et
1222 3629 1362 3702 quia
1382 3629 1669 3702 patienter
1686 3645 1884 3701 exspe-

213 3721 393 3786 ctavi,
456 3720 692 3775 intendit
748 3720 908 3785 mihi,
967 3718 1026 3773 id
1088 3722 1197 3786 est,
1259 3718 1509 3774 intuitus
1565 3722 1655 3775 est
1685 3719 1878 3775 mead

210 3809 542 3865 utilitatem
565 3825 774 3865 meam.
808 3807 985 3874 Quasi
1011 3808 1201 3863 dicat:
1228 3808 1314 3863 Ita
1335 3812 1393 3863 et
1410 3807 1573 3863 vobis
1598 3808 1881 3880 patientia

212 3899 556 3956 necessaria
585 3903 693 3954 est.
728 3898 920 3970 Majus
952 3901 1042 3953 est
1070 3897 1226 3968 quod
1280 3896 1444 3963 dicit,
1491 3896 1676 3953 mihi:
1709 3899 1878 3970 quasi

212 3987 462 4052 diceret,
519 4003 635 4052 me,
694 3988 834 4059 quia
889 3985 1088 4041 vultus
1123 3984 1348 4041 Domini
1376 3985 1550 4041 etiam
1582 4003 1758 4058 super
1789 3986 1874 4043 fa-

212 4075 440 4133 cientes
459 4074 632 4132 mala.
658 4076 727 4131 Et
746 4075 854 4132 hoc
875 4075 1046 4130 modo
1069 4074 1338 4130 intendit.
1362 4075 1877 4147 Exaudivitpraeces

211 4182 396 4229 meas,
455 4164 635 4222 factas
692 4182 796 4237 pro
856 4163 1111 4236 peccatis
1170 4180 1474 4219 meorum:
1519 4180 1667 4234 quas
1698 4181 1767 4219 ex
1796 4164 1881 4220 ni-

213 4255 333 4313 mia
381 4254 684 4310 affectione
714 4270 875 4309 meas
930 4252 1096 4308 dico:
1131 4251 1287 4324 quod
1346 4251 1407 4307 in
1464 4251 1573 4306 hoc
1612 4256 1874 4324 apparet,

212 4344 363 4416 quia.
386 4341 580 4398 eduxit
606 4359 694 4398 me
735 4341 800 4398 de
839 4342 962 4398 lacu
1021 4342 1285 4408 miseriae,
1347 4340 1404 4395 id
1464 4344 1573 4406 est,
1606 4342 1677 4396 de
1708 4340 1875 4413 lapsu

211 4435 595 4504 peccatorum
624 4431 826 4487 eduxit
856 4446 1018 4485 meos
1056 4446 1159 4502 per
1208 4428 1637 4485 confessionem
1668 4434 1724 4485 et
1753 4446 1876 4502 pos-

211 4520 568 4578 nitentiam:
602 4521 754 4576 lacus
778 4521 1031 4583 miseriae,
1071 4522 1159 4574 est
1180 4522 1550 4591 peccatorum
1575 4518 1879 4592 multiplex

1987 588 2113 642 quer
2147 571 2311 642 prius
2343 575 2508 626 erant
2539 572 2805 627 distorta.
2842 575 2906 627 Et
2959 572 3195 626 immisit
3248 572 3303 625 in
3338 587 3395 626 os
3425 587 3637 639 meum,

1986 660 2044 716 in
2077 676 2141 714 os
2173 659 2384 727 cordis,
2418 663 2693 716 canticum
2721 678 2943 730 novum,
2977 661 3032 716 id
3065 666 3154 716 est
3179 677 3387 717 novam
3408 660 3588 716 vitam
3620 679 3635 730 ;

1989 751 2084 822 qui
2108 751 2270 821 prius
2292 750 2608 805 cantabant
2624 751 2917 806 canticum
2944 755 3131 818 vetus,
3166 767 3321 806 nunc
3344 749 3638 807 canticum

1988 856 2222 893 novum.
2260 838 2407 893 Sicut
2436 839 2767 894 exhibuistis
2796 841 3041 895 membra
3074 845 3249 896 vestra
3294 840 3498 896 servire
3528 841 3639 897 ini-

1988 929 2189 1001 quiiaii
2212 928 2281 983 ad
2312 930 2690 999 iniquitatem,
2749 930 2827 983 ita
2884 947 3033 985 nunc
3071 931 3323 986 exhibete
3350 947 3415 986 ea
3432 933 3642 987 servire

1978 1018 2222 1087 justitiaz
2248 1020 2305 1072 in
2337 1016 2830 1087 sanctiﬁr'ationem
2888 1019 3059 1088 (Rom.
3118 1021 3220 1092 Vi),
3260 1019 3485 1076 scilicet
3510 1036 3639 1077 car-

1987 1123 2112 1160 nem
2166 1111 2284 1161 Deo
2342 1112 2546 1172 nostro,
2609 1111 2672 1160 ut
2729 1110 2882 1160 recte
2940 1106 3219 1173 viventes,
3267 1108 3414 1163 nihil
3448 1109 3639 1178 nobis,

1989 1196 2087 1250 sed
2124 1199 2309 1251 totum
2342 1195 2542 1266 gratiae
2574 1195 2672 1250 Dei
2705 1195 3137 1251 attribuamus:
3184 1197 3322 1269 quia
3352 1197 3497 1253 illud
3535 1198 3645 1253 fuit

1987 1292 2155 1340 vetus
2186 1283 2502 1350 canticum,
2536 1285 2606 1338 de
2637 1284 2807 1339 nobis
2854 1300 3207 1354 prmsumere
3255 1290 3312 1340 et
3359 1286 3431 1341 ad
3465 1304 3642 1360 quam

1990 1372 2300 1429 utilitatem
2326 1373 2483 1427 istud
2509 1390 2723 1428 novum
2740 1373 3031 1427 canticum
3050 1374 3078 1427 ‘I
3095 1377 3321 1445 Magna,
3342 1375 3481 1446 quia
3502 1375 3645 1432 vide-

1988 1463 2122 1517 bunt
2138 1463 2685 1518 multisuccessores
2711 1461 2838 1518 illos
2860 1466 3095 1517 cantare
3118 1479 3330 1518 novum
3350 1465 3642 1521 canticum

1986 1552 2046 1606 id
2078 1556 2188 1618 est,
2213 1553 2582 1607 innocentem
2631 1551 2809 1605 vitam
2834 1552 3067 1615 ducere,
3119 1556 3299 1607 Deum
3352 1551 3639 1611 laudare:

1987 1654 2039 1704 et
2070 1649 2364 1714 timebunt,
2398 1648 2621 1704 scilicet
2651 1654 2889 1704 cantare
2918 1653 3084 1705 vetus
3118 1649 3434 1718 canticum,
3480 1649 3640 1707 scili-

1986 1742 2075 1792 cet
2107 1754 2279 1810 prave
2310 1738 2496 1793 vivere
2527 1742 2585 1792 et
2616 1736 2906 1792 mundum
2936 1736 3196 1794 laudare.
3253 1743 3321 1794 Et
3349 1739 3433 1794 sic
3459 1756 3644 1811 spera-

1987 1828 2121 1881 bunt
2148 1828 2211 1881 in
2240 1828 2493 1897 Domino,
2548 1826 2607 1880 in
2660 1843 2776 1897 quo
2832 1831 2921 1881 est
2973 1827 3372 1897 sperandum:
3418 1828 3549 1884 ideo
3580 1828 3643 1883 in

1986 1918 2219 1971 Domino
2251 1917 2388 1987 quia
2421 1915 2815 1988 desperabunt
2846 1916 2917 1970 de
2944 1914 3175 1970 saeculo.
3206 1916 3416 1971 Nullus
3446 1921 3644 1989 sperat

1985 2006 2044 2059 in
2078 2006 2346 2075 Domino,
2382 2004 2491 2059 nisi
2525 2004 2624 2077 qui
2660 2005 2823 2076 prius
2863 2004 3136 2075 desperat
3177 2005 3248 2059 de
3296 2006 3553 2060 mundo:
3586 2010 3644 2061 et

1986 2094 2113 2149 ideo
2143 2093 2421 2149 inimicus
2452 2093 2657 2149 mundi
2688 2094 2962 2156 elﬁcitur,
3026 2097 3090 2147 ut
3158 2093 3381 2148 Domini
3416 2094 3644 2150 amicus

1992 2184 2109 2237 ﬁat.
2140 2184 2210 2238 Et
2239 2183 2369 2237 talis
2400 2184 2546 2238 bene
2597 2183 2685 2237 vir
2738 2183 2973 2248 dicitur,
3032 2187 3089 2238 et
3146 2181 3364 2238 beatus:
3423 2186 3480 2237 et
3508 2181 3649 2253 quia

1991 2271 2135 2325 illud
2158 2271 2449 2325 canticum
2476 2288 2589 2326 non
2613 2288 2711 2326 ore
2723 2271 3008 2342 corporis,
3025 2270 3127 2326 sed
3142 2271 3339 2326 cordis
3357 2275 3647 2339 cantatur,

1990 2360 2118 2415 ideo
2142 2359 2318 2415 dicit:
2351 2360 2610 2415 Videbunt
2640 2368 2823 2416 etnon
2858 2360 3104 2415 audient.
3149 2358 3253 2414 Hic
3274 2360 3451 2414 cordo
3491 2375 3647 2415 sem-

1992 2466 2094 2521 per
2119 2450 2175 2502 in
2199 2448 2456 2503 Ecclesia
2479 2449 2649 2521 viget,
2676 2453 2741 2503 ut
2764 2448 2861 2502 alii
2890 2448 3241 2520 praecedant,
3268 2452 3325 2502 et
3372 2446 3469 2502 alii
3516 2447 3650 2504 illos
3746 2528 3751 2529 γ

1991 2537 2316 2602 imitentur,
2351 2537 2543 2592 ethos
2597 2536 2681 2591 illi
2744 2539 3020 2592 minores.
3080 2537 3150 2591 Et
3211 2552 3325 2608 quo
3355 2537 3555 2592 fructu
3588 2536 3648 2592 in

1991 2626 2235 2681 Domino
2256 2626 2597 2697 sperabunt,
2623 2626 2783 2680 audi.
2808 2627 3027 2688 Beatus.
3049 2624 3109 2679 id
3132 2628 3221 2680 est
3241 2624 3388 2680 bene
3412 2629 3643 2695 auctus,

1988 2716 2097 2770 erit
2120 2717 2222 2786 vir,
2245 2717 2402 2785 cujus
2425 2717 2502 2769 est
2520 2730 2723 2769 nomen
2742 2715 2963 2770 Domini
2985 2730 3105 2785 spes
3135 2714 3270 2785 ejus,
3306 2713 3364 2768 id
3410 2719 3519 2783 est,
3544 2715 3645 2787 qui

1988 2804 2233 2876 dignum
2258 2804 2583 2860 exhibendo
2605 2803 2978 2875 obsequium,
3003 2803 3278 2858 idoneum
3310 2820 3374 2858 se
3394 2804 3552 2871 facit,
3579 2807 3650 2860 ut

1986 2894 2044 2947 in
2076 2892 2220 2947 illud
2254 2910 2490 2959 nomen,
2523 2894 2678 2965 quod
2712 2899 2802 2948 est
2834 2892 3135 2958 Dominus,
3170 2908 3403 2963 sperare
3433 2891 3640 2947 valeat.

1986 2991 2050 3045 Et
2081 2995 2391 3063 postquam
2427 2990 2484 3044 in
2517 3005 2651 3046 eum
2704 3005 2869 3061 spem
2930 2990 3073 3060 fixit,
3133 3005 3247 3044 non
3296 2991 3537 3061 respexit
3584 2990 3647 3044 in

1986 3082 2275 3139 vanitates.
2306 3079 2363 3134 id
2396 3084 2504 3150 est,
2535 3079 2738 3133 oculos
2769 3078 2959 3133 cordis
3007 3095 3124 3133 non
3162 3079 3393 3135 retorsit
3419 3079 3490 3134 ad
3522 3077 3646 3135 hac

1989 3167 2355 3222 transitoria:
2382 3166 2518 3239 quia
2536 3183 2694 3222 nemo
2713 3169 2935 3221 mittens
2954 3184 3184 3221 manum
3210 3167 3285 3222 ad
3302 3172 3578 3233 aratrum,
3595 3170 3647 3224 et

1990 3256 2286 3325 respiciens
2315 3260 2481 3323 retro,
2535 3259 2691 3325 aptus
2748 3263 2826 3309 est
2880 3271 3044 3325 regno
3100 3256 3201 3308 Dei
3256 3256 3408 3325 (Luc.
3446 3255 3545 3326 Ix).
3580 3255 3648 3309 ει

1992 3343 2131 3415 quin
2159 3359 2272 3396 non
2297 3342 2568 3412 respexit,
2594 3343 2650 3395 in
2699 3344 2950 3397 insanias
2975 3343 3168 3411 falsas,
3214 3341 3269 3395 id
3315 3347 3424 3407 est,
3455 3344 3527 3397 ad
3556 3341 3646 3397 lu-

1993 3432 2097 3485 dos
2127 3431 2307 3500 hujus
2338 3428 2532 3483 seaculi
2564 3435 2621 3484 et
2646 3430 2715 3483 ad
2751 3428 3085 3501 spectacula
3115 3429 3348 3493 theatri,
3384 3447 3512 3501 quae
3543 3429 3649 3487 ho-

1993 3519 2211 3574 minem
2234 3517 2507 3572 insanum
2531 3516 2790 3571 faciunt:
2830 3518 3022 3587 falsas,
3058 3517 3206 3571 nihil
3249 3518 3512 3575 veritatis
3540 3519 3645 3576 ha-

1990 3609 2217 3664 bentes.
2253 3606 2426 3671 Quasi
2460 3604 2653 3660 dicat:
2687 3605 2886 3660 Merito
2919 3606 2989 3662 ad
3034 3606 3141 3661 hoc
3200 3622 3312 3661 non
3371 3609 3645 3680 respexit,

1992 3697 2131 3769 quia
2155 3696 2352 3768 potius
2378 3700 2467 3750 est
2491 3693 2924 3766 respiciendum
2952 3695 3023 3749 ad
3050 3694 3382 3765 spectacula
3402 3696 3650 3752 etmira-

1989 3786 2132 3842 bilia
2182 3786 2298 3841 Dei.
2345 3785 2490 3840 Nam
2530 3783 2713 3839 multa
2732 3784 2909 3855 fecistz
2939 3793 3017 3855 tu,
3044 3784 3275 3839 Domine
3302 3784 3441 3839 Deus
3470 3800 3645 3848 meus.

1988 3875 2273 3931 mirabilia
2303 3884 2428 3941 tua,
2461 3875 2532 3930 ad
2565 3891 2695 3946 quae
2726 3873 2920 3947 potius
2947 3871 3378 3944 respiciendum
3405 3889 3419 3929 :
3442 3871 3502 3927 in
3529 3871 3648 3930 illis

1988 3970 2077 4021 est
2131 3982 2275 4020 sana
2330 3969 2386 4019 et
2442 3963 2642 4019 sobria
2683 3963 2955 4019 ebrietas.
2989 3960 3310 4017 Mirabatur
3339 3961 3554 4035 aliquis
3585 3962 3646 4019 in

1987 4054 2212 4109 theatro
2243 4053 2508 4123 aurigam
2531 4056 2825 4123 regentem
2851 4068 3088 4107 currum
3115 4051 3240 4108 sine
3262 4050 3499 4109 laesione
3518 4051 3645 4108 ?vi-

1987 4144 2121 4198 deat
2144 4148 2321 4197 Deum
2344 4140 2676 4212 specialiter
2697 4146 2992 4214 regentem
3018 4158 3222 4198 omnes
3246 4141 3483 4199 illicitos
3509 4159 3642 4199 mo-

1986 4237 2103 4302 tus,
2134 4236 2190 4287 et
2221 4247 2283 4286 se
2340 4229 2472 4286 illos
2530 4246 2729 4304 regere
2786 4248 2919 4287 cum
2973 4248 3060 4300 eo,
3115 4235 3173 4287 et
3202 4230 3401 4287 laudet
3432 4231 3644 4287 Deum.

1985 4330 2226 4385 Miratus
2255 4331 2344 4383 est
2372 4326 2452 4382 ibi
2485 4326 2897 4383 funambulum
2919 4328 2947 4383 ?
3004 4327 3256 4383 miretur
3294 4327 3354 4381 in
3388 4326 3647 4382 Ecclesia

1989 4415 2467 4486 mariambulum,
2518 4434 2632 4472 non
2692 4417 2884 4473 solum
2942 4416 3191 4488 pedibus
3249 4414 3530 4486 corporis,
3580 4416 3648 4469 ut

1986 4513 2194 4562 Petrus
2226 4505 2437 4578 (Matth.
2473 4505 2613 4576 xxv),
2649 4506 2772 4572 sed,
2806 4505 2962 4576 quod
2995 4508 3085 4559 est
3131 4501 3486 4568 mirabilius,
3519 4499 3646 4574 spi-

210 4609 428 4683 lapsus
448 4614 506 4666 et
525 4608 893 4682 profunditas
923 4626 935 4664 :
960 4607 1018 4663 in
1043 4625 1157 4679 quo
1180 4589 1309 4663 lacu
1361 4606 1459 4663 alii
1508 4612 1649 4663 sunt
1676 4589 1878 4681 supra,
1910 4592 1954 4656 D
1987 4595 2276 4652 ritualiter
2308 4593 2555 4667 Pedibus
2585 4592 2797 4683 (τοῖ’ἀίετ
2824 4591 3227 4683 Μθτφξίξηίίξξ
3254 4594 3342 4683 θῗῖ
3362 4589 3645 4683 εωουῙυΨ

209 4697 311 4757 alii
354 4698 528 4755 infra.
561 4698 753 4772 Supra
782 4702 922 4754 sunt
969 4696 1223 4753 humiles
1272 4697 1676 4768 deprecatores
1707 4702 1763 4753 et
1792 4696 1879 4753 la-

211 4786 478 4862 crymosi
508 4788 893 4855 clamatores;
929 4785 1083 4841 infra
1114 4802 1267 4856 vero,
1330 4786 1567 4858 superbi
1618 4790 1880 4842 contem-

211 4883 421 4950 ptores
451 4875 547 4932 :hi
572 4876 652 4931 ibi
674 4879 1000 4943 remanent,
1054 4873 1137 4928 illi
1186 4874 1321 4929 inde
1354 4874 1702 4930 educuntur.
1728 4875 1793 4930 Et
1817 4875 1882 4931 de

213 4964 331 5023 luto
361 4965 544 5039 facis,
578 4965 633 5020 id
657 4969 766 5035 est,
790 4965 860 5019 de
882 4963 1154 5019 sordibus
1174 4962 1416 5018 lubricis
1456 4963 1640 5035 hujus
1662 4962 1877 5019 saeculi.

213 5053 276 5109 In
309 5054 444 5110 luto
476 5058 755 5110 notantur
780 5052 1003 5120 sordes,
1036 5052 1096 5107 in
1146 5052 1281 5107 faece
1330 5051 1646 5120 lubricum,
1683 5053 1739 5107 id
1771 5055 1878 5121 est,

213 5145 424 5199 eduxit
448 5160 608 5199 meos
628 5144 802 5199 etiam
826 5143 897 5198 de
921 5141 1036 5196 illis
1068 5141 1343 5213 peccatis,
1390 5142 1449 5195 in
1500 5142 1715 5213 quibus
1750 5159 1879 5215 pro-

213 5233 351 5288 nior
380 5236 472 5288 est
496 5231 724 5304 lapsus,
760 5230 981 5287 scilicet
1038 5229 1359 5286 ambitione
1411 5234 1468 5285 et
1518 5230 1789 5300 luxuria;
1824 5236 1883 5286 et

211 5327 537 5395 postquam
570 5320 789 5389 eduxit,
838 5320 1033 5376 statuit
1063 5334 1233 5390 supra
1275 5326 1497 5389 petram
1522 5322 1681 5391 pedes
1709 5336 1878 5384 meos,

212 5410 271 5465 id
308 5415 425 5477 est,
462 5410 793 5466 affectiones
849 5423 1114 5464 meorum
1173 5406 1427 5462 ﬁrmavit
1483 5407 1542 5462 iu
1575 5425 1667 5463 me
1698 5412 1878 5481 petra,

211 5504 282 5555 ut
320 5515 416 5555 me
450 5499 843 5565 imitarentur,
869 5498 1013 5553 mihi
1044 5497 1372 5552 conformes
1397 5496 1618 5563 fierent,
1647 5502 1707 5551 ut
1730 5497 1880 5553 ultra

212 5606 343 5645 non
378 5588 781 5645 relaberentur
838 5588 895 5642 in
948 5586 1178 5653 lutum;
1237 5588 1288 5640 et
1335 5590 1644 5657 postquam
1680 5604 1878 5642 eorum

216 5677 570 5738 atrectiones
600 5677 876 5754 ﬁrmavit,
911 5682 977 5735 ut
1005 5674 1261 5749 amplius
1317 5690 1431 5732 non
1491 5681 1756 5734 amarent
1784 5693 1878 5737 oa-

1990 4687 2169 4753 istud,
2204 4685 2341 4758 quia
2374 4699 2643 4739 amarum
2678 4678 2881 4736 multis
2914 4679 3433 4749 sollicitudinibus,
3466 4678 3644 4749 venti,

1989 4775 2159 4829 variae
2206 4774 2589 4837 tentationes,
2638 4770 2874 4839 fluctus,
2916 4770 3371 4842 persecutiones,
3424 4769 3644 4842 praelia,

1991 4865 2302 4920 seditiones
2326 4880 2451 4935 qua:
2477 4861 2675 4917 omnia
2699 4860 2926 4915 calcant
2946 4858 3131 4914 sancti
3163 4863 3220 4914 et
3240 4862 3643 4915 contemnunt.

1992 4953 2203 5007 Audiat
2227 4953 2477 5023 quisque
2500 4949 2813 5005 Dominum
2839 4947 3500 5019 clamantem:Ex5pecto
3518 4962 3643 5011 vos,

1988 5041 2315 5105 luctamini,
2350 5039 2660 5110 adjuvabo,
2694 5038 2925 5107 vincite,
2958 5037 3268 5093 coronabo.
3316 5040 3379 5091 Et
3404 5034 3506 5089 illa
3536 5032 3647 5088 mi-

1997 5129 2205 5185 rabilia
2235 5127 2457 5183 scilicet
2484 5125 2668 5182 fecisti
2708 5129 2814 5182 tuis
2845 5126 3293 5198 cogitationibus,
3348 5140 3460 5178 non
3493 5121 3648 5178 indi-

1990 5236 2134 5292 gens
2164 5218 2350 5273 alieno
2382 5216 2634 5271 auxilio:
2669 5222 2725 5270 et
2757 5217 2883 5271 ideo
2912 5232 3020 5271 non
3075 5218 3157 5269 est
3211 5214 3309 5285 qui
3334 5212 3537 5267 similis
3566 5214 3642 5268 sit

1992 5309 2113 5363 tibi.
2148 5308 2294 5379 Ergo
2326 5306 2382 5360 in
2417 5312 2472 5361 te
2503 5306 2880 5376 sperandum.
2914 5303 3197 5376 Superius
3241 5301 3407 5368 dixit,
3443 5303 3644 5373 Exspe-

1989 5405 2139 5454 ctans
2172 5397 2483 5467 exspectavi
2514 5396 2834 5460 Dominum,
2867 5397 3074 5448 caetera
3105 5391 3452 5464 interposita
3482 5392 3643 5446 sunt.

1994 5496 2155 5549 Nunc
2219 5493 2473 5549 Ostendit
2532 5494 2822 5564 qumumlo
2880 5490 3253 5559 exspectavit.
3314 5491 3645 5560 Exspectans

1994 5585 2304 5641 Dominum
2338 5583 2807 5655 Redemptorem.
2842 5582 2958 5653 Ego
2992 5580 3256 5635 Christus
3287 5580 3643 5648 annuntiavi,

1992 5673 2212 5732 scilicet
2231 5687 2421 5748 opere,
2445 5675 2497 5729 et
2523 5670 2736 5731 locutus
2759 5687 2879 5729 sum
2907 5686 3024 5729 ore.
3058 5669 3451 5730 Paenitentiam
3476 5668 3642 5775 agite.
