4016 6192
442 306 585 367 355

1031 301 1336 368 REMIGII
1380 298 2132 366 ANTISSIODORENSIS
2180 300 2354 363 OPP.
2399 300 2604 362 PARS
2649 299 2695 360 Ι.
2732 330 2810 344 -
2842 291 3313 361 EXEGETIGA.

3755 290 3885 355 356

436 439 907 511 appropinquavit
938 452 1172 508 regnum
1200 438 1462 493 caelorum
1511 435 1723 505 (Matth.
1781 436 1879 507 ιν).
1914 433 2101 489 Multi-
2132 437 2187 501 Α
2216 433 2546 488 Nihilenim
2566 430 2888 504 pramepisti
2912 431 3067 503 quod
3090 447 3204 486 non
3219 430 3383 501 juste
3404 442 3657 498 vereque
3679 423 3886 498 praeci-

432 528 637 599 plicati
664 533 796 582 sunt
823 542 991 599 super
1018 543 1333 592 numerum,
1365 526 1663 582 venientes
1694 526 1767 580 ad
1791 525 1963 579 ﬁdem
1987 540 2103 579 cre-

438 619 650 672 verunt
679 632 857 687 super
902 632 1215 671 numerum
1266 615 1605 680 electorum,
1661 613 1801 686 quia
1828 613 1990 668 multi
2008 628 2098 669 vo-

434 705 568 773 cati,
631 706 803 776 pauci
866 720 991 760 vero
1058 704 1219 760 electi
1285 705 1493 775 (Matth.
1564 705 1680 770 xx).
1751 702 1917 757 Multi
1985 701 2098 756 im—

441 792 604 865 plent
656 793 907 866 parietes
963 793 1255 857 Ecclesiae,
1307 792 1406 864 qui
1469 793 1541 848 ad
1599 792 1888 847 vanitates
1919 791 2100 862 hujus

439 881 637 939 saeculi
704 882 872 938 facile
938 882 1303 938 relabuntur.
1392 883 1510 955 Ego
1593 882 1926 937 annuatiavi
1991 897 2097 935 no-

438 988 570 1028 vam
634 971 836 1042 vitam,
905 988 1053 1027 nova
1118 971 1406 1027 instituta.
1480 975 1546 1025 Et
1610 988 1762 1043 opus
1801 968 1930 1033 fuit,
1960 969 2099 1040 quia

437 1059 714 1116 instituta
774 1059 983 1132 legalis
1041 1060 1295 1132 amplius
1352 1059 1612 1126 noluisti,
1658 1059 1936 1131 imposita
1966 1062 2097 1113 tan-

433 1152 562 1203 tum
596 1164 783 1220 usque
837 1149 907 1203 ad
968 1153 1204 1221 tempus
1261 1149 1662 1205 correctionis.
1723 1148 2095 1218 Sacriﬁcium,

439 1236 664 1293 scilicet
719 1236 927 1310 legale,
987 1237 1141 1308 quod
1200 1243 1325 1293 erat
1376 1238 1437 1293 in
1497 1239 1631 1310 agni
1672 1236 2093 1303 immolatione,

434 1332 485 1380 et
536 1325 869 1381 oblationem
928 1325 1200 1399 legalem,
1261 1344 1390 1399 quae
1472 1326 1826 1381 offerebatur
1883 1325 1942 1379 in
2005 1324 2098 1379 die

435 1419 659 1484 octavo,
693 1423 752 1470 ul
784 1431 887 1486 pro
936 1415 1183 1471 Domino
1240 1432 1348 1487 par
1406 1418 1711 1470 turturum
1768 1416 1919 1486 (Luc.
1952 1413 2092 1485 v11):

434 1512 669 1567 noluisti
691 1513 813 1584 jam
847 1516 1158 1585 postquam
1189 1514 1346 1569 venit
1388 1512 1693 1584 plenitudo
1742 1518 2093 1584 temporum,

436 1601 540 1657 sed
572 1601 906 1674 signiﬁcata
936 1602 1183 1658 horum:
1217 1602 1318 1657 ubi
1359 1602 1518 1657 venit
1548 1618 1782 1674 corpus,
1818 1601 2098 1673 praeteriit

438 1690 666 1747 umbra.
700 1690 819 1747 Hoc
850 1691 1204 1747 sacriﬁcium
1238 1690 1478 1745 noluisti
1505 1708 1517 1745 :
1560 1708 1724 1746 aures
1753 1700 1940 1746 autem
1968 1705 2091 1761 per-

431 1780 613 1849 fecisti
638 1779 799 1847 mihi,
834 1779 892 1834 id
924 1784 1031 1848 est,
1059 1780 1376 1851 perfectam
1399 1779 1790 1835 obedientiam
1832 1778 1974 1834 mihi
2001 1780 2095 1834 de—
2123 1807 2171 1872 Β

437 1867 577 1924 disti
606 1871 663 1924 et
693 1868 861 1936 meis,
904 1873 970 1924 ut
999 1869 1214 1923 faciant
1270 1868 1496 1941 seipsos
1535 1869 1746 1924 estiam
1779 1869 2092 1934 viventem,

435 1961 726 2028 sanctam,
759 1957 875 2012 Deo
906 1956 1235 2028 placentem
1287 1975 1389 2030 per
1442 1957 1840 2014 humilitatem
1873 1963 1930 2013 et
1958 1957 2093 2013 obe-

435 2045 721 2101 dientiam
748 2062 760 2100 :
795 2046 1188 2114 holocaustum,
1221 2045 1445 2102 scilicet
1473 2046 1680 2119 legale,
1723 2048 1778 2102 id
1808 2052 1915 2114 est,
1949 2045 2094 2101 illud
2116 2060 2131 2083 κ

433 2134 795 2190 sacriﬁcium
827 2135 983 2208 quod
1016 2139 1199 2190 totum
1230 2134 1673 2191 incendebatur.
1727 2139 1800 2191 Et
1840 2152 1941 2207 pro
1965 2151 2094 2206 pec-

434 2232 576 2292 cato,
609 2222 665 2278 id
696 2228 801 2293 est,
834 2223 981 2279 illud
1014 2225 1365 2280 sacriﬁcium
1399 2225 1552 2296 quod
1603 2225 1954 2281 offerebatur
1991 2241 2092 2296 pro

441 2317 678 2384 peccato
710 2314 1073 2382 mundando,
1100 2314 1255 2386 quod
1305 2315 1720 2370 nominabatur
1751 2318 2054 2387 peccatum
2081 2332 2094 2383 ;

428 2409 651 2466 scilicet
666 2411 817 2468 cinis
838 2411 1055 2478 vitulis,
1076 2427 1189 2468 non
1216 2412 1373 2467 ultra
1390 2414 1705 2484 postulasti.
1734 2414 1895 2483 Tunc,
1921 2413 1979 2467 id
2002 2417 2094 2468 cst

431 2504 749 2571 postquam
779 2506 1014 2572 tempus
1045 2502 1421 2557 correctionis
1450 2507 1630 2569 venit,
1663 2502 1803 2556 dum
1828 2501 2090 2557 medium

432 2584 734 2642 silentium
766 2592 1031 2643 tenerent
1055 2589 1272 2659 omnia,
1297 2589 1352 2643 id
1375 2593 1484 2660 est,
1507 2590 1649 2643 dum
1674 2606 1877 2645 omnes
1903 2588 2091 2660 philo-

430 2674 601 2746 sophi
631 2680 898 2731 tenerent
928 2691 1241 2731 commune
1272 2676 1575 2732 silentium
1607 2677 1679 2731 de
1726 2677 2092 2748 reparatione

430 2763 663 2835 generis
721 2762 969 2819 humani
1028 2764 1321 2835 quomodo
1377 2766 1563 2829 ﬁeret,
1617 2769 1674 2820 et
1732 2781 1845 2819 nox
1891 2764 1951 2819 in
1984 2782 2090 2821 suo

432 2868 611 2908 cursu
644 2852 754 2908 iter
782 2852 1046 2918 haberet,
1079 2853 1137 2908 id
1159 2857 1267 2920 est,
1300 2854 1439 2908 dum
1471 2852 1593 2908 haec
1614 2853 1945 2926 ignorantia
1967 2871 2092 2926 per-

433 2943 725 3008 maneret,
780 2941 1150 3013 omnipotens
1196 2957 1390 2996 sermo
1437 2946 1598 3009 tuus,
1648 2942 1910 3010 Domine,
1939 2960 1973 2998 a
2002 2960 2090 2998 re-

433 3028 666 3101 galibus
699 3029 940 3085 sedibus
961 3029 1144 3098 venit,
1211 3029 1265 3084 id
1325 3034 1432 3096 est,
1498 3029 1676 3085 Filius
1728 3036 1865 3086 tuus
1896 3032 2086 3087 incar-

434 3121 607 3172 natus
632 3121 739 3173 est.
770 3119 925 3189 Dixi,
976 3119 1108 3173 Ecce
1149 3119 1305 3174 venio
1354 3123 1417 3173 ut
1460 3119 1672 3174 faciam
1703 3120 2083 3186 voluntatem,

2213 523 2495 595 piendum
2530 522 2720 577 fuerit.
2753 526 2874 577 Non
2929 520 3191 576 abscondi
3239 516 3680 574 misericordiam
3708 519 3871 570 tuam

2215 629 2332 684 qua
2347 627 2539 679 vocas,
2566 628 2682 683 qua
2703 610 3019 679 condones,
3044 613 3097 664 et
3112 610 3397 664 veritatem
3417 615 3594 672 tuam,
3616 621 3734 676 qua
3753 620 3878 661 me-

2209 702 2325 756 rita
2345 716 2706 765 remuneras,
2727 716 2757 753 a
2780 699 3010 754 consilio
3034 699 3205 752 multo
3228 701 3364 753 ante
3388 710 3554 768 reges
3575 699 3634 750 et
3668 693 3871 766 praesi-

2209 790 2334 844 des.
2367 789 2528 845 Ibant
2563 787 2807 859 apostoli
2864 786 3158 858 gaudentes
3213 804 3251 841 a
3305 793 3593 855 conspectu
3618 784 3869 852 concilii,

2207 881 2468 950 quoniam
2496 878 2652 949 digni
2680 878 2854 933 habiti
2880 885 3009 937 sunt
3034 893 3131 948 pro
3153 878 3376 932 nomine
3411 878 3543 931 Jesu
3588 882 3869 930 contume-

2207 969 2348 1024 liam
2376 968 2650 1039 pati(Act.
2673 970 2750 1035 v).
2775 966 2952 1031 Quasi
2975 965 3129 1021 dicat
3154 982 3166 1022 :
3193 966 3325 1037 Ipsa
3363 964 3735 1020 abscondunt
3755 964 3865 1035 ipsi

2207 1057 2629 1128 praedicabunt,
2653 1056 2756 1111 sed
2783 1059 2848 1109 tu
2879 1055 3033 1110 Deus
3065 1054 3164 1126 qui
3198 1058 3382 1125 potes,
3426 1052 3863 1107 incrementum

2205 1147 2299 1200 da.
2335 1147 2407 1200 Tu
2435 1154 2643 1212 autem,
2677 1146 2928 1215 Domine,
2959 1161 3029 1199 ne
3057 1144 3215 1214 longe
3252 1145 3427 1214 facias
3479 1143 3868 1197 miserationes

2204 1240 2331 1289 tuas
2361 1252 2394 1290 a
2425 1252 2527 1301 me,
2564 1234 2619 1289 id
2653 1238 2759 1301 est,
2792 1234 2863 1288 ab
2897 1232 3014 1287 illis
3047 1233 3146 1305 qui
3181 1230 3362 1288 futuri
3393 1234 3533 1286 sunt
3549 1229 3867 1286 mei.Alias

2214 1340 2334 1379 oves
2365 1323 2535 1379 habeo
2566 1338 2689 1396 qum
2716 1339 2828 1377 non
2855 1326 2981 1377 sunt
3011 1339 3080 1377 ea:
3128 1320 3227 1376 hoc
3274 1321 3430 1387 ovili,
3477 1327 3527 1375 et
3556 1319 3691 1375 illas
3719 1336 3877 1391 opor-

2204 1420 2275 1467 tet
2306 1429 2392 1467 mc
2420 1412 2685 1466 adducere
2716 1411 2893 1482 (Joan.
2953 1411 3033 1482 Χ),
3086 1409 3478 1464 circumdatas
3530 1408 3864 1463 innumeris

2206 1499 2379 1556 malis
2404 1505 2460 1555 et
2481 1497 2894 1555 innumerabili
2921 1499 3251 1571 iniquitate,
3278 1497 3367 1554 fac
3388 1514 3487 1554 eos
3511 1513 3867 1570 cognoscere

2203 1589 2574 1662 iniquitatem
2591 1605 2780 1653 suam,
2800 1593 2857 1643 et
2869 1588 2939 1643 ad
2954 1586 3568 1659 ﬁdemjustiﬁcantem
3583 1586 3869 1642 converti.

2203 1688 2273 1742 Et
2292 1693 2486 1743 certus
2509 1704 2641 1744 sum
2662 1685 2800 1758 quia
2821 1702 2937 1740 non
2960 1684 3133 1757 longe
3156 1685 3332 1740 facies
3351 1684 3422 1740 ab
3451 1683 3565 1750 his,
3594 1700 3737 1739 nam
3758 1685 3869 1740 mi-

2201 1776 2501 1832 sericordia
2528 1779 2623 1831 tua
2653 1792 2771 1847 qua
2811 1789 3002 1837 vocas,
3064 1790 3183 1846 qua
3232 1774 3553 1838 condones,
3580 1776 3635 1828 et
3662 1774 3868 1829 veritas

2202 1870 2320 1932 tua,
2356 1882 2470 1936 qua
2492 1866 2704 1919 merita
2738 1878 3101 1930 remuneras,
3124 1878 3337 1934 semper
3354 1865 3712 1933 susceperunt
3740 1877 3865 1924 me;

2204 1954 2261 2009 id
2284 1959 2392 2023 est,
2417 1970 2580 2009 meos
2605 1953 2679 2007 ab
2701 1952 3021 2024 Aheljusto
3044 1968 3234 2023 usque
3272 1967 3451 2017 nunc,
3473 1955 3530 2005 et
3549 1951 3707 2006 sicut
3727 1967 3861 2006 cum

2202 2044 2379 2117 priori
2394 2044 2605 2115 populo
2621 2042 3077 2098 misericorditer
3088 2039 3441 2113 egisti,sicut
3453 2039 3864 2111 promittebas,

2203 2132 2282 2188 ita
2322 2148 2477 2187 nunc
2502 2148 2673 2187 eruas
2698 2147 2878 2198 meos,
2917 2131 3014 2202 qui
3041 2129 3234 2185 adhuc
3270 2130 3329 2184 in
3354 2128 3687 2184 idololatria
3710 2134 3865 2195 sunt,

2202 2239 2295 2277 me
2316 2222 2443 2293 jam
2474 2220 2753 2276 exhibito.
2790 2220 2854 2274 Et
2884 2236 3035 2291 opus
3064 2223 3155 2275 est
3183 2222 3248 2273 ut
3278 2235 3393 2274 non
3435 2218 3697 2285 differas,
3726 2233 3858 2291 quo-

2199 2313 2355 2366 niam
2374 2309 2847 2366 circumdedcrunt
2866 2324 2977 2373 me,
3001 2308 3055 2363 id
3082 2311 3171 2363 est
3191 2324 3375 2374 meos,
3400 2306 3502 2379 qui
3525 2306 3709 2362 futuri
3729 2312 3865 2363 sunt

2202 2400 2337 2468 mei,
2362 2400 2513 2455 mala
2543 2415 2776 2471 quorum
2808 2414 2917 2453 non
2939 2401 3017 2452 est
3043 2412 3325 2453 numerus.
3359 2396 3476 2451 Etsi
3510 2394 3570 2451 in
3620 2397 3863 2466 majori-

2203 2489 2312 2544 bus
2333 2488 2504 2543 malis
2522 2487 2738 2560 aliquis
2760 2502 3045 2541 numerus
3068 2485 3166 2552 sit,
3190 2486 3251 2541 in
3278 2485 3612 2540 minoribus
3631 2484 3862 2553 nullus;

2200 2584 2473 2640 sabulum
2490 2585 2597 2639 etsi
2613 2582 2854 2639 minutis
2866 2582 3082 2654 lapillis
3095 2580 3650 2655 colligitur,tantum
3666 2588 3865 2639 tamen

2198 2673 2258 2728 in
2291 2674 2421 2729 navi
2450 2677 2641 2745 potest
2669 2689 2796 2728 esse
2822 2673 2892 2727 'ut
2920 2688 3049 2727 eam
3100 2671 3358 2743 pondere
3397 2688 3506 2727 suo
3537 2672 3863 2745 demerget,

2199 2762 2697 2833 quemadmodum
2749 2777 2963 2834 magna
3004 2776 3164 2816 saxa.
3201 2760 3746 2833 Comprehenderunt
3781 2777 3870 2818 me

2197 2851 2519 2921 iniquitates
2545 2866 2704 2918 meae,
2738 2851 2797 2906 id
2829 2854 2938 2919 est,
2970 2854 3056 2906 tot
3086 2855 3247 2918 sunt,
3284 2850 3440 2921 quod
3478 2850 3861 2907 obduxerunt

2197 2957 2297 2996 cor
2319 2956 2579 2996 meorum
2606 2956 2674 2995 ex
2696 2939 2972 3012 gentibus
2993 2939 3565 3011 praedestinatorum,
3591 2956 3746 3011 quas
3762 2939 3870 2994 ini-

2197 3028 2453 3101 quitates
2475 3046 2577 3101 ego
2601 3046 2763 3085 meas
2783 3045 2947 3096 voco,
2970 3033 3207 3101 propter
3228 3044 3440 3111 magna
3460 3028 3865 3097 affectionem,

2197 3124 2250 3174 et
2283 3119 2425 3174 adeo
2457 3118 3046 3190 comprehenderunt,
3081 3117 3236 3188 quod
3266 3133 3369 3172 non
3397 3118 3571 3185 potui,
3624 3117 3866 3172 scilicet

434 3203 492 3259 id
526 3209 634 3273 est,
669 3205 849 3262 statui
877 3180 1192 3275 incarnari,
1224 3212 1283 3262 et
1312 3207 1420 3262 hoc
1444 3208 1591 3280 ideo,
1624 3210 1763 3281 quia
1786 3214 1846 3264 tu
1869 3210 1950 3264 ita
1974 3180 2088 3265 dis;
2118 3180 2161 3245 Ο
2199 3224 2299 3264 cer
2324 3207 2563 3280 erigere,
2588 3180 2647 3262 ut
2670 3209 2930 3274 viderem,
2955 3180 3177 3261 scilicet
3196 3204 3317 3260 illas
3343 3180 3706 3275 iniquitates,
3736 3221 3865 3260 non

436 3294 705 3366 posuisti.
739 3297 799 3350 In
822 3297 1008 3366 capite
1029 3297 1161 3352 libri
1197 3299 1461 3369 scriptum
1489 3301 1569 3353 est
1611 3299 1684 3353 de
1720 3315 1824 3369 me,
1866 3307 1926 3354 ut
1940 3300 2092 3370 face-

434 3400 550 3440 rem
578 3383 918 3440 voluntatem
946 3390 1120 3440 tuam.
1156 3386 1273 3458 Ego
1305 3388 1629 3443 secundum
1664 3388 2091 3444 humanitatem

436 3488 571 3528 sum
592 3472 757 3542 liber,
777 3474 848 3529 ad
867 3475 1024 3546 quod
1044 3474 1340 3547 exemplar
1356 3492 1560 3532 omnes
1578 3476 1712 3532 libri
1729 3478 2091 3543 scribuntur,

436 3560 495 3615 id
519 3565 606 3616 est
620 3562 691 3616 ad
710 3565 881 3633 cujus
905 3564 1427 3620 conformationem
1443 3566 1809 3636 omnesjusti
1830 3566 2093 3622 ﬁunthu-

429 3650 536 3720 jus
548 3650 681 3706 libri
701 3641 875 3723 caput
892 3655 981 3707 est
996 3651 1293 3708 divinitas.
1309 3654 1367 3709 In
1383 3656 1566 3724 capite
1582 3670 1718 3727 ergo
1737 3657 1893 3723 libri,
1910 3656 1963 3710 id
1981 3659 2089 3725 est,

437 3737 499 3793 in
527 3736 823 3795 voluntate
852 3744 956 3795 tua
985 3741 1083 3813 qui
1134 3758 1195 3797 es
1254 3746 1430 3813 caput
1475 3759 1632 3807 eum,
1681 3745 1947 3815 scriptum
1989 3748 2088 3812 est,

436 3836 495 3891 id
518 3840 626 3904 est,
651 3836 1005 3909 dispositum
1024 3842 1081 3894 et
1096 3839 1549 3911 praeordinatum
1565 3839 1630 3894 de
1649 3856 1757 3910 me,
1776 3844 2092 3912 utfacerem

437 3925 779 3980 voluntatem
800 3929 975 3992 tuam,
999 3927 1056 3981 id
1089 3932 1200 3994 est,
1227 3932 1291 3982 ut
1312 3927 1416 3982 tibi
1440 3927 1498 3982 in
1520 3928 1795 3984 omnibus
1815 3930 2092 3987 obediens

443 4028 657 4079 essem,
690 4012 830 4085 quia
858 4019 919 4069 tu
951 4031 1013 4070 es
1044 4017 1186 4071 Deus
1213 4033 1388 4072 meus.
1420 4018 1484 4072 Et
1514 4016 1664 4073 hanc
1708 4019 1900 4090 legem,
1936 4018 2088 4075 scili-

439 4103 530 4155 cet
557 4100 917 4156 voluntatem
949 4107 1101 4158 tuam
1124 4105 1279 4161 volui
1316 4107 1374 4160 in
1431 4105 1609 4162 medio
1664 4107 1841 4162 cordis
1869 4110 1997 4174 mei,
2031 4108 2089 4164 id

437 4191 544 4256 est,
574 4192 696 4244 toto
725 4188 1015 4246 desiderio
1049 4192 1354 4264 complevi.
1390 4197 1458 4249 Et
1489 4212 1603 4250 non
1637 4195 1827 4251 solum
1850 4214 1954 4268 per
1975 4214 2087 4266 me,

437 4276 538 4333 sed
572 4276 748 4333 etiam
780 4295 885 4351 per
915 4295 1206 4350 praecones
1238 4298 1399 4337 meos
1427 4287 1763 4341 annuntiavi
1808 4287 2091 4357 justitiam

436 4373 611 4434 tuam,
634 4366 692 4423 id
713 4372 823 4435 est,
847 4367 1021 4424 ﬁdem
1035 4360 1483 4441 justiﬁcantem.
1504 4376 1695 4428 Justus
1714 4379 1898 4430 autem
1924 4393 2089 4432 meus

435 4472 509 4512 ea:
535 4456 651 4527 ﬁde
678 4458 815 4528 vivit
844 4458 1067 4525 (Habac.
1102 4477 1141 4514 Π
1172 4477 1184 4528 ;
1237 4460 1386 4515 Rom.
1443 4461 1573 4533 1).!n
1607 4465 1832 4520 ecclesia
1855 4482 2087 4539 magna,

2202 3297 2506 3352 sufﬁciunt
2535 3295 2646 3352 sibi
2669 3296 2739 3351 ad
2764 3295 3229 3367 cognoscendam
3253 3292 3650 3347 inﬁrmitatem
3675 3308 3864 3348 suam

2201 3389 2258 3441 et
2269 3386 2648 3458 quzerendum
2665 3389 2722 3440 te
2736 3382 3030 3439 medicum
3041 3425 3053 3449 ,
3071 3382 3183 3439 nisi
3196 3387 3362 3437 tuum
3376 3384 3690 3437 succurrat
3705 3381 3872 3436 auxi-

2200 3474 2368 3530 lium.
2394 3475 2611 3530 Revera
2634 3472 3172 3545 comprehenderunt,
3198 3472 3339 3544 quia
3356 3469 3723 3541 multiplicati
3737 3478 3871 3526 sunt

2200 3581 2361 3637 super
2388 3564 2619 3633 capillos
2647 3565 2841 3635 capitis
2869 3565 2997 3633 mei,
3031 3562 3090 3616 id
3137 3565 3247 3629 est,
3301 3559 3541 3615 inﬁnitae
3589 3563 3776 3627 sunt;
3808 3561 3862 3615 et

2202 3654 2330 3709 ideo
2359 3670 2452 3708 cor
2478 3669 2659 3709 meum
2687 3652 2984 3723 dereliquit
3013 3667 3117 3717 me,
3141 3650 3199 3705 id
3224 3655 3314 3706 est
3333 3665 3518 3715 meos,
3541 3648 3770 3704 scilicet
3792 3647 3862 3703 ad

2202 3743 2666 3816 cognoscendam
2700 3740 2889 3797 lucem
2919 3738 3202 3796 veritatis.
3239 3739 3383 3811 Ergo
3434 3737 3573 3809 quia
3600 3736 3715 3808 ipsi
3744 3752 3859 3791 non

2201 3836 2452 3904 possunt
2471 3847 2690 3898 eruere,
2715 3831 3041 3902 complaceat
3071 3829 3193 3897 tibi,
3221 3828 3470 3893 Domine,
3492 3834 3555 3881 ut
3573 3842 3741 3881 eruas
3756 3841 3859 3890 me,

2202 3921 2341 3993 quia
2363 3919 2506 3976 mihi
2532 3919 2719 3993 placet
2744 3924 2808 3975 ut
2827 3919 3215 3975 adducantur.
3244 3916 3591 3987 Complacent
3615 3915 3740 3984 tibi,
3763 3914 3861 3969 Do-

2200 4013 2372 4077 mine,
2403 4018 2464 4065 ut
2491 4026 2656 4065 eruas
2689 4025 2848 4065 meos
2878 4025 2911 4064 a
2944 4007 3196 4064 caecitate
3226 4005 3439 4071 cordis,
3470 4009 3581 4060 eta
3602 4002 3859 4059 tenebris

2200 4105 2591 4171 peccatorum.
2646 4100 2891 4167 Domine,
2952 4096 3023 4153 ad
3077 4094 3457 4166 adjuvandum
3510 4109 3600 4149 me
3636 4093 3841 4164 respice

2202 4198 2414 4269 adjuva
2438 4198 2689 4253 liberum
2720 4195 3030 4252 arbitrium
3063 4195 3216 4268 quod
3266 4192 3501 4249 dedisti.
3533 4191 3657 4247 Hoc
3690 4189 3861 4246 modo

2200 4294 2357 4353 erue,
2382 4287 2490 4343 hoc
2518 4287 2689 4342 modo
2713 4285 2945 4357 adjuva.
2985 4282 3408 4354 Confundantur
3436 4278 3863 4336 miraculorum

2200 4377 2578 4444 exhibitione,
2593 4379 2641 4432 et
2660 4378 3016 4431 revereantur
3038 4370 3483 4429 resurrectionis
3505 4367 3867 4441 cognitione,

2197 4467 2384 4535 simul,
2404 4466 2462 4521 id
2484 4469 2593 4535 est,
2621 4482 2734 4520 non
2755 4462 2946 4520 solum
2971 4463 3042 4518 de
3063 4460 3263 4535 gentili
3294 4460 3530 4533 populo,
3555 4458 3661 4515 sed
3685 4457 3866 4514 etiam

436 4545 496 4600 id
526 4550 635 4613 est,
668 4545 728 4601 in
758 4546 1004 4604 ecclesia
1033 4549 1318 4621 gentium,
1352 4566 1466 4605 non
1498 4551 1558 4607 in
1589 4551 1715 4608 sola
1741 4554 1962 4621 Judea,
1988 4573 2095 4610 an-
2125 4553 2171 4617 D
2201 4554 2407 4621 Judmi,
2445 4556 2543 4625 qui
2571 4561 2830 4625 quaerunt
2857 4554 3105 4608 animam
3130 4567 3309 4606 meam
3338 4557 3400 4605 ut
3430 4550 3694 4621 auferant
3720 4563 3867 4614 eam,

440 4635 704 4690 nuntiavi
733 4640 790 4691 et
820 4636 1204 4694 annuntiabo.
1239 4640 1370 4695 Ecce
1402 4638 1554 4696 labia
1584 4657 1713 4697 mea
1763 4659 1875 4698 non
1901 4643 2091 4715 prohi-

441 4721 594 4787 bebo,
620 4722 678 4777 id
709 4730 819 4790 est,
853 4742 1147 4797 praecones
1180 4744 1340 4784 meos
1371 4745 1485 4783 non
1536 4732 1729 4785 sinam
1776 4731 2092 4805 prohiberi,

441 4817 599 4891 quia,
635 4819 674 4876 0
708 4821 951 4890 Domine,
999 4826 1061 4879 tu
1112 4826 1268 4880 scisti
1323 4825 1425 4881 illa
1482 4825 1659 4893 labia,
1722 4827 1779 4882 id
1810 4834 1919 4896 est,
1952 4831 2095 4887 tales

439 4906 627 4964 fecisti
652 4926 814 4965 meos
835 4927 1130 4982 praecones
1151 4913 1252 4984 qui
1271 4930 1385 4969 non
1405 4921 1654 4987 possunt
1684 4917 1999 4989 prohiberi.
2030 4921 2096 4975 Et

438 4997 568 5054 ideo
589 4999 874 5071 justitiam
904 5004 1058 5055 tuam
1084 5017 1193 5057 non
1233 5004 1493 5060 abscondi
1536 5006 1597 5060 in
1651 5009 1812 5064 corde
1866 5025 2003 5077 meo,
2036 5009 2094 5065 id

441 5093 550 5159 est,
574 5087 633 5143 in
658 5089 830 5144 corde
854 5106 1140 5157 meorum,
1155 5092 1436 5163 justitiam
1456 5111 1586 5165 quae
1613 5112 1681 5151 ex
1702 5097 1849 5153 ﬁdes
1872 5103 1983 5167 est,
2004 5098 2094 5155 vel

437 5177 712 5247 iustitiam
741 5181 1068 5236 secundum
1093 5197 1270 5253 quam
1284 5182 1520 5253 justum
1542 5201 1671 5242 esse
1692 5188 2090 5260 perpenditur,

440 5270 507 5322 ut
555 5266 656 5339 qui
712 5268 895 5324 credit
951 5270 1145 5336 corde,
1208 5288 1321 5327 non
1353 5275 1543 5329 taceat
1573 5291 1689 5345 ore,
1725 5276 2095 5334 abscondunt

439 5354 678 5428 quidem
709 5357 780 5411 ad
811 5358 1255 5416 aediﬁcationem
1308 5377 1499 5428 suam,
1552 5365 1653 5419 sed
1704 5383 1818 5422 non
1850 5367 2096 5424 abscon-

439 5445 589 5501 dunt
610 5445 681 5502 ad
708 5446 1152 5504 aediﬁcationem
1176 5449 1423 5522 proximi
1463 5451 1609 5508 Nam
1636 5457 1921 5513 veritatem
1941 5462 2096 5514 tuam

442 5537 493 5591 et
519 5535 765 5591 salutare
792 5539 946 5592 tuum
976 5536 1116 5610 dixi,
1148 5538 1205 5594 id
1250 5543 1359 5608 est,
1412 5541 1606 5598 dicent
1656 5545 1769 5602 mei
1810 5552 2096 5621 praecepta

443 5628 566 5701 tua,
600 5624 726 5683 sine
777 5623 994 5713 quibus
1037 5642 1211 5685 nemo
1259 5628 1372 5689 sibi
1421 5630 1493 5689 de
1538 5631 1728 5693 salute
1756 5642 2094 5711 praesumat.

2204 4643 2428 4700 scilicet
2445 4643 2517 4698 ad
2540 4642 2923 4715 perdendum,
2949 4657 3065 4697 non
3084 4640 3156 4696 ad
3176 4639 3509 4695 fruendum.
3535 4636 3869 4693 Convertan-

2205 4742 2295 4788 tur
2315 4740 2625 4788 retrorsum
2649 4735 2715 4786 ut
2735 4738 2791 4786 te
2815 4730 3124 4803 praeferant
3145 4745 3258 4783 non
3282 4744 3363 4795 se,
3388 4728 3489 4801 qui
3506 4726 3703 4782 voluut
3721 4721 3871 4779 mihi

2202 4822 2377 4891 mala,
2398 4821 2456 4876 id
2480 4825 2590 4889 est,
2612 4820 2711 4892 qui
2735 4820 2890 4875 bona
2912 4820 3115 4875 dicunt
3137 4816 3290 4873 mala
3309 4816 3629 4872 voluntate.
3653 4814 3873 4885 Magna

2204 4916 2292 4968 est
2314 4910 2403 4968 lex
2422 4910 2773 4978 Christiana,
2794 4909 2891 4963 sed
2919 4907 3051 4980 quis
3074 4911 3267 4980 potest
3291 4922 3420 4962 eam
3446 4902 3696 4976 implere
3712 4905 3737 4955 .9
3762 4901 3868 4958 Fe-

2202 5008 2331 5057 rant
2360 5005 2555 5055 autem
2578 4999 2887 5069 confestim,
2913 4997 2970 5052 id
2994 5001 3084 5053 est
3106 4997 3234 5051 sine
3264 4994 3565 5059 dilatione,
3589 4991 3876 5062 confusio-

2202 5105 2328 5144 nem
2358 5106 2540 5156 suam,
2571 5087 2629 5142 id
2663 5090 2772 5155 est,
2806 5086 3154 5142 erubescant
3184 5084 3337 5155 quod
3371 5082 3544 5139 dolus
3574 5096 3780 5137 eorum
3804 5080 3872 5135 in

2205 5195 2298 5233 me
2325 5195 2437 5233 non
2463 5177 2708 5250 proﬁcit,
2744 5177 2841 5247 qui
2863 5177 3059 5232 dicunt
3086 5173 3251 5243 mihi,
3284 5173 3451 5245 Euge,
3484 5188 3640 5242 euge,
3676 5169 3730 5224 id
3753 5172 3875 5239 est,

2204 5276 2302 5348 qui
2326 5276 2646 5331 adulantur
2680 5280 2736 5330 et
2777 5273 3039 5329 laudant
3069 5276 3306 5344 peccata
3327 5287 3477 5337 mea,
3501 5268 3723 5325 scilicet
3756 5279 3883 5339 qui

2204 5364 2603 5422 maledicendo
2616 5363 2988 5419 benedicunt.
3006 5361 3138 5416 Ideo
3158 5359 3300 5416 dicit
3314 5360 3617 5431 confestim,
3639 5356 3783 5429 quia
3795 5354 3872 5410 ab

2203 5455 2297 5511 his
2332 5453 2582 5510 maxime
2613 5457 2704 5509 est
2734 5451 3076 5516 cavendum,
3108 5448 3208 5520 qui
3241 5448 3565 5504 adulatorie
3598 5462 3703 5502 nos
3724 5442 3867 5499 lau-

2204 5545 2345 5599 dant
2376 5548 2433 5601 et
2463 5544 2654 5599 favent
2682 5542 2741 5597 in
2773 5541 2949 5597 rebus
2981 5536 3275 5612 pessimis.
3308 5537 3432 5594 Duo
3463 5541 3605 5594 sunt
3642 5548 3880 5607 genera

2203 5630 2923 5710 pravorum;Unum,quod
2943 5627 3350 5689 maledicendo
3364 5620 3886 5697 benedicit',aliud,
