  <div class='ocr_page' id='page_1' title='image "/cluster/home/n/w/nwhite01/storage/ocr_20150623/131/hvd.32044054759923/186.png"; bbox 0 0 4016 6192; ppageno 0'>
   <div class='ocr_carea' id='block_1_1' title="bbox 257 314 367 377">
    <p class='ocr_par' dir='ltr' id='par_1_1' title="bbox 257 314 367 377">
     <span class='ocr_line' id='line_1_1' title="bbox 257 314 367 377; baseline 0.027 -2"><span class='ocrx_word' id='word_1_1' title='bbox 257 314 367 377; x_wconf 84' lang='grc'>357</span> 
     </span>
    </p>
   </div>
   <div class='ocr_carea' id='block_1_2' title="bbox 1379 308 2534 377">
    <p class='ocr_par' dir='ltr' id='par_1_2' title="bbox 1379 308 2534 377">
     <span class='ocr_line' id='line_1_2' title="bbox 1379 308 2534 377; baseline -0.002 0"><span class='ocrx_word' id='word_1_2' title='bbox 1379 310 1978 377; x_wconf 76' lang='lat' dir='ltr'>ENARRATIONES</span> <span class='ocrx_word' id='word_1_3' title='bbox 2026 312 2101 373; x_wconf 85' lang='lat' dir='ltr'><strong>IN</strong></span> <span class='ocrx_word' id='word_1_4' title='bbox 2150 308 2534 375; x_wconf 83' lang='lat' dir='ltr'>PSALMOS.</span> 
     </span>
    </p>
   </div>
   <div class='ocr_carea' id='block_1_3' title="bbox 3540 312 3660 379">
    <p class='ocr_par' dir='ltr' id='par_1_3' title="bbox 3540 312 3660 379">
     <span class='ocr_line' id='line_1_3' title="bbox 3540 312 3660 379; baseline 0.008 -1"><span class='ocrx_word' id='word_1_5' title='bbox 3540 312 3660 379; x_wconf 78' lang='lat'>358</span> 
     </span>
    </p>
   </div>
   <div class='ocr_carea' id='block_1_4' title="bbox 260 442 3677 521">
    <p class='ocr_par' dir='ltr' id='par_1_4' title="bbox 260 442 3677 521">
     <span class='ocr_line' id='line_1_4' title="bbox 260 442 3677 521; baseline -0 -17"><span class='ocrx_word' id='word_1_6' title='bbox 260 451 412 521; x_wconf 91' lang='lat' dir='ltr'>quod</span> <span class='ocrx_word' id='word_1_7' title='bbox 432 449 824 508; x_wconf 85' lang='lat' dir='ltr'>benedicendo</span> <span class='ocrx_word' id='word_1_8' title='bbox 843 449 1157 519; x_wconf 83' lang='lat' dir='ltr'>maledicit,</span> <span class='ocrx_word' id='word_1_9' title='bbox 1176 466 1309 507; x_wconf 91' lang='lat' dir='ltr'>cum</span> <span class='ocrx_word' id='word_1_10' title='bbox 1336 449 1537 504; x_wconf 79' lang='lat' dir='ltr'>laudat</span> <span class='ocrx_word' id='word_1_11' title='bbox 1555 447 1705 502; x_wconf 89' lang='lat' dir='ltr'>male</span> <span class='ocrx_word' id='word_1_12' title='bbox 1727 464 1900 520; x_wconf 86' lang='lat' dir='ltr'>agen-</span> <span class='ocrx_word' id='word_1_13' title='bbox 1931 448 1984 513; x_wconf 80' lang='grc' dir='ltr'><strong>Α</strong></span> <span class='ocrx_word' id='word_1_14' title='bbox 2015 445 2207 501; x_wconf 86' lang='lat' dir='ltr'>dentis</span> <span class='ocrx_word' id='word_1_15' title='bbox 2223 446 2449 501; x_wconf 91' lang='lat' dir='ltr'>nullum</span> <span class='ocrx_word' id='word_1_16' title='bbox 2466 462 2637 519; x_wconf 81' lang='lat' dir='ltr'>posse</span> <span class='ocrx_word' id='word_1_17' title='bbox 2660 444 2868 502; x_wconf 88' lang='lat' dir='ltr'>salvari</span> <span class='ocrx_word' id='word_1_18' title='bbox 2893 442 3004 499; x_wconf 83' lang='lat' dir='ltr'>nisi</span> <span class='ocrx_word' id='word_1_19' title='bbox 3020 460 3121 516; x_wconf 91' lang='lat' dir='ltr'>per</span> <span class='ocrx_word' id='word_1_20' title='bbox 3134 443 3329 510; x_wconf 81' lang='lat' dir='ltr'>fidem,</span> <span class='ocrx_word' id='word_1_21' title='bbox 3357 447 3677 516; x_wconf 67' lang='lat' dir='ltr'>majestate</span> 
     </span>
    </p>
   </div>
   <div class='ocr_carea' id='block_1_5' title="bbox 257 537 1903 612">
    <p class='ocr_par' dir='ltr' id='par_1_5' title="bbox 257 537 1903 612">
     <span class='ocr_line' id='line_1_5' title="bbox 257 537 1903 612; baseline -0.002 -18"><span class='ocrx_word' id='word_1_22' title='bbox 257 544 381 607; x_wconf 86' lang='lat' dir='ltr'>tes;</span> <span class='ocrx_word' id='word_1_23' title='bbox 416 540 513 595; x_wconf 91' lang='lat' dir='ltr'>sed</span> <span class='ocrx_word' id='word_1_24' title='bbox 549 545 793 612; x_wconf 88' lang='lat' dir='ltr'>uterque</span> <span class='ocrx_word' id='word_1_25' title='bbox 835 542 1151 609; x_wconf 88' lang='lat' dir='ltr'>cavendus,</span> <span class='ocrx_word' id='word_1_26' title='bbox 1201 540 1339 611; x_wconf 92' lang='lat' dir='ltr'>quia</span> <span class='ocrx_word' id='word_1_27' title='bbox 1372 538 1528 593; x_wconf 92' lang='lat' dir='ltr'>mala</span> <span class='ocrx_word' id='word_1_28' title='bbox 1582 537 1903 592; x_wconf 83' lang='lat' dir='ltr'>intentione</span> 
     </span>
    </p>
   </div>
   <div class='ocr_carea' id='block_1_6' title="bbox 254 625 1902 702">
    <p class='ocr_par' dir='ltr' id='par_1_6' title="bbox 254 625 1902 702">
     <span class='ocr_line' id='line_1_6' title="bbox 254 625 1902 702; baseline -0.002 -20"><span class='ocrx_word' id='word_1_29' title='bbox 254 632 497 699; x_wconf 91' lang='lat' dir='ltr'>uterque</span> <span class='ocrx_word' id='word_1_30' title='bbox 520 627 799 699; x_wconf 80' lang='lat' dir='ltr'>loquitur.</span> <span class='ocrx_word' id='word_1_31' title='bbox 834 630 904 684; x_wconf 90' lang='lat' dir='ltr'>Et</span> <span class='ocrx_word' id='word_1_32' title='bbox 933 647 999 685; x_wconf 88' lang='lat' dir='ltr'>ex</span> <span class='ocrx_word' id='word_1_33' title='bbox 1030 628 1318 702; x_wconf 91' lang='lat' dir='ltr'>opposito,</span> <span class='ocrx_word' id='word_1_34' title='bbox 1353 628 1628 683; x_wconf 72' lang='lat' dir='ltr'>exsultent</span> <span class='ocrx_word' id='word_1_35' title='bbox 1650 625 1902 681; x_wconf 84' lang='lat' dir='ltr'>exterius</span> 
     </span>
    </p>
   </div>
   <div class='ocr_carea' id='block_1_7' title="bbox 254 716 1905 789">
    <p class='ocr_par' dir='ltr' id='par_1_7' title="bbox 254 716 1905 789">
     <span class='ocr_line' id='line_1_7' title="bbox 254 716 1905 789; baseline -0.001 -18"><span class='ocrx_word' id='word_1_36' title='bbox 254 716 347 772; x_wconf 89' lang='lat' dir='ltr'>hic</span> <span class='ocrx_word' id='word_1_37' title='bbox 378 718 437 772; x_wconf 91' lang='lat' dir='ltr'>in</span> <span class='ocrx_word' id='word_1_38' title='bbox 470 734 591 789; x_wconf 89' lang='lat' dir='ltr'>spe,</span> <span class='ocrx_word' id='word_1_39' title='bbox 627 722 683 773; x_wconf 91' lang='lat' dir='ltr'>et</span> <span class='ocrx_word' id='word_1_40' title='bbox 715 719 952 775; x_wconf 80' lang='lat' dir='ltr'>tandem</span> <span class='ocrx_word' id='word_1_41' title='bbox 982 719 1040 773; x_wconf 89' lang='lat' dir='ltr'>in</span> <span class='ocrx_word' id='word_1_42' title='bbox 1076 736 1154 785; x_wconf 91' lang='lat' dir='ltr'>re,</span> <span class='ocrx_word' id='word_1_43' title='bbox 1178 726 1229 773; x_wconf 89' lang='lat' dir='ltr'>et</span> <span class='ocrx_word' id='word_1_44' title='bbox 1260 719 1525 774; x_wconf 63' lang='lat' dir='ltr'>laetentur</span> <span class='ocrx_word' id='word_1_45' title='bbox 1549 716 1797 771; x_wconf 88' lang='lat' dir='ltr'>interius</span> <span class='ocrx_word' id='word_1_46' title='bbox 1823 731 1905 769; x_wconf 87' lang='lat' dir='ltr'>re-</span> 
     </span>
    </p>
   </div>
   <div class='ocr_carea' id='block_1_8' title="bbox 256 804 1900 880">
    <p class='ocr_par' dir='ltr' id='par_1_8' title="bbox 256 804 1900 880">
     <span class='ocr_line' id='line_1_8' title="bbox 256 804 1900 880; baseline -0.002 -19"><span class='ocrx_word' id='word_1_47' title='bbox 256 806 616 863; x_wconf 88' lang='lat' dir='ltr'>surrectione</span> <span class='ocrx_word' id='word_1_48' title='bbox 636 808 1101 880; x_wconf 85' lang='lat' dir='ltr'>prima,superte,</span> <span class='ocrx_word' id='word_1_49' title='bbox 1118 807 1339 863; x_wconf 89' lang='lat' dir='ltr'>scilicet</span> <span class='ocrx_word' id='word_1_50' title='bbox 1354 805 1568 861; x_wconf 82' lang='lat' dir='ltr'>firmati</span> <span class='ocrx_word' id='word_1_51' title='bbox 1586 822 1686 877; x_wconf 90' lang='lat' dir='ltr'>per</span> <span class='ocrx_word' id='word_1_52' title='bbox 1705 804 1900 872; x_wconf 80' lang='lat' dir='ltr'>fidem,</span> 
     </span>
    </p>
   </div>
   <div class='ocr_carea' id='block_1_9' title="bbox 256 896 1903 967">
    <p class='ocr_par' dir='ltr' id='par_1_9' title="bbox 256 896 1903 967">
     <span class='ocr_line' id='line_1_9' title="bbox 256 896 1903 967; baseline -0.002 -17"><span class='ocrx_word' id='word_1_53' title='bbox 256 911 417 967; x_wconf 86' lang='lat' dir='ltr'>spem</span> <span class='ocrx_word' id='word_1_54' title='bbox 450 900 508 950; x_wconf 92' lang='lat' dir='ltr'>et</span> <span class='ocrx_word' id='word_1_55' title='bbox 536 896 905 962; x_wconf 90' lang='lat' dir='ltr'>charitatem,</span> <span class='ocrx_word' id='word_1_56' title='bbox 938 913 1122 953; x_wconf 86' lang='lat' dir='ltr'>omnes</span> <span class='ocrx_word' id='word_1_57' title='bbox 1142 904 1445 967; x_wconf 74' lang='lat' dir='ltr'>quaerentes</span> <span class='ocrx_word' id='word_1_58' title='bbox 1470 899 1537 963; x_wconf 83' lang='lat' dir='ltr'>te,</span> <span class='ocrx_word' id='word_1_59' title='bbox 1564 898 1799 965; x_wconf 84' lang='lat' dir='ltr'>propter</span> <span class='ocrx_word' id='word_1_60' title='bbox 1830 898 1903 962; x_wconf 90' lang='lat' dir='ltr'>te,</span> 
     </span>
    </p>
   </div>
   <div class='ocr_carea' id='block_1_10' title="bbox 260 982 1904 1056">
    <p class='ocr_par' dir='ltr' id='par_1_10' title="bbox 260 982 1904 1056">
     <span class='ocr_line' id='line_1_10' title="bbox 260 982 1904 1056; baseline -0.001 -18"><span class='ocrx_word' id='word_1_61' title='bbox 260 1000 377 1038; x_wconf 91' lang='lat' dir='ltr'>non</span> <span class='ocrx_word' id='word_1_62' title='bbox 412 988 647 1056; x_wconf 89' lang='lat' dir='ltr'>propter</span> <span class='ocrx_word' id='word_1_63' title='bbox 677 984 855 1040; x_wconf 89' lang='lat' dir='ltr'>aliud.</span> <span class='ocrx_word' id='word_1_64' title='bbox 890 987 954 1041; x_wconf 88' lang='lat' dir='ltr'>Et</span> <span class='ocrx_word' id='word_1_65' title='bbox 983 985 1187 1051; x_wconf 79' lang='lat' dir='ltr'>dicant,</span> <span class='ocrx_word' id='word_1_66' title='bbox 1223 985 1391 1056; x_wconf 90' lang='lat' dir='ltr'>quasi</span> <span class='ocrx_word' id='word_1_67' title='bbox 1425 983 1545 1038; x_wconf 76' lang='lat' dir='ltr'>haec</span> <span class='ocrx_word' id='word_1_68' title='bbox 1597 982 1674 1037; x_wconf 87' lang='lat' dir='ltr'>sit</span> <span class='ocrx_word' id='word_1_69' title='bbox 1703 998 1904 1037; x_wconf 90' lang='lat' dir='ltr'>eorum</span> 
     </span>
    </p>
   </div>
   <div class='ocr_carea' id='block_1_11' title="bbox 260 1071 1904 1146">
    <p class='ocr_par' dir='ltr' id='par_1_11' title="bbox 260 1071 1904 1146">
     <span class='ocr_line' id='line_1_11' title="bbox 260 1071 1904 1146; baseline -0.001 -19"><span class='ocrx_word' id='word_1_70' title='bbox 260 1072 611 1129; x_wconf 80' lang='lat' dir='ltr'>exsultatio:</span> <span class='ocrx_word' id='word_1_71' title='bbox 679 1078 907 1146; x_wconf 79' lang='lat' dir='ltr'>Semper</span> <span class='ocrx_word' id='word_1_72' title='bbox 965 1075 1346 1145; x_wconf 79' lang='lat' dir='ltr'>Magniﬁcetur</span> <span class='ocrx_word' id='word_1_73' title='bbox 1377 1074 1663 1137; x_wconf 79' lang='lat' dir='ltr'>Dominus,</span> <span class='ocrx_word' id='word_1_74' title='bbox 1698 1071 1754 1125; x_wconf 87' lang='lat' dir='ltr'>id</span> <span class='ocrx_word' id='word_1_75' title='bbox 1796 1074 1904 1140; x_wconf 90' lang='lat' dir='ltr'>est,</span> 
     </span>
    </p>
   </div>
   <div class='ocr_carea' id='block_1_12' title="bbox 256 1160 1909 1237">
    <p class='ocr_par' dir='ltr' id='par_1_12' title="bbox 256 1160 1909 1237">
     <span class='ocr_line' id='line_1_12' title="bbox 256 1160 1909 1237; baseline -0.003 -19"><span class='ocrx_word' id='word_1_76' title='bbox 256 1160 457 1218; x_wconf 83' lang='lat' dir='ltr'>omnia</span> <span class='ocrx_word' id='word_1_77' title='bbox 484 1178 659 1233; x_wconf 85' lang='lat' dir='ltr'>Opera</span> <span class='ocrx_word' id='word_1_78' title='bbox 680 1164 807 1233; x_wconf 87' lang='lat' dir='ltr'>ejus</span> <span class='ocrx_word' id='word_1_79' title='bbox 824 1164 1200 1237; x_wconf 79' lang='lat' dir='ltr'>magnificata</span> <span class='ocrx_word' id='word_1_80' title='bbox 1221 1162 1389 1218; x_wconf 90' lang='lat' dir='ltr'>nobis</span> <span class='ocrx_word' id='word_1_81' title='bbox 1412 1164 1575 1229; x_wconf 82' lang='lat' dir='ltr'>ﬁant,</span> <span class='ocrx_word' id='word_1_82' title='bbox 1605 1160 1723 1215; x_wconf 85' lang='lat' dir='ltr'>sive</span> <span class='ocrx_word' id='word_1_83' title='bbox 1746 1163 1909 1215; x_wconf 87' lang='lat' dir='ltr'>vocet</span> 
     </span>
    </p>
   </div>
   <div class='ocr_carea' id='block_1_13' title="bbox 254 1247 1906 1324">
    <p class='ocr_par' dir='ltr' id='par_1_13' title="bbox 254 1247 1906 1324">
     <span class='ocr_line' id='line_1_13' title="bbox 254 1247 1906 1324; baseline -0.002 -18"><span class='ocrx_word' id='word_1_84' title='bbox 254 1256 587 1322; x_wconf 87' lang='lat' dir='ltr'>peccatores</span> <span class='ocrx_word' id='word_1_85' title='bbox 616 1253 688 1308; x_wconf 91' lang='lat' dir='ltr'>ad</span> <span class='ocrx_word' id='word_1_86' title='bbox 720 1253 973 1319; x_wconf 88' lang='lat' dir='ltr'>veniam,</span> <span class='ocrx_word' id='word_1_87' title='bbox 1006 1253 1123 1309; x_wconf 90' lang='lat' dir='ltr'>sive</span> <span class='ocrx_word' id='word_1_88' title='bbox 1145 1252 1351 1307; x_wconf 88' lang='lat' dir='ltr'>invitet</span> <span class='ocrx_word' id='word_1_89' title='bbox 1383 1251 1655 1324; x_wconf 90' lang='lat' dir='ltr'>probatos</span> <span class='ocrx_word' id='word_1_90' title='bbox 1678 1250 1749 1304; x_wconf 91' lang='lat' dir='ltr'>ad</span> <span class='ocrx_word' id='word_1_91' title='bbox 1784 1247 1906 1320; x_wconf 90' lang='lat' dir='ltr'>pal-</span> 
     </span>
    </p>
   </div>
   <div class='ocr_carea' id='block_1_14' title="bbox 258 1338 1906 1412">
    <p class='ocr_par' dir='ltr' id='par_1_14' title="bbox 258 1338 1906 1412">
     <span class='ocr_line' id='line_1_14' title="bbox 258 1338 1906 1412; baseline -0.002 -17"><span class='ocrx_word' id='word_1_92' title='bbox 258 1356 439 1395; x_wconf 88' lang='lat' dir='ltr'>mam.</span> <span class='ocrx_word' id='word_1_93' title='bbox 472 1342 579 1409; x_wconf 87' lang='lat' dir='ltr'>Qui</span> <span class='ocrx_word' id='word_1_94' title='bbox 596 1341 839 1412; x_wconf 82' lang='lat' dir='ltr'>diligunt</span> <span class='ocrx_word' id='word_1_95' title='bbox 858 1343 1102 1397; x_wconf 86' lang='lat' dir='ltr'>salutare</span> <span class='ocrx_word' id='word_1_96' title='bbox 1120 1346 1295 1407; x_wconf 89' lang='lat' dir='ltr'>tuum,</span> <span class='ocrx_word' id='word_1_97' title='bbox 1329 1340 1387 1396; x_wconf 91' lang='lat' dir='ltr'>id</span> <span class='ocrx_word' id='word_1_98' title='bbox 1419 1345 1508 1396; x_wconf 91' lang='lat' dir='ltr'>est</span> <span class='ocrx_word' id='word_1_99' title='bbox 1527 1338 1906 1396; x_wconf 89' lang='lat' dir='ltr'>salvationem</span> 
     </span>
    </p>
   </div>
   <div class='ocr_carea' id='block_1_15' title="bbox 254 1426 1907 1498">
    <p class='ocr_par' dir='ltr' id='par_1_15' title="bbox 254 1426 1907 1498">
     <span class='ocr_line' id='line_1_15' title="bbox 254 1426 1907 1498; baseline -0.002 -13"><span class='ocrx_word' id='word_1_100' title='bbox 254 1435 444 1486; x_wconf 89' lang='lat' dir='ltr'>tuam.</span> <span class='ocrx_word' id='word_1_101' title='bbox 480 1430 598 1486; x_wconf 89' lang='lat' dir='ltr'>Hoc</span> <span class='ocrx_word' id='word_1_102' title='bbox 628 1431 826 1487; x_wconf 89' lang='lat' dir='ltr'>dicant</span> <span class='ocrx_word' id='word_1_103' title='bbox 843 1432 912 1487; x_wconf 95' lang='lat' dir='ltr'>de</span> <span class='ocrx_word' id='word_1_104' title='bbox 943 1436 1019 1498; x_wconf 89' lang='lat' dir='ltr'>te,</span> <span class='ocrx_word' id='word_1_105' title='bbox 1037 1432 1107 1487; x_wconf 93' lang='lat' dir='ltr'>de</span> <span class='ocrx_word' id='word_1_106' title='bbox 1138 1448 1199 1487; x_wconf 92' lang='lat' dir='ltr'>se</span> <span class='ocrx_word' id='word_1_107' title='bbox 1230 1435 1425 1486; x_wconf 88' lang='lat' dir='ltr'>autem</span> <span class='ocrx_word' id='word_1_108' title='bbox 1450 1446 1564 1485; x_wconf 90' lang='lat' dir='ltr'>non</span> <span class='ocrx_word' id='word_1_109' title='bbox 1588 1426 1907 1484; x_wconf 89' lang='lat' dir='ltr'>dicant.llli</span> 
     </span>
    </p>
   </div>
   <div class='ocr_carea' id='block_1_16' title="bbox 257 1517 1903 1592">
    <p class='ocr_par' dir='ltr' id='par_1_16' title="bbox 257 1517 1903 1592">
     <span class='ocr_line' id='line_1_16' title="bbox 257 1517 1903 1592; baseline -0.001 -19"><span class='ocrx_word' id='word_1_110' title='bbox 257 1518 485 1589; x_wconf 91' lang='lat' dir='ltr'>dicunt,</span> <span class='ocrx_word' id='word_1_111' title='bbox 519 1519 684 1591; x_wconf 83' lang='lat' dir='ltr'>Euge,</span> <span class='ocrx_word' id='word_1_112' title='bbox 713 1537 865 1590; x_wconf 84' lang='lat' dir='ltr'>euge.</span> <span class='ocrx_word' id='word_1_113' title='bbox 902 1521 1007 1592; x_wconf 88' lang='lat' dir='ltr'>Ego</span> <span class='ocrx_word' id='word_1_114' title='bbox 1023 1529 1206 1576; x_wconf 87' lang='lat' dir='ltr'>autem</span> <span class='ocrx_word' id='word_1_115' title='bbox 1237 1518 1514 1574; x_wconf 87' lang='lat' dir='ltr'>mendicus</span> <span class='ocrx_word' id='word_1_116' title='bbox 1538 1535 1681 1585; x_wconf 87' lang='lat' dir='ltr'>sum,</span> <span class='ocrx_word' id='word_1_117' title='bbox 1709 1517 1763 1571; x_wconf 91' lang='lat' dir='ltr'>id</span> <span class='ocrx_word' id='word_1_118' title='bbox 1797 1521 1903 1583; x_wconf 91' lang='lat' dir='ltr'>est,</span> 
     </span>
    </p>
   </div>
   <div class='ocr_carea' id='block_1_17' title="bbox 258 1605 1943 1680">
    <p class='ocr_par' dir='ltr' id='par_1_17' title="bbox 258 1605 1943 1680">
     <span class='ocr_line' id='line_1_17' title="bbox 258 1605 1943 1680; baseline -0.002 -18"><span class='ocrx_word' id='word_1_119' title='bbox 258 1607 625 1665; x_wconf 81' lang='lat' dir='ltr'>insufficiens</span> <span class='ocrx_word' id='word_1_120' title='bbox 659 1608 803 1664; x_wconf 90' lang='lat' dir='ltr'>mihi</span> <span class='ocrx_word' id='word_1_121' title='bbox 836 1610 908 1665; x_wconf 91' lang='lat' dir='ltr'>ad</span> <span class='ocrx_word' id='word_1_122' title='bbox 948 1608 1221 1664; x_wconf 86' lang='lat' dir='ltr'>salutem.</span> <span class='ocrx_word' id='word_1_123' title='bbox 1255 1610 1316 1663; x_wconf 89' lang='lat' dir='ltr'>Et</span> <span class='ocrx_word' id='word_1_124' title='bbox 1337 1624 1553 1680; x_wconf 88' lang='lat' dir='ltr'>pauper</span> <span class='ocrx_word' id='word_1_125' title='bbox 1582 1605 1904 1671; x_wconf 69' lang='lat' dir='ltr'>affectione,</span> <span class='ocrx_word' id='word_1_126' title='bbox 1940 1650 1943 1651; x_wconf 39' lang='grc' dir='ltr'><em>ν</em></span> 
     </span>
    </p>
   </div>
   <div class='ocr_carea' id='block_1_18' title="bbox 258 1694 1908 1770">
    <p class='ocr_par' dir='ltr' id='par_1_18' title="bbox 258 1694 1908 1770">
     <span class='ocr_line' id='line_1_18' title="bbox 258 1694 1908 1770; baseline -0.004 -17"><span class='ocrx_word' id='word_1_127' title='bbox 258 1698 505 1769; x_wconf 89' lang='lat' dir='ltr'>cupiens</span> <span class='ocrx_word' id='word_1_128' title='bbox 538 1698 699 1753; x_wconf 86' lang='lat' dir='ltr'>diviti</span> <span class='ocrx_word' id='word_1_129' title='bbox 737 1703 847 1754; x_wconf 91' lang='lat' dir='ltr'>Deo</span> <span class='ocrx_word' id='word_1_130' title='bbox 894 1699 1208 1765; x_wconf 78' lang='lat' dir='ltr'>adhaerere,</span> <span class='ocrx_word' id='word_1_131' title='bbox 1240 1697 1339 1770; x_wconf 87' lang='lat' dir='ltr'>qui</span> <span class='ocrx_word' id='word_1_132' title='bbox 1396 1702 1602 1768; x_wconf 89' lang='lat' dir='ltr'>potens</span> <span class='ocrx_word' id='word_1_133' title='bbox 1633 1699 1722 1751; x_wconf 91' lang='lat' dir='ltr'>est</span> <span class='ocrx_word' id='word_1_134' title='bbox 1770 1694 1908 1748; x_wconf 90' lang='lat' dir='ltr'>dare</span> 
     </span>
    </p>
   </div>
   <div class='ocr_carea' id='block_1_19' title="bbox 258 1786 1909 1859">
    <p class='ocr_par' dir='ltr' id='par_1_19' title="bbox 258 1786 1909 1859">
     <span class='ocr_line' id='line_1_19' title="bbox 258 1786 1909 1859; baseline -0.002 -19"><span class='ocrx_word' id='word_1_135' title='bbox 258 1802 439 1857; x_wconf 82' lang='lat' dir='ltr'>supra</span> <span class='ocrx_word' id='word_1_136' title='bbox 471 1804 646 1858; x_wconf 88' lang='lat' dir='ltr'>quam</span> <span class='ocrx_word' id='word_1_137' title='bbox 682 1788 958 1859; x_wconf 85' lang='lat' dir='ltr'>petimus,</span> <span class='ocrx_word' id='word_1_138' title='bbox 982 1791 1037 1842; x_wconf 89' lang='lat' dir='ltr'>et</span> <span class='ocrx_word' id='word_1_139' title='bbox 1067 1787 1195 1842; x_wconf 89' lang='lat' dir='ltr'>ideo</span> <span class='ocrx_word' id='word_1_140' title='bbox 1228 1786 1365 1858; x_wconf 90' lang='lat' dir='ltr'>quia</span> <span class='ocrx_word' id='word_1_141' title='bbox 1396 1786 1467 1841; x_wconf 90' lang='lat' dir='ltr'>de</span> <span class='ocrx_word' id='word_1_142' title='bbox 1499 1801 1591 1839; x_wconf 90' lang='lat' dir='ltr'>me</span> <span class='ocrx_word' id='word_1_143' title='bbox 1622 1801 1735 1839; x_wconf 89' lang='lat' dir='ltr'>non</span> <span class='ocrx_word' id='word_1_144' title='bbox 1770 1800 1909 1855; x_wconf 69' lang='lat' dir='ltr'>prae-</span> 
     </span>
    </p>
   </div>
   <div class='ocr_carea' id='block_1_20' title="bbox 258 1870 1906 1941">
    <p class='ocr_par' dir='ltr' id='par_1_20' title="bbox 258 1870 1906 1941">
     <span class='ocr_line' id='line_1_20' title="bbox 258 1870 1906 1941; baseline -0.002 -13"><span class='ocrx_word' id='word_1_145' title='bbox 258 1889 453 1938; x_wconf 90' lang='lat' dir='ltr'>sumo,</span> <span class='ocrx_word' id='word_1_146' title='bbox 486 1873 585 1929; x_wconf 91' lang='lat' dir='ltr'>sed</span> <span class='ocrx_word' id='word_1_147' title='bbox 617 1874 689 1929; x_wconf 91' lang='lat' dir='ltr'>de</span> <span class='ocrx_word' id='word_1_148' title='bbox 720 1879 853 1941; x_wconf 90' lang='lat' dir='ltr'>Deo,</span> <span class='ocrx_word' id='word_1_149' title='bbox 898 1875 1160 1929; x_wconf 78' lang='lat' dir='ltr'>Dominus</span> <span class='ocrx_word' id='word_1_150' title='bbox 1202 1875 1471 1929; x_wconf 85' lang='lat' dir='ltr'>sollicitus</span> <span class='ocrx_word' id='word_1_151' title='bbox 1501 1886 1581 1927; x_wconf 82' lang='lat' dir='ltr'>est</span> <span class='ocrx_word' id='word_1_152' title='bbox 1628 1874 1756 1926; x_wconf 88' lang='lat' dir='ltr'>mei.</span> <span class='ocrx_word' id='word_1_153' title='bbox 1788 1870 1906 1925; x_wconf 86' lang='lat' dir='ltr'>Hoc</span> 
     </span>
    </p>
   </div>
   <div class='ocr_carea' id='block_1_21' title="bbox 259 1959 1905 2036">
    <p class='ocr_par' dir='ltr' id='par_1_21' title="bbox 259 1959 1905 2036">
     <span class='ocr_line' id='line_1_21' title="bbox 259 1959 1905 2036; baseline -0.001 -19"><span class='ocrx_word' id='word_1_154' title='bbox 259 1962 717 2034; x_wconf 86' lang='lat' dir='ltr'>modo;adjutor</span> <span class='ocrx_word' id='word_1_155' title='bbox 744 1963 804 2018; x_wconf 92' lang='lat' dir='ltr'>in</span> <span class='ocrx_word' id='word_1_156' title='bbox 835 1964 1004 2019; x_wconf 89' lang='lat' dir='ltr'>bonis</span> <span class='ocrx_word' id='word_1_157' title='bbox 1058 1963 1518 2036; x_wconf 80' lang='lat' dir='ltr'>proficientibus,</span> <span class='ocrx_word' id='word_1_158' title='bbox 1548 1965 1820 2033; x_wconf 89' lang='lat' dir='ltr'>protector</span> <span class='ocrx_word' id='word_1_159' title='bbox 1846 1959 1905 2015; x_wconf 88' lang='lat' dir='ltr'>in</span> 
     </span>
    </p>
   </div>
   <div class='ocr_carea' id='block_1_22' title="bbox 259 2049 1906 2123">
    <p class='ocr_par' dir='ltr' id='par_1_22' title="bbox 259 2049 1906 2123">
     <span class='ocr_line' id='line_1_22' title="bbox 259 2049 1906 2123; baseline -0.002 -17"><span class='ocrx_word' id='word_1_160' title='bbox 259 2050 457 2120; x_wconf 92' lang='lat' dir='ltr'>malis,</span> <span class='ocrx_word' id='word_1_161' title='bbox 490 2068 562 2106; x_wconf 89' lang='lat' dir='ltr'>ne</span> <span class='ocrx_word' id='word_1_162' title='bbox 592 2052 889 2121; x_wconf 91' lang='lat' dir='ltr'>devocent,</span> <span class='ocrx_word' id='word_1_163' title='bbox 916 2053 1044 2108; x_wconf 89' lang='lat' dir='ltr'>ideo</span> <span class='ocrx_word' id='word_1_164' title='bbox 1075 2057 1138 2107; x_wconf 92' lang='lat' dir='ltr'>tu</span> <span class='ocrx_word' id='word_1_165' title='bbox 1161 2053 1396 2123; x_wconf 86' lang='lat' dir='ltr'>adjutor,</span> <span class='ocrx_word' id='word_1_166' title='bbox 1419 2051 1556 2123; x_wconf 88' lang='lat' dir='ltr'>quia</span> <span class='ocrx_word' id='word_1_167' title='bbox 1579 2066 1683 2122; x_wconf 90' lang='lat' dir='ltr'>ego</span> <span class='ocrx_word' id='word_1_168' title='bbox 1715 2049 1906 2121; x_wconf 87' lang='lat' dir='ltr'>perdi-</span> 
     </span>
    </p>
   </div>
   <div class='ocr_carea' id='block_1_23' title="bbox 258 2141 1908 2211">
    <p class='ocr_par' dir='ltr' id='par_1_23' title="bbox 258 2141 1908 2211">
     <span class='ocr_line' id='line_1_23' title="bbox 258 2141 1908 2211; baseline -0.001 -18"><span class='ocrx_word' id='word_1_169' title='bbox 258 2142 390 2194; x_wconf 93' lang='lat' dir='ltr'>tor:</span> <span class='ocrx_word' id='word_1_170' title='bbox 426 2144 488 2193; x_wconf 93' lang='lat' dir='ltr'>tu</span> <span class='ocrx_word' id='word_1_171' title='bbox 518 2143 808 2211; x_wconf 83' lang='lat' dir='ltr'>protector,</span> <span class='ocrx_word' id='word_1_172' title='bbox 842 2157 946 2211; x_wconf 87' lang='lat' dir='ltr'>ego</span> <span class='ocrx_word' id='word_1_173' title='bbox 978 2142 1325 2205; x_wconf 88' lang='lat' dir='ltr'>destructor,</span> <span class='ocrx_word' id='word_1_174' title='bbox 1349 2141 1486 2195; x_wconf 82' lang='lat' dir='ltr'>Deus</span> <span class='ocrx_word' id='word_1_175' title='bbox 1510 2156 1612 2211; x_wconf 91' lang='lat' dir='ltr'>per</span> <span class='ocrx_word' id='word_1_176' title='bbox 1637 2144 1908 2193; x_wconf 90' lang='lat' dir='ltr'>naturam</span> 
     </span>
    </p>
   </div>
   <div class='ocr_carea' id='block_1_24' title="bbox 260 2227 1906 2301">
    <p class='ocr_par' dir='ltr' id='par_1_24' title="bbox 260 2227 1906 2301">
     <span class='ocr_line' id='line_1_24' title="bbox 260 2227 1906 2301; baseline -0.001 -19"><span class='ocrx_word' id='word_1_177' title='bbox 260 2227 563 2295; x_wconf 88' lang='lat' dir='ltr'>omnibus,</span> <span class='ocrx_word' id='word_1_178' title='bbox 594 2245 747 2283; x_wconf 88' lang='lat' dir='ltr'>meus</span> <span class='ocrx_word' id='word_1_179' title='bbox 768 2245 871 2300; x_wconf 89' lang='lat' dir='ltr'>per</span> <span class='ocrx_word' id='word_1_180' title='bbox 891 2229 1164 2301; x_wconf 84' lang='lat' dir='ltr'>gratiam.</span> <span class='ocrx_word' id='word_1_181' title='bbox 1190 2230 1262 2284; x_wconf 88' lang='lat' dir='ltr'>Ne</span> <span class='ocrx_word' id='word_1_182' title='bbox 1292 2229 1596 2284; x_wconf 82' lang='lat' dir='ltr'>tardaveris</span> <span class='ocrx_word' id='word_1_183' title='bbox 1611 2228 1906 2297; x_wconf 79' lang='lat' dir='ltr'>adjuvare,</span> 
     </span>
    </p>
   </div>
   <div class='ocr_carea' id='block_1_25' title="bbox 262 2315 1909 2388">
    <p class='ocr_par' dir='ltr' id='par_1_25' title="bbox 262 2315 1909 2388">
     <span class='ocr_line' id='line_1_25' title="bbox 262 2315 1909 2388; baseline 0.001 -20"><span class='ocrx_word' id='word_1_184' title='bbox 262 2331 339 2369; x_wconf 85' lang='lat' dir='ltr'>ne</span> <span class='ocrx_word' id='word_1_185' title='bbox 368 2315 667 2371; x_wconf 84' lang='lat' dir='ltr'>tardaveris</span> <span class='ocrx_word' id='word_1_186' title='bbox 686 2322 1005 2388; x_wconf 87' lang='lat' dir='ltr'>protegere.</span> <span class='ocrx_word' id='word_1_187' title='bbox 1026 2317 1206 2372; x_wconf 86' lang='lat' dir='ltr'>Aliter</span> <span class='ocrx_word' id='word_1_188' title='bbox 1232 2335 1242 2372; x_wconf 94' lang='lat'>:</span> <span class='ocrx_word' id='word_1_189' title='bbox 1271 2316 1361 2372; x_wconf 90' lang='lat' dir='ltr'>Illi</span> <span class='ocrx_word' id='word_1_190' title='bbox 1385 2318 1481 2388; x_wconf 82' lang='lat' dir='ltr'>qui</span> <span class='ocrx_word' id='word_1_191' title='bbox 1500 2316 1739 2387; x_wconf 88' lang='lat' dir='ltr'>diligunt</span> <span class='ocrx_word' id='word_1_192' title='bbox 1759 2316 1909 2370; x_wconf 82' lang='lat' dir='ltr'>salu-</span> 
     </span>
    </p>
   </div>
   <div class='ocr_carea' id='block_1_26' title="bbox 260 2406 1910 2478">
    <p class='ocr_par' dir='ltr' id='par_1_26' title="bbox 260 2406 1910 2478">
     <span class='ocr_line' id='line_1_26' title="bbox 260 2406 1910 2478; baseline 0.002 -23"><span class='ocrx_word' id='word_1_193' title='bbox 260 2406 388 2458; x_wconf 88' lang='lat' dir='ltr'>tare</span> <span class='ocrx_word' id='word_1_194' title='bbox 425 2413 586 2459; x_wconf 89' lang='lat' dir='ltr'>tuum</span> <span class='ocrx_word' id='word_1_195' title='bbox 643 2406 865 2461; x_wconf 85' lang='lat' dir='ltr'>dicant:</span> <span class='ocrx_word' id='word_1_196' title='bbox 917 2406 1135 2478; x_wconf 86' lang='lat' dir='ltr'>Semper</span> <span class='ocrx_word' id='word_1_197' title='bbox 1190 2408 1578 2477; x_wconf 83' lang='lat' dir='ltr'>magniﬁcetur</span> <span class='ocrx_word' id='word_1_198' title='bbox 1627 2407 1910 2460; x_wconf 85' lang='lat' dir='ltr'>Dominus.</span> 
     </span>
    </p>
   </div>
   <div class='ocr_carea' id='block_1_27' title="bbox 252 2490 1912 2567">
    <p class='ocr_par' dir='ltr' id='par_1_27' title="bbox 252 2490 1912 2567">
     <span class='ocr_line' id='line_1_27' title="bbox 252 2490 1912 2567; baseline 0.002 -23"><span class='ocrx_word' id='word_1_199' title='bbox 252 2490 329 2545; x_wconf 90' lang='lat' dir='ltr'>Et</span> <span class='ocrx_word' id='word_1_200' title='bbox 356 2496 419 2546; x_wconf 91' lang='lat' dir='ltr'>ut</span> <span class='ocrx_word' id='word_1_201' title='bbox 442 2493 552 2563; x_wconf 85' lang='lat' dir='ltr'>ipsi</span> <span class='ocrx_word' id='word_1_202' title='bbox 570 2493 679 2548; x_wconf 91' lang='lat' dir='ltr'>hoc</span> <span class='ocrx_word' id='word_1_203' title='bbox 696 2495 1147 2566; x_wconf 91' lang='lat' dir='ltr'>possintdicere,</span> <span class='ocrx_word' id='word_1_204' title='bbox 1172 2512 1277 2567; x_wconf 89' lang='lat' dir='ltr'>ego</span> <span class='ocrx_word' id='word_1_205' title='bbox 1308 2512 1508 2550; x_wconf 90' lang='lat' dir='ltr'>eorum</span> <span class='ocrx_word' id='word_1_206' title='bbox 1533 2503 1699 2564; x_wconf 79' lang='lat' dir='ltr'>caput</span> <span class='ocrx_word' id='word_1_207' title='bbox 1728 2495 1912 2549; x_wconf 90' lang='lat' dir='ltr'>factus</span> 
     </span>
    </p>
   </div>
   <div class='ocr_carea' id='block_1_28' title="bbox 252 2582 1910 2654">
    <p class='ocr_par' dir='ltr' id='par_1_28' title="bbox 252 2582 1910 2654">
     <span class='ocr_line' id='line_1_28' title="bbox 252 2582 1910 2654; baseline 0.002 -21"><span class='ocrx_word' id='word_1_208' title='bbox 252 2595 395 2634; x_wconf 90' lang='lat' dir='ltr'>sum</span> <span class='ocrx_word' id='word_1_209' title='bbox 425 2582 710 2636; x_wconf 87' lang='lat' dir='ltr'>mendicus</span> <span class='ocrx_word' id='word_1_210' title='bbox 739 2588 794 2637; x_wconf 86' lang='lat' dir='ltr'>et</span> <span class='ocrx_word' id='word_1_211' title='bbox 835 2600 1067 2654; x_wconf 76' lang='lat' dir='ltr'>pauper,</span> <span class='ocrx_word' id='word_1_212' title='bbox 1102 2583 1157 2638; x_wconf 92' lang='lat' dir='ltr'>id</span> <span class='ocrx_word' id='word_1_213' title='bbox 1216 2588 1321 2653; x_wconf 88' lang='lat' dir='ltr'>est,</span> <span class='ocrx_word' id='word_1_214' title='bbox 1355 2583 1586 2654; x_wconf 91' lang='lat' dir='ltr'>suscepi</span> <span class='ocrx_word' id='word_1_215' title='bbox 1645 2582 1910 2637; x_wconf 89' lang='lat' dir='ltr'>habitum</span> 
     </span>
    </p>
   </div>
   <div class='ocr_carea' id='block_1_29' title="bbox 248 2668 1907 2741">
    <p class='ocr_par' dir='ltr' id='par_1_29' title="bbox 248 2668 1907 2741">
     <span class='ocr_line' id='line_1_29' title="bbox 248 2668 1907 2741; baseline 0.001 -19"><span class='ocrx_word' id='word_1_216' title='bbox 248 2668 425 2740; x_wconf 88' lang='lat' dir='ltr'>egeni</span> <span class='ocrx_word' id='word_1_217' title='bbox 458 2674 514 2723; x_wconf 91' lang='lat' dir='ltr'>et</span> <span class='ocrx_word' id='word_1_218' title='bbox 543 2671 837 2741; x_wconf 88' lang='lat' dir='ltr'>pauperis,</span> <span class='ocrx_word' id='word_1_219' title='bbox 871 2676 936 2725; x_wconf 92' lang='lat' dir='ltr'>ut</span> <span class='ocrx_word' id='word_1_220' title='bbox 964 2687 1062 2726; x_wconf 85' lang='lat' dir='ltr'>eos</span> <span class='ocrx_word' id='word_1_221' title='bbox 1080 2671 1348 2735; x_wconf 87' lang='lat' dir='ltr'>ditarem,</span> <span class='ocrx_word' id='word_1_222' title='bbox 1372 2677 1430 2725; x_wconf 89' lang='lat' dir='ltr'>et</span> <span class='ocrx_word' id='word_1_223' title='bbox 1468 2672 1596 2725; x_wconf 90' lang='lat' dir='ltr'>ideo</span> <span class='ocrx_word' id='word_1_224' title='bbox 1627 2672 1907 2725; x_wconf 83' lang='lat' dir='ltr'>Dominus.</span> 
     </span>
    </p>
   </div>
   <div class='ocr_carea' id='block_1_30' title="bbox 247 2758 1907 2830">
    <p class='ocr_par' dir='ltr' id='par_1_30' title="bbox 247 2758 1907 2830">
     <span class='ocr_line' id='line_1_30' title="bbox 247 2758 1907 2830; baseline 0.002 -19"><span class='ocrx_word' id='word_1_225' title='bbox 247 2758 529 2812; x_wconf 88' lang='lat' dir='ltr'>sollicitus</span> <span class='ocrx_word' id='word_1_226' title='bbox 559 2766 636 2814; x_wconf 86' lang='lat' dir='ltr'>est</span> <span class='ocrx_word' id='word_1_227' title='bbox 662 2762 772 2814; x_wconf 88' lang='lat' dir='ltr'>mei</span> <span class='ocrx_word' id='word_1_228' title='bbox 802 2759 860 2813; x_wconf 91' lang='lat' dir='ltr'>in</span> <span class='ocrx_word' id='word_1_229' title='bbox 883 2760 1174 2830; x_wconf 88' lang='lat' dir='ltr'>passione,</span> <span class='ocrx_word' id='word_1_230' title='bbox 1209 2776 1281 2815; x_wconf 91' lang='lat' dir='ltr'>ne</span> <span class='ocrx_word' id='word_1_231' title='bbox 1311 2759 1575 2814; x_wconf 80' lang='lat' dir='ltr'>deficiam</span> <span class='ocrx_word' id='word_1_232' title='bbox 1609 2760 1668 2813; x_wconf 91' lang='lat' dir='ltr'>in</span> <span class='ocrx_word' id='word_1_233' title='bbox 1702 2764 1907 2824; x_wconf 91' lang='lat' dir='ltr'>morte,</span> 
     </span>
    </p>
   </div>
   <div class='ocr_carea' id='block_1_31' title="bbox 249 2848 1910 2920">
    <p class='ocr_par' dir='ltr' id='par_1_31' title="bbox 249 2848 1910 2920">
     <span class='ocr_line' id='line_1_31' title="bbox 249 2848 1910 2920; baseline 0.001 -19"><span class='ocrx_word' id='word_1_234' title='bbox 249 2850 321 2901; x_wconf 90' lang='lat' dir='ltr'>ut</span> <span class='ocrx_word' id='word_1_235' title='bbox 370 2863 694 2920; x_wconf 86' lang='lat' dir='ltr'>resurgam.</span> <span class='ocrx_word' id='word_1_236' title='bbox 756 2849 865 2915; x_wconf 92' lang='lat' dir='ltr'>Tu,</span> <span class='ocrx_word' id='word_1_237' title='bbox 898 2848 1047 2917; x_wconf 90' lang='lat' dir='ltr'>dico,</span> <span class='ocrx_word' id='word_1_238' title='bbox 1081 2850 1349 2904; x_wconf 84' lang='lat' dir='ltr'>sollicitus</span> <span class='ocrx_word' id='word_1_239' title='bbox 1407 2866 1468 2903; x_wconf 90' lang='lat' dir='ltr'>es</span> <span class='ocrx_word' id='word_1_240' title='bbox 1518 2850 1648 2915; x_wconf 86' lang='lat' dir='ltr'>mei,</span> <span class='ocrx_word' id='word_1_241' title='bbox 1690 2848 1789 2919; x_wconf 91' lang='lat' dir='ltr'>qui</span> <span class='ocrx_word' id='word_1_242' title='bbox 1847 2862 1910 2903; x_wconf 89' lang='lat' dir='ltr'>es</span> 
     </span>
    </p>
   </div>
   <div class='ocr_carea' id='block_1_32' title="bbox 244 2934 1911 3010">
    <p class='ocr_par' dir='ltr' id='par_1_32' title="bbox 244 2934 1911 3010">
     <span class='ocr_line' id='line_1_32' title="bbox 244 2934 1911 3010; baseline 0.001 -20"><span class='ocrx_word' id='word_1_243' title='bbox 244 2934 485 3007; x_wconf 85' lang='lat' dir='ltr'>adjutor</span> <span class='ocrx_word' id='word_1_244' title='bbox 504 2953 677 3008; x_wconf 87' lang='lat' dir='ltr'>meus,</span> <span class='ocrx_word' id='word_1_245' title='bbox 700 2942 763 2993; x_wconf 94' lang='lat' dir='ltr'>ut</span> <span class='ocrx_word' id='word_1_246' title='bbox 790 2938 1086 3009; x_wconf 82' lang='lat' dir='ltr'>perficiam</span> <span class='ocrx_word' id='word_1_247' title='bbox 1118 2956 1130 2993; x_wconf 93' lang='lat'>:</span> <span class='ocrx_word' id='word_1_248' title='bbox 1157 2941 1425 3010; x_wconf 85' lang='lat' dir='ltr'>protector</span> <span class='ocrx_word' id='word_1_249' title='bbox 1454 2954 1525 2992; x_wconf 89' lang='lat' dir='ltr'>ne</span> <span class='ocrx_word' id='word_1_250' title='bbox 1555 2938 1911 3004; x_wconf 80' lang='lat' dir='ltr'>deliciam,et</span> 
     </span>
    </p>
   </div>
   <div class='ocr_carea' id='block_1_33' title="bbox 246 3024 1904 3099">
    <p class='ocr_par' dir='ltr' id='par_1_33' title="bbox 246 3024 1904 3099">
     <span class='ocr_line' id='line_1_33' title="bbox 246 3024 1904 3099; baseline 0.002 -21"><span class='ocrx_word' id='word_1_251' title='bbox 246 3024 391 3080; x_wconf 84' lang='lat' dir='ltr'>ideo</span> <span class='ocrx_word' id='word_1_252' title='bbox 423 3042 491 3081; x_wconf 88' lang='lat' dir='ltr'>ne</span> <span class='ocrx_word' id='word_1_253' title='bbox 521 3026 830 3082; x_wconf 85' lang='lat' dir='ltr'>tardaveris</span> <span class='ocrx_word' id='word_1_254' title='bbox 861 3027 1228 3095; x_wconf 89' lang='lat' dir='ltr'>resuscitare,</span> <span class='ocrx_word' id='word_1_255' title='bbox 1262 3044 1474 3099; x_wconf 91' lang='lat' dir='ltr'>corpus</span> <span class='ocrx_word' id='word_1_256' title='bbox 1507 3026 1651 3081; x_wconf 89' lang='lat' dir='ltr'>mihi</span> <span class='ocrx_word' id='word_1_257' title='bbox 1687 3031 1904 3098; x_wconf 90' lang='lat' dir='ltr'>aptare.</span> 
     </span>
    </p>
   </div>
   <div class='ocr_carea' id='block_1_34' title="bbox 860 3133 1339 3189">
    <p class='ocr_par' dir='ltr' id='par_1_34' title="bbox 860 3133 1339 3189">
     <span class='ocr_line' id='line_1_34' title="bbox 860 3133 1339 3189; baseline 0 -2"><span class='ocrx_word' id='word_1_258' title='bbox 860 3133 1187 3189; x_wconf 83' lang='lat' dir='ltr'>PSALMUS</span> <span class='ocrx_word' id='word_1_259' title='bbox 1228 3133 1339 3188; x_wconf 88' lang='lat' dir='ltr'>XL.</span> 
     </span>
    </p>
   </div>
   <div class='ocr_carea' id='block_1_35' title="bbox 692 3239 1497 3278">
    <p class='ocr_par' dir='ltr' id='par_1_35' title="bbox 692 3239 1497 3278">
     <span class='ocr_line' id='line_1_35' title="bbox 692 3239 1497 3278; baseline -0.004 0"><span class='ocrx_word' id='word_1_260' title='bbox 692 3240 749 3278; x_wconf 79' lang='grc' dir='ltr'><strong>ΙΝ</strong></span> <span class='ocrx_word' id='word_1_261' title='bbox 790 3240 964 3278; x_wconf 81' lang='lat' dir='ltr'><strong>FINEM</strong></span> <span class='ocrx_word' id='word_1_262' title='bbox 1006 3239 1266 3278; x_wconf 80' lang='lat' dir='ltr'>PSALMUS</span> <span class='ocrx_word' id='word_1_263' title='bbox 1306 3239 1497 3276; x_wconf 80' lang='lat' dir='ltr'>DAVID.</span> 
     </span>
    </p>
   </div>
   <div class='ocr_carea' id='block_1_36' title="bbox 332 3311 1910 3384">
    <p class='ocr_par' dir='ltr' id='par_1_36' title="bbox 332 3311 1910 3384">
     <span class='ocr_line' id='line_1_36' title="bbox 332 3311 1910 3384; baseline -0.003 -17"><span class='ocrx_word' id='word_1_264' title='bbox 332 3335 365 3361; x_wconf 89' lang='grc'><strong>‹‹</strong></span> <span class='ocrx_word' id='word_1_265' title='bbox 390 3313 603 3368; x_wconf 88' lang='lat' dir='ltr'>Beatus</span> <span class='ocrx_word' id='word_1_266' title='bbox 626 3313 726 3384; x_wconf 92' lang='lat' dir='ltr'>qui</span> <span class='ocrx_word' id='word_1_267' title='bbox 756 3311 1026 3383; x_wconf 89' lang='lat' dir='ltr'>intelligit</span> <span class='ocrx_word' id='word_1_268' title='bbox 1051 3328 1230 3382; x_wconf 88' lang='lat' dir='ltr'>super</span> <span class='ocrx_word' id='word_1_269' title='bbox 1252 3326 1500 3382; x_wconf 86' lang='lat' dir='ltr'>egenum</span> <span class='ocrx_word' id='word_1_270' title='bbox 1518 3313 1574 3364; x_wconf 90' lang='lat' dir='ltr'>et</span> <span class='ocrx_word' id='word_1_271' title='bbox 1596 3326 1910 3381; x_wconf 88' lang='lat' dir='ltr'>pauperem</span> 
     </span>
    </p>
   </div>
   <div class='ocr_carea' id='block_1_37' title="bbox 248 3397 1912 3457">
    <p class='ocr_par' dir='ltr' id='par_1_37' title="bbox 248 3397 1912 3457">
     <span class='ocr_line' id='line_1_37' title="bbox 248 3397 1912 3457; baseline -0.002 -5"><span class='ocrx_word' id='word_1_272' title='bbox 248 3428 275 3453; x_wconf 84' lang='grc'><strong>‹‹</strong></span> <span class='ocrx_word' id='word_1_273' title='bbox 319 3403 386 3457; x_wconf 91' lang='lat' dir='ltr'>in</span> <span class='ocrx_word' id='word_1_274' title='bbox 420 3400 513 3457; x_wconf 89' lang='lat' dir='ltr'>die</span> <span class='ocrx_word' id='word_1_275' title='bbox 530 3400 970 3457; x_wconf 89' lang='lat' dir='ltr'>malaliberabit</span> <span class='ocrx_word' id='word_1_276' title='bbox 989 3416 1123 3454; x_wconf 91' lang='lat' dir='ltr'>eum</span> <span class='ocrx_word' id='word_1_277' title='bbox 1145 3398 1442 3453; x_wconf 89' lang='lat' dir='ltr'>Dominus.</span> <span class='ocrx_word' id='word_1_278' title='bbox 1469 3397 1753 3451; x_wconf 89' lang='lat' dir='ltr'>Dominus</span> <span class='ocrx_word' id='word_1_279' title='bbox 1778 3413 1912 3450; x_wconf 89' lang='lat' dir='ltr'>con-</span> 
     </span>
    </p>
   </div>
   <div class='ocr_carea' id='block_1_38' title="bbox 250 3484 1917 3558">
    <p class='ocr_par' dir='ltr' id='par_1_38' title="bbox 250 3484 1917 3558">
     <span class='ocr_line' id='line_1_38' title="bbox 250 3484 1917 3558; baseline -0.002 -16"><span class='ocrx_word' id='word_1_280' title='bbox 250 3515 280 3541; x_wconf 86' lang='grc'><em>‹‹</em></span> <span class='ocrx_word' id='word_1_281' title='bbox 324 3494 519 3545; x_wconf 84' lang='lat' dir='ltr'>servet</span> <span class='ocrx_word' id='word_1_282' title='bbox 548 3507 703 3558; x_wconf 90' lang='lat' dir='ltr'>eum,</span> <span class='ocrx_word' id='word_1_283' title='bbox 763 3495 819 3545; x_wconf 88' lang='lat' dir='ltr'>et</span> <span class='ocrx_word' id='word_1_284' title='bbox 869 3488 1119 3543; x_wconf 79' lang='lat' dir='ltr'>vivificet</span> <span class='ocrx_word' id='word_1_285' title='bbox 1175 3503 1331 3557; x_wconf 89' lang='lat' dir='ltr'>eum,</span> <span class='ocrx_word' id='word_1_286' title='bbox 1374 3491 1429 3541; x_wconf 93' lang='lat' dir='ltr'>et</span> <span class='ocrx_word' id='word_1_287' title='bbox 1459 3486 1694 3541; x_wconf 89' lang='lat' dir='ltr'>beatum</span> <span class='ocrx_word' id='word_1_288' title='bbox 1744 3484 1917 3539; x_wconf 85' lang='lat' dir='ltr'>faciat</span> 
     </span>
    </p>
   </div>
   <div class='ocr_carea' id='block_1_39' title="bbox 250 3573 1913 3646">
    <p class='ocr_par' dir='ltr' id='par_1_39' title="bbox 250 3573 1913 3646">
     <span class='ocr_line' id='line_1_39' title="bbox 250 3573 1913 3646; baseline -0.004 -13"><span class='ocrx_word' id='word_1_289' title='bbox 250 3605 281 3633; x_wconf 75' lang='grc' dir='ltr'>ι(</span> <span class='ocrx_word' id='word_1_290' title='bbox 322 3579 540 3635; x_wconf 83' lang='lat' dir='ltr'>eumin</span> <span class='ocrx_word' id='word_1_291' title='bbox 574 3585 748 3646; x_wconf 91' lang='lat' dir='ltr'>terra,</span> <span class='ocrx_word' id='word_1_292' title='bbox 784 3582 980 3634; x_wconf 87' lang='lat' dir='ltr'>etnon</span> <span class='ocrx_word' id='word_1_293' title='bbox 1032 3577 1224 3633; x_wconf 86' lang='lat' dir='ltr'>tradat</span> <span class='ocrx_word' id='word_1_294' title='bbox 1253 3592 1386 3631; x_wconf 91' lang='lat' dir='ltr'>eum</span> <span class='ocrx_word' id='word_1_295' title='bbox 1418 3575 1478 3629; x_wconf 90' lang='lat' dir='ltr'>in</span> <span class='ocrx_word' id='word_1_296' title='bbox 1512 3573 1767 3629; x_wconf 90' lang='lat' dir='ltr'>animam</span> <span class='ocrx_word' id='word_1_297' title='bbox 1800 3573 1913 3627; x_wconf 89' lang='lat' dir='ltr'>ini-</span> 
     </span>
    </p>
   </div>
   <div class='ocr_carea' id='block_1_40' title="bbox 248 3662 1915 3739">
    <p class='ocr_par' dir='ltr' id='par_1_40' title="bbox 248 3662 1915 3739">
     <span class='ocr_line' id='line_1_40' title="bbox 248 3662 1915 3739; baseline -0.003 -18"><span class='ocrx_word' id='word_1_298' title='bbox 248 3696 277 3722; x_wconf 85' lang='grc'>‹‹</span> <span class='ocrx_word' id='word_1_299' title='bbox 318 3670 615 3726; x_wconf 86' lang='lat' dir='ltr'>micorum</span> <span class='ocrx_word' id='word_1_300' title='bbox 648 3669 797 3739; x_wconf 86' lang='lat' dir='ltr'>ejus.</span> <span class='ocrx_word' id='word_1_301' title='bbox 830 3665 1116 3721; x_wconf 87' lang='lat' dir='ltr'>Dominus</span> <span class='ocrx_word' id='word_1_302' title='bbox 1148 3681 1315 3737; x_wconf 92' lang='lat' dir='ltr'>opem</span> <span class='ocrx_word' id='word_1_303' title='bbox 1342 3665 1483 3719; x_wconf 89' lang='lat' dir='ltr'>ferat</span> <span class='ocrx_word' id='word_1_304' title='bbox 1512 3662 1594 3717; x_wconf 88' lang='lat' dir='ltr'>illi</span> <span class='ocrx_word' id='word_1_305' title='bbox 1629 3679 1805 3733; x_wconf 92' lang='lat' dir='ltr'>super</span> <span class='ocrx_word' id='word_1_306' title='bbox 1833 3662 1915 3717; x_wconf 82' lang='lat' dir='ltr'>le-</span> 
     </span>
    </p>
   </div>
   <div class='ocr_carea' id='block_1_41' title="bbox 251 3751 1915 3826">
    <p class='ocr_par' dir='ltr' id='par_1_41' title="bbox 251 3751 1915 3826">
     <span class='ocr_line' id='line_1_41' title="bbox 251 3751 1915 3826; baseline -0.007 -10"><span class='ocrx_word' id='word_1_307' title='bbox 251 3786 279 3810; x_wconf 77' lang='grc' dir='ltr'>ιι</span> <span class='ocrx_word' id='word_1_308' title='bbox 319 3765 488 3816; x_wconf 91' lang='lat' dir='ltr'>ctum</span> <span class='ocrx_word' id='word_1_309' title='bbox 504 3757 720 3813; x_wconf 91' lang='lat' dir='ltr'>doloris</span> <span class='ocrx_word' id='word_1_310' title='bbox 733 3758 882 3826; x_wconf 91' lang='lat' dir='ltr'>ejus,</span> <span class='ocrx_word' id='word_1_311' title='bbox 903 3756 1237 3810; x_wconf 90' lang='lat' dir='ltr'>universum</span> <span class='ocrx_word' id='word_1_312' title='bbox 1252 3758 1504 3809; x_wconf 84' lang='lat' dir='ltr'>stratum</span> <span class='ocrx_word' id='word_1_313' title='bbox 1524 3753 1652 3824; x_wconf 87' lang='lat' dir='ltr'>ejus</span> <span class='ocrx_word' id='word_1_314' title='bbox 1673 3751 1915 3807; x_wconf 86' lang='lat' dir='ltr'>versasti</span> 
     </span>
    </p>
   </div>
   <div class='ocr_carea' id='block_1_42' title="bbox 252 3840 1915 3917">
    <p class='ocr_par' dir='ltr' id='par_1_42' title="bbox 252 3840 1915 3917">
     <span class='ocr_line' id='line_1_42' title="bbox 252 3840 1915 3917; baseline -0.004 -16"><span class='ocrx_word' id='word_1_315' title='bbox 252 3874 281 3901; x_wconf 70' lang='grc' dir='ltr'><strong><em>α</em></strong></span> <span class='ocrx_word' id='word_1_316' title='bbox 324 3851 388 3905; x_wconf 90' lang='lat' dir='ltr'>in</span> <span class='ocrx_word' id='word_1_317' title='bbox 421 3847 763 3903; x_wconf 84' lang='lat' dir='ltr'>inﬁrmitate</span> <span class='ocrx_word' id='word_1_318' title='bbox 807 3846 951 3916; x_wconf 88' lang='lat' dir='ltr'>ejus.</span> <span class='ocrx_word' id='word_1_319' title='bbox 986 3846 1103 3917; x_wconf 87' lang='lat' dir='ltr'>Ego</span> <span class='ocrx_word' id='word_1_320' title='bbox 1152 3843 1290 3914; x_wconf 87' lang='lat' dir='ltr'>dixi,</span> <span class='ocrx_word' id='word_1_321' title='bbox 1342 3842 1604 3912; x_wconf 90' lang='lat' dir='ltr'>Domine,</span> <span class='ocrx_word' id='word_1_322' title='bbox 1642 3840 1915 3897; x_wconf 88' lang='lat' dir='ltr'>miserere</span> 
     </span>
    </p>
   </div>
   <div class='ocr_carea' id='block_1_43' title="bbox 252 3930 1914 4004">
    <p class='ocr_par' dir='ltr' id='par_1_43' title="bbox 252 3930 1914 4004">
     <span class='ocr_line' id='line_1_43' title="bbox 252 3930 1914 4004; baseline -0.003 -15"><span class='ocrx_word' id='word_1_323' title='bbox 252 3963 281 3989; x_wconf 86' lang='grc'>‹‹</span> <span class='ocrx_word' id='word_1_324' title='bbox 322 3936 478 3993; x_wconf 88' lang='lat' dir='ltr'>mei:</span> <span class='ocrx_word' id='word_1_325' title='bbox 515 3954 658 3992; x_wconf 90' lang='lat' dir='ltr'>sana</span> <span class='ocrx_word' id='word_1_326' title='bbox 689 3935 945 3989; x_wconf 88' lang='lat' dir='ltr'>animam</span> <span class='ocrx_word' id='word_1_327' title='bbox 979 3950 1190 4001; x_wconf 87' lang='lat' dir='ltr'>meam,</span> <span class='ocrx_word' id='word_1_328' title='bbox 1216 3931 1355 4004; x_wconf 88' lang='lat' dir='ltr'>quia</span> <span class='ocrx_word' id='word_1_329' title='bbox 1387 3931 1616 4004; x_wconf 88' lang='lat' dir='ltr'>peccavi</span> <span class='ocrx_word' id='word_1_330' title='bbox 1640 3930 1769 3986; x_wconf 83' lang='lat' dir='ltr'>tibi.</span> <span class='ocrx_word' id='word_1_331' title='bbox 1806 3930 1914 3985; x_wconf 88' lang='lat' dir='ltr'>Ini-</span> 
     </span>
    </p>
   </div>
   <div class='ocr_carea' id='block_1_44' title="bbox 255 4020 1915 4084">
    <p class='ocr_par' dir='ltr' id='par_1_44' title="bbox 255 4020 1915 4084">
     <span class='ocr_line' id='line_1_44' title="bbox 255 4020 1915 4084; baseline -0.004 -5"><span class='ocrx_word' id='word_1_332' title='bbox 255 4051 284 4079; x_wconf 75' lang='grc' dir='ltr'>α</span> <span class='ocrx_word' id='word_1_333' title='bbox 325 4027 468 4081; x_wconf 89' lang='lat' dir='ltr'>mici</span> <span class='ocrx_word' id='word_1_334' title='bbox 502 4025 614 4080; x_wconf 92' lang='lat' dir='ltr'>mei</span> <span class='ocrx_word' id='word_1_335' title='bbox 647 4026 917 4079; x_wconf 83' lang='lat' dir='ltr'>dixerunt</span> <span class='ocrx_word' id='word_1_336' title='bbox 948 4022 1103 4077; x_wconf 90' lang='lat' dir='ltr'>mala</span> <span class='ocrx_word' id='word_1_337' title='bbox 1132 4021 1275 4076; x_wconf 89' lang='lat' dir='ltr'>mihi</span> <span class='ocrx_word' id='word_1_338' title='bbox 1302 4037 1315 4075; x_wconf 91' lang='lat'>:</span> <span class='ocrx_word' id='word_1_339' title='bbox 1347 4021 1587 4084; x_wconf 87' lang='lat' dir='ltr'>Quando</span> <span class='ocrx_word' id='word_1_340' title='bbox 1636 4020 1915 4074; x_wconf 88' lang='lat' dir='ltr'>morietur</span> 
     </span>
    </p>
   </div>
   <div class='ocr_carea' id='block_1_45' title="bbox 253 4108 1917 4188">
    <p class='ocr_par' dir='ltr' id='par_1_45' title="bbox 253 4108 1917 4188">
     <span class='ocr_line' id='line_1_45' title="bbox 253 4108 1917 4188; baseline -0.004 -19"><span class='ocrx_word' id='word_1_341' title='bbox 253 4142 282 4169; x_wconf 83' lang='lat'><strong>«</strong></span> <span class='ocrx_word' id='word_1_342' title='bbox 326 4120 389 4171; x_wconf 91' lang='lat' dir='ltr'>et</span> <span class='ocrx_word' id='word_1_343' title='bbox 421 4114 632 4188; x_wconf 90' lang='lat' dir='ltr'>peribit</span> <span class='ocrx_word' id='word_1_344' title='bbox 657 4130 867 4169; x_wconf 89' lang='lat' dir='ltr'>nomen</span> <span class='ocrx_word' id='word_1_345' title='bbox 899 4111 1072 4182; x_wconf 89' lang='lat' dir='ltr'>ejus?</span> <span class='ocrx_word' id='word_1_346' title='bbox 1101 4112 1169 4166; x_wconf 90' lang='lat' dir='ltr'>Et</span> <span class='ocrx_word' id='word_1_347' title='bbox 1199 4110 1248 4166; x_wconf 91' lang='lat' dir='ltr'>si</span> <span class='ocrx_word' id='word_1_348' title='bbox 1277 4109 1717 4183; x_wconf 88' lang='lat' dir='ltr'>ingrediebatur</span> <span class='ocrx_word' id='word_1_349' title='bbox 1748 4112 1812 4162; x_wconf 89' lang='lat' dir='ltr'>ut</span> <span class='ocrx_word' id='word_1_350' title='bbox 1840 4108 1917 4163; x_wconf 89' lang='lat' dir='ltr'>vi-</span> 
     </span>
    </p>
   </div>
   <div class='ocr_carea' id='block_1_46' title="bbox 252 4192 1916 4275">
    <p class='ocr_par' dir='ltr' id='par_1_46' title="bbox 252 4192 1916 4275">
     <span class='ocr_line' id='line_1_46' title="bbox 252 4192 1916 4275; baseline -0.004 -18"><span class='ocrx_word' id='word_1_351' title='bbox 252 4231 281 4257; x_wconf 75' lang='grc' dir='ltr'>α</span> <span class='ocrx_word' id='word_1_352' title='bbox 325 4206 517 4275; x_wconf 88' lang='lat' dir='ltr'>deret,</span> <span class='ocrx_word' id='word_1_353' title='bbox 547 4221 694 4259; x_wconf 88' lang='lat' dir='ltr'>vana</span> <span class='ocrx_word' id='word_1_354' title='bbox 724 4201 1094 4274; x_wconf 88' lang='lat' dir='ltr'>loquebatur,</span> <span class='ocrx_word' id='word_1_355' title='bbox 1128 4216 1227 4256; x_wconf 91' lang='lat' dir='ltr'>cor</span> <span class='ocrx_word' id='word_1_356' title='bbox 1256 4200 1382 4270; x_wconf 85' lang='lat' dir='ltr'>ejus</span> <span class='ocrx_word' id='word_1_357' title='bbox 1414 4192 1783 4271; x_wconf 88' lang='lat' dir='ltr'>congregavit</span> <span class='ocrx_word' id='word_1_358' title='bbox 1804 4197 1916 4251; x_wconf 87' lang='lat' dir='ltr'>ini-</span> 
     </span>
    </p>
   </div>
   <div class='ocr_carea' id='block_1_47' title="bbox 254 4285 1918 4367">
    <p class='ocr_par' dir='ltr' id='par_1_47' title="bbox 254 4285 1918 4367">
     <span class='ocr_line' id='line_1_47' title="bbox 254 4285 1918 4367; baseline -0.006 -17"><span class='ocrx_word' id='word_1_359' title='bbox 254 4320 281 4343; x_wconf 85' lang='grc'>‹‹</span> <span class='ocrx_word' id='word_1_360' title='bbox 318 4294 613 4367; x_wconf 86' lang='lat' dir='ltr'>quitatem</span> <span class='ocrx_word' id='word_1_361' title='bbox 659 4291 792 4348; x_wconf 84' lang='lat' dir='ltr'>sibi.</span> <span class='ocrx_word' id='word_1_362' title='bbox 823 4290 1246 4363; x_wconf 89' lang='lat' dir='ltr'>Egrediebatur</span> <span class='ocrx_word' id='word_1_363' title='bbox 1297 4290 1452 4344; x_wconf 90' lang='lat' dir='ltr'>foras</span> <span class='ocrx_word' id='word_1_364' title='bbox 1484 4292 1538 4342; x_wconf 92' lang='lat' dir='ltr'>et</span> <span class='ocrx_word' id='word_1_365' title='bbox 1569 4285 1918 4358; x_wconf 88' lang='lat' dir='ltr'>loquebatur</span> 
     </span>
    </p>
   </div>
   <div class='ocr_carea' id='block_1_48' title="bbox 252 4376 1917 4454">
    <p class='ocr_par' dir='ltr' id='par_1_48' title="bbox 252 4376 1917 4454">
     <span class='ocr_line' id='line_1_48' title="bbox 252 4376 1917 4454; baseline -0.004 -18"><span class='ocrx_word' id='word_1_366' title='bbox 252 4408 282 4436; x_wconf 75' lang='grc' dir='ltr'>α</span> <span class='ocrx_word' id='word_1_367' title='bbox 314 4385 385 4439; x_wconf 88' lang='lat' dir='ltr'>in</span> <span class='ocrx_word' id='word_1_368' title='bbox 436 4383 711 4454; x_wconf 88' lang='lat' dir='ltr'>idipsum.</span> <span class='ocrx_word' id='word_1_369' title='bbox 774 4380 1096 4434; x_wconf 87' lang='lat' dir='ltr'>Adversum</span> <span class='ocrx_word' id='word_1_370' title='bbox 1158 4394 1251 4433; x_wconf 89' lang='lat' dir='ltr'>me</span> <span class='ocrx_word' id='word_1_371' title='bbox 1284 4376 1669 4432; x_wconf 86' lang='lat' dir='ltr'>susurrabant</span> <span class='ocrx_word' id='word_1_372' title='bbox 1713 4391 1917 4430; x_wconf 84' lang='lat' dir='ltr'>omnes</span> 
     </span>
    </p>
   </div>
   <div class='ocr_carea' id='block_1_49' title="bbox 250 4462 1913 4539">
    <p class='ocr_par' dir='ltr' id='par_1_49' title="bbox 250 4462 1913 4539">
     <span class='ocr_line' id='line_1_49' title="bbox 250 4462 1913 4539; baseline -0.004 -15"><span class='ocrx_word' id='word_1_373' title='bbox 250 4498 281 4525; x_wconf 81' lang='grc'>‹‹</span> <span class='ocrx_word' id='word_1_374' title='bbox 322 4471 554 4528; x_wconf 90' lang='lat' dir='ltr'>inimici</span> <span class='ocrx_word' id='word_1_375' title='bbox 586 4470 723 4539; x_wconf 91' lang='lat' dir='ltr'>mei,</span> <span class='ocrx_word' id='word_1_376' title='bbox 749 4470 1059 4525; x_wconf 90' lang='lat' dir='ltr'>adversum</span> <span class='ocrx_word' id='word_1_377' title='bbox 1086 4482 1178 4523; x_wconf 92' lang='lat' dir='ltr'>me</span> <span class='ocrx_word' id='word_1_378' title='bbox 1200 4466 1537 4538; x_wconf 88' lang='lat' dir='ltr'>cogitabant</span> <span class='ocrx_word' id='word_1_379' title='bbox 1570 4463 1724 4519; x_wconf 92' lang='lat' dir='ltr'>mala</span> <span class='ocrx_word' id='word_1_380' title='bbox 1746 4462 1913 4518; x_wconf 90' lang='lat' dir='ltr'>mihi.</span> 
     </span>
    </p>
   </div>
   <div class='ocr_carea' id='block_1_50' title="bbox 1941 3188 1983 3252">
    <p class='ocr_par' dir='ltr' id='par_1_50' title="bbox 1941 3188 1983 3252">
     <span class='ocr_line' id='line_1_50' title="bbox 1941 3188 1983 3252; baseline 0 0"><span class='ocrx_word' id='word_1_381' title='bbox 1941 3188 1983 3252; x_wconf 89' lang='lat' dir='ltr'>C</span> 
     </span>
    </p>
   </div>
   <div class='ocr_carea' id='block_1_51' title="bbox 2012 524 3658 607">
    <p class='ocr_par' dir='ltr' id='par_1_51' title="bbox 2012 524 3658 607">
     <span class='ocr_line' id='line_1_51' title="bbox 2012 524 3658 607; baseline -0.001 -17"><span class='ocrx_word' id='word_1_382' title='bbox 2012 524 2458 607; x_wconf 74' lang='lat' dir='ltr'>suaadjuvando</span> <span class='ocrx_word' id='word_1_383' title='bbox 2474 540 2530 590; x_wconf 92' lang='lat' dir='ltr'>et</span> <span class='ocrx_word' id='word_1_384' title='bbox 2546 535 2901 605; x_wconf 87' lang='lat' dir='ltr'>adjutorium</span> <span class='ocrx_word' id='word_1_385' title='bbox 2925 550 3096 589; x_wconf 90' lang='lat' dir='ltr'>suum</span> <span class='ocrx_word' id='word_1_386' title='bbox 3120 534 3658 598; x_wconf 86' lang='lat' dir='ltr'>coronando.Quasi</span> 
     </span>
    </p>
   </div>
   <div class='ocr_carea' id='block_1_52' title="bbox 2014 623 3660 695">
    <p class='ocr_par' dir='ltr' id='par_1_52' title="bbox 2014 623 3660 695">
     <span class='ocr_line' id='line_1_52' title="bbox 2014 623 3660 695; baseline 0.001 -17"><span class='ocrx_word' id='word_1_387' title='bbox 2014 624 2213 679; x_wconf 91' lang='lat' dir='ltr'>dicens</span> <span class='ocrx_word' id='word_1_388' title='bbox 2244 640 2255 677; x_wconf 90' lang='lat'>:</span> <span class='ocrx_word' id='word_1_389' title='bbox 2293 624 2431 695; x_wconf 84' lang='lat' dir='ltr'>Ego,</span> <span class='ocrx_word' id='word_1_390' title='bbox 2456 641 2631 694; x_wconf 89' lang='lat' dir='ltr'>quem</span> <span class='ocrx_word' id='word_1_391' title='bbox 2647 624 2936 695; x_wconf 66' lang='lat' dir='ltr'>propheta:</span> <span class='ocrx_word' id='word_1_392' title='bbox 2961 624 3242 678; x_wconf 83' lang='lat' dir='ltr'>hactenus</span> <span class='ocrx_word' id='word_1_393' title='bbox 3267 623 3660 694; x_wconf 73' lang='lat' dir='ltr'>prmdixerunt</span> 
     </span>
    </p>
   </div>
   <div class='ocr_carea' id='block_1_53' title="bbox 2018 711 3661 783">
    <p class='ocr_par' dir='ltr' id='par_1_53' title="bbox 2018 711 3661 783">
     <span class='ocr_line' id='line_1_53' title="bbox 2018 711 3661 783; baseline -0.001 -15"><span class='ocrx_word' id='word_1_394' title='bbox 2018 714 2086 768; x_wconf 92' lang='lat' dir='ltr'>ad</span> <span class='ocrx_word' id='word_1_395' title='bbox 2136 712 2594 783; x_wconf 91' lang='lat' dir='ltr'>redemptionem</span> <span class='ocrx_word' id='word_1_396' title='bbox 2628 714 2857 783; x_wconf 85' lang='lat' dir='ltr'>generis</span> <span class='ocrx_word' id='word_1_397' title='bbox 2890 711 3132 767; x_wconf 90' lang='lat' dir='ltr'>humani</span> <span class='ocrx_word' id='word_1_398' title='bbox 3163 717 3496 778; x_wconf 84' lang='lat' dir='ltr'>venturum,</span> <span class='ocrx_word' id='word_1_399' title='bbox 3530 728 3661 768; x_wconf 91' lang='lat' dir='ltr'>ecce</span> 
     </span>
    </p>
   </div>
   <div class='ocr_carea' id='block_1_54' title="bbox 2027 801 3661 871">
    <p class='ocr_par' dir='ltr' id='par_1_54' title="bbox 2027 801 3661 871">
     <span class='ocr_line' id='line_1_54' title="bbox 2027 801 3661 871; baseline 0.001 -15"><span class='ocrx_word' id='word_1_400' title='bbox 2027 802 2256 857; x_wconf 88' lang='lat' dir='ltr'>adsum.</span> <span class='ocrx_word' id='word_1_401' title='bbox 2290 804 2350 855; x_wconf 90' lang='lat' dir='ltr'>Et</span> <span class='ocrx_word' id='word_1_402' title='bbox 2383 801 2563 855; x_wconf 72' lang='lat' dir='ltr'>beatus</span> <span class='ocrx_word' id='word_1_403' title='bbox 2586 804 2682 871; x_wconf 83' lang='lat' dir='ltr'>qui</span> <span class='ocrx_word' id='word_1_404' title='bbox 2702 818 2809 857; x_wconf 89' lang='lat' dir='ltr'>non</span> <span class='ocrx_word' id='word_1_405' title='bbox 2838 804 3008 870; x_wconf 82' lang='lat' dir='ltr'>fuerit</span> <span class='ocrx_word' id='word_1_406' title='bbox 3037 802 3444 857; x_wconf 75' lang='lat' dir='ltr'>scandalizatus</span> <span class='ocrx_word' id='word_1_407' title='bbox 3474 803 3537 857; x_wconf 88' lang='lat' dir='ltr'>in</span> <span class='ocrx_word' id='word_1_408' title='bbox 3576 818 3661 858; x_wconf 85' lang='lat' dir='ltr'>me</span> 
     </span>
    </p>
   </div>
   <div class='ocr_carea' id='block_1_55' title="bbox 2016 889 3661 963">
    <p class='ocr_par' dir='ltr' id='par_1_55' title="bbox 2016 889 3661 963">
     <span class='ocr_line' id='line_1_55' title="bbox 2016 889 3661 963; baseline 0.002 -19"><span class='ocrx_word' id='word_1_409' title='bbox 2016 890 2221 961; x_wconf 82' lang='lat' dir='ltr'>(Matth.</span> <span class='ocrx_word' id='word_1_410' title='bbox 2255 889 2432 959; x_wconf 82' lang='lat' dir='ltr'>x1),id</span> <span class='ocrx_word' id='word_1_411' title='bbox 2463 891 2681 959; x_wconf 87' lang='lat' dir='ltr'>est,qui</span> <span class='ocrx_word' id='word_1_412' title='bbox 2702 890 2976 963; x_wconf 90' lang='lat' dir='ltr'>intelligit</span> <span class='ocrx_word' id='word_1_413' title='bbox 3000 908 3090 947; x_wconf 91' lang='lat' dir='ltr'>me</span> <span class='ocrx_word' id='word_1_414' title='bbox 3123 908 3235 946; x_wconf 92' lang='lat' dir='ltr'>non</span> <span class='ocrx_word' id='word_1_415' title='bbox 3256 892 3446 947; x_wconf 90' lang='lat' dir='ltr'>solum</span> <span class='ocrx_word' id='word_1_416' title='bbox 3476 891 3661 947; x_wconf 90' lang='lat' dir='ltr'>homi-</span> 
     </span>
    </p>
   </div>
   <div class='ocr_carea' id='block_1_56' title="bbox 2016 982 2626 1047">
    <p class='ocr_par' dir='ltr' id='par_1_56' title="bbox 2016 982 2626 1047">
     <span class='ocr_line' id='line_1_56' title="bbox 2016 982 2626 1047; baseline -0.005 -12"><span class='ocrx_word' id='word_1_417' title='bbox 2016 998 2170 1047; x_wconf 89' lang='lat' dir='ltr'>nem,</span> <span class='ocrx_word' id='word_1_418' title='bbox 2204 982 2304 1035; x_wconf 90' lang='lat' dir='ltr'>sed</span> <span class='ocrx_word' id='word_1_419' title='bbox 2330 985 2386 1034; x_wconf 88' lang='lat' dir='ltr'>et</span> <span class='ocrx_word' id='word_1_420' title='bbox 2422 983 2626 1033; x_wconf 88' lang='lat' dir='ltr'>Deum.</span> 
     </span>
    </p>
   </div>
   <div class='ocr_carea' id='block_1_57' title="bbox 2086 1087 3660 1160">
    <p class='ocr_par' dir='ltr' id='par_1_57' title="bbox 2086 1087 3660 1160">
     <span class='ocr_line' id='line_1_57' title="bbox 2086 1087 3660 1160; baseline 0.003 -18"><span class='ocrx_word' id='word_1_421' title='bbox 2086 1089 2284 1142; x_wconf 84' lang='lat' dir='ltr'>Beatus</span> <span class='ocrx_word' id='word_1_422' title='bbox 2303 1089 2397 1158; x_wconf 86' lang='lat' dir='ltr'>qui</span> <span class='ocrx_word' id='word_1_423' title='bbox 2427 1087 2683 1155; x_wconf 78' lang='lat' dir='ltr'>intelligit</span> <span class='ocrx_word' id='word_1_424' title='bbox 2714 1103 2878 1158; x_wconf 84' lang='lat' dir='ltr'>super</span> <span class='ocrx_word' id='word_1_425' title='bbox 2905 1104 3141 1159; x_wconf 88' lang='lat' dir='ltr'>egenum</span> <span class='ocrx_word' id='word_1_426' title='bbox 3169 1097 3219 1144; x_wconf 92' lang='lat' dir='ltr'>et</span> <span class='ocrx_word' id='word_1_427' title='bbox 3253 1107 3571 1160; x_wconf 84' lang='lat' dir='ltr'>pauperem,</span> <span class='ocrx_word' id='word_1_428' title='bbox 3602 1090 3660 1146; x_wconf 92' lang='lat' dir='ltr'>id</span> 
     </span>
    </p>
   </div>
   <div class='ocr_carea' id='block_1_58' title="bbox 2016 1175 3654 1249">
    <p class='ocr_par' dir='ltr' id='par_1_58' title="bbox 2016 1175 3654 1249">
     <span class='ocr_line' id='line_1_58' title="bbox 2016 1175 3654 1249; baseline 0.004 -19"><span class='ocrx_word' id='word_1_429' title='bbox 2016 1182 2122 1236; x_wconf 86' lang='lat' dir='ltr'>est,</span> <span class='ocrx_word' id='word_1_430' title='bbox 2156 1176 2254 1246; x_wconf 91' lang='lat' dir='ltr'>qui</span> <span class='ocrx_word' id='word_1_431' title='bbox 2289 1192 2379 1230; x_wconf 93' lang='lat' dir='ltr'>me</span> <span class='ocrx_word' id='word_1_432' title='bbox 2439 1175 2735 1230; x_wconf 86' lang='lat' dir='ltr'>Christum</span> <span class='ocrx_word' id='word_1_433' title='bbox 2766 1176 2848 1230; x_wconf 89' lang='lat' dir='ltr'>sic</span> <span class='ocrx_word' id='word_1_434' title='bbox 2908 1192 3226 1247; x_wconf 87' lang='lat' dir='ltr'>pauperem</span> <span class='ocrx_word' id='word_1_435' title='bbox 3261 1181 3554 1249; x_wconf 84' lang='lat' dir='ltr'>intelligit,</span> <span class='ocrx_word' id='word_1_436' title='bbox 3590 1185 3654 1236; x_wconf 93' lang='lat' dir='ltr'>ut</span> 
     </span>
    </p>
   </div>
   <div class='ocr_carea' id='block_1_59' title="bbox 2015 1264 3659 1336">
    <p class='ocr_par' dir='ltr' id='par_1_59' title="bbox 2015 1264 3659 1336">
     <span class='ocr_line' id='line_1_59' title="bbox 2015 1264 3659 1336; baseline 0.002 -16"><span class='ocrx_word' id='word_1_437' title='bbox 2015 1265 2189 1320; x_wconf 84' lang='lat' dir='ltr'>etiam</span> <span class='ocrx_word' id='word_1_438' title='bbox 2222 1264 2460 1318; x_wconf 89' lang='lat' dir='ltr'>divitem</span> <span class='ocrx_word' id='word_1_439' title='bbox 2492 1270 2822 1336; x_wconf 90' lang='lat' dir='ltr'>cognoscat,</span> <span class='ocrx_word' id='word_1_440' title='bbox 2850 1266 2949 1336; x_wconf 91' lang='lat' dir='ltr'>qui</span> <span class='ocrx_word' id='word_1_441' title='bbox 2981 1266 3252 1335; x_wconf 83' lang='lat' dir='ltr'>intelligit</span> <span class='ocrx_word' id='word_1_442' title='bbox 3282 1269 3475 1323; x_wconf 86' lang='lat' dir='ltr'>carnis</span> <span class='ocrx_word' id='word_1_443' title='bbox 3500 1270 3659 1324; x_wconf 80' lang='lat' dir='ltr'>inﬁr-</span> 
     </span>
    </p>
   </div>
   <div class='ocr_carea' id='block_1_60' title="bbox 2019 1353 3659 1425">
    <p class='ocr_par' dir='ltr' id='par_1_60' title="bbox 2019 1353 3659 1425">
     <span class='ocr_line' id='line_1_60' title="bbox 2019 1353 3659 1425; baseline 0.004 -17"><span class='ocrx_word' id='word_1_444' title='bbox 2019 1354 2303 1419; x_wconf 87' lang='lat' dir='ltr'>mitatem,</span> <span class='ocrx_word' id='word_1_445' title='bbox 2339 1370 2453 1408; x_wconf 92' lang='lat' dir='ltr'>non</span> <span class='ocrx_word' id='word_1_446' title='bbox 2477 1358 2669 1408; x_wconf 90' lang='lat' dir='ltr'>tamen</span> <span class='ocrx_word' id='word_1_447' title='bbox 2700 1353 2975 1425; x_wconf 87' lang='lat' dir='ltr'>ignorans</span> <span class='ocrx_word' id='word_1_448' title='bbox 2998 1356 3055 1407; x_wconf 91' lang='lat' dir='ltr'>in</span> <span class='ocrx_word' id='word_1_449' title='bbox 3079 1371 3253 1410; x_wconf 90' lang='lat' dir='ltr'>carne</span> <span class='ocrx_word' id='word_1_450' title='bbox 3275 1356 3659 1414; x_wconf 87' lang='lat' dir='ltr'>divinitatem.</span> 
     </span>
    </p>
   </div>
   <div class='ocr_carea' id='block_1_61' title="bbox 2018 1450 3662 1523">
    <p class='ocr_par' dir='ltr' id='par_1_61' title="bbox 2018 1450 3662 1523">
     <span class='ocr_line' id='line_1_61' title="bbox 2018 1450 3662 1523; baseline 0.003 -17"><span class='ocrx_word' id='word_1_451' title='bbox 2018 1452 2119 1506; x_wconf 89' lang='lat' dir='ltr'>llic</span> <span class='ocrx_word' id='word_1_452' title='bbox 2149 1457 2237 1506; x_wconf 90' lang='lat' dir='ltr'>est</span> <span class='ocrx_word' id='word_1_453' title='bbox 2268 1450 2365 1505; x_wconf 90' lang='lat' dir='ltr'>ille</span> <span class='ocrx_word' id='word_1_454' title='bbox 2416 1468 2643 1522; x_wconf 88' lang='lat' dir='ltr'>paupea</span> <span class='ocrx_word' id='word_1_455' title='bbox 2673 1451 2772 1522; x_wconf 92' lang='lat' dir='ltr'>qui</span> <span class='ocrx_word' id='word_1_456' title='bbox 2821 1468 2889 1506; x_wconf 79' lang='lat' dir='ltr'>ex</span> <span class='ocrx_word' id='word_1_457' title='bbox 2914 1468 3128 1523; x_wconf 87' lang='lat' dir='ltr'>magna</span> <span class='ocrx_word' id='word_1_458' title='bbox 3178 1452 3501 1523; x_wconf 74' lang='lat' dir='ltr'>affectione,</span> <span class='ocrx_word' id='word_1_459' title='bbox 3527 1473 3662 1511; x_wconf 91' lang='lat' dir='ltr'>cum</span> 
     </span>
    </p>
   </div>
   <div class='ocr_carea' id='block_1_62' title="bbox 2017 1539 3665 1615">
    <p class='ocr_par' dir='ltr' id='par_1_62' title="bbox 2017 1539 3665 1615">
     <span class='ocr_line' id='line_1_62' title="bbox 2017 1539 3665 1615; baseline 0.002 -20"><span class='ocrx_word' id='word_1_460' title='bbox 2017 1542 2175 1596; x_wconf 89' lang='lat' dir='ltr'>dives</span> <span class='ocrx_word' id='word_1_461' title='bbox 2201 1545 2355 1595; x_wconf 90' lang='lat' dir='ltr'>esset</span> <span class='ocrx_word' id='word_1_462' title='bbox 2402 1541 2460 1594; x_wconf 93' lang='lat' dir='ltr'>in</span> <span class='ocrx_word' id='word_1_463' title='bbox 2493 1539 2657 1604; x_wconf 75' lang='lat' dir='ltr'>cmlo,</span> <span class='ocrx_word' id='word_1_464' title='bbox 2714 1557 2933 1612; x_wconf 88' lang='lat' dir='ltr'>pauper</span> <span class='ocrx_word' id='word_1_465' title='bbox 2963 1542 3155 1596; x_wconf 84' lang='lat' dir='ltr'>factus</span> <span class='ocrx_word' id='word_1_466' title='bbox 3184 1547 3273 1597; x_wconf 90' lang='lat' dir='ltr'>est</span> <span class='ocrx_word' id='word_1_467' title='bbox 3316 1543 3374 1596; x_wconf 90' lang='lat' dir='ltr'>in</span> <span class='ocrx_word' id='word_1_468' title='bbox 3407 1547 3561 1597; x_wconf 90' lang='lat' dir='ltr'>terra</span> <span class='ocrx_word' id='word_1_469' title='bbox 3592 1546 3665 1615; x_wconf 90' lang='lat' dir='ltr'>(II</span> 
     </span>
    </p>
   </div>
   <div class='ocr_carea' id='block_1_63' title="bbox 2020 1629 3665 1701">
    <p class='ocr_par' dir='ltr' id='par_1_63' title="bbox 2020 1629 3665 1701">
     <span class='ocr_line' id='line_1_63' title="bbox 2020 1629 3665 1701; baseline 0.002 -18"><span class='ocrx_word' id='word_1_470' title='bbox 2020 1629 2140 1685; x_wconf 87' lang='lat' dir='ltr'>Cor.</span> <span class='ocrx_word' id='word_1_471' title='bbox 2172 1630 2333 1698; x_wconf 83' lang='lat' dir='ltr'>vui):</span> <span class='ocrx_word' id='word_1_472' title='bbox 2396 1629 2555 1683; x_wconf 88' lang='lat' dir='ltr'>dives</span> <span class='ocrx_word' id='word_1_473' title='bbox 2613 1630 2786 1695; x_wconf 87' lang='lat' dir='ltr'>Deus,</span> <span class='ocrx_word' id='word_1_474' title='bbox 2840 1646 3059 1701; x_wconf 88' lang='lat' dir='ltr'>pauper</span> <span class='ocrx_word' id='word_1_475' title='bbox 3115 1630 3326 1685; x_wconf 78' lang='lat' dir='ltr'>homo:</span> <span class='ocrx_word' id='word_1_476' title='bbox 3392 1648 3665 1688; x_wconf 90' lang='lat' dir='ltr'>summus</span> 
     </span>
    </p>
   </div>
   <div class='ocr_carea' id='block_1_64' title="bbox 2018 1717 3668 1791">
    <p class='ocr_par' dir='ltr' id='par_1_64' title="bbox 2018 1717 3668 1791">
     <span class='ocr_line' id='line_1_64' title="bbox 2018 1717 3668 1791; baseline 0.002 -18"><span class='ocrx_word' id='word_1_477' title='bbox 2018 1719 2192 1785; x_wconf 89' lang='lat' dir='ltr'>Deus,</span> <span class='ocrx_word' id='word_1_478' title='bbox 2228 1718 2401 1773; x_wconf 90' lang='lat' dir='ltr'>homo</span> <span class='ocrx_word' id='word_1_479' title='bbox 2430 1717 2692 1782; x_wconf 89' lang='lat' dir='ltr'>humilis,</span> <span class='ocrx_word' id='word_1_480' title='bbox 2725 1718 2893 1788; x_wconf 86' lang='lat' dir='ltr'>cujus</span> <span class='ocrx_word' id='word_1_481' title='bbox 2922 1724 3258 1791; x_wconf 82' lang='lat' dir='ltr'>paupertas,</span> <span class='ocrx_word' id='word_1_482' title='bbox 3294 1726 3503 1775; x_wconf 69' lang='lat' dir='ltr'>nostrae</span> <span class='ocrx_word' id='word_1_483' title='bbox 3527 1725 3668 1776; x_wconf 89' lang='lat' dir='ltr'>sunt</span> 
     </span>
    </p>
   </div>
   <div class='ocr_carea' id='block_1_65' title="bbox 1939 1806 3665 1885">
    <p class='ocr_par' dir='ltr' id='par_1_65' title="bbox 1939 1806 3665 1885">
     <span class='ocr_line' id='line_1_65' title="bbox 1939 1806 3665 1885; baseline 0.002 -24"><span class='ocrx_word' id='word_1_484' title='bbox 1939 1821 1985 1885; x_wconf 83' lang='lat' dir='ltr'><strong>B</strong></span> <span class='ocrx_word' id='word_1_485' title='bbox 2017 1806 2264 1873; x_wconf 69' lang='lat' dir='ltr'>divitiae;</span> <span class='ocrx_word' id='word_1_486' title='bbox 2328 1806 2486 1861; x_wconf 91' lang='lat' dir='ltr'>illius</span> <span class='ocrx_word' id='word_1_487' title='bbox 2518 1806 2852 1870; x_wconf 84' lang='lat' dir='ltr'>infirmitas,</span> <span class='ocrx_word' id='word_1_488' title='bbox 2886 1813 3085 1862; x_wconf 89' lang='lat' dir='ltr'>nostra</span> <span class='ocrx_word' id='word_1_489' title='bbox 3115 1808 3295 1864; x_wconf 89' lang='lat' dir='ltr'>salus.</span> <span class='ocrx_word' id='word_1_490' title='bbox 3328 1811 3522 1865; x_wconf 70' lang='lat' dir='ltr'>Beatus</span> <span class='ocrx_word' id='word_1_491' title='bbox 3554 1810 3665 1865; x_wconf 91' lang='lat' dir='ltr'>erit</span> 
     </span>
    </p>
   </div>
   <div class='ocr_carea' id='block_1_66' title="bbox 2018 1896 3668 1971">
    <p class='ocr_par' dir='ltr' id='par_1_66' title="bbox 2018 1896 3668 1971">
     <span class='ocr_line' id='line_1_66' title="bbox 2018 1896 3668 1971; baseline 0.004 -22"><span class='ocrx_word' id='word_1_492' title='bbox 2018 1897 2118 1967; x_wconf 92' lang='lat' dir='ltr'>qui</span> <span class='ocrx_word' id='word_1_493' title='bbox 2151 1896 2322 1949; x_wconf 92' lang='lat' dir='ltr'>modo</span> <span class='ocrx_word' id='word_1_494' title='bbox 2352 1912 2521 1965; x_wconf 83' lang='lat' dir='ltr'>super</span> <span class='ocrx_word' id='word_1_495' title='bbox 2548 1912 2778 1965; x_wconf 87' lang='lat' dir='ltr'>egenum</span> <span class='ocrx_word' id='word_1_496' title='bbox 2810 1906 2860 1951; x_wconf 87' lang='lat' dir='ltr'>et</span> <span class='ocrx_word' id='word_1_497' title='bbox 2886 1913 3207 1967; x_wconf 87' lang='lat' dir='ltr'>pauperem,</span> <span class='ocrx_word' id='word_1_498' title='bbox 3241 1898 3296 1953; x_wconf 92' lang='lat' dir='ltr'>id</span> <span class='ocrx_word' id='word_1_499' title='bbox 3330 1904 3436 1966; x_wconf 87' lang='lat' dir='ltr'>est,</span> <span class='ocrx_word' id='word_1_500' title='bbox 3490 1916 3668 1971; x_wconf 88' lang='lat' dir='ltr'>super</span> 
     </span>
    </p>
   </div>
   <div class='ocr_carea' id='block_1_67' title="bbox 2017 1984 3667 2058">
    <p class='ocr_par' dir='ltr' id='par_1_67' title="bbox 2017 1984 3667 2058">
     <span class='ocr_line' id='line_1_67' title="bbox 2017 1984 3667 2058; baseline 0.003 -20"><span class='ocrx_word' id='word_1_501' title='bbox 2017 1984 2285 2039; x_wconf 87' lang='lat' dir='ltr'>habitum</span> <span class='ocrx_word' id='word_1_502' title='bbox 2308 1986 2471 2055; x_wconf 89' lang='lat' dir='ltr'>egeni</span> <span class='ocrx_word' id='word_1_503' title='bbox 2505 1989 2561 2038; x_wconf 90' lang='lat' dir='ltr'>et</span> <span class='ocrx_word' id='word_1_504' title='bbox 2592 1984 2861 2055; x_wconf 88' lang='lat' dir='ltr'>pauperis</span> <span class='ocrx_word' id='word_1_505' title='bbox 2886 1987 3176 2058; x_wconf 77' lang='lat' dir='ltr'>intelligit.</span> <span class='ocrx_word' id='word_1_506' title='bbox 3201 1987 3259 2041; x_wconf 89' lang='lat' dir='ltr'>Si</span> <span class='ocrx_word' id='word_1_507' title='bbox 3288 1989 3443 2042; x_wconf 87' lang='lat' dir='ltr'>enim</span> <span class='ocrx_word' id='word_1_508' title='bbox 3467 1993 3521 2043; x_wconf 91' lang='lat' dir='ltr'>te</span> <span class='ocrx_word' id='word_1_509' title='bbox 3543 1994 3667 2043; x_wconf 92' lang='lat' dir='ltr'>tur-</span> 
     </span>
    </p>
   </div>
   <div class='ocr_carea' id='block_1_68' title="bbox 2020 2074 3666 2149">
    <p class='ocr_par' dir='ltr' id='par_1_68' title="bbox 2020 2074 3666 2149">
     <span class='ocr_line' id='line_1_68' title="bbox 2020 2074 3666 2149; baseline 0.004 -22"><span class='ocrx_word' id='word_1_510' title='bbox 2020 2074 2119 2127; x_wconf 89' lang='lat' dir='ltr'>bat</span> <span class='ocrx_word' id='word_1_511' title='bbox 2138 2074 2294 2143; x_wconf 92' lang='lat' dir='ltr'>quod</span> <span class='ocrx_word' id='word_1_512' title='bbox 2312 2078 2558 2127; x_wconf 89' lang='lat' dir='ltr'>mortem</span> <span class='ocrx_word' id='word_1_513' title='bbox 2584 2074 3018 2144; x_wconf 88' lang='lat' dir='ltr'>attendis,quod</span> <span class='ocrx_word' id='word_1_514' title='bbox 3046 2091 3279 2130; x_wconf 89' lang='lat' dir='ltr'>crucem</span> <span class='ocrx_word' id='word_1_515' title='bbox 3312 2078 3666 2149; x_wconf 85' lang='lat' dir='ltr'>cogitas,age</span> 
     </span>
    </p>
   </div>
   <div class='ocr_carea' id='block_1_69' title="bbox 2021 2160 3668 2235">
    <p class='ocr_par' dir='ltr' id='par_1_69' title="bbox 2021 2160 3668 2235">
     <span class='ocr_line' id='line_1_69' title="bbox 2021 2160 3668 2235; baseline 0.004 -21"><span class='ocrx_word' id='word_1_516' title='bbox 2021 2161 2091 2215; x_wconf 90' lang='lat' dir='ltr'>de</span> <span class='ocrx_word' id='word_1_517' title='bbox 2110 2160 2206 2215; x_wconf 90' lang='lat' dir='ltr'>illo</span> <span class='ocrx_word' id='word_1_518' title='bbox 2222 2178 2402 2233; x_wconf 91' lang='lat' dir='ltr'>egeno</span> <span class='ocrx_word' id='word_1_519' title='bbox 2424 2167 2480 2215; x_wconf 89' lang='lat' dir='ltr'>et</span> <span class='ocrx_word' id='word_1_520' title='bbox 2504 2178 2776 2233; x_wconf 87' lang='lat' dir='ltr'>paupere,</span> <span class='ocrx_word' id='word_1_521' title='bbox 2804 2165 2904 2217; x_wconf 92' lang='lat' dir='ltr'>sed</span> <span class='ocrx_word' id='word_1_522' title='bbox 2938 2164 3424 2235; x_wconf 85' lang='lat' dir='ltr'>intellectualiter,</span> <span class='ocrx_word' id='word_1_523' title='bbox 3449 2172 3507 2220; x_wconf 89' lang='lat' dir='ltr'>et</span> <span class='ocrx_word' id='word_1_524' title='bbox 3530 2172 3668 2222; x_wconf 88' lang='lat' dir='ltr'>nota</span> 
     </span>
    </p>
   </div>
   <div class='ocr_carea' id='block_1_70' title="bbox 2022 2250 3671 2326">
    <p class='ocr_par' dir='ltr' id='par_1_70' title="bbox 2022 2250 3671 2326">
     <span class='ocr_line' id='line_1_70' title="bbox 2022 2250 3671 2326; baseline 0.004 -23"><span class='ocrx_word' id='word_1_525' title='bbox 2022 2251 2177 2319; x_wconf 93' lang='lat' dir='ltr'>quod</span> <span class='ocrx_word' id='word_1_526' title='bbox 2209 2250 2367 2305; x_wconf 86' lang='lat' dir='ltr'>solus</span> <span class='ocrx_word' id='word_1_527' title='bbox 2399 2250 2686 2319; x_wconf 90' lang='lat' dir='ltr'>Christus,</span> <span class='ocrx_word' id='word_1_528' title='bbox 2719 2256 2894 2319; x_wconf 87' lang='lat' dir='ltr'>caput</span> <span class='ocrx_word' id='word_1_529' title='bbox 2923 2256 2979 2306; x_wconf 92' lang='lat' dir='ltr'>et</span> <span class='ocrx_word' id='word_1_530' title='bbox 3004 2268 3240 2324; x_wconf 90' lang='lat' dir='ltr'>corpus,</span> <span class='ocrx_word' id='word_1_531' title='bbox 3294 2269 3421 2308; x_wconf 89' lang='lat' dir='ltr'>vere</span> <span class='ocrx_word' id='word_1_532' title='bbox 3449 2271 3671 2326; x_wconf 91' lang='lat' dir='ltr'>pauper</span> 
     </span>
    </p>
   </div>
   <div class='ocr_carea' id='block_1_71' title="bbox 2024 2339 3668 2411">
    <p class='ocr_par' dir='ltr' id='par_1_71' title="bbox 2024 2339 3668 2411">
     <span class='ocr_line' id='line_1_71' title="bbox 2024 2339 3668 2411; baseline 0.002 -18"><span class='ocrx_word' id='word_1_533' title='bbox 2024 2343 2111 2393; x_wconf 90' lang='lat' dir='ltr'>est</span> <span class='ocrx_word' id='word_1_534' title='bbox 2139 2344 2197 2393; x_wconf 89' lang='lat' dir='ltr'>et</span> <span class='ocrx_word' id='word_1_535' title='bbox 2227 2355 2466 2411; x_wconf 90' lang='lat' dir='ltr'>egenus.</span> <span class='ocrx_word' id='word_1_536' title='bbox 2501 2339 2712 2395; x_wconf 67' lang='lat' dir='ltr'>Praeter</span> <span class='ocrx_word' id='word_1_537' title='bbox 2738 2340 3036 2395; x_wconf 89' lang='lat' dir='ltr'>Christum</span> <span class='ocrx_word' id='word_1_538' title='bbox 3059 2346 3254 2396; x_wconf 86' lang='lat' dir='ltr'>autem</span> <span class='ocrx_word' id='word_1_539' title='bbox 3285 2360 3488 2398; x_wconf 92' lang='lat' dir='ltr'>omnes</span> <span class='ocrx_word' id='word_1_540' title='bbox 3509 2344 3668 2399; x_wconf 83' lang='lat' dir='ltr'>vani-</span> 
     </span>
    </p>
   </div>
   <div class='ocr_carea' id='block_1_72' title="bbox 2024 2429 3664 2503">
    <p class='ocr_par' dir='ltr' id='par_1_72' title="bbox 2024 2429 3664 2503">
     <span class='ocr_line' id='line_1_72' title="bbox 2024 2429 3664 2503; baseline 0.005 -23"><span class='ocrx_word' id='word_1_541' title='bbox 2024 2429 2160 2481; x_wconf 87' lang='lat' dir='ltr'>tatis</span> <span class='ocrx_word' id='word_1_542' title='bbox 2193 2431 2341 2484; x_wconf 79' lang='lat' dir='ltr'>tastu</span> <span class='ocrx_word' id='word_1_543' title='bbox 2364 2429 2781 2484; x_wconf 88' lang='lat' dir='ltr'>beatitudinem</span> <span class='ocrx_word' id='word_1_544' title='bbox 2808 2429 3115 2485; x_wconf 87' lang='lat' dir='ltr'>fastidiunt</span> <span class='ocrx_word' id='word_1_545' title='bbox 3140 2447 3151 2483; x_wconf 92' lang='lat'>:</span> <span class='ocrx_word' id='word_1_546' title='bbox 3174 2431 3393 2501; x_wconf 89' lang='lat' dir='ltr'>quibus</span> <span class='ocrx_word' id='word_1_547' title='bbox 3426 2432 3664 2503; x_wconf 88' lang='lat' dir='ltr'>diesju-</span> 
     </span>
    </p>
   </div>
   <div class='ocr_carea' id='block_1_73' title="bbox 2024 2513 3667 2588">
    <p class='ocr_par' dir='ltr' id='par_1_73' title="bbox 2024 2513 3667 2588">
     <span class='ocr_line' id='line_1_73' title="bbox 2024 2513 3667 2588; baseline 0.005 -20"><span class='ocrx_word' id='word_1_548' title='bbox 2024 2513 2157 2568; x_wconf 91' lang='lat' dir='ltr'>dicii</span> <span class='ocrx_word' id='word_1_549' title='bbox 2191 2514 2346 2570; x_wconf 85' lang='lat' dir='ltr'>mala</span> <span class='ocrx_word' id='word_1_550' title='bbox 2366 2516 2493 2582; x_wconf 92' lang='lat' dir='ltr'>erit,</span> <span class='ocrx_word' id='word_1_551' title='bbox 2526 2533 2558 2587; x_wconf 94' lang='lat' dir='ltr'>q</span> <span class='ocrx_word' id='word_1_552' title='bbox 2584 2517 2662 2570; x_wconf 50' lang='lat' dir='ltr'>Jia</span> <span class='ocrx_word' id='word_1_553' title='bbox 2685 2517 2754 2571; x_wconf 91' lang='lat' dir='ltr'>de</span> <span class='ocrx_word' id='word_1_554' title='bbox 2776 2533 2842 2571; x_wconf 93' lang='lat' dir='ltr'>eo</span> <span class='ocrx_word' id='word_1_555' title='bbox 2862 2517 3049 2588; x_wconf 91' lang='lat' dir='ltr'>capite</span> <span class='ocrx_word' id='word_1_556' title='bbox 3072 2518 3667 2576; x_wconf 88' lang='lat' dir='ltr'>intellectualiternon</span> 
     </span>
    </p>
   </div>
   <div class='ocr_carea' id='block_1_74' title="bbox 2022 2604 3667 2678">
    <p class='ocr_par' dir='ltr' id='par_1_74' title="bbox 2022 2604 3667 2678">
     <span class='ocr_line' id='line_1_74' title="bbox 2022 2604 3667 2678; baseline 0.005 -22"><span class='ocrx_word' id='word_1_557' title='bbox 2022 2609 2283 2673; x_wconf 88' lang='lat' dir='ltr'>egerunt.</span> <span class='ocrx_word' id='word_1_558' title='bbox 2318 2604 2373 2657; x_wconf 93' lang='lat' dir='ltr'>Si</span> <span class='ocrx_word' id='word_1_559' title='bbox 2409 2604 2564 2658; x_wconf 88' lang='lat' dir='ltr'>enim</span> <span class='ocrx_word' id='word_1_560' title='bbox 2597 2604 3070 2660; x_wconf 88' lang='lat' dir='ltr'>intellectualiter</span> <span class='ocrx_word' id='word_1_561' title='bbox 3090 2607 3367 2678; x_wconf 87' lang='lat' dir='ltr'>egissent,</span> <span class='ocrx_word' id='word_1_562' title='bbox 3393 2609 3667 2665; x_wconf 72' lang='lat' dir='ltr'>adhaesis-</span> 
     </span>
    </p>
   </div>
   <div class='ocr_carea' id='block_1_75' title="bbox 2021 2692 3669 2765">
    <p class='ocr_par' dir='ltr' id='par_1_75' title="bbox 2021 2692 3669 2765">
     <span class='ocr_line' id='line_1_75' title="bbox 2021 2692 3669 2765; baseline 0.005 -20"><span class='ocrx_word' id='word_1_563' title='bbox 2021 2697 2169 2761; x_wconf 90' lang='lat' dir='ltr'>seut,</span> <span class='ocrx_word' id='word_1_564' title='bbox 2205 2692 2322 2747; x_wconf 70' lang='lat' dir='ltr'>haec</span> <span class='ocrx_word' id='word_1_565' title='bbox 2353 2693 2463 2747; x_wconf 91' lang='lat' dir='ltr'>erit</span> <span class='ocrx_word' id='word_1_566' title='bbox 2493 2692 2594 2748; x_wconf 91' lang='lat' dir='ltr'>illa</span> <span class='ocrx_word' id='word_1_567' title='bbox 2641 2694 2961 2765; x_wconf 91' lang='lat' dir='ltr'>beatitudo,</span> <span class='ocrx_word' id='word_1_568' title='bbox 3004 2698 3063 2749; x_wconf 89' lang='lat' dir='ltr'>in</span> <span class='ocrx_word' id='word_1_569' title='bbox 3119 2696 3207 2751; x_wconf 89' lang='lat' dir='ltr'>die</span> <span class='ocrx_word' id='word_1_570' title='bbox 3233 2698 3383 2751; x_wconf 90' lang='lat' dir='ltr'>mala</span> <span class='ocrx_word' id='word_1_571' title='bbox 3413 2698 3669 2754; x_wconf 83' lang='lat' dir='ltr'>liberabit</span> 
     </span>
    </p>
   </div>
   <div class='ocr_carea' id='block_1_76' title="bbox 2019 2783 3667 2855">
    <p class='ocr_par' dir='ltr' id='par_1_76' title="bbox 2019 2783 3667 2855">
     <span class='ocr_line' id='line_1_76' title="bbox 2019 2783 3667 2855; baseline 0.005 -21"><span class='ocrx_word' id='word_1_572' title='bbox 2019 2796 2143 2834; x_wconf 87' lang='lat' dir='ltr'>eum</span> <span class='ocrx_word' id='word_1_573' title='bbox 2169 2783 2455 2847; x_wconf 86' lang='lat' dir='ltr'>Dominus,</span> <span class='ocrx_word' id='word_1_574' title='bbox 2489 2799 2622 2837; x_wconf 90' lang='lat' dir='ltr'>eum</span> <span class='ocrx_word' id='word_1_575' title='bbox 2644 2783 2865 2838; x_wconf 90' lang='lat' dir='ltr'>venerit</span> <span class='ocrx_word' id='word_1_576' title='bbox 2896 2800 3008 2839; x_wconf 90' lang='lat' dir='ltr'>non</span> <span class='ocrx_word' id='word_1_577' title='bbox 3030 2785 3157 2855; x_wconf 89' lang='lat' dir='ltr'>jam</span> <span class='ocrx_word' id='word_1_578' title='bbox 3180 2786 3443 2841; x_wconf 89' lang='lat' dir='ltr'>occultus</span> <span class='ocrx_word' id='word_1_579' title='bbox 3476 2787 3533 2841; x_wconf 91' lang='lat' dir='ltr'>in</span> <span class='ocrx_word' id='word_1_580' title='bbox 3558 2787 3667 2842; x_wconf 89' lang='lat' dir='ltr'>hu-</span> 
     </span>
    </p>
   </div>
   <div class='ocr_carea' id='block_1_77' title="bbox 2021 2870 3669 2943">
    <p class='ocr_par' dir='ltr' id='par_1_77' title="bbox 2021 2870 3669 2943">
     <span class='ocr_line' id='line_1_77' title="bbox 2021 2870 3669 2943; baseline 0.005 -20"><span class='ocrx_word' id='word_1_581' title='bbox 2021 2870 2320 2937; x_wconf 89' lang='lat' dir='ltr'>manitate,</span> <span class='ocrx_word' id='word_1_582' title='bbox 2356 2871 2456 2925; x_wconf 90' lang='lat' dir='ltr'>sed</span> <span class='ocrx_word' id='word_1_583' title='bbox 2490 2872 2839 2927; x_wconf 88' lang='lat' dir='ltr'>manifestus</span> <span class='ocrx_word' id='word_1_584' title='bbox 2878 2873 2934 2926; x_wconf 90' lang='lat' dir='ltr'>iu</span> <span class='ocrx_word' id='word_1_585' title='bbox 2972 2875 3291 2943; x_wconf 88' lang='lat' dir='ltr'>majestate.</span> <span class='ocrx_word' id='word_1_586' title='bbox 3352 2876 3455 2930; x_wconf 88' lang='lat' dir='ltr'>Hic</span> <span class='ocrx_word' id='word_1_587' title='bbox 3488 2878 3550 2929; x_wconf 90' lang='lat' dir='ltr'>in</span> <span class='ocrx_word' id='word_1_588' title='bbox 3580 2876 3669 2931; x_wconf 82' lang='lat' dir='ltr'>die</span> 
     </span>
    </p>
   </div>
   <div class='ocr_carea' id='block_1_78' title="bbox 2017 2958 3668 3033">
    <p class='ocr_par' dir='ltr' id='par_1_78' title="bbox 2017 2958 3668 3033">
     <span class='ocr_line' id='line_1_78' title="bbox 2017 2958 3668 3033; baseline 0.003 -20"><span class='ocrx_word' id='word_1_589' title='bbox 2017 2958 2168 3014; x_wconf 75' lang='lat' dir='ltr'>mla</span> <span class='ocrx_word' id='word_1_590' title='bbox 2197 2963 2253 3013; x_wconf 87' lang='lat' dir='ltr'>te</span> <span class='ocrx_word' id='word_1_591' title='bbox 2284 2960 2545 3015; x_wconf 86' lang='lat' dir='ltr'>liberabit</span> <span class='ocrx_word' id='word_1_592' title='bbox 2571 2976 2638 3014; x_wconf 87' lang='lat' dir='ltr'>ex</span> <span class='ocrx_word' id='word_1_593' title='bbox 2668 2976 2732 3015; x_wconf 93' lang='lat' dir='ltr'>eo</span> <span class='ocrx_word' id='word_1_594' title='bbox 2765 2960 2918 3033; x_wconf 91' lang='lat' dir='ltr'>quod</span> <span class='ocrx_word' id='word_1_595' title='bbox 2949 2966 3098 3016; x_wconf 92' lang='lat' dir='ltr'>Deus</span> <span class='ocrx_word' id='word_1_596' title='bbox 3120 2966 3244 3029; x_wconf 84' lang='lat' dir='ltr'>est;</span> <span class='ocrx_word' id='word_1_597' title='bbox 3280 2980 3348 3018; x_wconf 82' lang='lat' dir='ltr'>ex</span> <span class='ocrx_word' id='word_1_598' title='bbox 3376 2980 3442 3018; x_wconf 93' lang='lat' dir='ltr'>eo</span> <span class='ocrx_word' id='word_1_599' title='bbox 3474 2972 3668 3018; x_wconf 79' lang='lat' dir='ltr'>autem</span> 
     </span>
    </p>
   </div>
   <div class='ocr_carea' id='block_1_79' title="bbox 2020 3047 3665 3122">
    <p class='ocr_par' dir='ltr' id='par_1_79' title="bbox 2020 3047 3665 3122">
     <span class='ocr_line' id='line_1_79' title="bbox 2020 3047 3665 3122; baseline 0.003 -21"><span class='ocrx_word' id='word_1_600' title='bbox 2020 3048 2172 3119; x_wconf 91' lang='lat' dir='ltr'>quod</span> <span class='ocrx_word' id='word_1_601' title='bbox 2204 3047 2380 3103; x_wconf 89' lang='lat' dir='ltr'>homo</span> <span class='ocrx_word' id='word_1_602' title='bbox 2411 3052 2500 3103; x_wconf 90' lang='lat' dir='ltr'>est</span> <span class='ocrx_word' id='word_1_603' title='bbox 2531 3049 2901 3104; x_wconf 90' lang='lat' dir='ltr'>resuscitabit</span> <span class='ocrx_word' id='word_1_604' title='bbox 2952 3054 3025 3105; x_wconf 93' lang='lat' dir='ltr'>te.</span> <span class='ocrx_word' id='word_1_605' title='bbox 3062 3050 3186 3119; x_wconf 87' lang='lat' dir='ltr'>Vel,</span> <span class='ocrx_word' id='word_1_606' title='bbox 3237 3052 3421 3107; x_wconf 82' lang='lat' dir='ltr'>beatus</span> <span class='ocrx_word' id='word_1_607' title='bbox 3452 3054 3549 3122; x_wconf 90' lang='lat' dir='ltr'>qui</span> <span class='ocrx_word' id='word_1_608' title='bbox 3579 3054 3665 3106; x_wconf 89' lang='lat' dir='ltr'>in-</span> 
     </span>
    </p>
   </div>
   <div class='ocr_carea' id='block_1_80' title="bbox 2020 3136 3667 3211">
    <p class='ocr_par' dir='ltr' id='par_1_80' title="bbox 2020 3136 3667 3211">
     <span class='ocr_line' id='line_1_80' title="bbox 2020 3136 3667 3211; baseline 0.004 -21"><span class='ocrx_word' id='word_1_609' title='bbox 2020 3136 2240 3204; x_wconf 85' lang='lat' dir='ltr'>telligit,</span> <span class='ocrx_word' id='word_1_610' title='bbox 2289 3138 2345 3191; x_wconf 94' lang='lat' dir='ltr'>id</span> <span class='ocrx_word' id='word_1_611' title='bbox 2376 3142 2484 3200; x_wconf 91' lang='lat' dir='ltr'>est,</span> <span class='ocrx_word' id='word_1_612' title='bbox 2538 3137 2930 3210; x_wconf 81' lang='lat' dir='ltr'>intelligenter</span> <span class='ocrx_word' id='word_1_613' title='bbox 2978 3140 3098 3210; x_wconf 88' lang='lat' dir='ltr'>agit</span> <span class='ocrx_word' id='word_1_614' title='bbox 3140 3156 3318 3211; x_wconf 89' lang='lat' dir='ltr'>super</span> <span class='ocrx_word' id='word_1_615' title='bbox 3362 3156 3578 3211; x_wconf 89' lang='lat' dir='ltr'>egenos</span> <span class='ocrx_word' id='word_1_616' title='bbox 3609 3144 3667 3197; x_wconf 85' lang='lat' dir='ltr'>et</span> 
     </span>
    </p>
   </div>
   <div class='ocr_carea' id='block_1_81' title="bbox 2025 3226 3666 3298">
    <p class='ocr_par' dir='ltr' id='par_1_81' title="bbox 2025 3226 3666 3298">
     <span class='ocr_line' id='line_1_81' title="bbox 2025 3226 3666 3298; baseline 0.005 -21"><span class='ocrx_word' id='word_1_617' title='bbox 2025 3240 2329 3295; x_wconf 89' lang='lat' dir='ltr'>pauperes,</span> <span class='ocrx_word' id='word_1_618' title='bbox 2352 3226 2488 3295; x_wconf 82' lang='lat' dir='ltr'>quia</span> <span class='ocrx_word' id='word_1_619' title='bbox 2520 3226 2570 3279; x_wconf 89' lang='lat' dir='ltr'>si</span> <span class='ocrx_word' id='word_1_620' title='bbox 2601 3243 2777 3297; x_wconf 89' lang='lat' dir='ltr'>super</span> <span class='ocrx_word' id='word_1_621' title='bbox 2805 3226 2957 3291; x_wconf 89' lang='lat' dir='ltr'>illos,</span> <span class='ocrx_word' id='word_1_622' title='bbox 3008 3233 3144 3282; x_wconf 91' lang='lat' dir='ltr'>tunc</span> <span class='ocrx_word' id='word_1_623' title='bbox 3204 3234 3261 3283; x_wconf 92' lang='lat' dir='ltr'>et</span> <span class='ocrx_word' id='word_1_624' title='bbox 3289 3245 3466 3298; x_wconf 88' lang='lat' dir='ltr'>super</span> <span class='ocrx_word' id='word_1_625' title='bbox 3496 3228 3666 3285; x_wconf 91' lang='lat' dir='ltr'>illum</span> 
     </span>
    </p>
   </div>
   <div class='ocr_carea' id='block_1_82' title="bbox 2022 3311 3665 3383">
    <p class='ocr_par' dir='ltr' id='par_1_82' title="bbox 2022 3311 3665 3383">
     <span class='ocr_line' id='line_1_82' title="bbox 2022 3311 3665 3383; baseline 0.005 -20"><span class='ocrx_word' id='word_1_626' title='bbox 2022 3311 2122 3381; x_wconf 90' lang='lat' dir='ltr'>qui</span> <span class='ocrx_word' id='word_1_627' title='bbox 2152 3312 2332 3365; x_wconf 86' lang='lat' dir='ltr'>dixit:</span> <span class='ocrx_word' id='word_1_628' title='bbox 2368 3314 2606 3383; x_wconf 75' lang='lat' dir='ltr'>Esurivi,</span> <span class='ocrx_word' id='word_1_629' title='bbox 2638 3319 2685 3367; x_wconf 93' lang='lat' dir='ltr'>et</span> <span class='ocrx_word' id='word_1_630' title='bbox 2699 3314 2923 3369; x_wconf 82' lang='lat' dir='ltr'>dedistis</span> <span class='ocrx_word' id='word_1_631' title='bbox 2941 3316 3429 3370; x_wconf 87' lang='lat' dir='ltr'>mihimanducare</span> <span class='ocrx_word' id='word_1_632' title='bbox 3453 3317 3665 3383; x_wconf 78' lang='lat' dir='ltr'>(Matth.</span> 
     </span>
    </p>
   </div>
   <div class='ocr_carea' id='block_1_83' title="bbox 2024 3399 3673 3465">
    <p class='ocr_par' dir='ltr' id='par_1_83' title="bbox 2024 3399 3673 3465">
     <span class='ocr_line' id='line_1_83' title="bbox 2024 3399 3673 3465; baseline 0.005 -12"><span class='ocrx_word' id='word_1_633' title='bbox 2024 3400 2173 3465; x_wconf 81' lang='lat' dir='ltr'>xxv).</span> <span class='ocrx_word' id='word_1_634' title='bbox 2207 3399 2326 3453; x_wconf 81' lang='lat' dir='ltr'>Hoc</span> <span class='ocrx_word' id='word_1_635' title='bbox 2354 3400 2526 3453; x_wconf 90' lang='lat' dir='ltr'>modo</span> <span class='ocrx_word' id='word_1_636' title='bbox 2560 3401 2819 3456; x_wconf 84' lang='lat' dir='ltr'>liberabit</span> <span class='ocrx_word' id='word_1_637' title='bbox 2852 3404 2910 3456; x_wconf 88' lang='lat' dir='ltr'>in</span> <span class='ocrx_word' id='word_1_638' title='bbox 2937 3402 3025 3457; x_wconf 88' lang='lat' dir='ltr'>die</span> <span class='ocrx_word' id='word_1_639' title='bbox 3044 3405 3213 3457; x_wconf 89' lang='lat' dir='ltr'>mala.</span> <span class='ocrx_word' id='word_1_640' title='bbox 3244 3404 3509 3459; x_wconf 87' lang='lat' dir='ltr'>Dominus</span> <span class='ocrx_word' id='word_1_641' title='bbox 3540 3421 3673 3461; x_wconf 88' lang='lat' dir='ltr'>con-</span> 
     </span>
    </p>
   </div>
   <div class='ocr_carea' id='block_1_84' title="bbox 2025 3486 3673 3564">
    <p class='ocr_par' dir='ltr' id='par_1_84' title="bbox 2025 3486 3673 3564">
     <span class='ocr_line' id='line_1_84' title="bbox 2025 3486 3673 3564; baseline 0.005 -23"><span class='ocrx_word' id='word_1_642' title='bbox 2025 3486 2279 3541; x_wconf 89' lang='lat' dir='ltr'>servabit</span> <span class='ocrx_word' id='word_1_643' title='bbox 2307 3504 2431 3541; x_wconf 89' lang='lat' dir='ltr'>cum</span> <span class='ocrx_word' id='word_1_644' title='bbox 2454 3490 2621 3558; x_wconf 91' lang='lat' dir='ltr'>quasi</span> <span class='ocrx_word' id='word_1_645' title='bbox 2649 3489 2905 3544; x_wconf 89' lang='lat' dir='ltr'>triticum</span> <span class='ocrx_word' id='word_1_646' title='bbox 2940 3492 2997 3545; x_wconf 93' lang='lat' dir='ltr'>in</span> <span class='ocrx_word' id='word_1_647' title='bbox 3023 3491 3316 3563; x_wconf 88' lang='lat' dir='ltr'>horreum,</span> <span class='ocrx_word' id='word_1_648' title='bbox 3343 3510 3477 3547; x_wconf 90' lang='lat' dir='ltr'>cum</span> <span class='ocrx_word' id='word_1_649' title='bbox 3506 3494 3673 3564; x_wconf 86' lang='lat' dir='ltr'>palea</span> 
     </span>
    </p>
   </div>
   <div class='ocr_carea' id='block_1_85' title="bbox 2024 3575 3669 3653">
    <p class='ocr_par' dir='ltr' id='par_1_85' title="bbox 2024 3575 3669 3653">
     <span class='ocr_line' id='line_1_85' title="bbox 2024 3575 3669 3653; baseline 0.006 -23"><span class='ocrx_word' id='word_1_650' title='bbox 2024 3575 2261 3630; x_wconf 91' lang='lat' dir='ltr'>dabitur</span> <span class='ocrx_word' id='word_1_651' title='bbox 2288 3575 2346 3629; x_wconf 92' lang='lat' dir='ltr'>in</span> <span class='ocrx_word' id='word_1_652' title='bbox 2377 3578 2863 3645; x_wconf 86' lang='lat' dir='ltr'>combustionem,</span> <span class='ocrx_word' id='word_1_653' title='bbox 2897 3580 3262 3635; x_wconf 89' lang='lat' dir='ltr'>conservabit</span> <span class='ocrx_word' id='word_1_654' title='bbox 3289 3581 3506 3653; x_wconf 92' lang='lat' dir='ltr'>duplici</span> <span class='ocrx_word' id='word_1_655' title='bbox 3529 3600 3669 3639; x_wconf 86' lang='lat' dir='ltr'>con-</span> 
     </span>
    </p>
   </div>
   <div class='ocr_carea' id='block_1_86' title="bbox 2025 3665 3673 3735">
    <p class='ocr_par' dir='ltr' id='par_1_86' title="bbox 2025 3665 3673 3735">
     <span class='ocr_line' id='line_1_86' title="bbox 2025 3665 3673 3735; baseline 0.004 -15"><span class='ocrx_word' id='word_1_656' title='bbox 2025 3665 2372 3735; x_wconf 88' lang='lat' dir='ltr'>servatione,</span> <span class='ocrx_word' id='word_1_657' title='bbox 2408 3665 2667 3721; x_wconf 90' lang='lat' dir='ltr'>interiori</span> <span class='ocrx_word' id='word_1_658' title='bbox 2699 3671 2756 3721; x_wconf 90' lang='lat' dir='ltr'>et</span> <span class='ocrx_word' id='word_1_659' title='bbox 2778 3668 3067 3722; x_wconf 83' lang='lat' dir='ltr'>exteriori.</span> <span class='ocrx_word' id='word_1_660' title='bbox 3101 3672 3176 3723; x_wconf 83' lang='lat' dir='ltr'>Et</span> <span class='ocrx_word' id='word_1_661' title='bbox 3206 3668 3519 3724; x_wconf 82' lang='lat' dir='ltr'>viviﬁcabit</span> <span class='ocrx_word' id='word_1_662' title='bbox 3546 3688 3673 3727; x_wconf 89' lang='lat' dir='ltr'>eum</span> 
     </span>
    </p>
   </div>
   <div class='ocr_carea' id='block_1_87' title="bbox 2025 3753 3672 3826">
    <p class='ocr_par' dir='ltr' id='par_1_87' title="bbox 2025 3753 3672 3826">
     <span class='ocr_line' id='line_1_87' title="bbox 2025 3753 3672 3826; baseline 0.003 -16"><span class='ocrx_word' id='word_1_663' title='bbox 2025 3760 2089 3810; x_wconf 89' lang='lat' dir='ltr'>ut</span> <span class='ocrx_word' id='word_1_664' title='bbox 2120 3753 2338 3826; x_wconf 90' lang='lat' dir='ltr'>duplici</span> <span class='ocrx_word' id='word_1_665' title='bbox 2369 3756 2807 3811; x_wconf 90' lang='lat' dir='ltr'>conservatione</span> <span class='ocrx_word' id='word_1_666' title='bbox 2827 3762 3146 3821; x_wconf 74' lang='lat' dir='ltr'>conservet;</span> <span class='ocrx_word' id='word_1_667' title='bbox 3178 3757 3494 3813; x_wconf 80' lang='lat' dir='ltr'>viviﬁcabit</span> <span class='ocrx_word' id='word_1_668' title='bbox 3533 3764 3672 3815; x_wconf 91' lang='lat' dir='ltr'>tunc</span> 
     </span>
    </p>
   </div>
   <div class='ocr_carea' id='block_1_88' title="bbox 2023 3845 3671 3919">
    <p class='ocr_par' dir='ltr' id='par_1_88' title="bbox 2023 3845 3671 3919">
     <span class='ocr_line' id='line_1_88' title="bbox 2023 3845 3671 3919; baseline 0.004 -20"><span class='ocrx_word' id='word_1_669' title='bbox 2023 3845 2179 3916; x_wconf 92' lang='lat' dir='ltr'>quod</span> <span class='ocrx_word' id='word_1_670' title='bbox 2212 3862 2367 3900; x_wconf 89' lang='lat' dir='ltr'>nunc</span> <span class='ocrx_word' id='word_1_671' title='bbox 2400 3846 2642 3902; x_wconf 87' lang='lat' dir='ltr'>mortale</span> <span class='ocrx_word' id='word_1_672' title='bbox 2674 3851 2780 3902; x_wconf 89' lang='lat' dir='ltr'>est.</span> <span class='ocrx_word' id='word_1_673' title='bbox 2814 3849 2875 3902; x_wconf 88' lang='lat' dir='ltr'>Et</span> <span class='ocrx_word' id='word_1_674' title='bbox 2898 3865 3054 3903; x_wconf 90' lang='lat' dir='ltr'>nunc</span> <span class='ocrx_word' id='word_1_675' title='bbox 3085 3848 3316 3902; x_wconf 89' lang='lat' dir='ltr'>interim</span> <span class='ocrx_word' id='word_1_676' title='bbox 3340 3848 3555 3903; x_wconf 88' lang='lat' dir='ltr'>beatum</span> <span class='ocrx_word' id='word_1_677' title='bbox 3581 3852 3671 3919; x_wconf 77' lang='lat' dir='ltr'>fa-</span> 
     </span>
    </p>
   </div>
   <div class='ocr_carea' id='block_1_89' title="bbox 2021 3936 3671 4009">
    <p class='ocr_par' dir='ltr' id='par_1_89' title="bbox 2021 3936 3671 4009">
     <span class='ocr_line' id='line_1_89' title="bbox 2021 3936 3671 4009; baseline 0.004 -19"><span class='ocrx_word' id='word_1_678' title='bbox 2021 3936 2129 3990; x_wconf 82' lang='lat' dir='ltr'>ciet</span> <span class='ocrx_word' id='word_1_679' title='bbox 2148 3952 2293 4000; x_wconf 89' lang='lat' dir='ltr'>eum,</span> <span class='ocrx_word' id='word_1_680' title='bbox 2325 3936 2548 3991; x_wconf 89' lang='lat' dir='ltr'>scilicet</span> <span class='ocrx_word' id='word_1_681' title='bbox 2577 3937 2932 3992; x_wconf 89' lang='lat' dir='ltr'>beatitudine</span> <span class='ocrx_word' id='word_1_682' title='bbox 2962 3939 3169 4009; x_wconf 86' lang='lat' dir='ltr'>prima,</span> <span class='ocrx_word' id='word_1_683' title='bbox 3196 3937 3362 3993; x_wconf 90' lang='lat' dir='ltr'>utsic</span> <span class='ocrx_word' id='word_1_684' title='bbox 3384 3938 3576 3994; x_wconf 89' lang='lat' dir='ltr'>veniat</span> <span class='ocrx_word' id='word_1_685' title='bbox 3597 3940 3671 3995; x_wconf 89' lang='lat' dir='ltr'>ad</span> 
     </span>
    </p>
   </div>
   <div class='ocr_carea' id='block_1_90' title="bbox 2024 4024 3672 4094">
    <p class='ocr_par' dir='ltr' id='par_1_90' title="bbox 2024 4024 3672 4094">
     <span class='ocr_line' id='line_1_90' title="bbox 2024 4024 3672 4094; baseline 0.004 -16"><span class='ocrx_word' id='word_1_686' title='bbox 2024 4024 2447 4079; x_wconf 88' lang='lat' dir='ltr'>beatitudinem</span> <span class='ocrx_word' id='word_1_687' title='bbox 2480 4026 2820 4090; x_wconf 87' lang='lat' dir='ltr'>secundam,</span> <span class='ocrx_word' id='word_1_688' title='bbox 2883 4029 2940 4081; x_wconf 89' lang='lat' dir='ltr'>in</span> <span class='ocrx_word' id='word_1_689' title='bbox 2970 4036 3137 4094; x_wconf 84' lang='lat' dir='ltr'>terra,</span> <span class='ocrx_word' id='word_1_690' title='bbox 3173 4028 3393 4083; x_wconf 89' lang='lat' dir='ltr'>scilicet</span> <span class='ocrx_word' id='word_1_691' title='bbox 3422 4030 3672 4085; x_wconf 91' lang='lat' dir='ltr'>morien-</span> 
     </span>
    </p>
   </div>
   <div class='ocr_carea' id='block_1_91' title="bbox 2025 4112 3672 4179">
    <p class='ocr_par' dir='ltr' id='par_1_91' title="bbox 2025 4112 3672 4179">
     <span class='ocr_line' id='line_1_91' title="bbox 2025 4112 3672 4179; baseline 0.005 -13"><span class='ocrx_word' id='word_1_692' title='bbox 2025 4112 2195 4179; x_wconf 85' lang='lat' dir='ltr'>tium,</span> <span class='ocrx_word' id='word_1_693' title='bbox 2229 4112 2336 4167; x_wconf 90' lang='lat' dir='ltr'>hoc</span> <span class='ocrx_word' id='word_1_694' title='bbox 2372 4113 2542 4168; x_wconf 90' lang='lat' dir='ltr'>modo</span> <span class='ocrx_word' id='word_1_695' title='bbox 2566 4130 2579 4167; x_wconf 95' lang='lat'>:</span> <span class='ocrx_word' id='word_1_696' title='bbox 2616 4118 2735 4170; x_wconf 86' lang='lat' dir='ltr'>Non</span> <span class='ocrx_word' id='word_1_697' title='bbox 2752 4115 2944 4171; x_wconf 89' lang='lat' dir='ltr'>tradet</span> <span class='ocrx_word' id='word_1_698' title='bbox 2971 4133 3095 4172; x_wconf 89' lang='lat' dir='ltr'>eum</span> <span class='ocrx_word' id='word_1_699' title='bbox 3123 4119 3181 4171; x_wconf 92' lang='lat' dir='ltr'>in</span> <span class='ocrx_word' id='word_1_700' title='bbox 3209 4118 3456 4173; x_wconf 87' lang='lat' dir='ltr'>animam</span> <span class='ocrx_word' id='word_1_701' title='bbox 3478 4120 3672 4174; x_wconf 90' lang='lat' dir='ltr'>inimi-</span> 
     </span>
    </p>
   </div>
   <div class='ocr_carea' id='block_1_92' title="bbox 2024 4203 3672 4276">
    <p class='ocr_par' dir='ltr' id='par_1_92' title="bbox 2024 4203 3672 4276">
     <span class='ocr_line' id='line_1_92' title="bbox 2024 4203 3672 4276; baseline 0.004 -19"><span class='ocrx_word' id='word_1_702' title='bbox 2024 4218 2212 4257; x_wconf 88' lang='lat' dir='ltr'>corum</span> <span class='ocrx_word' id='word_1_703' title='bbox 2235 4203 2374 4272; x_wconf 84' lang='lat' dir='ltr'>cjus,</span> <span class='ocrx_word' id='word_1_704' title='bbox 2408 4208 2463 4258; x_wconf 92' lang='lat' dir='ltr'>et</span> <span class='ocrx_word' id='word_1_705' title='bbox 2494 4204 2541 4259; x_wconf 91' lang='lat' dir='ltr'>si</span> <span class='ocrx_word' id='word_1_706' title='bbox 2573 4204 2761 4259; x_wconf 86' lang='lat' dir='ltr'>tradet</span> <span class='ocrx_word' id='word_1_707' title='bbox 2792 4207 2851 4261; x_wconf 89' lang='lat' dir='ltr'>in</span> <span class='ocrx_word' id='word_1_708' title='bbox 2882 4208 3150 4273; x_wconf 89' lang='lat' dir='ltr'>animam,</span> <span class='ocrx_word' id='word_1_709' title='bbox 3186 4208 3242 4261; x_wconf 93' lang='lat' dir='ltr'>id</span> <span class='ocrx_word' id='word_1_710' title='bbox 3278 4213 3386 4276; x_wconf 88' lang='lat' dir='ltr'>est,</span> <span class='ocrx_word' id='word_1_711' title='bbox 3422 4225 3672 4264; x_wconf 88' lang='lat' dir='ltr'>consen-</span> 
     </span>
    </p>
   </div>
   <div class='ocr_carea' id='block_1_93' title="bbox 2027 4291 3675 4358">
    <p class='ocr_par' dir='ltr' id='par_1_93' title="bbox 2027 4291 3675 4358">
     <span class='ocr_line' id='line_1_93' title="bbox 2027 4291 3675 4358; baseline 0.002 -12"><span class='ocrx_word' id='word_1_712' title='bbox 2027 4308 2181 4356; x_wconf 88' lang='lat' dir='ltr'>sum,</span> <span class='ocrx_word' id='word_1_713' title='bbox 2215 4294 2278 4344; x_wconf 93' lang='lat' dir='ltr'>ut</span> <span class='ocrx_word' id='word_1_714' title='bbox 2309 4291 2706 4348; x_wconf 81' lang='lat' dir='ltr'>conformetur</span> <span class='ocrx_word' id='word_1_715' title='bbox 2738 4292 2871 4349; x_wconf 91' lang='lat' dir='ltr'>illis.</span> <span class='ocrx_word' id='word_1_716' title='bbox 2897 4294 3060 4358; x_wconf 90' lang='lat' dir='ltr'>Quod</span> <span class='ocrx_word' id='word_1_717' title='bbox 3090 4299 3155 4349; x_wconf 90' lang='lat' dir='ltr'>ut</span> <span class='ocrx_word' id='word_1_718' title='bbox 3179 4296 3373 4350; x_wconf 86' lang='lat' dir='ltr'>verius</span> <span class='ocrx_word' id='word_1_719' title='bbox 3405 4297 3675 4351; x_wconf 88' lang='lat' dir='ltr'>credatur</span> 
     </span>
    </p>
   </div>
   <div class='ocr_carea' id='block_1_94' title="bbox 2028 4380 3677 4455">
    <p class='ocr_par' dir='ltr' id='par_1_94' title="bbox 2028 4380 3677 4455">
     <span class='ocr_line' id='line_1_94' title="bbox 2028 4380 3677 4455; baseline 0.002 -21"><span class='ocrx_word' id='word_1_720' title='bbox 2028 4380 2313 4449; x_wconf 87' lang='lat' dir='ltr'>futurum,</span> <span class='ocrx_word' id='word_1_721' title='bbox 2346 4384 2506 4451; x_wconf 86' lang='lat' dir='ltr'>optat</span> <span class='ocrx_word' id='word_1_722' title='bbox 2537 4382 2807 4437; x_wconf 89' lang='lat' dir='ltr'>Christus</span> <span class='ocrx_word' id='word_1_723' title='bbox 2838 4388 3035 4455; x_wconf 90' lang='lat' dir='ltr'>caput,</span> <span class='ocrx_word' id='word_1_724' title='bbox 3069 4387 3126 4438; x_wconf 90' lang='lat' dir='ltr'>et</span> <span class='ocrx_word' id='word_1_725' title='bbox 3154 4388 3282 4437; x_wconf 81' lang='lat' dir='ltr'>urat</span> <span class='ocrx_word' id='word_1_726' title='bbox 3312 4387 3376 4437; x_wconf 90' lang='lat' dir='ltr'>ut</span> <span class='ocrx_word' id='word_1_727' title='bbox 3404 4383 3523 4437; x_wconf 85' lang='lat' dir='ltr'>ﬁat.</span> <span class='ocrx_word' id='word_1_728' title='bbox 3565 4382 3677 4437; x_wconf 87' lang='lat' dir='ltr'>Ini-</span> 
     </span>
    </p>
   </div>
   <div class='ocr_carea' id='block_1_95' title="bbox 2027 4468 3673 4543">
    <p class='ocr_par' dir='ltr' id='par_1_95' title="bbox 2027 4468 3673 4543">
     <span class='ocr_line' id='line_1_95' title="bbox 2027 4468 3673 4543; baseline 0 -18"><span class='ocrx_word' id='word_1_729' title='bbox 2027 4468 2605 4526; x_wconf 88' lang='lat' dir='ltr'>micusillediabolus</span> <span class='ocrx_word' id='word_1_730' title='bbox 2617 4472 2716 4541; x_wconf 91' lang='lat' dir='ltr'>qui</span> <span class='ocrx_word' id='word_1_731' title='bbox 2732 4471 2819 4526; x_wconf 92' lang='lat' dir='ltr'>leo</span> <span class='ocrx_word' id='word_1_732' title='bbox 2834 4471 3355 4526; x_wconf 83' lang='lat' dir='ltr'>fuitinteriiciendo</span> <span class='ocrx_word' id='word_1_733' title='bbox 3370 4475 3673 4543; x_wconf 84' lang='lat' dir='ltr'>martyres,</span> 
     </span>
    </p>
   </div>
   <div class='ocr_carea' id='block_1_96' title="bbox 252 4553 3678 4632">
    <p class='ocr_par' dir='ltr' id='par_1_96' title="bbox 252 4553 3678 4632">
     <span class='ocr_line' id='line_1_96' title="bbox 252 4553 3678 4632; baseline -0.003 -18"><span class='ocrx_word' id='word_1_734' title='bbox 252 4590 283 4615; x_wconf 74' lang='grc' dir='ltr'><strong><em>α</em></strong></span> <span class='ocrx_word' id='word_1_735' title='bbox 312 4562 579 4618; x_wconf 78' lang='lat' dir='ltr'>Verbum</span> <span class='ocrx_word' id='word_1_736' title='bbox 613 4560 882 4632; x_wconf 92' lang='lat' dir='ltr'>iniquum</span> <span class='ocrx_word' id='word_1_737' title='bbox 940 4557 1371 4613; x_wconf 88' lang='lat' dir='ltr'>constituerunt</span> <span class='ocrx_word' id='word_1_738' title='bbox 1427 4553 1738 4607; x_wconf 86' lang='lat' dir='ltr'>adversum</span> <span class='ocrx_word' id='word_1_739' title='bbox 1789 4568 1918 4607; x_wconf 90' lang='lat' dir='ltr'>me:</span> <span class='ocrx_word' id='word_1_740' title='bbox 1954 4559 1999 4623; x_wconf 77' lang='grc' dir='ltr'>Ι)</span> <span class='ocrx_word' id='word_1_741' title='bbox 2032 4560 2234 4616; x_wconf 76' lang='lat' dir='ltr'>videns</span> <span class='ocrx_word' id='word_1_742' title='bbox 2266 4559 2420 4631; x_wconf 83' lang='lat' dir='ltr'>quod</span> <span class='ocrx_word' id='word_1_743' title='bbox 2456 4558 2564 4613; x_wconf 80' lang='lat' dir='ltr'>hoc</span> <span class='ocrx_word' id='word_1_744' title='bbox 2593 4560 2764 4613; x_wconf 84' lang='lat' dir='ltr'>modo</span> <span class='ocrx_word' id='word_1_745' title='bbox 2799 4558 2941 4612; x_wconf 78' lang='lat' dir='ltr'>nihil</span> <span class='ocrx_word' id='word_1_746' title='bbox 2976 4559 3299 4630; x_wconf 68' lang='lat' dir='ltr'>proﬁceret,</span> <span class='ocrx_word' id='word_1_747' title='bbox 3324 4559 3462 4631; x_wconf 73' lang='lat' dir='ltr'>quia</span> <span class='ocrx_word' id='word_1_748' title='bbox 3501 4558 3678 4615; x_wconf 70' lang='lat' dir='ltr'>occisi</span> 
     </span>
    </p>
   </div>
   <div class='ocr_carea' id='block_1_97' title="bbox 252 4642 1923 4723">
    <p class='ocr_par' dir='ltr' id='par_1_97' title="bbox 252 4642 1923 4723">
     <span class='ocr_line' id='line_1_97' title="bbox 252 4642 1923 4723; baseline -0.005 -20"><span class='ocrx_word' id='word_1_749' title='bbox 252 4678 284 4703; x_wconf 76' lang='grc' dir='ltr'>«ί</span> <span class='ocrx_word' id='word_1_750' title='bbox 325 4651 631 4723; x_wconf 85' lang='lat' dir='ltr'>Numquid</span> <span class='ocrx_word' id='word_1_751' title='bbox 652 4649 749 4722; x_wconf 92' lang='lat' dir='ltr'>qui</span> <span class='ocrx_word' id='word_1_752' title='bbox 773 4647 1007 4712; x_wconf 89' lang='lat' dir='ltr'>dormit,</span> <span class='ocrx_word' id='word_1_753' title='bbox 1040 4662 1154 4700; x_wconf 91' lang='lat' dir='ltr'>non</span> <span class='ocrx_word' id='word_1_754' title='bbox 1173 4643 1410 4715; x_wconf 81' lang='lat' dir='ltr'>adjiciat</span> <span class='ocrx_word' id='word_1_755' title='bbox 1441 4646 1505 4697; x_wconf 91' lang='lat' dir='ltr'>ut</span> <span class='ocrx_word' id='word_1_756' title='bbox 1526 4642 1923 4714; x_wconf 84' lang='lat' dir='ltr'>resurgat?Et-</span> 
     </span>
    </p>
   </div>
   <div class='ocr_carea' id='block_1_98' title="bbox 252 4730 1926 4809">
    <p class='ocr_par' dir='ltr' id='par_1_98' title="bbox 252 4730 1926 4809">
     <span class='ocr_line' id='line_1_98' title="bbox 252 4730 1926 4809; baseline -0.006 -16"><span class='ocrx_word' id='word_1_757' title='bbox 252 4768 283 4793; x_wconf 73' lang='grc' dir='ltr'>α</span> <span class='ocrx_word' id='word_1_758' title='bbox 314 4740 481 4797; x_wconf 88' lang='lat' dir='ltr'>enim</span> <span class='ocrx_word' id='word_1_759' title='bbox 514 4740 687 4795; x_wconf 90' lang='lat' dir='ltr'>homo</span> <span class='ocrx_word' id='word_1_760' title='bbox 720 4736 880 4809; x_wconf 89' lang='lat' dir='ltr'>pacis</span> <span class='ocrx_word' id='word_1_761' title='bbox 908 4753 1048 4790; x_wconf 67' lang='lat' dir='ltr'>mete</span> <span class='ocrx_word' id='word_1_762' title='bbox 1083 4735 1139 4788; x_wconf 92' lang='lat' dir='ltr'>in</span> <span class='ocrx_word' id='word_1_763' title='bbox 1175 4750 1289 4805; x_wconf 90' lang='lat' dir='ltr'>quo</span> <span class='ocrx_word' id='word_1_764' title='bbox 1313 4732 1561 4803; x_wconf 90' lang='lat' dir='ltr'>speravi,</span> <span class='ocrx_word' id='word_1_765' title='bbox 1583 4731 1681 4802; x_wconf 91' lang='lat' dir='ltr'>qui</span> <span class='ocrx_word' id='word_1_766' title='bbox 1717 4730 1926 4785; x_wconf 88' lang='lat' dir='ltr'>edebat</span> 
     </span>
    </p>
   </div>
   <div class='ocr_carea' id='block_1_99' title="bbox 254 4819 1926 4904">
    <p class='ocr_par' dir='ltr' id='par_1_99' title="bbox 254 4819 1926 4904">
     <span class='ocr_line' id='line_1_99' title="bbox 254 4819 1926 4904; baseline -0.005 -22"><span class='ocrx_word' id='word_1_767' title='bbox 254 4856 286 4882; x_wconf 87' lang='grc'><strong>‹‹</strong></span> <span class='ocrx_word' id='word_1_768' title='bbox 331 4846 517 4904; x_wconf 88' lang='lat' dir='ltr'>panes</span> <span class='ocrx_word' id='word_1_769' title='bbox 544 4844 726 4897; x_wconf 89' lang='lat' dir='ltr'>meos,</span> <span class='ocrx_word' id='word_1_770' title='bbox 760 4823 1152 4897; x_wconf 83' lang='lat' dir='ltr'>magniﬁcavit</span> <span class='ocrx_word' id='word_1_771' title='bbox 1180 4838 1355 4895; x_wconf 89' lang='lat' dir='ltr'>super</span> <span class='ocrx_word' id='word_1_772' title='bbox 1386 4838 1477 4877; x_wconf 90' lang='lat' dir='ltr'>me</span> <span class='ocrx_word' id='word_1_773' title='bbox 1507 4819 1926 4892; x_wconf 85' lang='lat' dir='ltr'>supplantatio-</span> 
     </span>
    </p>
   </div>
   <div class='ocr_carea' id='block_1_100' title="bbox 256 4919 1925 4988">
    <p class='ocr_par' dir='ltr' id='par_1_100' title="bbox 256 4919 1925 4988">
     <span class='ocr_line' id='line_1_100' title="bbox 256 4919 1925 4988; baseline -0.004 -10"><span class='ocrx_word' id='word_1_774' title='bbox 256 4952 288 4978; x_wconf 80' lang='grc' dir='ltr'>ι(</span> <span class='ocrx_word' id='word_1_775' title='bbox 329 4943 494 4984; x_wconf 88' lang='lat' dir='ltr'>nem.</span> <span class='ocrx_word' id='word_1_776' title='bbox 527 4927 613 4981; x_wconf 82' lang='lat' dir='ltr'>Tu</span> <span class='ocrx_word' id='word_1_777' title='bbox 644 4929 865 4988; x_wconf 89' lang='lat' dir='ltr'>autem,</span> <span class='ocrx_word' id='word_1_778' title='bbox 900 4922 1164 4988; x_wconf 89' lang='lat' dir='ltr'>Domine,</span> <span class='ocrx_word' id='word_1_779' title='bbox 1192 4922 1468 4975; x_wconf 88' lang='lat' dir='ltr'>miserere</span> <span class='ocrx_word' id='word_1_780' title='bbox 1501 4919 1635 4981; x_wconf 85' lang='lat' dir='ltr'>mei,</span> <span class='ocrx_word' id='word_1_781' title='bbox 1672 4921 1729 4972; x_wconf 88' lang='lat' dir='ltr'>et</span> <span class='ocrx_word' id='word_1_782' title='bbox 1766 4934 1925 4972; x_wconf 88' lang='lat' dir='ltr'>resu-</span> 
     </span>
    </p>
   </div>
   <div class='ocr_carea' id='block_1_101' title="bbox 255 5006 1922 5082">
    <p class='ocr_par' dir='ltr' id='par_1_101' title="bbox 255 5006 1922 5082">
     <span class='ocr_line' id='line_1_101' title="bbox 255 5006 1922 5082; baseline -0.008 -9"><span class='ocrx_word' id='word_1_783' title='bbox 255 5042 286 5067; x_wconf 78' lang='grc' dir='ltr'>α</span> <span class='ocrx_word' id='word_1_784' title='bbox 328 5016 483 5073; x_wconf 89' lang='lat' dir='ltr'>scita</span> <span class='ocrx_word' id='word_1_785' title='bbox 509 5032 622 5082; x_wconf 89' lang='lat' dir='ltr'>me,</span> <span class='ocrx_word' id='word_1_786' title='bbox 657 5019 715 5069; x_wconf 91' lang='lat' dir='ltr'>et</span> <span class='ocrx_word' id='word_1_787' title='bbox 754 5012 1077 5068; x_wconf 88' lang='lat' dir='ltr'>retribuam</span> <span class='ocrx_word' id='word_1_788' title='bbox 1109 5010 1213 5065; x_wconf 92' lang='lat' dir='ltr'>eis.</span> <span class='ocrx_word' id='word_1_789' title='bbox 1270 5010 1331 5063; x_wconf 94' lang='lat' dir='ltr'>In</span> <span class='ocrx_word' id='word_1_790' title='bbox 1364 5008 1472 5063; x_wconf 93' lang='lat' dir='ltr'>hoc</span> <span class='ocrx_word' id='word_1_791' title='bbox 1504 5006 1744 5079; x_wconf 87' lang='lat' dir='ltr'>cognovi</span> <span class='ocrx_word' id='word_1_792' title='bbox 1779 5021 1922 5076; x_wconf 92' lang='lat' dir='ltr'>quo-</span> 
     </span>
    </p>
   </div>
   <div class='ocr_carea' id='block_1_102' title="bbox 255 5094 1924 5172">
    <p class='ocr_par' dir='ltr' id='par_1_102' title="bbox 255 5094 1924 5172">
     <span class='ocr_line' id='line_1_102' title="bbox 255 5094 1924 5172; baseline -0.004 -16"><span class='ocrx_word' id='word_1_793' title='bbox 255 5131 287 5157; x_wconf 77' lang='grc' dir='ltr'><strong>α</strong></span> <span class='ocrx_word' id='word_1_794' title='bbox 332 5106 495 5161; x_wconf 85' lang='lat' dir='ltr'>niam</span> <span class='ocrx_word' id='word_1_795' title='bbox 514 5103 745 5159; x_wconf 89' lang='lat' dir='ltr'>voluisti</span> <span class='ocrx_word' id='word_1_796' title='bbox 773 5118 885 5169; x_wconf 91' lang='lat' dir='ltr'>me,</span> <span class='ocrx_word' id='word_1_797' title='bbox 912 5099 1189 5172; x_wconf 90' lang='lat' dir='ltr'>quoniam</span> <span class='ocrx_word' id='word_1_798' title='bbox 1222 5115 1333 5152; x_wconf 90' lang='lat' dir='ltr'>non</span> <span class='ocrx_word' id='word_1_799' title='bbox 1359 5094 1924 5168; x_wconf 89' lang='lat' dir='ltr'>gaudebitinimicus</span> 
     </span>
    </p>
   </div>
   <div class='ocr_carea' id='block_1_103' title="bbox 261 5184 1921 5263">
    <p class='ocr_par' dir='ltr' id='par_1_103' title="bbox 261 5184 1921 5263">
     <span class='ocr_line' id='line_1_103' title="bbox 261 5184 1921 5263; baseline -0.01 -11"><span class='ocrx_word' id='word_1_800' title='bbox 261 5221 285 5245; x_wconf 77' lang='grc' dir='ltr'>ιι</span> <span class='ocrx_word' id='word_1_801' title='bbox 320 5212 493 5251; x_wconf 90' lang='lat' dir='ltr'>meus</span> <span class='ocrx_word' id='word_1_802' title='bbox 528 5209 705 5263; x_wconf 87' lang='lat' dir='ltr'>super</span> <span class='ocrx_word' id='word_1_803' title='bbox 728 5206 840 5245; x_wconf 90' lang='lat' dir='ltr'>me.</span> <span class='ocrx_word' id='word_1_804' title='bbox 887 5190 975 5244; x_wconf 88' lang='lat' dir='ltr'>Me</span> <span class='ocrx_word' id='word_1_805' title='bbox 1007 5192 1206 5243; x_wconf 89' lang='lat' dir='ltr'>autem</span> <span class='ocrx_word' id='word_1_806' title='bbox 1240 5190 1477 5257; x_wconf 89' lang='lat' dir='ltr'>propter</span> <span class='ocrx_word' id='word_1_807' title='bbox 1525 5184 1921 5238; x_wconf 89' lang='lat' dir='ltr'>innocentiam</span> 
     </span>
    </p>
   </div>
   <div class='ocr_carea' id='block_1_104' title="bbox 255 5271 1921 5353">
    <p class='ocr_par' dir='ltr' id='par_1_104' title="bbox 255 5271 1921 5353">
     <span class='ocr_line' id='line_1_104' title="bbox 255 5271 1921 5353; baseline -0.006 -18"><span class='ocrx_word' id='word_1_808' title='bbox 255 5309 288 5335; x_wconf 76' lang='grc' dir='ltr'>ι(</span> <span class='ocrx_word' id='word_1_809' title='bbox 331 5282 671 5353; x_wconf 84' lang='lat' dir='ltr'>suscepisti,</span> <span class='ocrx_word' id='word_1_810' title='bbox 694 5285 751 5336; x_wconf 88' lang='lat' dir='ltr'>et</span> <span class='ocrx_word' id='word_1_811' title='bbox 780 5276 1139 5335; x_wconf 77' lang='lat' dir='ltr'>confirmasti</span> <span class='ocrx_word' id='word_1_812' title='bbox 1174 5290 1265 5329; x_wconf 91' lang='lat' dir='ltr'>me</span> <span class='ocrx_word' id='word_1_813' title='bbox 1296 5274 1355 5329; x_wconf 91' lang='lat' dir='ltr'>in</span> <span class='ocrx_word' id='word_1_814' title='bbox 1386 5277 1701 5345; x_wconf 91' lang='lat' dir='ltr'>conspectu</span> <span class='ocrx_word' id='word_1_815' title='bbox 1733 5276 1834 5327; x_wconf 88' lang='lat' dir='ltr'>tuo</span> <span class='ocrx_word' id='word_1_816' title='bbox 1862 5271 1921 5326; x_wconf 92' lang='lat' dir='ltr'>in</span> 
     </span>
    </p>
   </div>
   <div class='ocr_carea' id='block_1_105' title="bbox 257 5360 1920 5427">
    <p class='ocr_par' dir='ltr' id='par_1_105' title="bbox 257 5360 1920 5427">
     <span class='ocr_line' id='line_1_105' title="bbox 257 5360 1920 5427; baseline -0.005 -4"><span class='ocrx_word' id='word_1_817' title='bbox 257 5396 291 5424; x_wconf 76' lang='grc' dir='ltr'>ε(</span> <span class='ocrx_word' id='word_1_818' title='bbox 321 5378 632 5427; x_wconf 67' lang='lat' dir='ltr'>ieternum.</span> <span class='ocrx_word' id='word_1_819' title='bbox 665 5369 1006 5425; x_wconf 82' lang='lat' dir='ltr'>Benedictus</span> <span class='ocrx_word' id='word_1_820' title='bbox 1048 5364 1333 5420; x_wconf 91' lang='lat' dir='ltr'>Dominus</span> <span class='ocrx_word' id='word_1_821' title='bbox 1365 5368 1516 5418; x_wconf 92' lang='lat' dir='ltr'>Deus</span> <span class='ocrx_word' id='word_1_822' title='bbox 1549 5360 1724 5417; x_wconf 87' lang='lat' dir='ltr'>Israel</span> <span class='ocrx_word' id='word_1_823' title='bbox 1755 5378 1789 5416; x_wconf 90' lang='lat' dir='ltr'>a</span> <span class='ocrx_word' id='word_1_824' title='bbox 1818 5377 1920 5416; x_wconf 64' lang='lat' dir='ltr'>sa-</span> 
     </span>
    </p>
   </div>
   <div class='ocr_carea' id='block_1_106' title="bbox 252 5452 1594 5532">
    <p class='ocr_par' dir='ltr' id='par_1_106' title="bbox 252 5452 1594 5532">
     <span class='ocr_line' id='line_1_106' title="bbox 252 5452 1594 5532; baseline -0.011 -14"><span class='ocrx_word' id='word_1_825' title='bbox 252 5488 283 5511; x_wconf 83' lang='grc'><strong>‹‹</strong></span> <span class='ocrx_word' id='word_1_826' title='bbox 333 5460 487 5529; x_wconf 89' lang='lat' dir='ltr'>culo,</span> <span class='ocrx_word' id='word_1_827' title='bbox 521 5466 577 5516; x_wconf 89' lang='lat' dir='ltr'>et</span> <span class='ocrx_word' id='word_1_828' title='bbox 607 5475 795 5532; x_wconf 90' lang='lat' dir='ltr'>usque</span> <span class='ocrx_word' id='word_1_829' title='bbox 823 5458 881 5513; x_wconf 90' lang='lat' dir='ltr'>in</span> <span class='ocrx_word' id='word_1_830' title='bbox 916 5453 1193 5511; x_wconf 77' lang='lat' dir='ltr'>szeculum</span> <span class='ocrx_word' id='word_1_831' title='bbox 1224 5471 1235 5508; x_wconf 95' lang='lat'>:</span> <span class='ocrx_word' id='word_1_832' title='bbox 1275 5453 1392 5521; x_wconf 79' lang='lat' dir='ltr'>fiat,</span> <span class='ocrx_word' id='word_1_833' title='bbox 1427 5452 1543 5506; x_wconf 78' lang='lat' dir='ltr'>fiat.</span> <span class='ocrx_word' id='word_1_834' title='bbox 1576 5474 1594 5497; x_wconf 72' lang='grc' dir='ltr'>ι»</span> 
     </span>
    </p>
   </div>
   <div class='ocr_carea' id='block_1_107' title="bbox 900 5559 1311 5619">
    <p class='ocr_par' dir='ltr' id='par_1_107' title="bbox 900 5559 1311 5619">
     <span class='ocr_line' id='line_1_107' title="bbox 900 5559 1311 5619; baseline -0.015 0"><span class='ocrx_word' id='word_1_835' title='bbox 900 5559 1311 5619; x_wconf 80' lang='lat' dir='ltr'><strong><em>ENARRATIO.</em></strong></span> 
     </span>
    </p>
   </div>
   <div class='ocr_carea' id='block_1_108' title="bbox 339 5644 1919 5731">
    <p class='ocr_par' dir='ltr' id='par_1_108' title="bbox 339 5644 1919 5731">
     <span class='ocr_line' id='line_1_108' title="bbox 339 5644 1919 5731; baseline -0.007 -16"><span class='ocrx_word' id='word_1_836' title='bbox 339 5658 446 5717; x_wconf 84' lang='lat' dir='ltr'>Hic</span> <span class='ocrx_word' id='word_1_837' title='bbox 479 5655 744 5731; x_wconf 82' lang='lat' dir='ltr'>psalmus</span> <span class='ocrx_word' id='word_1_838' title='bbox 773 5658 862 5715; x_wconf 88' lang='lat' dir='ltr'>est</span> <span class='ocrx_word' id='word_1_839' title='bbox 893 5651 1010 5712; x_wconf 88' lang='lat' dir='ltr'>veri</span> <span class='ocrx_word' id='word_1_840' title='bbox 1031 5649 1241 5725; x_wconf 85' lang='lat' dir='ltr'>David,</span> <span class='ocrx_word' id='word_1_841' title='bbox 1273 5647 1331 5708; x_wconf 89' lang='lat' dir='ltr'>id</span> <span class='ocrx_word' id='word_1_842' title='bbox 1361 5651 1470 5719; x_wconf 86' lang='lat' dir='ltr'>est,</span> <span class='ocrx_word' id='word_1_843' title='bbox 1493 5644 1708 5706; x_wconf 82' lang='lat' dir='ltr'>Christi</span> <span class='ocrx_word' id='word_1_844' title='bbox 1729 5650 1919 5707; x_wconf 86' lang='lat' dir='ltr'>osten-</span> 
     </span>
    </p>
   </div>
   <div class='ocr_carea' id='block_1_109' title="bbox 2036 4648 3675 4721">
    <p class='ocr_par' dir='ltr' id='par_1_109' title="bbox 2036 4648 3675 4721">
     <span class='ocr_line' id='line_1_109' title="bbox 2036 4648 3675 4721; baseline 0 -16"><span class='ocrx_word' id='word_1_845' title='bbox 2036 4649 2500 4721; x_wconf 88' lang='lat' dir='ltr'>triumpbabant,</span> <span class='ocrx_word' id='word_1_846' title='bbox 2527 4648 2713 4702; x_wconf 83' lang='lat' dir='ltr'>factus</span> <span class='ocrx_word' id='word_1_847' title='bbox 2728 4652 2815 4702; x_wconf 85' lang='lat' dir='ltr'>est</span> <span class='ocrx_word' id='word_1_848' title='bbox 2837 4649 3033 4713; x_wconf 90' lang='lat' dir='ltr'>draco,</span> <span class='ocrx_word' id='word_1_849' title='bbox 3057 4664 3276 4702; x_wconf 89' lang='lat' dir='ltr'>veneno</span> <span class='ocrx_word' id='word_1_850' title='bbox 3298 4648 3469 4720; x_wconf 66' lang='lat' dir='ltr'>coepit</span> <span class='ocrx_word' id='word_1_851' title='bbox 3485 4664 3675 4721; x_wconf 87' lang='lat' dir='ltr'>agere,</span> 
     </span>
    </p>
   </div>
   <div class='ocr_carea' id='block_1_110' title="bbox 2034 4735 3673 4810">
    <p class='ocr_par' dir='ltr' id='par_1_110' title="bbox 2034 4735 3673 4810">
     <span class='ocr_line' id='line_1_110' title="bbox 2034 4735 3673 4810; baseline -0.001 -16"><span class='ocrx_word' id='word_1_852' title='bbox 2034 4739 2257 4794; x_wconf 89' lang='lat' dir='ltr'>scilicet</span> <span class='ocrx_word' id='word_1_853' title='bbox 2287 4738 2459 4810; x_wconf 79' lang='lat' dir='ltr'>C(Bpit</span> <span class='ocrx_word' id='word_1_854' title='bbox 2476 4752 2785 4809; x_wconf 89' lang='lat' dir='ltr'>suggerere</span> <span class='ocrx_word' id='word_1_855' title='bbox 2816 4752 2917 4807; x_wconf 87' lang='lat' dir='ltr'>per</span> <span class='ocrx_word' id='word_1_856' title='bbox 2934 4753 3074 4792; x_wconf 90' lang='lat' dir='ltr'>suas</span> <span class='ocrx_word' id='word_1_857' title='bbox 3092 4735 3426 4807; x_wconf 90' lang='lat' dir='ltr'>blanditias,</span> <span class='ocrx_word' id='word_1_858' title='bbox 3447 4740 3673 4794; x_wconf 91' lang='lat' dir='ltr'>dicens:</span> 
     </span>
    </p>
   </div>
   <div class='ocr_carea' id='block_1_111' title="bbox 2035 4836 3677 4910">
    <p class='ocr_par' dir='ltr' id='par_1_111' title="bbox 2035 4836 3677 4910">
     <span class='ocr_line' id='line_1_111' title="bbox 2035 4836 3677 4910; baseline -0.001 -17"><span class='ocrx_word' id='word_1_859' title='bbox 2035 4840 2242 4910; x_wconf 89' lang='lat' dir='ltr'>Magna</span> <span class='ocrx_word' id='word_1_860' title='bbox 2273 4844 2361 4894; x_wconf 89' lang='lat' dir='ltr'>est</span> <span class='ocrx_word' id='word_1_861' title='bbox 2390 4838 2481 4893; x_wconf 77' lang='lat' dir='ltr'>lex</span> <span class='ocrx_word' id='word_1_862' title='bbox 2508 4836 2854 4903; x_wconf 87' lang='lat' dir='ltr'>Christiana,</span> <span class='ocrx_word' id='word_1_863' title='bbox 2888 4836 2987 4891; x_wconf 91' lang='lat' dir='ltr'>sed</span> <span class='ocrx_word' id='word_1_864' title='bbox 3020 4836 3153 4907; x_wconf 91' lang='lat' dir='ltr'>quis</span> <span class='ocrx_word' id='word_1_865' title='bbox 3183 4853 3310 4891; x_wconf 89' lang='lat' dir='ltr'>eam</span> <span class='ocrx_word' id='word_1_866' title='bbox 3343 4842 3533 4907; x_wconf 88' lang='lat' dir='ltr'>potest</span> <span class='ocrx_word' id='word_1_867' title='bbox 3562 4854 3677 4892; x_wconf 89' lang='lat' dir='ltr'>ser-</span> 
     </span>
    </p>
   </div>
   <div class='ocr_carea' id='block_1_112' title="bbox 2033 4924 3676 4982">
    <p class='ocr_par' dir='ltr' id='par_1_112' title="bbox 2033 4924 3676 4982">
     <span class='ocr_line' id='line_1_112' title="bbox 2033 4924 3676 4982; baseline -0.001 -2"><span class='ocrx_word' id='word_1_868' title='bbox 2033 4944 2166 4982; x_wconf 89' lang='lat' dir='ltr'>vare</span> <span class='ocrx_word' id='word_1_869' title='bbox 2188 4928 2213 4980; x_wconf 83' lang='lat'>?</span> <span class='ocrx_word' id='word_1_870' title='bbox 2242 4927 2351 4982; x_wconf 89' lang='lat' dir='ltr'>Sed</span> <span class='ocrx_word' id='word_1_871' title='bbox 2384 4927 2653 4981; x_wconf 84' lang='lat' dir='ltr'>Christus</span> <span class='ocrx_word' id='word_1_872' title='bbox 2696 4930 2753 4979; x_wconf 92' lang='lat' dir='ltr'>et</span> <span class='ocrx_word' id='word_1_873' title='bbox 2782 4926 2871 4979; x_wconf 89' lang='lat' dir='ltr'>sui</span> <span class='ocrx_word' id='word_1_874' title='bbox 2921 4929 2977 4980; x_wconf 91' lang='lat' dir='ltr'>et</span> <span class='ocrx_word' id='word_1_875' title='bbox 3002 4924 3228 4980; x_wconf 89' lang='lat' dir='ltr'>leonem</span> <span class='ocrx_word' id='word_1_876' title='bbox 3276 4931 3332 4980; x_wconf 91' lang='lat' dir='ltr'>et</span> <span class='ocrx_word' id='word_1_877' title='bbox 3362 4925 3676 4979; x_wconf 86' lang='lat' dir='ltr'>draconem</span> 
     </span>
    </p>
   </div>
   <div class='ocr_carea' id='block_1_113' title="bbox 2032 5012 3676 5085">
    <p class='ocr_par' dir='ltr' id='par_1_113' title="bbox 2032 5012 3676 5085">
     <span class='ocr_line' id='line_1_113' title="bbox 2032 5012 3676 5085; baseline -0.002 -15"><span class='ocrx_word' id='word_1_878' title='bbox 2032 5014 2396 5070; x_wconf 91' lang='lat' dir='ltr'>conculcant.</span> <span class='ocrx_word' id='word_1_879' title='bbox 2431 5015 2499 5068; x_wconf 89' lang='lat' dir='ltr'>Et</span> <span class='ocrx_word' id='word_1_880' title='bbox 2556 5013 2637 5067; x_wconf 92' lang='lat' dir='ltr'>illi</span> <span class='ocrx_word' id='word_1_881' title='bbox 2672 5012 3017 5085; x_wconf 91' lang='lat' dir='ltr'>intelligenti</span> <span class='ocrx_word' id='word_1_882' title='bbox 3068 5018 3131 5067; x_wconf 91' lang='lat' dir='ltr'>ut</span> <span class='ocrx_word' id='word_1_883' title='bbox 3160 5030 3273 5067; x_wconf 92' lang='lat' dir='ltr'>non</span> <span class='ocrx_word' id='word_1_884' title='bbox 3307 5013 3575 5066; x_wconf 86' lang='lat' dir='ltr'>tradatur</span> <span class='ocrx_word' id='word_1_885' title='bbox 3616 5014 3676 5067; x_wconf 85' lang='lat' dir='ltr'>in</span> 
     </span>
    </p>
   </div>
   <div class='ocr_carea' id='block_1_114' title="bbox 2031 5100 3677 5173">
    <p class='ocr_par' dir='ltr' id='par_1_114' title="bbox 2031 5100 3677 5173">
     <span class='ocr_line' id='line_1_114' title="bbox 2031 5100 3677 5173; baseline -0.001 -14"><span class='ocrx_word' id='word_1_886' title='bbox 2031 5107 2279 5159; x_wconf 87' lang='lat' dir='ltr'>animam</span> <span class='ocrx_word' id='word_1_887' title='bbox 2300 5106 2837 5173; x_wconf 88' lang='lat' dir='ltr'>inimicorum,opem</span> <span class='ocrx_word' id='word_1_888' title='bbox 2859 5104 2999 5157; x_wconf 88' lang='lat' dir='ltr'>l&#39;eret</span> <span class='ocrx_word' id='word_1_889' title='bbox 3022 5102 3118 5156; x_wconf 87' lang='lat' dir='ltr'>illi</span> <span class='ocrx_word' id='word_1_890' title='bbox 3129 5101 3504 5172; x_wconf 83' lang='lat' dir='ltr'>superiectum</span> <span class='ocrx_word' id='word_1_891' title='bbox 3523 5100 3677 5157; x_wconf 87' lang='lat' dir='ltr'>dolo-</span> 
     </span>
    </p>
   </div>
   <div class='ocr_carea' id='block_1_115' title="bbox 2032 5190 3679 5265">
    <p class='ocr_par' dir='ltr' id='par_1_115' title="bbox 2032 5190 3679 5265">
     <span class='ocr_line' id='line_1_115' title="bbox 2032 5190 3679 5265; baseline -0.002 -16"><span class='ocrx_word' id='word_1_892' title='bbox 2032 5197 2109 5249; x_wconf 89' lang='lat' dir='ltr'>ris</span> <span class='ocrx_word' id='word_1_893' title='bbox 2138 5196 2273 5265; x_wconf 79' lang='lat' dir='ltr'>ejus,</span> <span class='ocrx_word' id='word_1_894' title='bbox 2298 5193 2354 5246; x_wconf 92' lang='lat' dir='ltr'>id</span> <span class='ocrx_word' id='word_1_895' title='bbox 2380 5197 2487 5260; x_wconf 83' lang='lat' dir='ltr'>est,</span> <span class='ocrx_word' id='word_1_896' title='bbox 2524 5192 2693 5246; x_wconf 85' lang='lat' dir='ltr'>faciet</span> <span class='ocrx_word' id='word_1_897' title='bbox 2724 5209 2829 5246; x_wconf 88' lang='lat' dir='ltr'>sua</span> <span class='ocrx_word' id='word_1_898' title='bbox 2860 5207 2967 5261; x_wconf 85' lang='lat' dir='ltr'>0pc</span> <span class='ocrx_word' id='word_1_899' title='bbox 2999 5195 3063 5244; x_wconf 91' lang='lat' dir='ltr'>ut</span> <span class='ocrx_word' id='word_1_900' title='bbox 3104 5190 3337 5245; x_wconf 90' lang='lat' dir='ltr'>animus</span> <span class='ocrx_word' id='word_1_901' title='bbox 3368 5190 3515 5260; x_wconf 91' lang='lat' dir='ltr'>ejus,</span> <span class='ocrx_word' id='word_1_902' title='bbox 3550 5191 3679 5245; x_wconf 85' lang='lat' dir='ltr'>ani-</span> 
     </span>
    </p>
   </div>
   <div class='ocr_carea' id='block_1_116' title="bbox 2034 5277 3676 5353">
    <p class='ocr_par' dir='ltr' id='par_1_116' title="bbox 2034 5277 3676 5353">
     <span class='ocr_line' id='line_1_116' title="bbox 2034 5277 3676 5353; baseline -0.002 -16"><span class='ocrx_word' id='word_1_903' title='bbox 2034 5299 2167 5337; x_wconf 84' lang='lat' dir='ltr'>mus</span> <span class='ocrx_word' id='word_1_904' title='bbox 2196 5282 2481 5353; x_wconf 88' lang='lat' dir='ltr'>cujusque</span> <span class='ocrx_word' id='word_1_905' title='bbox 2512 5279 2789 5344; x_wconf 90' lang='lat' dir='ltr'>hominis,</span> <span class='ocrx_word' id='word_1_906' title='bbox 2823 5296 2937 5333; x_wconf 89' lang='lat' dir='ltr'>non</span> <span class='ocrx_word' id='word_1_907' title='bbox 2962 5280 3159 5349; x_wconf 89' lang='lat' dir='ltr'>jaceat</span> <span class='ocrx_word' id='word_1_908' title='bbox 3212 5277 3272 5332; x_wconf 88' lang='lat' dir='ltr'>in</span> <span class='ocrx_word' id='word_1_909' title='bbox 3304 5295 3477 5333; x_wconf 91' lang='lat' dir='ltr'>carne</span> <span class='ocrx_word' id='word_1_910' title='bbox 3508 5278 3676 5349; x_wconf 91' lang='lat' dir='ltr'>quasi</span> 
     </span>
    </p>
   </div>
   <div class='ocr_carea' id='block_1_117' title="bbox 2030 5366 3676 5444">
    <p class='ocr_par' dir='ltr' id='par_1_117' title="bbox 2030 5366 3676 5444">
     <span class='ocr_line' id='line_1_117' title="bbox 2030 5366 3676 5444; baseline -0.002 -17"><span class='ocrx_word' id='word_1_911' title='bbox 2030 5375 2282 5444; x_wconf 62' lang='lat' dir='ltr'>aegrotus</span> <span class='ocrx_word' id='word_1_912' title='bbox 2314 5370 2371 5424; x_wconf 89' lang='lat' dir='ltr'>in</span> <span class='ocrx_word' id='word_1_913' title='bbox 2403 5370 2666 5441; x_wconf 90' lang='lat' dir='ltr'>grabato,</span> <span class='ocrx_word' id='word_1_914' title='bbox 2726 5368 2781 5422; x_wconf 93' lang='lat' dir='ltr'>id</span> <span class='ocrx_word' id='word_1_915' title='bbox 2814 5372 2922 5433; x_wconf 84' lang='lat' dir='ltr'>est,</span> <span class='ocrx_word' id='word_1_916' title='bbox 2955 5384 3071 5422; x_wconf 91' lang='lat' dir='ltr'>non</span> <span class='ocrx_word' id='word_1_917' title='bbox 3114 5366 3431 5422; x_wconf 88' lang='lat' dir='ltr'>delectetur</span> <span class='ocrx_word' id='word_1_918' title='bbox 3460 5368 3517 5421; x_wconf 92' lang='lat' dir='ltr'>in</span> <span class='ocrx_word' id='word_1_919' title='bbox 3547 5367 3676 5437; x_wconf 89' lang='lat' dir='ltr'>ejus</span> 
     </span>
    </p>
   </div>
   <div class='ocr_carea' id='block_1_118' title="bbox 2032 5457 3675 5530">
    <p class='ocr_par' dir='ltr' id='par_1_118' title="bbox 2032 5457 3675 5530">
     <span class='ocr_line' id='line_1_118' title="bbox 2032 5457 3675 5530; baseline -0.004 -13"><span class='ocrx_word' id='word_1_920' title='bbox 2032 5460 2373 5517; x_wconf 83' lang='lat' dir='ltr'>desideriis:</span> <span class='ocrx_word' id='word_1_921' title='bbox 2410 5478 2532 5530; x_wconf 71' lang='lat' dir='ltr'>quo:</span> <span class='ocrx_word' id='word_1_922' title='bbox 2581 5475 2714 5513; x_wconf 83' lang='lat' dir='ltr'>caro</span> <span class='ocrx_word' id='word_1_923' title='bbox 2748 5464 2835 5512; x_wconf 74' lang='lat' dir='ltr'>est</span> <span class='ocrx_word' id='word_1_924' title='bbox 2861 5457 3041 5511; x_wconf 78' lang='lat' dir='ltr'>lectus</span> <span class='ocrx_word' id='word_1_925' title='bbox 3074 5457 3291 5511; x_wconf 88' lang='lat' dir='ltr'>doloris</span> <span class='ocrx_word' id='word_1_926' title='bbox 3324 5458 3381 5510; x_wconf 91' lang='lat' dir='ltr'>in</span> <span class='ocrx_word' id='word_1_927' title='bbox 3414 5474 3482 5511; x_wconf 92' lang='lat' dir='ltr'>ea</span> <span class='ocrx_word' id='word_1_928' title='bbox 3513 5457 3675 5527; x_wconf 85' lang='lat' dir='ltr'>quie-</span> 
     </span>
    </p>
   </div>
   <div class='ocr_carea' id='block_1_119' title="bbox 2031 5544 3673 5618">
    <p class='ocr_par' dir='ltr' id='par_1_119' title="bbox 2031 5544 3673 5618">
     <span class='ocr_line' id='line_1_119' title="bbox 2031 5544 3673 5618; baseline -0.004 -11"><span class='ocrx_word' id='word_1_929' title='bbox 2031 5567 2189 5607; x_wconf 88' lang='lat' dir='ltr'>scere</span> <span class='ocrx_word' id='word_1_930' title='bbox 2219 5548 2571 5614; x_wconf 85' lang='lat' dir='ltr'>volentibus,</span> <span class='ocrx_word' id='word_1_931' title='bbox 2605 5546 2743 5618; x_wconf 91' lang='lat' dir='ltr'>quia</span> <span class='ocrx_word' id='word_1_932' title='bbox 2784 5544 2987 5600; x_wconf 88' lang='lat' dir='ltr'>multis</span> <span class='ocrx_word' id='word_1_933' title='bbox 3019 5545 3514 5600; x_wconf 87' lang='lat' dir='ltr'>amaritudinibus</span> <span class='ocrx_word' id='word_1_934' title='bbox 3546 5545 3673 5615; x_wconf 88' lang='lat' dir='ltr'>ejus</span> 
     </span>
    </p>
   </div>
   <div class='ocr_carea' id='block_1_120' title="bbox 2028 5634 3672 5720">
    <p class='ocr_par' dir='ltr' id='par_1_120' title="bbox 2028 5634 3672 5720">
     <span class='ocr_line' id='line_1_120' title="bbox 2028 5634 3672 5720; baseline -0.001 -22"><span class='ocrx_word' id='word_1_935' title='bbox 2028 5639 2308 5720; x_wconf 87' lang='lat' dir='ltr'>gaudium</span> <span class='ocrx_word' id='word_1_936' title='bbox 2338 5642 2624 5712; x_wconf 84' lang='lat' dir='ltr'>versatur,</span> <span class='ocrx_word' id='word_1_937' title='bbox 2658 5636 2759 5695; x_wconf 89' lang='lat' dir='ltr'>sed</span> <span class='ocrx_word' id='word_1_938' title='bbox 2808 5636 2980 5694; x_wconf 84' lang='lat' dir='ltr'>faciet</span> <span class='ocrx_word' id='word_1_939' title='bbox 3024 5640 3089 5692; x_wconf 92' lang='lat' dir='ltr'>ut</span> <span class='ocrx_word' id='word_1_940' title='bbox 3131 5634 3233 5711; x_wconf 89' lang='lat' dir='ltr'>qui</span> <span class='ocrx_word' id='word_1_941' title='bbox 3289 5649 3450 5713; x_wconf 82' lang='lat' dir='ltr'>super</span> <span class='ocrx_word' id='word_1_942' title='bbox 3476 5635 3672 5703; x_wconf 82' lang='lat' dir='ltr'>lectum</span> 
     </span>
    </p>
   </div>
  </div>
