  <div class='ocr_page' id='page_1' title='image "/cluster/home/n/w/nwhite01/storage/ocr_20150623/131/hvd.32044054759923/187.png"; bbox 0 0 4016 6192; ppageno 0'>
   <div class='ocr_carea' id='block_1_1' title="bbox 382 336 499 399">
    <p class='ocr_par' dir='ltr' id='par_1_1' title="bbox 382 336 499 399">
     <span class='ocr_line' id='line_1_1' title="bbox 382 336 499 399; baseline -0.017 0"><span class='ocrx_word' id='word_1_1' title='bbox 382 336 499 399; x_wconf 76' lang='grc'>359</span> 
     </span>
    </p>
   </div>
   <div class='ocr_carea' id='block_1_2' title="bbox 958 326 3209 398">
    <p class='ocr_par' dir='ltr' id='par_1_2' title="bbox 958 326 3209 398">
     <span class='ocr_line' id='line_1_2' title="bbox 958 326 3209 398; baseline -0.002 -3"><span class='ocrx_word' id='word_1_2' title='bbox 958 334 1259 398; x_wconf 82' lang='lat' dir='ltr'>REMIGII</span> <span class='ocrx_word' id='word_1_3' title='bbox 1301 330 2047 397; x_wconf 76' lang='lat' dir='ltr'>ANTISSIODORENSIS</span> <span class='ocrx_word' id='word_1_4' title='bbox 2093 326 2263 391; x_wconf 82' lang='lat' dir='ltr'><strong>OPP.</strong></span> <span class='ocrx_word' id='word_1_5' title='bbox 2312 332 2512 393; x_wconf 75' lang='lat' dir='ltr'>PARS</span> <span class='ocrx_word' id='word_1_6' title='bbox 2555 326 2603 392; x_wconf 87' lang='grc' dir='ltr'>Ι.</span> <span class='ocrx_word' id='word_1_7' title='bbox 2639 362 2717 377; x_wconf 95' lang='grc'><strong>-</strong></span> <span class='ocrx_word' id='word_1_8' title='bbox 2742 326 3209 394; x_wconf 82' lang='lat' dir='ltr'>EXEGETICA.</span> 
     </span>
    </p>
   </div>
   <div class='ocr_carea' id='block_1_3' title="bbox 3639 322 3787 390">
    <p class='ocr_par' dir='ltr' id='par_1_3' title="bbox 3639 322 3787 390">
     <span class='ocr_line' id='line_1_3' title="bbox 3639 322 3787 390; baseline 0 0"><span class='ocrx_word' id='word_1_9' title='bbox 3639 322 3787 390; x_wconf 64' lang='lat'>3360</span> 
     </span>
    </p>
   </div>
   <div class='ocr_carea' id='block_1_4' title="bbox 328 447 3789 541">
    <p class='ocr_par' dir='ltr' id='par_1_4' title="bbox 328 447 3789 541">
     <span class='ocr_line' id='line_1_4' title="bbox 328 447 3789 541; baseline -0.003 -14"><span class='ocrx_word' id='word_1_10' title='bbox 328 447 337 461; x_wconf 60' lang='grc'><em>’</em></span> <span class='ocrx_word' id='word_1_11' title='bbox 381 471 584 527; x_wconf 86' lang='lat' dir='ltr'>doloris</span> <span class='ocrx_word' id='word_1_12' title='bbox 607 468 795 541; x_wconf 82' lang='lat' dir='ltr'>jacuit</span> <span class='ocrx_word' id='word_1_13' title='bbox 846 469 1119 541; x_wconf 87' lang='lat' dir='ltr'>regendo,</span> <span class='ocrx_word' id='word_1_14' title='bbox 1155 472 1212 525; x_wconf 89' lang='lat' dir='ltr'>et</span> <span class='ocrx_word' id='word_1_15' title='bbox 1240 469 1581 541; x_wconf 87' lang='lat' dir='ltr'>castigando</span> <span class='ocrx_word' id='word_1_16' title='bbox 1614 472 1669 523; x_wconf 89' lang='lat' dir='ltr'>et</span> <span class='ocrx_word' id='word_1_17' title='bbox 1702 468 1758 522; x_wconf 91' lang='lat' dir='ltr'>in</span> <span class='ocrx_word' id='word_1_18' title='bbox 1791 467 2029 523; x_wconf 84' lang='lat' dir='ltr'>servitu-</span> <span class='ocrx_word' id='word_1_19' title='bbox 2059 465 2112 531; x_wconf 86' lang='grc' dir='ltr'><strong>Α</strong></span> <span class='ocrx_word' id='word_1_20' title='bbox 2143 466 2212 519; x_wconf 90' lang='lat' dir='ltr'>Et</span> <span class='ocrx_word' id='word_1_21' title='bbox 2241 465 2350 520; x_wconf 87' lang='lat' dir='ltr'>hoc</span> <span class='ocrx_word' id='word_1_22' title='bbox 2381 483 2495 520; x_wconf 91' lang='lat' dir='ltr'>non</span> <span class='ocrx_word' id='word_1_23' title='bbox 2519 465 2589 520; x_wconf 89' lang='lat' dir='ltr'>ad</span> <span class='ocrx_word' id='word_1_24' title='bbox 2624 480 2818 521; x_wconf 90' lang='lat' dir='ltr'>meum</span> <span class='ocrx_word' id='word_1_25' title='bbox 2852 464 3156 531; x_wconf 84' lang='lat' dir='ltr'>damnum,</span> <span class='ocrx_word' id='word_1_26' title='bbox 3191 464 3291 519; x_wconf 88' lang='lat' dir='ltr'>sed</span> <span class='ocrx_word' id='word_1_27' title='bbox 3322 464 3394 518; x_wconf 83' lang='lat' dir='ltr'>ad</span> <span class='ocrx_word' id='word_1_28' title='bbox 3426 476 3624 533; x_wconf 83' lang='lat' dir='ltr'>suum,</span> <span class='ocrx_word' id='word_1_29' title='bbox 3643 460 3789 534; x_wconf 85' lang='lat' dir='ltr'>quia</span> 
     </span>
    </p>
   </div>
   <div class='ocr_carea' id='block_1_5' title="bbox 381 557 2022 630">
    <p class='ocr_par' dir='ltr' id='par_1_5' title="bbox 381 557 2022 630">
     <span class='ocr_line' id='line_1_5' title="bbox 381 557 2022 630; baseline -0.005 -15"><span class='ocrx_word' id='word_1_30' title='bbox 381 564 495 615; x_wconf 86' lang='lat' dir='ltr'>tem</span> <span class='ocrx_word' id='word_1_31' title='bbox 514 557 827 630; x_wconf 89' lang='lat' dir='ltr'>redigendo</span> <span class='ocrx_word' id='word_1_32' title='bbox 842 574 1286 629; x_wconf 89' lang='lat' dir='ltr'>carnem,sanus</span> <span class='ocrx_word' id='word_1_33' title='bbox 1300 563 1488 630; x_wconf 81' lang='lat' dir='ltr'>portet</span> <span class='ocrx_word' id='word_1_34' title='bbox 1501 558 1808 630; x_wconf 77' lang='lat' dir='ltr'>grabatum</span> <span class='ocrx_word' id='word_1_35' title='bbox 1827 572 1997 611; x_wconf 87' lang='lat' dir='ltr'>suum</span> <span class='ocrx_word' id='word_1_36' title='bbox 2010 600 2022 623; x_wconf 79' lang='lat'>,</span> 
     </span>
    </p>
   </div>
   <div class='ocr_carea' id='block_1_6' title="bbox 379 647 2027 719">
    <p class='ocr_par' dir='ltr' id='par_1_6' title="bbox 379 647 2027 719">
     <span class='ocr_line' id='line_1_6' title="bbox 379 647 2027 719; baseline -0.003 -16"><span class='ocrx_word' id='word_1_37' title='bbox 379 653 435 703; x_wconf 88' lang='lat' dir='ltr'>et</span> <span class='ocrx_word' id='word_1_38' title='bbox 465 664 580 702; x_wconf 92' lang='lat' dir='ltr'>non</span> <span class='ocrx_word' id='word_1_39' title='bbox 611 651 676 702; x_wconf 87' lang='lat' dir='ltr'>ut</span> <span class='ocrx_word' id='word_1_40' title='bbox 724 651 976 719; x_wconf 79' lang='lat' dir='ltr'>aegrotus</span> <span class='ocrx_word' id='word_1_41' title='bbox 1009 647 1080 701; x_wconf 87' lang='lat' dir='ltr'>ab</span> <span class='ocrx_word' id='word_1_42' title='bbox 1127 664 1192 702; x_wconf 89' lang='lat' dir='ltr'>eo</span> <span class='ocrx_word' id='word_1_43' title='bbox 1225 652 1505 718; x_wconf 81' lang='lat' dir='ltr'>portetur.</span> <span class='ocrx_word' id='word_1_44' title='bbox 1560 648 1627 701; x_wconf 85' lang='lat' dir='ltr'>Et</span> <span class='ocrx_word' id='word_1_45' title='bbox 1657 663 1804 719; x_wconf 85' lang='lat' dir='ltr'>Opus</span> <span class='ocrx_word' id='word_1_46' title='bbox 1845 648 1933 700; x_wconf 92' lang='lat' dir='ltr'>est</span> <span class='ocrx_word' id='word_1_47' title='bbox 1964 648 2027 699; x_wconf 90' lang='lat' dir='ltr'>ut</span> 
     </span>
    </p>
   </div>
   <div class='ocr_carea' id='block_1_7' title="bbox 379 734 2020 807">
    <p class='ocr_par' dir='ltr' id='par_1_7' title="bbox 379 734 2020 807">
     <span class='ocr_line' id='line_1_7' title="bbox 379 734 2020 807; baseline -0.004 -15"><span class='ocrx_word' id='word_1_48' title='bbox 379 738 644 794; x_wconf 82' lang='lat' dir='ltr'>Dominus</span> <span class='ocrx_word' id='word_1_49' title='bbox 673 738 817 807; x_wconf 83' lang='lat' dir='ltr'>ferat</span> <span class='ocrx_word' id='word_1_50' title='bbox 846 752 1018 806; x_wconf 87' lang='lat' dir='ltr'>opem,</span> <span class='ocrx_word' id='word_1_51' title='bbox 1042 735 1126 790; x_wconf 90' lang='lat' dir='ltr'>vel</span> <span class='ocrx_word' id='word_1_52' title='bbox 1161 752 1358 791; x_wconf 83' lang='lat' dir='ltr'>revera</span> <span class='ocrx_word' id='word_1_53' title='bbox 1378 736 1553 790; x_wconf 93' lang='lat' dir='ltr'>habet</span> <span class='ocrx_word' id='word_1_54' title='bbox 1578 734 1776 790; x_wconf 79' lang='lat' dir='ltr'>lectum</span> <span class='ocrx_word' id='word_1_55' title='bbox 1801 734 2020 789; x_wconf 85' lang='lat' dir='ltr'>doloris.</span> 
     </span>
    </p>
   </div>
   <div class='ocr_carea' id='block_1_8' title="bbox 380 832 2027 905">
    <p class='ocr_par' dir='ltr' id='par_1_8' title="bbox 380 832 2027 905">
     <span class='ocr_line' id='line_1_8' title="bbox 380 832 2027 905; baseline -0.003 -15"><span class='ocrx_word' id='word_1_56' title='bbox 380 836 520 891; x_wconf 87' lang='lat' dir='ltr'>Nam</span> <span class='ocrx_word' id='word_1_57' title='bbox 575 835 896 890; x_wconf 79' lang='lat' dir='ltr'>universum</span> <span class='ocrx_word' id='word_1_58' title='bbox 924 837 1161 888; x_wconf 83' lang='lat' dir='ltr'>stratum</span> <span class='ocrx_word' id='word_1_59' title='bbox 1216 835 1331 905; x_wconf 84' lang='lat' dir='ltr'>ejus</span> <span class='ocrx_word' id='word_1_60' title='bbox 1362 835 1588 889; x_wconf 81' lang='lat' dir='ltr'>versasti</span> <span class='ocrx_word' id='word_1_61' title='bbox 1618 835 1675 887; x_wconf 87' lang='lat' dir='ltr'>in</span> <span class='ocrx_word' id='word_1_62' title='bbox 1704 832 2027 901; x_wconf 83' lang='lat' dir='ltr'>inﬁrmitate</span> 
     </span>
    </p>
   </div>
   <div class='ocr_carea' id='block_1_9' title="bbox 375 922 2024 995">
    <p class='ocr_par' dir='ltr' id='par_1_9' title="bbox 375 922 2024 995">
     <span class='ocr_line' id='line_1_9' title="bbox 375 922 2024 995; baseline -0.003 -16"><span class='ocrx_word' id='word_1_63' title='bbox 375 927 515 995; x_wconf 84' lang='lat' dir='ltr'>ejus,</span> <span class='ocrx_word' id='word_1_64' title='bbox 545 924 602 978; x_wconf 88' lang='lat' dir='ltr'>id</span> <span class='ocrx_word' id='word_1_65' title='bbox 628 928 930 989; x_wconf 87' lang='lat' dir='ltr'>est,totum</span> <span class='ocrx_word' id='word_1_66' title='bbox 949 939 1160 994; x_wconf 89' lang='lat' dir='ltr'>corpus</span> <span class='ocrx_word' id='word_1_67' title='bbox 1183 922 1509 977; x_wconf 90' lang='lat' dir='ltr'>humanum</span> <span class='ocrx_word' id='word_1_68' title='bbox 1534 922 1591 975; x_wconf 89' lang='lat' dir='ltr'>in</span> <span class='ocrx_word' id='word_1_69' title='bbox 1615 938 1729 993; x_wconf 90' lang='lat' dir='ltr'>quo</span> <span class='ocrx_word' id='word_1_70' title='bbox 1753 922 2024 975; x_wconf 78' lang='lat' dir='ltr'>inﬁrmus</span> 
     </span>
    </p>
   </div>
   <div class='ocr_carea' id='block_1_10' title="bbox 374 1009 2026 1083">
    <p class='ocr_par' dir='ltr' id='par_1_10' title="bbox 374 1009 2026 1083">
     <span class='ocr_line' id='line_1_10' title="bbox 374 1009 2026 1083; baseline -0.004 -14"><span class='ocrx_word' id='word_1_71' title='bbox 374 1014 672 1069; x_wconf 86' lang='lat' dir='ltr'>humanus</span> <span class='ocrx_word' id='word_1_72' title='bbox 705 1012 941 1067; x_wconf 87' lang='lat' dir='ltr'>animus</span> <span class='ocrx_word' id='word_1_73' title='bbox 972 1012 1132 1066; x_wconf 86' lang='lat' dir='ltr'>velut</span> <span class='ocrx_word' id='word_1_74' title='bbox 1161 1012 1220 1066; x_wconf 91' lang='lat' dir='ltr'>in</span> <span class='ocrx_word' id='word_1_75' title='bbox 1253 1017 1437 1067; x_wconf 87' lang='lat' dir='ltr'>strato</span> <span class='ocrx_word' id='word_1_76' title='bbox 1490 1011 1787 1083; x_wconf 83' lang='lat' dir='ltr'>quiescere</span> <span class='ocrx_word' id='word_1_77' title='bbox 1819 1009 2026 1081; x_wconf 71' lang='lat' dir='ltr'>quaerit</span> 
     </span>
    </p>
   </div>
   <div class='ocr_carea' id='block_1_11' title="bbox 372 1098 2022 1170">
    <p class='ocr_par' dir='ltr' id='par_1_11' title="bbox 372 1098 2022 1170">
     <span class='ocr_line' id='line_1_11' title="bbox 372 1098 2022 1170; baseline -0.003 -13"><span class='ocrx_word' id='word_1_78' title='bbox 372 1100 657 1157; x_wconf 89' lang='lat' dir='ltr'>versabile</span> <span class='ocrx_word' id='word_1_79' title='bbox 680 1100 888 1165; x_wconf 79' lang='lat' dir='ltr'>fecisti,</span> <span class='ocrx_word' id='word_1_80' title='bbox 924 1105 987 1154; x_wconf 91' lang='lat' dir='ltr'>ut</span> <span class='ocrx_word' id='word_1_81' title='bbox 1016 1100 1180 1155; x_wconf 89' lang='lat' dir='ltr'>nulla</span> <span class='ocrx_word' id='word_1_82' title='bbox 1211 1100 1289 1155; x_wconf 90' lang='lat' dir='ltr'>ibi</span> <span class='ocrx_word' id='word_1_83' title='bbox 1314 1100 1389 1154; x_wconf 85' lang='lat' dir='ltr'>sit</span> <span class='ocrx_word' id='word_1_84' title='bbox 1418 1099 1667 1170; x_wconf 78' lang='lat' dir='ltr'>requies,</span> <span class='ocrx_word' id='word_1_85' title='bbox 1693 1115 1825 1153; x_wconf 90' lang='lat' dir='ltr'>cum</span> <span class='ocrx_word' id='word_1_86' title='bbox 1850 1098 2022 1153; x_wconf 88' lang='lat' dir='ltr'>modo</span> 
     </span>
    </p>
   </div>
   <div class='ocr_carea' id='block_1_12' title="bbox 372 1186 2025 1254">
    <p class='ocr_par' dir='ltr' id='par_1_12' title="bbox 372 1186 2025 1254">
     <span class='ocr_line' id='line_1_12' title="bbox 372 1186 2025 1254; baseline -0.004 -7"><span class='ocrx_word' id='word_1_87' title='bbox 372 1190 569 1247; x_wconf 88' lang='lat' dir='ltr'>dulcia</span> <span class='ocrx_word' id='word_1_88' title='bbox 596 1190 655 1244; x_wconf 89' lang='lat' dir='ltr'>in</span> <span class='ocrx_word' id='word_1_89' title='bbox 688 1206 889 1245; x_wconf 89' lang='lat' dir='ltr'>amara</span> <span class='ocrx_word' id='word_1_90' title='bbox 907 1190 1407 1252; x_wconf 86' lang='lat' dir='ltr'>vertantur,modo</span> <span class='ocrx_word' id='word_1_91' title='bbox 1434 1205 1634 1243; x_wconf 88' lang='lat' dir='ltr'>amara</span> <span class='ocrx_word' id='word_1_92' title='bbox 1655 1186 1715 1242; x_wconf 92' lang='lat' dir='ltr'>in</span> <span class='ocrx_word' id='word_1_93' title='bbox 1748 1186 2025 1254; x_wconf 88' lang='lat' dir='ltr'>dulcia,et</span> 
     </span>
    </p>
   </div>
   <div class='ocr_carea' id='block_1_13' title="bbox 372 1275 2075 1352">
    <p class='ocr_par' dir='ltr' id='par_1_13' title="bbox 372 1275 2075 1352">
     <span class='ocr_line' id='line_1_13' title="bbox 372 1275 2075 1352; baseline -0.005 -16"><span class='ocrx_word' id='word_1_94' title='bbox 372 1280 458 1336; x_wconf 82' lang='lat' dir='ltr'>sic</span> <span class='ocrx_word' id='word_1_95' title='bbox 488 1279 733 1334; x_wconf 85' lang='lat' dir='ltr'>diversis</span> <span class='ocrx_word' id='word_1_96' title='bbox 765 1277 1244 1333; x_wconf 79' lang='lat' dir='ltr'>tribulationibus</span> <span class='ocrx_word' id='word_1_97' title='bbox 1286 1281 1523 1349; x_wconf 89' lang='lat' dir='ltr'>peccato</span> <span class='ocrx_word' id='word_1_98' title='bbox 1560 1276 1730 1347; x_wconf 86' lang='lat' dir='ltr'>primi</span> <span class='ocrx_word' id='word_1_99' title='bbox 1762 1275 2022 1330; x_wconf 87' lang='lat' dir='ltr'>hominis</span> <span class='ocrx_word' id='word_1_100' title='bbox 2044 1326 2075 1352; x_wconf 35' lang='grc' dir='ltr'><strong>κ</strong></span> 
     </span>
    </p>
   </div>
   <div class='ocr_carea' id='block_1_14' title="bbox 369 1364 2021 1441">
    <p class='ocr_par' dir='ltr' id='par_1_14' title="bbox 369 1364 2021 1441">
     <span class='ocr_line' id='line_1_14' title="bbox 369 1364 2021 1441; baseline -0.002 -17"><span class='ocrx_word' id='word_1_101' title='bbox 369 1368 729 1441; x_wconf 84' lang='lat' dir='ltr'>inquietasti,</span> <span class='ocrx_word' id='word_1_102' title='bbox 754 1373 812 1423; x_wconf 89' lang='lat' dir='ltr'>et</span> <span class='ocrx_word' id='word_1_103' title='bbox 841 1365 1235 1439; x_wconf 87' lang='lat' dir='ltr'>comparabile</span> <span class='ocrx_word' id='word_1_104' title='bbox 1272 1365 1455 1421; x_wconf 81' lang='lat' dir='ltr'>fecisti</span> <span class='ocrx_word' id='word_1_105' title='bbox 1501 1369 1714 1437; x_wconf 71' lang='lat' dir='ltr'>aegroto</span> <span class='ocrx_word' id='word_1_106' title='bbox 1747 1364 1846 1436; x_wconf 89' lang='lat' dir='ltr'>qui</span> <span class='ocrx_word' id='word_1_107' title='bbox 1879 1381 2021 1436; x_wconf 68' lang='lat' dir='ltr'>prae-</span> 
     </span>
    </p>
   </div>
   <div class='ocr_carea' id='block_1_15' title="bbox 372 1454 2025 1529">
    <p class='ocr_par' dir='ltr' id='par_1_15' title="bbox 372 1454 2025 1529">
     <span class='ocr_line' id='line_1_15' title="bbox 372 1454 2025 1529; baseline -0.004 -16"><span class='ocrx_word' id='word_1_108' title='bbox 372 1459 555 1513; x_wconf 87' lang='lat' dir='ltr'>nimia</span> <span class='ocrx_word' id='word_1_109' title='bbox 586 1457 929 1529; x_wconf 69' lang='lat' dir='ltr'>mgritudine</span> <span class='ocrx_word' id='word_1_110' title='bbox 955 1461 1278 1511; x_wconf 79' lang='lat' dir='ltr'>commovet</span> <span class='ocrx_word' id='word_1_111' title='bbox 1298 1459 1484 1510; x_wconf 87' lang='lat' dir='ltr'>totum</span> <span class='ocrx_word' id='word_1_112' title='bbox 1504 1454 1741 1510; x_wconf 83' lang='lat' dir='ltr'>lectum.</span> <span class='ocrx_word' id='word_1_113' title='bbox 1776 1458 1840 1509; x_wconf 84' lang='lat' dir='ltr'>In</span> <span class='ocrx_word' id='word_1_114' title='bbox 1871 1454 2025 1524; x_wconf 85' lang='lat' dir='ltr'>inﬁr-</span> 
     </span>
    </p>
   </div>
   <div class='ocr_carea' id='block_1_16' title="bbox 369 1543 2024 1618">
    <p class='ocr_par' dir='ltr' id='par_1_16' title="bbox 369 1543 2024 1618">
     <span class='ocr_line' id='line_1_16' title="bbox 369 1543 2024 1618; baseline -0.004 -15"><span class='ocrx_word' id='word_1_115' title='bbox 369 1550 557 1603; x_wconf 80' lang='lat' dir='ltr'>mitate</span> <span class='ocrx_word' id='word_1_116' title='bbox 587 1549 701 1618; x_wconf 77' lang='lat' dir='ltr'>eius</span> <span class='ocrx_word' id='word_1_117' title='bbox 717 1546 847 1601; x_wconf 90' lang='lat' dir='ltr'>ideo</span> <span class='ocrx_word' id='word_1_118' title='bbox 861 1545 944 1601; x_wconf 91' lang='lat' dir='ltr'>sic</span> <span class='ocrx_word' id='word_1_119' title='bbox 969 1563 1105 1601; x_wconf 90' lang='lat' dir='ltr'>eum</span> <span class='ocrx_word' id='word_1_120' title='bbox 1128 1544 1611 1611; x_wconf 83' lang='lat' dir='ltr'>infirmasti,quia</span> <span class='ocrx_word' id='word_1_121' title='bbox 1630 1545 1899 1598; x_wconf 84' lang='lat' dir='ltr'>inlirmus</span> <span class='ocrx_word' id='word_1_122' title='bbox 1917 1543 2024 1597; x_wconf 78' lang='lat' dir='ltr'>fuit</span> 
     </span>
    </p>
   </div>
   <div class='ocr_carea' id='block_1_17' title="bbox 371 1631 2022 1707">
    <p class='ocr_par' dir='ltr' id='par_1_17' title="bbox 371 1631 2022 1707">
     <span class='ocr_line' id='line_1_17' title="bbox 371 1631 2022 1707; baseline -0.003 -15"><span class='ocrx_word' id='word_1_123' title='bbox 371 1641 429 1693; x_wconf 85' lang='lat' dir='ltr'>et</span> <span class='ocrx_word' id='word_1_124' title='bbox 455 1635 746 1691; x_wconf 86' lang='lat' dir='ltr'>instabilis</span> <span class='ocrx_word' id='word_1_125' title='bbox 777 1635 835 1690; x_wconf 91' lang='lat' dir='ltr'>in</span> <span class='ocrx_word' id='word_1_126' title='bbox 872 1638 1155 1707; x_wconf 70' lang='lat' dir='ltr'>praecepto</span> <span class='ocrx_word' id='word_1_127' title='bbox 1191 1633 1420 1689; x_wconf 87' lang='lat' dir='ltr'>Domini</span> <span class='ocrx_word' id='word_1_128' title='bbox 1455 1633 1556 1689; x_wconf 90' lang='lat' dir='ltr'>Dei</span> <span class='ocrx_word' id='word_1_129' title='bbox 1586 1633 1699 1688; x_wconf 89' lang='lat' dir='ltr'>sui.</span> <span class='ocrx_word' id='word_1_130' title='bbox 1729 1631 1931 1701; x_wconf 87' lang='lat' dir='ltr'>Aliter,</span> <span class='ocrx_word' id='word_1_131' title='bbox 1958 1637 2022 1687; x_wconf 93' lang='lat' dir='ltr'>ut</span> 
     </span>
    </p>
   </div>
   <div class='ocr_carea' id='block_1_18' title="bbox 370 1722 2022 1795">
    <p class='ocr_par' dir='ltr' id='par_1_18' title="bbox 370 1722 2022 1795">
     <span class='ocr_line' id='line_1_18' title="bbox 370 1722 2022 1795; baseline -0.004 -15"><span class='ocrx_word' id='word_1_132' title='bbox 370 1742 484 1781; x_wconf 92' lang='lat' dir='ltr'>non</span> <span class='ocrx_word' id='word_1_133' title='bbox 517 1724 672 1779; x_wconf 89' lang='lat' dir='ltr'>idem‘</span> <span class='ocrx_word' id='word_1_134' title='bbox 714 1724 1075 1795; x_wconf 87' lang='lat' dir='ltr'>accipiamus</span> <span class='ocrx_word' id='word_1_135' title='bbox 1095 1727 1333 1778; x_wconf 85' lang='lat' dir='ltr'>stratum</span> <span class='ocrx_word' id='word_1_136' title='bbox 1360 1748 1374 1788; x_wconf 87' lang='lat'><strong>;</strong></span> <span class='ocrx_word' id='word_1_137' title='bbox 1398 1722 1553 1793; x_wconf 91' lang='lat' dir='ltr'>quod</span> <span class='ocrx_word' id='word_1_138' title='bbox 1589 1723 1789 1776; x_wconf 85' lang='lat' dir='ltr'>lectum</span> <span class='ocrx_word' id='word_1_139' title='bbox 1816 1722 2022 1776; x_wconf 80' lang='lat' dir='ltr'>doloris</span> 
     </span>
    </p>
   </div>
   <div class='ocr_carea' id='block_1_19' title="bbox 370 1809 2099 1900">
    <p class='ocr_par' dir='ltr' id='par_1_19' title="bbox 370 1809 2099 1900">
     <span class='ocr_line' id='line_1_19' title="bbox 370 1809 2099 1900; baseline -0.002 -31"><span class='ocrx_word' id='word_1_140' title='bbox 370 1816 685 1869; x_wconf 85' lang='lat' dir='ltr'>universum</span> <span class='ocrx_word' id='word_1_141' title='bbox 706 1817 949 1868; x_wconf 85' lang='lat' dir='ltr'>stratum</span> <span class='ocrx_word' id='word_1_142' title='bbox 973 1814 1106 1884; x_wconf 89' lang='lat' dir='ltr'>ejus,</span> <span class='ocrx_word' id='word_1_143' title='bbox 1142 1812 1199 1865; x_wconf 90' lang='lat' dir='ltr'>id</span> <span class='ocrx_word' id='word_1_144' title='bbox 1229 1815 1335 1877; x_wconf 89' lang='lat' dir='ltr'>est,</span> <span class='ocrx_word' id='word_1_145' title='bbox 1365 1827 1569 1865; x_wconf 90' lang='lat' dir='ltr'>omnes</span> <span class='ocrx_word' id='word_1_146' title='bbox 1611 1809 2020 1866; x_wconf 78' lang='lat' dir='ltr'>delectationes</span> <span class='ocrx_word' id='word_1_147' title='bbox 2053 1836 2099 1900; x_wconf 78' lang='grc' dir='ltr'><strong>Β</strong></span> 
     </span>
    </p>
   </div>
   <div class='ocr_carea' id='block_1_20' title="bbox 368 1897 2019 1973">
    <p class='ocr_par' dir='ltr' id='par_1_20' title="bbox 368 1897 2019 1973">
     <span class='ocr_line' id='line_1_20' title="bbox 368 1897 2019 1973; baseline -0.004 -15"><span class='ocrx_word' id='word_1_148' title='bbox 368 1903 563 1959; x_wconf 89' lang='lat' dir='ltr'>carnis</span> <span class='ocrx_word' id='word_1_149' title='bbox 591 1901 650 1956; x_wconf 91' lang='lat' dir='ltr'>in</span> <span class='ocrx_word' id='word_1_150' title='bbox 666 1901 883 1973; x_wconf 84' lang='lat' dir='ltr'>quibus</span> <span class='ocrx_word' id='word_1_151' title='bbox 897 1900 1195 1954; x_wconf 90' lang='lat' dir='ltr'>humanus</span> <span class='ocrx_word' id='word_1_152' title='bbox 1210 1900 1446 1954; x_wconf 90' lang='lat' dir='ltr'>animus</span> <span class='ocrx_word' id='word_1_153' title='bbox 1465 1899 1590 1953; x_wconf 88' lang='lat' dir='ltr'>sine</span> <span class='ocrx_word' id='word_1_154' title='bbox 1612 1902 1844 1969; x_wconf 86' lang='lat' dir='ltr'>peccato</span> <span class='ocrx_word' id='word_1_155' title='bbox 1862 1897 2019 1952; x_wconf 90' lang='lat' dir='ltr'>dele-</span> 
     </span>
    </p>
   </div>
   <div class='ocr_carea' id='block_1_21' title="bbox 369 1986 2016 2063">
    <p class='ocr_par' dir='ltr' id='par_1_21' title="bbox 369 1986 2016 2063">
     <span class='ocr_line' id='line_1_21' title="bbox 369 1986 2016 2063; baseline -0.004 -16"><span class='ocrx_word' id='word_1_156' title='bbox 369 1992 512 2048; x_wconf 88' lang='lat' dir='ltr'>ctari</span> <span class='ocrx_word' id='word_1_157' title='bbox 545 1996 754 2063; x_wconf 79' lang='lat' dir='ltr'>potest,</span> <span class='ocrx_word' id='word_1_158' title='bbox 788 1989 939 2044; x_wconf 89' lang='lat' dir='ltr'>utin</span> <span class='ocrx_word' id='word_1_159' title='bbox 989 1989 1240 2060; x_wconf 75' lang='lat' dir='ltr'>praediis,</span> <span class='ocrx_word' id='word_1_160' title='bbox 1292 1988 1352 2042; x_wconf 89' lang='lat' dir='ltr'>in</span> <span class='ocrx_word' id='word_1_161' title='bbox 1380 1987 1675 2056; x_wconf 78' lang='lat' dir='ltr'>domibus,</span> <span class='ocrx_word' id='word_1_162' title='bbox 1726 1986 1785 2039; x_wconf 92' lang='lat' dir='ltr'>in</span> <span class='ocrx_word' id='word_1_163' title='bbox 1817 2003 2016 2051; x_wconf 82' lang='lat' dir='ltr'>uxore,</span> 
     </span>
    </p>
   </div>
   <div class='ocr_carea' id='block_1_22' title="bbox 368 2077 2017 2152">
    <p class='ocr_par' dir='ltr' id='par_1_22' title="bbox 368 2077 2017 2152">
     <span class='ocr_line' id='line_1_22' title="bbox 368 2077 2017 2152; baseline -0.004 -16"><span class='ocrx_word' id='word_1_164' title='bbox 368 2081 424 2136; x_wconf 90' lang='lat' dir='ltr'>in</span> <span class='ocrx_word' id='word_1_165' title='bbox 462 2080 619 2147; x_wconf 84' lang='lat' dir='ltr'>ﬁliis,</span> <span class='ocrx_word' id='word_1_166' title='bbox 677 2079 832 2152; x_wconf 87' lang='lat' dir='ltr'>quod</span> <span class='ocrx_word' id='word_1_167' title='bbox 891 2082 980 2133; x_wconf 87' lang='lat' dir='ltr'>est</span> <span class='ocrx_word' id='word_1_168' title='bbox 1010 2078 1060 2133; x_wconf 88' lang='lat' dir='ltr'>ei</span> <span class='ocrx_word' id='word_1_169' title='bbox 1117 2078 1437 2132; x_wconf 78' lang='lat' dir='ltr'>stratumin</span> <span class='ocrx_word' id='word_1_170' title='bbox 1502 2077 1832 2145; x_wconf 66' lang='lat' dir='ltr'>inﬁrmitate</span> <span class='ocrx_word' id='word_1_171' title='bbox 1879 2077 2017 2146; x_wconf 87' lang='lat' dir='ltr'>ejus,</span> 
     </span>
    </p>
   </div>
   <div class='ocr_carea' id='block_1_23' title="bbox 368 2166 2018 2242">
    <p class='ocr_par' dir='ltr' id='par_1_23' title="bbox 368 2166 2018 2242">
     <span class='ocr_line' id='line_1_23' title="bbox 368 2166 2018 2242; baseline -0.004 -17"><span class='ocrx_word' id='word_1_172' title='bbox 368 2170 506 2242; x_wconf 87' lang='lat' dir='ltr'>quia</span> <span class='ocrx_word' id='word_1_173' title='bbox 535 2169 726 2225; x_wconf 88' lang='lat' dir='ltr'>adhuc</span> <span class='ocrx_word' id='word_1_174' title='bbox 759 2169 1056 2223; x_wconf 83' lang='lat' dir='ltr'>infirmum</span> <span class='ocrx_word' id='word_1_175' title='bbox 1090 2166 1238 2239; x_wconf 90' lang='lat' dir='ltr'>gerit</span> <span class='ocrx_word' id='word_1_176' title='bbox 1260 2167 1545 2231; x_wconf 88' lang='lat' dir='ltr'>animum,</span> <span class='ocrx_word' id='word_1_177' title='bbox 1565 2168 1787 2231; x_wconf 84' lang='lat' dir='ltr'>versati,</span> <span class='ocrx_word' id='word_1_178' title='bbox 1821 2166 1874 2219; x_wconf 90' lang='lat' dir='ltr'>id</span> <span class='ocrx_word' id='word_1_179' title='bbox 1910 2170 2018 2229; x_wconf 86' lang='lat' dir='ltr'>est,</span> 
     </span>
    </p>
   </div>
   <div class='ocr_carea' id='block_1_24' title="bbox 370 2253 2021 2314">
    <p class='ocr_par' dir='ltr' id='par_1_24' title="bbox 370 2253 2021 2314">
     <span class='ocr_line' id='line_1_24' title="bbox 370 2253 2021 2314; baseline -0.003 -1"><span class='ocrx_word' id='word_1_180' title='bbox 370 2257 558 2313; x_wconf 78' lang='lat' dir='ltr'>fecisti</span> <span class='ocrx_word' id='word_1_181' title='bbox 591 2262 656 2313; x_wconf 90' lang='lat' dir='ltr'>ut</span> <span class='ocrx_word' id='word_1_182' title='bbox 677 2273 882 2314; x_wconf 89' lang='lat' dir='ltr'>omnes</span> <span class='ocrx_word' id='word_1_183' title='bbox 906 2256 1170 2311; x_wconf 86' lang='lat' dir='ltr'>carnales</span> <span class='ocrx_word' id='word_1_184' title='bbox 1193 2254 1610 2311; x_wconf 84' lang='lat' dir='ltr'>delectationes</span> <span class='ocrx_word' id='word_1_185' title='bbox 1633 2253 2021 2309; x_wconf 84' lang='lat' dir='ltr'>miscerentur</span> 
     </span>
    </p>
   </div>
   <div class='ocr_carea' id='block_1_25' title="bbox 367 2344 2017 2417">
    <p class='ocr_par' dir='ltr' id='par_1_25' title="bbox 367 2344 2017 2417">
     <span class='ocr_line' id='line_1_25' title="bbox 367 2344 2017 2417; baseline -0.003 -14"><span class='ocrx_word' id='word_1_186' title='bbox 367 2347 882 2412; x_wconf 79' lang='lat' dir='ltr'>amaritudinibus,</span> <span class='ocrx_word' id='word_1_187' title='bbox 916 2351 981 2401; x_wconf 89' lang='lat' dir='ltr'>ut</span> <span class='ocrx_word' id='word_1_188' title='bbox 1010 2362 1113 2417; x_wconf 89' lang='lat' dir='ltr'>per</span> <span class='ocrx_word' id='word_1_189' title='bbox 1162 2345 1621 2400; x_wconf 85' lang='lat' dir='ltr'>amaritudinem</span> <span class='ocrx_word' id='word_1_190' title='bbox 1673 2344 2017 2399; x_wconf 69' lang='lat' dir='ltr'>interiorum</span> 
     </span>
    </p>
   </div>
   <div class='ocr_carea' id='block_1_26' title="bbox 374 2432 2016 2504">
    <p class='ocr_par' dir='ltr' id='par_1_26' title="bbox 374 2432 2016 2504">
     <span class='ocr_line' id='line_1_26' title="bbox 374 2432 2016 2504; baseline -0.004 -12"><span class='ocrx_word' id='word_1_191' title='bbox 374 2436 564 2492; x_wconf 87' lang='lat' dir='ltr'>discat</span> <span class='ocrx_word' id='word_1_192' title='bbox 592 2453 787 2491; x_wconf 87' lang='lat' dir='ltr'>amare</span> <span class='ocrx_word' id='word_1_193' title='bbox 806 2435 1068 2498; x_wconf 87' lang='lat' dir='ltr'>meliora,</span> <span class='ocrx_word' id='word_1_194' title='bbox 1088 2434 1166 2490; x_wconf 78' lang='lat' dir='ltr'>ne</span> <span class='ocrx_word' id='word_1_195' title='bbox 1194 2435 1382 2489; x_wconf 80' lang='lat' dir='ltr'>viator</span> <span class='ocrx_word' id='word_1_196' title='bbox 1398 2434 1643 2489; x_wconf 86' lang='lat' dir='ltr'>tendens</span> <span class='ocrx_word' id='word_1_197' title='bbox 1672 2434 1742 2487; x_wconf 85' lang='lat' dir='ltr'>ad</span> <span class='ocrx_word' id='word_1_198' title='bbox 1770 2432 2016 2504; x_wconf 88' lang='lat' dir='ltr'>patriam</span> 
     </span>
    </p>
   </div>
   <div class='ocr_carea' id='block_1_27' title="bbox 367 2521 2016 2596">
    <p class='ocr_par' dir='ltr' id='par_1_27' title="bbox 367 2521 2016 2596">
     <span class='ocr_line' id='line_1_27' title="bbox 367 2521 2016 2596; baseline -0.002 -17"><span class='ocrx_word' id='word_1_199' title='bbox 367 2528 525 2579; x_wconf 86' lang='lat' dir='ltr'>amet</span> <span class='ocrx_word' id='word_1_200' title='bbox 553 2525 852 2579; x_wconf 84' lang='lat' dir='ltr'>stabulum</span> <span class='ocrx_word' id='word_1_201' title='bbox 886 2540 989 2596; x_wconf 90' lang='lat' dir='ltr'>pro</span> <span class='ocrx_word' id='word_1_202' title='bbox 1028 2525 1221 2578; x_wconf 92' lang='lat' dir='ltr'>domo.</span> <span class='ocrx_word' id='word_1_203' title='bbox 1256 2528 1364 2577; x_wconf 88' lang='lat' dir='ltr'>Pro</span> <span class='ocrx_word' id='word_1_204' title='bbox 1396 2540 1510 2592; x_wconf 86' lang='lat' dir='ltr'>qua</span> <span class='ocrx_word' id='word_1_205' title='bbox 1541 2521 1885 2576; x_wconf 82' lang='lat' dir='ltr'>infirmitate</span> <span class='ocrx_word' id='word_1_206' title='bbox 1908 2521 2016 2575; x_wconf 88' lang='lat' dir='ltr'>hu-</span> 
     </span>
    </p>
   </div>
   <div class='ocr_carea' id='block_1_28' title="bbox 368 2608 2016 2682">
    <p class='ocr_par' dir='ltr' id='par_1_28' title="bbox 368 2608 2016 2682">
     <span class='ocr_line' id='line_1_28' title="bbox 368 2608 2016 2682; baseline -0.002 -16"><span class='ocrx_word' id='word_1_207' title='bbox 368 2611 528 2666; x_wconf 87' lang='lat' dir='ltr'>mani</span> <span class='ocrx_word' id='word_1_208' title='bbox 556 2611 788 2682; x_wconf 80' lang='lat' dir='ltr'>generis</span> <span class='ocrx_word' id='word_1_209' title='bbox 817 2611 1096 2680; x_wconf 78' lang='lat' dir='ltr'>cursnda,</span> <span class='ocrx_word' id='word_1_210' title='bbox 1129 2627 1230 2681; x_wconf 89' lang='lat' dir='ltr'>pro</span> <span class='ocrx_word' id='word_1_211' title='bbox 1261 2627 1376 2681; x_wconf 89' lang='lat' dir='ltr'>quo</span> <span class='ocrx_word' id='word_1_212' title='bbox 1409 2609 1555 2664; x_wconf 89' lang='lat' dir='ltr'>lecto</span> <span class='ocrx_word' id='word_1_213' title='bbox 1603 2608 1821 2663; x_wconf 89' lang='lat' dir='ltr'>doloris</span> <span class='ocrx_word' id='word_1_214' title='bbox 1851 2611 2016 2663; x_wconf 76' lang='lat' dir='ltr'>aufe-</span> 
     </span>
    </p>
   </div>
   <div class='ocr_carea' id='block_1_29' title="bbox 368 2698 2014 2769">
    <p class='ocr_par' dir='ltr' id='par_1_29' title="bbox 368 2698 2014 2769">
     <span class='ocr_line' id='line_1_29' title="bbox 368 2698 2014 2769; baseline -0.003 -13"><span class='ocrx_word' id='word_1_215' title='bbox 368 2701 551 2756; x_wconf 86' lang='lat' dir='ltr'>rendo</span> <span class='ocrx_word' id='word_1_216' title='bbox 599 2715 695 2769; x_wconf 89' lang='lat' dir='ltr'>ego</span> <span class='ocrx_word' id='word_1_217' title='bbox 751 2698 1011 2768; x_wconf 88' lang='lat' dir='ltr'>veniens,</span> <span class='ocrx_word' id='word_1_218' title='bbox 1070 2698 1211 2764; x_wconf 70' lang='lat' dir='ltr'>dimi,</span> <span class='ocrx_word' id='word_1_219' title='bbox 1264 2699 1510 2762; x_wconf 77' lang='lat' dir='ltr'>Domine,</span> <span class='ocrx_word' id='word_1_220' title='bbox 1558 2699 1826 2752; x_wconf 87' lang='lat' dir='ltr'>miserere</span> <span class='ocrx_word' id='word_1_221' title='bbox 1884 2700 2014 2753; x_wconf 82' lang='lat' dir='ltr'>mei.</span> 
     </span>
    </p>
   </div>
   <div class='ocr_carea' id='block_1_30' title="bbox 368 2794 2017 2868">
    <p class='ocr_par' dir='ltr' id='par_1_30' title="bbox 368 2794 2017 2868">
     <span class='ocr_line' id='line_1_30' title="bbox 368 2794 2017 2868; baseline -0.002 -15"><span class='ocrx_word' id='word_1_222' title='bbox 368 2797 707 2853; x_wconf 87' lang='lat' dir='ltr'>lnsistenda</span> <span class='ocrx_word' id='word_1_223' title='bbox 749 2796 837 2852; x_wconf 85' lang='lat' dir='ltr'>vis</span> <span class='ocrx_word' id='word_1_224' title='bbox 871 2795 1273 2868; x_wconf 88' lang='lat' dir='ltr'>pronominis:</span> <span class='ocrx_word' id='word_1_225' title='bbox 1309 2810 1422 2864; x_wconf 87' lang='lat' dir='ltr'>ego,</span> <span class='ocrx_word' id='word_1_226' title='bbox 1466 2794 1689 2850; x_wconf 85' lang='lat' dir='ltr'>scilicet</span> <span class='ocrx_word' id='word_1_227' title='bbox 1721 2812 1754 2848; x_wconf 91' lang='lat' dir='ltr'>a</span> <span class='ocrx_word' id='word_1_228' title='bbox 1785 2799 2017 2866; x_wconf 90' lang='lat' dir='ltr'>peccato</span> 
     </span>
    </p>
   </div>
   <div class='ocr_carea' id='block_1_31' title="bbox 364 2882 2016 2952">
    <p class='ocr_par' dir='ltr' id='par_1_31' title="bbox 364 2882 2016 2952">
     <span class='ocr_line' id='line_1_31' title="bbox 364 2882 2016 2952; baseline -0.003 -10"><span class='ocrx_word' id='word_1_229' title='bbox 364 2886 672 2952; x_wconf 89' lang='lat' dir='ltr'>immunis,</span> <span class='ocrx_word' id='word_1_230' title='bbox 695 2883 856 2941; x_wconf 89' lang='lat' dir='ltr'>solus</span> <span class='ocrx_word' id='word_1_231' title='bbox 878 2884 1052 2940; x_wconf 88' lang='lat' dir='ltr'>homo</span> <span class='ocrx_word' id='word_1_232' title='bbox 1071 2884 1142 2938; x_wconf 90' lang='lat' dir='ltr'>ad</span> <span class='ocrx_word' id='word_1_233' title='bbox 1166 2883 1275 2938; x_wconf 91' lang='lat' dir='ltr'>hoc</span> <span class='ocrx_word' id='word_1_234' title='bbox 1294 2883 1559 2947; x_wconf 88' lang='lat' dir='ltr'>idoneus,</span> <span class='ocrx_word' id='word_1_235' title='bbox 1583 2882 1745 2938; x_wconf 86' lang='lat' dir='ltr'>solus</span> <span class='ocrx_word' id='word_1_236' title='bbox 1762 2898 1894 2952; x_wconf 82' lang='lat' dir='ltr'>erga</span> <span class='ocrx_word' id='word_1_237' title='bbox 1911 2882 2016 2937; x_wconf 88' lang='lat' dir='ltr'>bo-</span> 
     </span>
    </p>
   </div>
   <div class='ocr_carea' id='block_1_32' title="bbox 366 2973 2013 3040">
    <p class='ocr_par' dir='ltr' id='par_1_32' title="bbox 366 2973 2013 3040">
     <span class='ocr_line' id='line_1_32' title="bbox 366 2973 2013 3040; baseline -0.003 -8"><span class='ocrx_word' id='word_1_238' title='bbox 366 2977 555 3032; x_wconf 88' lang='lat' dir='ltr'>mines</span> <span class='ocrx_word' id='word_1_239' title='bbox 585 2978 757 3030; x_wconf 71' lang='lat' dir='ltr'>tantae</span> <span class='ocrx_word' id='word_1_240' title='bbox 789 2973 1285 3040; x_wconf 75' lang='lat' dir='ltr'>ati&#39;ectionis,dixi,</span> <span class='ocrx_word' id='word_1_241' title='bbox 1318 2974 1862 3039; x_wconf 85' lang='lat' dir='ltr'>Domine,miserere:</span> <span class='ocrx_word' id='word_1_242' title='bbox 1899 2989 2013 3027; x_wconf 93' lang='lat' dir='ltr'>non</span> 
     </span>
    </p>
   </div>
   <div class='ocr_carea' id='block_1_33' title="bbox 365 3061 2014 3134">
    <p class='ocr_par' dir='ltr' id='par_1_33' title="bbox 365 3061 2014 3134">
     <span class='ocr_line' id='line_1_33' title="bbox 365 3061 2014 3134; baseline -0.002 -14"><span class='ocrx_word' id='word_1_243' title='bbox 365 3065 496 3120; x_wconf 90' lang='lat' dir='ltr'>dico</span> <span class='ocrx_word' id='word_1_244' title='bbox 544 3080 829 3134; x_wconf 89' lang='lat' dir='ltr'>meorum,</span> <span class='ocrx_word' id='word_1_245' title='bbox 876 3079 1010 3117; x_wconf 90' lang='lat' dir='ltr'>cum</span> <span class='ocrx_word' id='word_1_246' title='bbox 1059 3067 1254 3117; x_wconf 86' lang='lat' dir='ltr'>tamen</span> <span class='ocrx_word' id='word_1_247' title='bbox 1290 3078 1393 3133; x_wconf 89' lang='lat' dir='ltr'>pro</span> <span class='ocrx_word' id='word_1_248' title='bbox 1448 3061 1530 3116; x_wconf 90' lang='lat' dir='ltr'>eis</span> <span class='ocrx_word' id='word_1_249' title='bbox 1574 3078 1753 3130; x_wconf 89' lang='lat' dir='ltr'>orem,</span> <span class='ocrx_word' id='word_1_250' title='bbox 1813 3062 1913 3117; x_wconf 89' lang='lat' dir='ltr'>sed</span> <span class='ocrx_word' id='word_1_251' title='bbox 1947 3077 2014 3118; x_wconf 86' lang='lat' dir='ltr'>ex</span> 
     </span>
    </p>
   </div>
   <div class='ocr_carea' id='block_1_34' title="bbox 366 3151 2009 3223">
    <p class='ocr_par' dir='ltr' id='par_1_34' title="bbox 366 3151 2009 3223">
     <span class='ocr_line' id='line_1_34' title="bbox 366 3151 2009 3223; baseline -0.003 -14"><span class='ocrx_word' id='word_1_252' title='bbox 366 3153 553 3209; x_wconf 82' lang='lat' dir='ltr'>multa</span> <span class='ocrx_word' id='word_1_253' title='bbox 581 3151 881 3209; x_wconf 66' lang='lat' dir='ltr'>affectione</span> <span class='ocrx_word' id='word_1_254' title='bbox 911 3152 1206 3216; x_wconf 87' lang='lat' dir='ltr'>dico,mei.</span> <span class='ocrx_word' id='word_1_255' title='bbox 1243 3152 1306 3206; x_wconf 80' lang='lat' dir='ltr'>Et</span> <span class='ocrx_word' id='word_1_256' title='bbox 1332 3151 1391 3205; x_wconf 91' lang='lat' dir='ltr'>in</span> <span class='ocrx_word' id='word_1_257' title='bbox 1412 3151 1519 3205; x_wconf 87' lang='lat' dir='ltr'>hoc</span> <span class='ocrx_word' id='word_1_258' title='bbox 1550 3152 1880 3223; x_wconf 86' lang='lat' dir='ltr'>exemplum</span> <span class='ocrx_word' id='word_1_259' title='bbox 1908 3151 2009 3205; x_wconf 90' lang='lat' dir='ltr'>hu-</span> 
     </span>
    </p>
   </div>
   <div class='ocr_carea' id='block_1_35' title="bbox 364 3204 2080 3313">
    <p class='ocr_par' dir='ltr' id='par_1_35' title="bbox 364 3204 2080 3313">
     <span class='ocr_line' id='line_1_35' title="bbox 364 3204 2080 3313; baseline -0.001 -16"><span class='ocrx_word' id='word_1_260' title='bbox 364 3240 634 3297; x_wconf 85' lang='lat' dir='ltr'>militatis</span> <span class='ocrx_word' id='word_1_261' title='bbox 666 3239 902 3313; x_wconf 63' lang='lat' dir='ltr'>praebui.</span> <span class='ocrx_word' id='word_1_262' title='bbox 935 3244 1055 3295; x_wconf 83' lang='lat' dir='ltr'>Hoc</span> <span class='ocrx_word' id='word_1_263' title='bbox 1080 3241 1252 3295; x_wconf 91' lang='lat' dir='ltr'>modo</span> <span class='ocrx_word' id='word_1_264' title='bbox 1281 3241 1560 3295; x_wconf 80' lang='lat' dir='ltr'>miserere.</span> <span class='ocrx_word' id='word_1_265' title='bbox 1596 3240 1743 3295; x_wconf 83' lang='lat' dir='ltr'>Sana</span> <span class='ocrx_word' id='word_1_266' title='bbox 1762 3242 2009 3295; x_wconf 80' lang='lat' dir='ltr'>animum</span> <span class='ocrx_word' id='word_1_267' title='bbox 2038 3204 2080 3270; x_wconf 62' lang='grc' dir='ltr'>Ε</span> 
     </span>
    </p>
   </div>
   <div class='ocr_carea' id='block_1_36' title="bbox 362 3328 2010 3401">
    <p class='ocr_par' dir='ltr' id='par_1_36' title="bbox 362 3328 2010 3401">
     <span class='ocr_line' id='line_1_36' title="bbox 362 3328 2010 3401; baseline -0.001 -17"><span class='ocrx_word' id='word_1_268' title='bbox 362 3346 562 3397; x_wconf 84' lang='lat' dir='ltr'>meam,</span> <span class='ocrx_word' id='word_1_269' title='bbox 596 3329 655 3384; x_wconf 90' lang='lat' dir='ltr'>id</span> <span class='ocrx_word' id='word_1_270' title='bbox 681 3335 790 3392; x_wconf 88' lang='lat' dir='ltr'>est.</span> <span class='ocrx_word' id='word_1_271' title='bbox 827 3345 1111 3387; x_wconf 80' lang='lat' dir='ltr'>meorum,</span> <span class='ocrx_word' id='word_1_272' title='bbox 1147 3329 1243 3401; x_wconf 89' lang='lat' dir='ltr'>qui</span> <span class='ocrx_word' id='word_1_273' title='bbox 1279 3330 1512 3398; x_wconf 84' lang='lat' dir='ltr'>sejuste</span> <span class='ocrx_word' id='word_1_274' title='bbox 1535 3346 1567 3382; x_wconf 87' lang='lat' dir='ltr'>a</span> <span class='ocrx_word' id='word_1_275' title='bbox 1596 3333 1653 3383; x_wconf 90' lang='lat' dir='ltr'>te</span> <span class='ocrx_word' id='word_1_276' title='bbox 1684 3328 2010 3383; x_wconf 83' lang='lat' dir='ltr'>inﬁrmatos</span> 
     </span>
    </p>
   </div>
   <div class='ocr_carea' id='block_1_37' title="bbox 363 3417 2009 3492">
    <p class='ocr_par' dir='ltr' id='par_1_37' title="bbox 363 3417 2009 3492">
     <span class='ocr_line' id='line_1_37' title="bbox 363 3417 2009 3492; baseline -0.002 -16"><span class='ocrx_word' id='word_1_277' title='bbox 363 3425 745 3492; x_wconf 78' lang='lat' dir='ltr'>cognoscunt.</span> <span class='ocrx_word' id='word_1_278' title='bbox 782 3423 890 3473; x_wconf 88' lang='lat' dir='ltr'>Per</span> <span class='ocrx_word' id='word_1_279' title='bbox 918 3435 980 3473; x_wconf 91' lang='lat' dir='ltr'>se</span> <span class='ocrx_word' id='word_1_280' title='bbox 1011 3418 1215 3473; x_wconf 87' lang='lat' dir='ltr'>cadere</span> <span class='ocrx_word' id='word_1_281' title='bbox 1247 3418 1435 3488; x_wconf 89' lang='lat' dir='ltr'>potuit</span> <span class='ocrx_word' id='word_1_282' title='bbox 1467 3417 1658 3488; x_wconf 81' lang='lat' dir='ltr'>homo,</span> <span class='ocrx_word' id='word_1_283' title='bbox 1693 3419 1792 3472; x_wconf 86' lang='lat' dir='ltr'>sed</span> <span class='ocrx_word' id='word_1_284' title='bbox 1828 3434 1927 3489; x_wconf 89' lang='lat' dir='ltr'>per</span> <span class='ocrx_word' id='word_1_285' title='bbox 1948 3435 2009 3473; x_wconf 87' lang='lat' dir='ltr'>se</span> 
     </span>
    </p>
   </div>
   <div class='ocr_carea' id='block_1_38' title="bbox 364 3506 2007 3580">
    <p class='ocr_par' dir='ltr' id='par_1_38' title="bbox 364 3506 2007 3580">
     <span class='ocr_line' id='line_1_38' title="bbox 364 3506 2007 3580; baseline -0.002 -16"><span class='ocrx_word' id='word_1_286' title='bbox 364 3524 667 3580; x_wconf 84' lang='lat' dir='ltr'>resurgere</span> <span class='ocrx_word' id='word_1_287' title='bbox 692 3525 802 3564; x_wconf 92' lang='lat' dir='ltr'>non</span> <span class='ocrx_word' id='word_1_288' title='bbox 836 3511 1045 3579; x_wconf 85' lang='lat' dir='ltr'>potest.</span> <span class='ocrx_word' id='word_1_289' title='bbox 1079 3506 1228 3561; x_wconf 88' lang='lat' dir='ltr'>Sana</span> <span class='ocrx_word' id='word_1_290' title='bbox 1248 3508 1496 3561; x_wconf 87' lang='lat' dir='ltr'>animam</span> <span class='ocrx_word' id='word_1_291' title='bbox 1518 3522 1782 3562; x_wconf 89' lang='lat' dir='ltr'>meorum</span> <span class='ocrx_word' id='word_1_292' title='bbox 1807 3506 2007 3561; x_wconf 90' lang='lat' dir='ltr'>multi-</span> 
     </span>
    </p>
   </div>
   <div class='ocr_carea' id='block_1_39' title="bbox 364 3596 2009 3669">
    <p class='ocr_par' dir='ltr' id='par_1_39' title="bbox 364 3596 2009 3669">
     <span class='ocr_line' id='line_1_39' title="bbox 364 3596 2009 3669; baseline -0.001 -17"><span class='ocrx_word' id='word_1_293' title='bbox 364 3596 502 3669; x_wconf 89' lang='lat' dir='ltr'>plici</span> <span class='ocrx_word' id='word_1_294' title='bbox 518 3596 757 3652; x_wconf 88' lang='lat' dir='ltr'>vulnere</span> <span class='ocrx_word' id='word_1_295' title='bbox 782 3600 1152 3668; x_wconf 87' lang='lat' dir='ltr'>peccatorum</span> <span class='ocrx_word' id='word_1_296' title='bbox 1175 3596 1460 3660; x_wconf 86' lang='lat' dir='ltr'>sauciam,</span> <span class='ocrx_word' id='word_1_297' title='bbox 1484 3601 1550 3650; x_wconf 89' lang='lat' dir='ltr'>ut</span> <span class='ocrx_word' id='word_1_298' title='bbox 1570 3596 1805 3650; x_wconf 88' lang='lat' dir='ltr'>tandem</span> <span class='ocrx_word' id='word_1_299' title='bbox 1821 3599 1878 3650; x_wconf 87' lang='lat' dir='ltr'>et</span> <span class='ocrx_word' id='word_1_300' title='bbox 1891 3612 2009 3650; x_wconf 90' lang='lat' dir='ltr'>cor-</span> 
     </span>
    </p>
   </div>
   <div class='ocr_carea' id='block_1_40' title="bbox 361 3686 2005 3760">
    <p class='ocr_par' dir='ltr' id='par_1_40' title="bbox 361 3686 2005 3760">
     <span class='ocr_line' id='line_1_40' title="bbox 361 3686 2005 3760; baseline -0.002 -18"><span class='ocrx_word' id='word_1_301' title='bbox 361 3703 475 3760; x_wconf 89' lang='lat' dir='ltr'>pus</span> <span class='ocrx_word' id='word_1_302' title='bbox 505 3703 696 3743; x_wconf 88' lang='lat' dir='ltr'>sanes.</span> <span class='ocrx_word' id='word_1_303' title='bbox 730 3687 813 3741; x_wconf 87' lang='lat' dir='ltr'>Tu</span> <span class='ocrx_word' id='word_1_304' title='bbox 842 3688 1126 3750; x_wconf 73' lang='lat' dir='ltr'>miserere,</span> <span class='ocrx_word' id='word_1_305' title='bbox 1160 3688 1221 3739; x_wconf 88' lang='lat' dir='ltr'>tu</span> <span class='ocrx_word' id='word_1_306' title='bbox 1240 3700 1377 3739; x_wconf 84' lang='lat' dir='ltr'>sana</span> <span class='ocrx_word' id='word_1_307' title='bbox 1396 3687 1525 3755; x_wconf 82' lang='lat' dir='ltr'>quia</span> <span class='ocrx_word' id='word_1_308' title='bbox 1557 3686 1658 3739; x_wconf 87' lang='lat' dir='ltr'>tibi</span> <span class='ocrx_word' id='word_1_309' title='bbox 1682 3686 1918 3755; x_wconf 82' lang='lat' dir='ltr'>peccavi,</span> <span class='ocrx_word' id='word_1_310' title='bbox 1943 3688 2005 3739; x_wconf 88' lang='lat' dir='ltr'>tu</span> 
     </span>
    </p>
   </div>
   <div class='ocr_carea' id='block_1_41' title="bbox 361 3772 2004 3844">
    <p class='ocr_par' dir='ltr' id='par_1_41' title="bbox 361 3772 2004 3844">
     <span class='ocr_line' id='line_1_41' title="bbox 361 3772 2004 3844; baseline -0.003 -12"><span class='ocrx_word' id='word_1_311' title='bbox 361 3776 524 3833; x_wconf 89' lang='lat' dir='ltr'>solus</span> <span class='ocrx_word' id='word_1_312' title='bbox 545 3793 729 3832; x_wconf 90' lang='lat' dir='ltr'>sanus</span> <span class='ocrx_word' id='word_1_313' title='bbox 744 3775 1013 3841; x_wconf 88' lang='lat' dir='ltr'>mederis,</span> <span class='ocrx_word' id='word_1_314' title='bbox 1038 3778 1100 3829; x_wconf 92' lang='lat' dir='ltr'>tu</span> <span class='ocrx_word' id='word_1_315' title='bbox 1122 3773 1207 3829; x_wconf 91' lang='lat' dir='ltr'>sol</span> <span class='ocrx_word' id='word_1_316' title='bbox 1219 3791 1285 3827; x_wconf 90' lang='lat' dir='ltr'>us</span> <span class='ocrx_word' id='word_1_317' title='bbox 1300 3773 1427 3827; x_wconf 89' lang='lat' dir='ltr'>sine</span> <span class='ocrx_word' id='word_1_318' title='bbox 1442 3777 1674 3844; x_wconf 89' lang='lat' dir='ltr'>peccato</span> <span class='ocrx_word' id='word_1_319' title='bbox 1691 3772 2004 3828; x_wconf 87' lang='lat' dir='ltr'>misereris.</span> 
     </span>
    </p>
   </div>
   <div class='ocr_carea' id='block_1_42' title="bbox 358 3868 2006 3946">
    <p class='ocr_par' dir='ltr' id='par_1_42' title="bbox 358 3868 2006 3946">
     <span class='ocr_line' id='line_1_42' title="bbox 358 3868 2006 3946; baseline -0.004 -17"><span class='ocrx_word' id='word_1_320' title='bbox 358 3874 486 3929; x_wconf 90' lang='lat' dir='ltr'>Tibi</span> <span class='ocrx_word' id='word_1_321' title='bbox 517 3878 849 3946; x_wconf 89' lang='lat' dir='ltr'>peccatores</span> <span class='ocrx_word' id='word_1_322' title='bbox 879 3871 1237 3943; x_wconf 86' lang='lat' dir='ltr'>etdesperati</span> <span class='ocrx_word' id='word_1_323' title='bbox 1258 3873 1646 3931; x_wconf 87' lang='lat' dir='ltr'>reservantur,</span> <span class='ocrx_word' id='word_1_324' title='bbox 1665 3873 1730 3921; x_wconf 89' lang='lat' dir='ltr'>ut</span> <span class='ocrx_word' id='word_1_325' title='bbox 1754 3868 2006 3923; x_wconf 90' lang='lat' dir='ltr'>nimium</span> 
     </span>
    </p>
   </div>
   <div class='ocr_carea' id='block_1_43' title="bbox 363 3957 2005 4034">
    <p class='ocr_par' dir='ltr' id='par_1_43' title="bbox 363 3957 2005 4034">
     <span class='ocr_line' id='line_1_43' title="bbox 363 3957 2005 4034; baseline -0.004 -17"><span class='ocrx_word' id='word_1_326' title='bbox 363 3967 652 4034; x_wconf 64' lang='lat' dir='ltr'>aegrotans</span> <span class='ocrx_word' id='word_1_327' title='bbox 680 3962 832 4016; x_wconf 90' lang='lat' dir='ltr'>bono</span> <span class='ocrx_word' id='word_1_328' title='bbox 887 3961 1132 4016; x_wconf 90' lang='lat' dir='ltr'>medico.</span> <span class='ocrx_word' id='word_1_329' title='bbox 1184 3961 1315 4029; x_wconf 87' lang='lat' dir='ltr'>Ego,</span> <span class='ocrx_word' id='word_1_330' title='bbox 1349 3957 1488 4025; x_wconf 67' lang='lat' dir='ltr'>dixi,</span> <span class='ocrx_word' id='word_1_331' title='bbox 1540 3960 1819 4020; x_wconf 79' lang='lat' dir='ltr'>miserere,</span> <span class='ocrx_word' id='word_1_332' title='bbox 1851 3974 2005 4025; x_wconf 83' lang='lat' dir='ltr'>sana,</span> 
     </span>
    </p>
   </div>
   <div class='ocr_carea' id='block_1_44' title="bbox 361 4044 2009 4120">
    <p class='ocr_par' dir='ltr' id='par_1_44' title="bbox 361 4044 2009 4120">
     <span class='ocr_line' id='line_1_44' title="bbox 361 4044 2009 4120; baseline -0.001 -17"><span class='ocrx_word' id='word_1_333' title='bbox 361 4050 581 4103; x_wconf 86' lang='lat' dir='ltr'>inimici</span> <span class='ocrx_word' id='word_1_334' title='bbox 601 4053 796 4103; x_wconf 86' lang='lat' dir='ltr'>autem</span> <span class='ocrx_word' id='word_1_335' title='bbox 819 4051 931 4103; x_wconf 91' lang='lat' dir='ltr'>mei</span> <span class='ocrx_word' id='word_1_336' title='bbox 961 4050 1059 4120; x_wconf 87' lang='lat' dir='ltr'>qui</span> <span class='ocrx_word' id='word_1_337' title='bbox 1085 4049 1361 4104; x_wconf 88' lang='lat' dir='ltr'>deberent</span> <span class='ocrx_word' id='word_1_338' title='bbox 1381 4062 1508 4102; x_wconf 89' lang='lat' dir='ltr'>esse</span> <span class='ocrx_word' id='word_1_339' title='bbox 1532 4044 1725 4110; x_wconf 90' lang='lat' dir='ltr'>amici,</span> <span class='ocrx_word' id='word_1_340' title='bbox 1744 4045 2009 4101; x_wconf 71' lang='lat' dir='ltr'>dixerunt</span> 
     </span>
    </p>
   </div>
   <div class='ocr_carea' id='block_1_45' title="bbox 361 4134 2009 4207">
    <p class='ocr_par' dir='ltr' id='par_1_45' title="bbox 361 4134 2009 4207">
     <span class='ocr_line' id='line_1_45' title="bbox 361 4134 2009 4207; baseline -0.001 -15"><span class='ocrx_word' id='word_1_341' title='bbox 361 4137 514 4192; x_wconf 82' lang='lat' dir='ltr'>mala</span> <span class='ocrx_word' id='word_1_342' title='bbox 539 4137 698 4207; x_wconf 82' lang='lat' dir='ltr'>mihi,</span> <span class='ocrx_word' id='word_1_343' title='bbox 733 4136 787 4190; x_wconf 92' lang='lat' dir='ltr'>id</span> <span class='ocrx_word' id='word_1_344' title='bbox 823 4141 930 4203; x_wconf 89' lang='lat' dir='ltr'>est,</span> <span class='ocrx_word' id='word_1_345' title='bbox 981 4138 1051 4191; x_wconf 91' lang='lat' dir='ltr'>ad</span> <span class='ocrx_word' id='word_1_346' title='bbox 1089 4153 1278 4192; x_wconf 88' lang='lat' dir='ltr'>meam</span> <span class='ocrx_word' id='word_1_347' title='bbox 1310 4134 1577 4207; x_wconf 82' lang='lat' dir='ltr'>gloriam,</span> <span class='ocrx_word' id='word_1_348' title='bbox 1641 4134 1866 4190; x_wconf 84' lang='lat' dir='ltr'>scilicet</span> <span class='ocrx_word' id='word_1_349' title='bbox 1898 4136 2009 4191; x_wconf 88' lang='lat' dir='ltr'>ista</span> 
     </span>
    </p>
   </div>
   <div class='ocr_carea' id='block_1_46' title="bbox 364 4224 2007 4296">
    <p class='ocr_par' dir='ltr' id='par_1_46' title="bbox 364 4224 2007 4296">
     <span class='ocr_line' id='line_1_46' title="bbox 364 4224 2007 4296; baseline -0.001 -14"><span class='ocrx_word' id='word_1_350' title='bbox 364 4226 520 4282; x_wconf 89' lang='lat' dir='ltr'>mala</span> <span class='ocrx_word' id='word_1_351' title='bbox 544 4242 556 4282; x_wconf 90' lang='lat'>:</span> <span class='ocrx_word' id='word_1_352' title='bbox 580 4225 814 4296; x_wconf 83' lang='lat' dir='ltr'>Quando</span> <span class='ocrx_word' id='word_1_353' title='bbox 835 4227 1168 4280; x_wconf 85' lang='lat' dir='ltr'>morieturet</span> <span class='ocrx_word' id='word_1_354' title='bbox 1178 4225 1381 4296; x_wconf 82' lang='lat' dir='ltr'>peribit</span> <span class='ocrx_word' id='word_1_355' title='bbox 1402 4241 1601 4279; x_wconf 80' lang='lat' dir='ltr'>nomen</span> <span class='ocrx_word' id='word_1_356' title='bbox 1625 4225 1741 4288; x_wconf 79' lang='lat' dir='ltr'>eius</span> <span class='ocrx_word' id='word_1_357' title='bbox 1760 4224 1786 4278; x_wconf 86' lang='lat'><strong>?</strong></span> <span class='ocrx_word' id='word_1_358' title='bbox 1809 4229 1872 4279; x_wconf 92' lang='lat' dir='ltr'>ut</span> <span class='ocrx_word' id='word_1_359' title='bbox 1893 4242 2007 4280; x_wconf 89' lang='lat' dir='ltr'>non</span> 
     </span>
    </p>
   </div>
   <div class='ocr_carea' id='block_1_47' title="bbox 361 4312 2006 4384">
    <p class='ocr_par' dir='ltr' id='par_1_47' title="bbox 361 4312 2006 4384">
     <span class='ocr_line' id='line_1_47' title="bbox 361 4312 2006 4384; baseline -0.001 -12"><span class='ocrx_word' id='word_1_360' title='bbox 361 4316 518 4372; x_wconf 86' lang='lat' dir='ltr'>ultra</span> <span class='ocrx_word' id='word_1_361' title='bbox 548 4315 903 4384; x_wconf 88' lang='lat' dir='ltr'>nominetur,</span> <span class='ocrx_word' id='word_1_362' title='bbox 938 4330 1053 4370; x_wconf 92' lang='lat' dir='ltr'>non</span> <span class='ocrx_word' id='word_1_363' title='bbox 1086 4312 1238 4370; x_wconf 89' lang='lat' dir='ltr'>ultra</span> <span class='ocrx_word' id='word_1_364' title='bbox 1269 4313 1633 4384; x_wconf 83' lang='lat' dir='ltr'>praedicetur.</span> <span class='ocrx_word' id='word_1_365' title='bbox 1663 4314 1868 4369; x_wconf 84' lang='lat' dir='ltr'>Aliter:</span> <span class='ocrx_word' id='word_1_366' title='bbox 1897 4315 2006 4371; x_wconf 82' lang='lat' dir='ltr'>Ini-</span> 
     </span>
    </p>
   </div>
   <div class='ocr_carea' id='block_1_48' title="bbox 359 4401 2006 4474">
    <p class='ocr_par' dir='ltr' id='par_1_48' title="bbox 359 4401 2006 4474">
     <span class='ocr_line' id='line_1_48' title="bbox 359 4401 2006 4474; baseline -0.003 -12"><span class='ocrx_word' id='word_1_367' title='bbox 359 4408 495 4462; x_wconf 85' lang='lat' dir='ltr'>mici</span> <span class='ocrx_word' id='word_1_368' title='bbox 523 4408 631 4461; x_wconf 85' lang='lat' dir='ltr'>mei</span> <span class='ocrx_word' id='word_1_369' title='bbox 674 4404 943 4460; x_wconf 72' lang='lat' dir='ltr'>dixerunt</span> <span class='ocrx_word' id='word_1_370' title='bbox 972 4404 1123 4459; x_wconf 83' lang='lat' dir='ltr'>mala</span> <span class='ocrx_word' id='word_1_371' title='bbox 1160 4402 1319 4457; x_wconf 82' lang='lat' dir='ltr'>mihi.</span> <span class='ocrx_word' id='word_1_372' title='bbox 1357 4401 1645 4457; x_wconf 89' lang='lat' dir='ltr'>Describit</span> <span class='ocrx_word' id='word_1_373' title='bbox 1691 4407 2006 4474; x_wconf 84' lang='lat' dir='ltr'>egestatem</span> 
     </span>
    </p>
   </div>
   <div class='ocr_carea' id='block_1_49' title="bbox 360 4491 2008 4567">
    <p class='ocr_par' dir='ltr' id='par_1_49' title="bbox 360 4491 2008 4567">
     <span class='ocr_line' id='line_1_49' title="bbox 360 4491 2008 4567; baseline -0.002 -16"><span class='ocrx_word' id='word_1_374' title='bbox 360 4495 525 4552; x_wconf 88' lang='lat' dir='ltr'>illam</span> <span class='ocrx_word' id='word_1_375' title='bbox 554 4500 611 4551; x_wconf 89' lang='lat' dir='ltr'>et</span> <span class='ocrx_word' id='word_1_376' title='bbox 658 4499 1085 4567; x_wconf 83' lang='lat' dir='ltr'>panpertatem,</span> <span class='ocrx_word' id='word_1_377' title='bbox 1131 4496 1412 4563; x_wconf 87' lang='lat' dir='ltr'>tanquam</span> <span class='ocrx_word' id='word_1_378' title='bbox 1456 4491 1538 4546; x_wconf 88' lang='lat' dir='ltr'>sic</span> <span class='ocrx_word' id='word_1_379' title='bbox 1568 4492 1805 4547; x_wconf 86' lang='lat' dir='ltr'>dicens:</span> <span class='ocrx_word' id='word_1_380' title='bbox 1850 4492 2008 4547; x_wconf 86' lang='lat' dir='ltr'>Beati</span> 
     </span>
    </p>
   </div>
   <div class='ocr_carea' id='block_1_50' title="bbox 2134 548 3793 626">
    <p class='ocr_par' dir='ltr' id='par_1_50' title="bbox 2134 548 3793 626">
     <span class='ocr_line' id='line_1_50' title="bbox 2134 548 3793 626; baseline -0.003 -17"><span class='ocrx_word' id='word_1_381' title='bbox 2134 570 2230 609; x_wconf 88' lang='lat' dir='ltr'>cor</span> <span class='ocrx_word' id='word_1_382' title='bbox 2258 556 2375 626; x_wconf 84' lang='lat' dir='ltr'>ejus</span> <span class='ocrx_word' id='word_1_383' title='bbox 2407 557 2763 625; x_wconf 78' lang='lat' dir='ltr'>congregavit</span> <span class='ocrx_word' id='word_1_384' title='bbox 2784 555 3139 626; x_wconf 81' lang='lat' dir='ltr'>iniquitatem</span> <span class='ocrx_word' id='word_1_385' title='bbox 3166 553 3294 619; x_wconf 83' lang='lat' dir='ltr'>sibi,</span> <span class='ocrx_word' id='word_1_386' title='bbox 3326 567 3442 607; x_wconf 91' lang='lat' dir='ltr'>non</span> <span class='ocrx_word' id='word_1_387' title='bbox 3474 548 3793 622; x_wconf 84' lang='lat' dir='ltr'>mihi,quia</span> 
     </span>
    </p>
   </div>
   <div class='ocr_carea' id='block_1_51' title="bbox 2133 641 3789 715">
    <p class='ocr_par' dir='ltr' id='par_1_51' title="bbox 2133 641 3789 715">
     <span class='ocr_line' id='line_1_51' title="bbox 2133 641 3789 715; baseline -0.001 -18"><span class='ocrx_word' id='word_1_388' title='bbox 2133 644 2427 698; x_wconf 70' lang='lat' dir='ltr'>secundum</span> <span class='ocrx_word' id='word_1_389' title='bbox 2457 647 2807 715; x_wconf 76' lang='lat' dir='ltr'>iniquitatem</span> <span class='ocrx_word' id='word_1_390' title='bbox 2835 660 2993 699; x_wconf 86' lang='lat' dir='ltr'>suam</span> <span class='ocrx_word' id='word_1_391' title='bbox 3020 648 3071 699; x_wconf 85' lang='lat' dir='ltr'>et</span> <span class='ocrx_word' id='word_1_392' title='bbox 3099 642 3442 714; x_wconf 74' lang='lat' dir='ltr'>impaenitens</span> <span class='ocrx_word' id='word_1_393' title='bbox 3457 655 3555 697; x_wconf 82' lang='lat' dir='ltr'>cor</span> <span class='ocrx_word' id='word_1_394' title='bbox 3573 641 3789 696; x_wconf 72' lang='lat' dir='ltr'>thesau-</span> 
     </span>
    </p>
   </div>
   <div class='ocr_carea' id='block_1_52' title="bbox 2141 730 3791 803">
    <p class='ocr_par' dir='ltr' id='par_1_52' title="bbox 2141 730 3791 803">
     <span class='ocr_line' id='line_1_52' title="bbox 2141 730 3791 803; baseline -0.002 -16"><span class='ocrx_word' id='word_1_395' title='bbox 2141 734 2287 788; x_wconf 75' lang='lat' dir='ltr'>riz-at</span> <span class='ocrx_word' id='word_1_396' title='bbox 2314 734 2424 788; x_wconf 85' lang='lat' dir='ltr'>sibi</span> <span class='ocrx_word' id='word_1_397' title='bbox 2453 736 2619 796; x_wconf 85' lang='lat' dir='ltr'>iram,</span> <span class='ocrx_word' id='word_1_398' title='bbox 2651 736 2707 788; x_wconf 88' lang='lat' dir='ltr'>in</span> <span class='ocrx_word' id='word_1_399' title='bbox 2738 733 2827 789; x_wconf 86' lang='lat' dir='ltr'>die</span> <span class='ocrx_word' id='word_1_400' title='bbox 2857 734 2959 790; x_wconf 61' lang='lat' dir='ltr'>ira:</span> <span class='ocrx_word' id='word_1_401' title='bbox 2984 743 3035 788; x_wconf 84' lang='lat' dir='ltr'>et</span> <span class='ocrx_word' id='word_1_402' title='bbox 3066 734 3274 803; x_wconf 78' lang='lat' dir='ltr'>luroris</span> <span class='ocrx_word' id='word_1_403' title='bbox 3296 734 3436 802; x_wconf 82' lang='lat' dir='ltr'>justi</span> <span class='ocrx_word' id='word_1_404' title='bbox 3464 730 3662 792; x_wconf 80' lang='lat' dir='ltr'>iudicii</span> <span class='ocrx_word' id='word_1_405' title='bbox 3685 731 3791 785; x_wconf 72' lang='lat' dir='ltr'>Dei</span> 
     </span>
    </p>
   </div>
   <div class='ocr_carea' id='block_1_53' title="bbox 2134 819 3796 894">
    <p class='ocr_par' dir='ltr' id='par_1_53' title="bbox 2134 819 3796 894">
     <span class='ocr_line' id='line_1_53' title="bbox 2134 819 3796 894; baseline -0.001 -19"><span class='ocrx_word' id='word_1_406' title='bbox 2134 823 2312 888; x_wconf 83' lang='lat' dir='ltr'>(Rom.</span> <span class='ocrx_word' id='word_1_407' title='bbox 2362 822 2445 892; x_wconf 80' lang='grc' dir='ltr'>ιι).</span> <span class='ocrx_word' id='word_1_408' title='bbox 2498 824 2566 877; x_wconf 89' lang='lat' dir='ltr'>Et</span> <span class='ocrx_word' id='word_1_409' title='bbox 2596 821 2732 894; x_wconf 91' lang='lat' dir='ltr'>quia</span> <span class='ocrx_word' id='word_1_410' title='bbox 2762 822 2921 877; x_wconf 89' lang='lat' dir='ltr'>intus</span> <span class='ocrx_word' id='word_1_411' title='bbox 2953 821 3065 876; x_wconf 88' lang='lat' dir='ltr'>fuit</span> <span class='ocrx_word' id='word_1_412' title='bbox 3116 821 3174 875; x_wconf 92' lang='lat' dir='ltr'>in</span> <span class='ocrx_word' id='word_1_413' title='bbox 3205 819 3361 888; x_wconf 90' lang='lat' dir='ltr'>dolo,</span> <span class='ocrx_word' id='word_1_414' title='bbox 3391 820 3796 894; x_wconf 83' lang='lat' dir='ltr'>egrediebatur</span> 
     </span>
    </p>
   </div>
   <div class='ocr_carea' id='block_1_54' title="bbox 2132 909 3791 980">
    <p class='ocr_par' dir='ltr' id='par_1_54' title="bbox 2132 909 3791 980">
     <span class='ocr_line' id='line_1_54' title="bbox 2132 909 3791 980; baseline -0.001 -15"><span class='ocrx_word' id='word_1_415' title='bbox 2132 914 2303 980; x_wconf 84' lang='lat' dir='ltr'>foras,</span> <span class='ocrx_word' id='word_1_416' title='bbox 2339 929 2373 966; x_wconf 89' lang='lat' dir='ltr'>a</span> <span class='ocrx_word' id='word_1_417' title='bbox 2395 912 2671 967; x_wconf 82' lang='lat' dir='ltr'>societate</span> <span class='ocrx_word' id='word_1_418' title='bbox 2693 917 2749 967; x_wconf 88' lang='lat' dir='ltr'>et</span> <span class='ocrx_word' id='word_1_419' title='bbox 2780 929 2814 965; x_wconf 92' lang='lat' dir='ltr'>a</span> <span class='ocrx_word' id='word_1_420' title='bbox 2844 910 3075 966; x_wconf 85' lang='lat' dir='ltr'>vinculo</span> <span class='ocrx_word' id='word_1_421' title='bbox 3097 909 3400 966; x_wconf 88' lang='lat' dir='ltr'>charitatis</span> <span class='ocrx_word' id='word_1_422' title='bbox 3424 909 3616 975; x_wconf 79' lang='lat' dir='ltr'>exivit,</span> <span class='ocrx_word' id='word_1_423' title='bbox 3630 913 3689 965; x_wconf 85' lang='lat' dir='ltr'>et</span> <span class='ocrx_word' id='word_1_424' title='bbox 3706 910 3791 964; x_wconf 81' lang='lat' dir='ltr'>le-</span> 
     </span>
    </p>
   </div>
   <div class='ocr_carea' id='block_1_55' title="bbox 2132 997 3794 1071">
    <p class='ocr_par' dir='ltr' id='par_1_55' title="bbox 2132 997 3794 1071">
     <span class='ocr_line' id='line_1_55' title="bbox 2132 997 3794 1071; baseline 0 -18"><span class='ocrx_word' id='word_1_425' title='bbox 2132 1001 2403 1069; x_wconf 83' lang='lat' dir='ltr'>quebatur</span> <span class='ocrx_word' id='word_1_426' title='bbox 2430 1002 2490 1055; x_wconf 83' lang='lat' dir='ltr'>in</span> <span class='ocrx_word' id='word_1_427' title='bbox 2540 1001 2798 1071; x_wconf 83' lang='lat' dir='ltr'>idipsum,</span> <span class='ocrx_word' id='word_1_428' title='bbox 2849 1000 3073 1056; x_wconf 88' lang='lat' dir='ltr'>scilicet</span> <span class='ocrx_word' id='word_1_429' title='bbox 3118 1000 3175 1054; x_wconf 89' lang='lat' dir='ltr'>in</span> <span class='ocrx_word' id='word_1_430' title='bbox 3221 999 3279 1053; x_wconf 88' lang='lat' dir='ltr'>id</span> <span class='ocrx_word' id='word_1_431' title='bbox 3331 1000 3487 1071; x_wconf 89' lang='lat' dir='ltr'>quod</span> <span class='ocrx_word' id='word_1_432' title='bbox 3536 997 3635 1054; x_wconf 84' lang='lat' dir='ltr'>alii</span> <span class='ocrx_word' id='word_1_433' title='bbox 3685 998 3794 1070; x_wconf 85' lang='lat' dir='ltr'>qui</span> 
     </span>
    </p>
   </div>
   <div class='ocr_carea' id='block_1_56' title="bbox 2133 1095 3789 1168">
    <p class='ocr_par' dir='ltr' id='par_1_56' title="bbox 2133 1095 3789 1168">
     <span class='ocr_line' id='line_1_56' title="bbox 2133 1095 3789 1168; baseline 0.001 -18"><span class='ocrx_word' id='word_1_434' title='bbox 2133 1103 2330 1168; x_wconf 89' lang='lat' dir='ltr'>aperte</span> <span class='ocrx_word' id='word_1_435' title='bbox 2360 1103 2523 1153; x_wconf 89' lang='lat' dir='ltr'>erant</span> <span class='ocrx_word' id='word_1_436' title='bbox 2555 1097 2797 1167; x_wconf 90' lang='lat' dir='ltr'>inimici,</span> <span class='ocrx_word' id='word_1_437' title='bbox 2836 1103 2901 1152; x_wconf 90' lang='lat' dir='ltr'>ut</span> <span class='ocrx_word' id='word_1_438' title='bbox 2928 1098 3117 1153; x_wconf 87' lang='lat' dir='ltr'>Judas</span> <span class='ocrx_word' id='word_1_439' title='bbox 3148 1101 3204 1151; x_wconf 90' lang='lat' dir='ltr'>et</span> <span class='ocrx_word' id='word_1_440' title='bbox 3235 1095 3334 1151; x_wconf 87' lang='lat' dir='ltr'>alii</span> <span class='ocrx_word' id='word_1_441' title='bbox 3365 1102 3570 1152; x_wconf 87' lang='lat' dir='ltr'>contra</span> <span class='ocrx_word' id='word_1_442' title='bbox 3591 1096 3789 1152; x_wconf 83' lang='lat' dir='ltr'>Eccle-</span> 
     </span>
    </p>
   </div>
   <div class='ocr_carea' id='block_1_57' title="bbox 2133 1185 3789 1258">
    <p class='ocr_par' dir='ltr' id='par_1_57' title="bbox 2133 1185 3789 1258">
     <span class='ocr_line' id='line_1_57' title="bbox 2133 1185 3789 1258; baseline 0.001 -18"><span class='ocrx_word' id='word_1_443' title='bbox 2133 1185 2303 1253; x_wconf 89' lang='lat' dir='ltr'>siam,</span> <span class='ocrx_word' id='word_1_444' title='bbox 2334 1187 2423 1240; x_wconf 88' lang='lat' dir='ltr'>vel</span> <span class='ocrx_word' id='word_1_445' title='bbox 2458 1187 2513 1241; x_wconf 91' lang='lat' dir='ltr'>in</span> <span class='ocrx_word' id='word_1_446' title='bbox 2548 1187 2829 1258; x_wconf 90' lang='lat' dir='ltr'>idipsum,</span> <span class='ocrx_word' id='word_1_447' title='bbox 2881 1187 2936 1241; x_wconf 90' lang='lat' dir='ltr'>id</span> <span class='ocrx_word' id='word_1_448' title='bbox 2972 1191 3080 1251; x_wconf 86' lang='lat' dir='ltr'>est,</span> <span class='ocrx_word' id='word_1_449' title='bbox 3113 1190 3317 1241; x_wconf 90' lang='lat' dir='ltr'>contra</span> <span class='ocrx_word' id='word_1_450' title='bbox 3345 1185 3683 1241; x_wconf 89' lang='lat' dir='ltr'>Dominum.</span> <span class='ocrx_word' id='word_1_451' title='bbox 3718 1185 3789 1242; x_wconf 83' lang='lat' dir='ltr'>Et</span> 
     </span>
    </p>
   </div>
   <div class='ocr_carea' id='block_1_58' title="bbox 2133 1273 3788 1348">
    <p class='ocr_par' dir='ltr' id='par_1_58' title="bbox 2133 1273 3788 1348">
     <span class='ocr_line' id='line_1_58' title="bbox 2133 1273 3788 1348; baseline 0.001 -19"><span class='ocrx_word' id='word_1_452' title='bbox 2133 1291 2246 1329; x_wconf 91' lang='lat' dir='ltr'>non</span> <span class='ocrx_word' id='word_1_453' title='bbox 2281 1273 2473 1330; x_wconf 86' lang='lat' dir='ltr'>solum</span> <span class='ocrx_word' id='word_1_454' title='bbox 2530 1275 2945 1348; x_wconf 85' lang='lat' dir='ltr'>ingredientes,</span> <span class='ocrx_word' id='word_1_455' title='bbox 2978 1275 3078 1330; x_wconf 90' lang='lat' dir='ltr'>sed</span> <span class='ocrx_word' id='word_1_456' title='bbox 3129 1274 3305 1331; x_wconf 90' lang='lat' dir='ltr'>etiam</span> <span class='ocrx_word' id='word_1_457' title='bbox 3354 1275 3647 1330; x_wconf 83' lang='lat' dir='ltr'>adversum</span> <span class='ocrx_word' id='word_1_458' title='bbox 3696 1291 3788 1331; x_wconf 72' lang='lat' dir='ltr'>me</span> 
     </span>
    </p>
   </div>
   <div class='ocr_carea' id='block_1_59' title="bbox 2130 1363 3778 1436">
    <p class='ocr_par' dir='ltr' id='par_1_59' title="bbox 2130 1363 3778 1436">
     <span class='ocr_line' id='line_1_59' title="bbox 2130 1363 3778 1436; baseline 0.001 -18"><span class='ocrx_word' id='word_1_459' title='bbox 2130 1365 2496 1419; x_wconf 84' lang='lat' dir='ltr'>susurrabant</span> <span class='ocrx_word' id='word_1_460' title='bbox 2535 1381 2718 1420; x_wconf 87' lang='lat' dir='ltr'>omnes</span> <span class='ocrx_word' id='word_1_461' title='bbox 2766 1365 2984 1419; x_wconf 84' lang='lat' dir='ltr'>inimici</span> <span class='ocrx_word' id='word_1_462' title='bbox 3030 1364 3158 1434; x_wconf 86' lang='lat' dir='ltr'>mei,</span> <span class='ocrx_word' id='word_1_463' title='bbox 3192 1369 3315 1419; x_wconf 90' lang='lat' dir='ltr'>tam</span> <span class='ocrx_word' id='word_1_464' title='bbox 3375 1363 3778 1436; x_wconf 79' lang='lat' dir='ltr'>ingredientes</span> 
     </span>
    </p>
   </div>
   <div class='ocr_carea' id='block_1_60' title="bbox 2132 1453 3785 1525">
    <p class='ocr_par' dir='ltr' id='par_1_60' title="bbox 2132 1453 3785 1525">
     <span class='ocr_line' id='line_1_60' title="bbox 2132 1453 3785 1525; baseline 0 -18"><span class='ocrx_word' id='word_1_465' title='bbox 2132 1469 2309 1523; x_wconf 88' lang='lat' dir='ltr'>quam</span> <span class='ocrx_word' id='word_1_466' title='bbox 2344 1454 2725 1525; x_wconf 83' lang='lat' dir='ltr'>egredientes.</span> <span class='ocrx_word' id='word_1_467' title='bbox 2759 1454 2956 1520; x_wconf 83' lang='lat' dir='ltr'>Venite,</span> <span class='ocrx_word' id='word_1_468' title='bbox 2977 1454 3290 1509; x_wconf 86' lang='lat' dir='ltr'>occidamus</span> <span class='ocrx_word' id='word_1_469' title='bbox 3307 1470 3454 1517; x_wconf 86' lang='lat' dir='ltr'>eum,</span> <span class='ocrx_word' id='word_1_470' title='bbox 3483 1461 3533 1509; x_wconf 85' lang='lat' dir='ltr'>et</span> <span class='ocrx_word' id='word_1_471' title='bbox 3551 1453 3785 1509; x_wconf 78' lang='lat' dir='ltr'>habebi-</span> 
     </span>
    </p>
   </div>
   <div class='ocr_carea' id='block_1_61' title="bbox 2131 1541 3784 1614">
    <p class='ocr_par' dir='ltr' id='par_1_61' title="bbox 2131 1541 3784 1614">
     <span class='ocr_line' id='line_1_61' title="bbox 2131 1541 3784 1614; baseline 0.001 -19"><span class='ocrx_word' id='word_1_472' title='bbox 2131 1557 2254 1596; x_wconf 87' lang='lat' dir='ltr'>mus</span> <span class='ocrx_word' id='word_1_473' title='bbox 2288 1542 2667 1597; x_wconf 73' lang='lat' dir='ltr'>haereditatem</span> <span class='ocrx_word' id='word_1_474' title='bbox 2697 1543 2815 1613; x_wconf 84' lang='lat' dir='ltr'>ejus</span> <span class='ocrx_word' id='word_1_475' title='bbox 2839 1542 3043 1614; x_wconf 76' lang='lat' dir='ltr'>(Matth.</span> <span class='ocrx_word' id='word_1_476' title='bbox 3077 1542 3215 1613; x_wconf 71' lang='lat' dir='ltr'>xxx).</span> <span class='ocrx_word' id='word_1_477' title='bbox 3251 1542 3320 1599; x_wconf 85' lang='lat' dir='ltr'>Et</span> <span class='ocrx_word' id='word_1_478' title='bbox 3340 1558 3453 1599; x_wconf 91' lang='lat' dir='ltr'>non</span> <span class='ocrx_word' id='word_1_479' title='bbox 3477 1541 3696 1597; x_wconf 86' lang='lat' dir='ltr'>mirum</span> <span class='ocrx_word' id='word_1_480' title='bbox 3728 1542 3784 1598; x_wconf 82' lang='lat' dir='ltr'>si</span> 
     </span>
    </p>
   </div>
   <div class='ocr_carea' id='block_1_62' title="bbox 2131 1630 3788 1703">
    <p class='ocr_par' dir='ltr' id='par_1_62' title="bbox 2131 1630 3788 1703">
     <span class='ocr_line' id='line_1_62' title="bbox 2131 1630 3788 1703; baseline 0.001 -18"><span class='ocrx_word' id='word_1_481' title='bbox 2131 1630 2419 1685; x_wconf 80' lang='lat' dir='ltr'>adversum</span> <span class='ocrx_word' id='word_1_482' title='bbox 2449 1647 2537 1685; x_wconf 83' lang='lat' dir='ltr'>me</span> <span class='ocrx_word' id='word_1_483' title='bbox 2565 1631 2949 1700; x_wconf 76' lang='lat' dir='ltr'>susurrabant,</span> <span class='ocrx_word' id='word_1_484' title='bbox 2983 1631 3121 1702; x_wconf 89' lang='lat' dir='ltr'>quia</span> <span class='ocrx_word' id='word_1_485' title='bbox 3147 1632 3311 1703; x_wconf 89' lang='lat' dir='ltr'>prius</span> <span class='ocrx_word' id='word_1_486' title='bbox 3359 1630 3655 1687; x_wconf 83' lang='lat' dir='ltr'>adversum</span> <span class='ocrx_word' id='word_1_487' title='bbox 3697 1647 3788 1687; x_wconf 72' lang='lat' dir='ltr'>me</span> 
     </span>
    </p>
   </div>
   <div class='ocr_carea' id='block_1_63' title="bbox 2130 1718 3785 1792">
    <p class='ocr_par' dir='ltr' id='par_1_63' title="bbox 2130 1718 3785 1792">
     <span class='ocr_line' id='line_1_63' title="bbox 2130 1718 3785 1792; baseline -0.001 -15"><span class='ocrx_word' id='word_1_488' title='bbox 2130 1720 2446 1788; x_wconf 82' lang='lat' dir='ltr'>cogitabant</span> <span class='ocrx_word' id='word_1_489' title='bbox 2486 1720 2657 1785; x_wconf 83' lang='lat' dir='ltr'>mala,</span> <span class='ocrx_word' id='word_1_490' title='bbox 2690 1721 2747 1774; x_wconf 89' lang='lat' dir='ltr'>id</span> <span class='ocrx_word' id='word_1_491' title='bbox 2779 1725 2889 1785; x_wconf 85' lang='lat' dir='ltr'>est,</span> <span class='ocrx_word' id='word_1_492' title='bbox 2925 1723 3192 1789; x_wconf 85' lang='lat' dir='ltr'>mortem,</span> <span class='ocrx_word' id='word_1_493' title='bbox 3226 1736 3359 1775; x_wconf 91' lang='lat' dir='ltr'>cum</span> <span class='ocrx_word' id='word_1_494' title='bbox 3393 1735 3499 1792; x_wconf 86' lang='lat' dir='ltr'>ego</span> <span class='ocrx_word' id='word_1_495' title='bbox 3542 1718 3665 1777; x_wconf 84' lang='lat' dir='ltr'>illis</span> <span class='ocrx_word' id='word_1_496' title='bbox 3692 1719 3785 1775; x_wconf 85' lang='lat' dir='ltr'>vi-</span> 
     </span>
    </p>
   </div>
   <div class='ocr_carea' id='block_1_64' title="bbox 2131 1807 3785 1882">
    <p class='ocr_par' dir='ltr' id='par_1_64' title="bbox 2131 1807 3785 1882">
     <span class='ocr_line' id='line_1_64' title="bbox 2131 1807 3785 1882; baseline 0.001 -19"><span class='ocrx_word' id='word_1_497' title='bbox 2131 1812 2275 1877; x_wconf 86' lang='lat' dir='ltr'>tam,</span> <span class='ocrx_word' id='word_1_498' title='bbox 2311 1810 2406 1863; x_wconf 78' lang='lat' dir='ltr'>s‘ed</span> <span class='ocrx_word' id='word_1_499' title='bbox 2423 1807 2657 1871; x_wconf 85' lang='lat' dir='ltr'>mihi,id</span> <span class='ocrx_word' id='word_1_500' title='bbox 2685 1812 2776 1863; x_wconf 89' lang='lat' dir='ltr'>est</span> <span class='ocrx_word' id='word_1_501' title='bbox 2804 1809 2873 1864; x_wconf 86' lang='lat' dir='ltr'>ad</span> <span class='ocrx_word' id='word_1_502' title='bbox 2895 1824 3081 1864; x_wconf 87' lang='lat' dir='ltr'>meam</span> <span class='ocrx_word' id='word_1_503' title='bbox 3102 1807 3369 1881; x_wconf 85' lang='lat' dir='ltr'>gloriam.</span> <span class='ocrx_word' id='word_1_504' title='bbox 3398 1808 3565 1877; x_wconf 86' lang='lat' dir='ltr'>mihi,</span> <span class='ocrx_word' id='word_1_505' title='bbox 3592 1825 3785 1882; x_wconf 84' lang='lat' dir='ltr'>quan-</span> 
     </span>
    </p>
   </div>
   <div class='ocr_carea' id='block_1_65' title="bbox 2131 1896 3787 1970">
    <p class='ocr_par' dir='ltr' id='par_1_65' title="bbox 2131 1896 3787 1970">
     <span class='ocr_line' id='line_1_65' title="bbox 2131 1896 3787 1970; baseline 0.002 -19"><span class='ocrx_word' id='word_1_506' title='bbox 2131 1902 2257 1952; x_wconf 90' lang='lat' dir='ltr'>tum</span> <span class='ocrx_word' id='word_1_507' title='bbox 2293 1899 2361 1951; x_wconf 90' lang='lat' dir='ltr'>ad</span> <span class='ocrx_word' id='word_1_508' title='bbox 2388 1896 2620 1953; x_wconf 90' lang='lat' dir='ltr'>illorum</span> <span class='ocrx_word' id='word_1_509' title='bbox 2637 1896 3014 1965; x_wconf 87' lang='lat' dir='ltr'>voluntatem,</span> <span class='ocrx_word' id='word_1_510' title='bbox 3047 1897 3339 1963; x_wconf 89' lang='lat' dir='ltr'>mala,sed</span> <span class='ocrx_word' id='word_1_511' title='bbox 3359 1897 3469 1953; x_wconf 88' lang='lat' dir='ltr'>sibi</span> <span class='ocrx_word' id='word_1_512' title='bbox 3491 1903 3787 1970; x_wconf 84' lang='lat' dir='ltr'>quantum</span> 
     </span>
    </p>
   </div>
   <div class='ocr_carea' id='block_1_66' title="bbox 2131 1986 3782 2059">
    <p class='ocr_par' dir='ltr' id='par_1_66' title="bbox 2131 1986 3782 2059">
     <span class='ocr_line' id='line_1_66' title="bbox 2131 1986 3782 2059; baseline 0.001 -18"><span class='ocrx_word' id='word_1_513' title='bbox 2131 1988 2201 2041; x_wconf 90' lang='lat' dir='ltr'>ad</span> <span class='ocrx_word' id='word_1_514' title='bbox 2236 2003 2379 2042; x_wconf 89' lang='lat' dir='ltr'>rem.</span> <span class='ocrx_word' id='word_1_515' title='bbox 2400 1989 2463 2041; x_wconf 83' lang='lat' dir='ltr'>Et</span> <span class='ocrx_word' id='word_1_516' title='bbox 2496 1988 2733 2041; x_wconf 89' lang='lat' dir='ltr'>tandem</span> <span class='ocrx_word' id='word_1_517' title='bbox 2759 1990 2891 2058; x_wconf 88' lang='lat' dir='ltr'>post</span> <span class='ocrx_word' id='word_1_518' title='bbox 2908 1986 3342 2059; x_wconf 85' lang='lat' dir='ltr'>cogitationem,</span> <span class='ocrx_word' id='word_1_519' title='bbox 3360 1990 3493 2059; x_wconf 83' lang='lat' dir='ltr'>post</span> <span class='ocrx_word' id='word_1_520' title='bbox 3513 2003 3782 2043; x_wconf 86' lang='lat' dir='ltr'>murmu—</span> 
     </span>
    </p>
   </div>
   <div class='ocr_carea' id='block_1_67' title="bbox 2130 2074 3786 2147">
    <p class='ocr_par' dir='ltr' id='par_1_67' title="bbox 2130 2074 3786 2147">
     <span class='ocr_line' id='line_1_67' title="bbox 2130 2074 3786 2147; baseline 0.002 -17"><span class='ocrx_word' id='word_1_521' title='bbox 2130 2076 2438 2141; x_wconf 87' lang='lat' dir='ltr'>rationem,</span> <span class='ocrx_word' id='word_1_522' title='bbox 2462 2075 2688 2130; x_wconf 87' lang='lat' dir='ltr'>verbum</span> <span class='ocrx_word' id='word_1_523' title='bbox 2721 2076 2993 2146; x_wconf 84' lang='lat' dir='ltr'>iniquum,</span> <span class='ocrx_word' id='word_1_524' title='bbox 3022 2075 3079 2130; x_wconf 92' lang='lat' dir='ltr'>id</span> <span class='ocrx_word' id='word_1_525' title='bbox 3110 2079 3217 2145; x_wconf 89' lang='lat' dir='ltr'>est,</span> <span class='ocrx_word' id='word_1_526' title='bbox 3241 2074 3527 2147; x_wconf 81' lang='lat' dir='ltr'>injustam</span> <span class='ocrx_word' id='word_1_527' title='bbox 3550 2080 3786 2133; x_wconf 83' lang='lat' dir='ltr'>senten-</span> 
     </span>
    </p>
   </div>
   <div class='ocr_carea' id='block_1_68' title="bbox 2127 2165 3781 2232">
    <p class='ocr_par' dir='ltr' id='par_1_68' title="bbox 2127 2165 3781 2232">
     <span class='ocr_line' id='line_1_68' title="bbox 2127 2165 3781 2232; baseline 0.003 -14"><span class='ocrx_word' id='word_1_528' title='bbox 2127 2165 2272 2232; x_wconf 75' lang='lat' dir='ltr'>tiam</span> <span class='ocrx_word' id='word_1_529' title='bbox 2330 2166 2731 2220; x_wconf 85' lang='lat' dir='ltr'>constituerunt</span> <span class='ocrx_word' id='word_1_530' title='bbox 2780 2165 3067 2221; x_wconf 83' lang='lat' dir='ltr'>adversum</span> <span class='ocrx_word' id='word_1_531' title='bbox 3115 2181 3221 2220; x_wconf 87' lang='lat' dir='ltr'>me.</span> <span class='ocrx_word' id='word_1_532' title='bbox 3283 2166 3424 2221; x_wconf 84' lang='lat' dir='ltr'>Reus</span> <span class='ocrx_word' id='word_1_533' title='bbox 3461 2173 3542 2221; x_wconf 82' lang='lat' dir='ltr'>est</span> <span class='ocrx_word' id='word_1_534' title='bbox 3586 2169 3781 2223; x_wconf 76' lang='lat' dir='ltr'>mortis</span> 
     </span>
    </p>
   </div>
   <div class='ocr_carea' id='block_1_69' title="bbox 2128 2261 3777 2337">
    <p class='ocr_par' dir='ltr' id='par_1_69' title="bbox 2128 2261 3777 2337">
     <span class='ocr_line' id='line_1_69' title="bbox 2128 2261 3777 2337; baseline 0.005 -24"><span class='ocrx_word' id='word_1_535' title='bbox 2128 2262 2338 2329; x_wconf 79' lang='lat' dir='ltr'>(Matth.</span> <span class='ocrx_word' id='word_1_536' title='bbox 2367 2262 2541 2333; x_wconf 71' lang='lat' dir='ltr'>xxvr).</span> <span class='ocrx_word' id='word_1_537' title='bbox 2572 2261 2685 2333; x_wconf 88' lang='lat' dir='ltr'>Ipsi</span> <span class='ocrx_word' id='word_1_538' title='bbox 2719 2278 2810 2318; x_wconf 89' lang='lat' dir='ltr'>me</span> <span class='ocrx_word' id='word_1_539' title='bbox 2828 2263 2899 2317; x_wconf 91' lang='lat' dir='ltr'>ad</span> <span class='ocrx_word' id='word_1_540' title='bbox 2933 2267 3176 2318; x_wconf 90' lang='lat' dir='ltr'>mortem</span> <span class='ocrx_word' id='word_1_541' title='bbox 3201 2263 3648 2337; x_wconf 87' lang='lat' dir='ltr'>damnaverunt,</span> <span class='ocrx_word' id='word_1_542' title='bbox 3676 2266 3777 2322; x_wconf 88' lang='lat' dir='ltr'>sed</span> 
     </span>
    </p>
   </div>
   <div class='ocr_carea' id='block_1_70' title="bbox 2129 2350 3780 2424">
    <p class='ocr_par' dir='ltr' id='par_1_70' title="bbox 2129 2350 3780 2424">
     <span class='ocr_line' id='line_1_70' title="bbox 2129 2350 3780 2424; baseline 0.003 -19"><span class='ocrx_word' id='word_1_543' title='bbox 2129 2367 2258 2422; x_wconf 64' lang='lat' dir='ltr'>quae</span> <span class='ocrx_word' id='word_1_544' title='bbox 2284 2367 2422 2406; x_wconf 90' lang='lat' dir='ltr'>cura</span> <span class='ocrx_word' id='word_1_545' title='bbox 2443 2350 2471 2405; x_wconf 84' lang='lat'><strong>?</strong></span> <span class='ocrx_word' id='word_1_546' title='bbox 2500 2351 2761 2422; x_wconf 79' lang='lat' dir='ltr'>Nunquid</span> <span class='ocrx_word' id='word_1_547' title='bbox 2789 2368 2900 2406; x_wconf 88' lang='lat' dir='ltr'>non</span> <span class='ocrx_word' id='word_1_548' title='bbox 2922 2367 3203 2424; x_wconf 85' lang='lat' dir='ltr'>resurgam</span> <span class='ocrx_word' id='word_1_549' title='bbox 3226 2352 3254 2407; x_wconf 84' lang='lat'><strong>?</strong></span> <span class='ocrx_word' id='word_1_550' title='bbox 3283 2352 3351 2407; x_wconf 89' lang='lat' dir='ltr'>Et</span> <span class='ocrx_word' id='word_1_551' title='bbox 3382 2352 3491 2408; x_wconf 89' lang='lat' dir='ltr'>hoc</span> <span class='ocrx_word' id='word_1_552' title='bbox 3521 2355 3780 2410; x_wconf 82' lang='lat' dir='ltr'>ostendit</span> 
     </span>
    </p>
   </div>
   <div class='ocr_carea' id='block_1_71' title="bbox 2126 2440 3779 2514">
    <p class='ocr_par' dir='ltr' id='par_1_71' title="bbox 2126 2440 3779 2514">
     <span class='ocr_line' id='line_1_71' title="bbox 2126 2440 3779 2514; baseline 0.003 -20"><span class='ocrx_word' id='word_1_553' title='bbox 2126 2456 2230 2511; x_wconf 90' lang='lat' dir='ltr'>per</span> <span class='ocrx_word' id='word_1_554' title='bbox 2259 2440 2473 2495; x_wconf 90' lang='lat' dir='ltr'>simile.</span> <span class='ocrx_word' id='word_1_555' title='bbox 2509 2440 2769 2513; x_wconf 84' lang='lat' dir='ltr'>Nunquid</span> <span class='ocrx_word' id='word_1_556' title='bbox 2816 2440 2913 2495; x_wconf 90' lang='lat' dir='ltr'>ille</span> <span class='ocrx_word' id='word_1_557' title='bbox 2942 2443 3041 2512; x_wconf 88' lang='lat' dir='ltr'>qui</span> <span class='ocrx_word' id='word_1_558' title='bbox 3083 2442 3288 2497; x_wconf 87' lang='lat' dir='ltr'>dormit</span> <span class='ocrx_word' id='word_1_559' title='bbox 3309 2458 3422 2497; x_wconf 84' lang='lat' dir='ltr'>non</span> <span class='ocrx_word' id='word_1_560' title='bbox 3466 2441 3691 2514; x_wconf 85' lang='lat' dir='ltr'>adjiciet</span> <span class='ocrx_word' id='word_1_561' title='bbox 3717 2448 3779 2499; x_wconf 82' lang='lat' dir='ltr'>ut</span> 
     </span>
    </p>
   </div>
   <div class='ocr_carea' id='block_1_72' title="bbox 2128 2528 3773 2604">
    <p class='ocr_par' dir='ltr' id='par_1_72' title="bbox 2128 2528 3773 2604">
     <span class='ocr_line' id='line_1_72' title="bbox 2128 2528 3773 2604; baseline 0.004 -22"><span class='ocrx_word' id='word_1_562' title='bbox 2128 2537 2402 2599; x_wconf 87' lang='lat' dir='ltr'>resurgat.</span> <span class='ocrx_word' id='word_1_563' title='bbox 2439 2528 2650 2601; x_wconf 90' lang='lat' dir='ltr'>Utique</span> <span class='ocrx_word' id='word_1_564' title='bbox 2682 2529 2935 2599; x_wconf 79' lang='lat' dir='ltr'>adjiciat.</span> <span class='ocrx_word' id='word_1_565' title='bbox 2984 2531 3145 2594; x_wconf 88' lang='lat' dir='ltr'>Quod</span> <span class='ocrx_word' id='word_1_566' title='bbox 3180 2531 3337 2586; x_wconf 89' lang='lat' dir='ltr'>enim</span> <span class='ocrx_word' id='word_1_567' title='bbox 3377 2532 3490 2604; x_wconf 88' lang='lat' dir='ltr'>ipsi</span> <span class='ocrx_word' id='word_1_568' title='bbox 3524 2538 3773 2589; x_wconf 87' lang='lat' dir='ltr'>mortem</span> 
     </span>
    </p>
   </div>
   <div class='ocr_carea' id='block_1_73' title="bbox 2128 2617 3780 2691">
    <p class='ocr_par' dir='ltr' id='par_1_73' title="bbox 2128 2617 3780 2691">
     <span class='ocr_line' id='line_1_73' title="bbox 2128 2617 3780 2691; baseline 0.005 -21"><span class='ocrx_word' id='word_1_569' title='bbox 2128 2618 2429 2688; x_wconf 78' lang='lat' dir='ltr'>putabant,</span> <span class='ocrx_word' id='word_1_570' title='bbox 2463 2617 2737 2672; x_wconf 88' lang='lat' dir='ltr'>dormitio</span> <span class='ocrx_word' id='word_1_571' title='bbox 2771 2634 2899 2673; x_wconf 86' lang='lat' dir='ltr'>mea</span> <span class='ocrx_word' id='word_1_572' title='bbox 2930 2618 3075 2674; x_wconf 85' lang='lat' dir='ltr'>fuit:</span> <span class='ocrx_word' id='word_1_573' title='bbox 3115 2619 3256 2690; x_wconf 89' lang='lat' dir='ltr'>quia</span> <span class='ocrx_word' id='word_1_574' title='bbox 3284 2624 3626 2691; x_wconf 75' lang='lat' dir='ltr'>spontanee,</span> <span class='ocrx_word' id='word_1_575' title='bbox 3660 2640 3780 2679; x_wconf 87' lang='lat' dir='ltr'>non</span> 
     </span>
    </p>
   </div>
   <div class='ocr_carea' id='block_1_74' title="bbox 2127 2706 3786 2767">
    <p class='ocr_par' dir='ltr' id='par_1_74' title="bbox 2127 2706 3786 2767">
     <span class='ocr_line' id='line_1_74' title="bbox 2127 2706 3786 2767; baseline 0.004 -7"><span class='ocrx_word' id='word_1_576' title='bbox 2127 2711 2344 2760; x_wconf 83' lang='lat' dir='ltr'>coacta.</span> <span class='ocrx_word' id='word_1_577' title='bbox 2380 2706 2611 2760; x_wconf 87' lang='lat' dir='ltr'>Primus</span> <span class='ocrx_word' id='word_1_578' title='bbox 2640 2706 2823 2761; x_wconf 87' lang='lat' dir='ltr'>Adam</span> <span class='ocrx_word' id='word_1_579' title='bbox 2857 2706 3138 2761; x_wconf 89' lang='lat' dir='ltr'>dormivit</span> <span class='ocrx_word' id='word_1_580' title='bbox 3165 2712 3231 2762; x_wconf 90' lang='lat' dir='ltr'>ut</span> <span class='ocrx_word' id='word_1_581' title='bbox 3260 2707 3644 2766; x_wconf 88' lang='lat' dir='ltr'>fabricaretur</span> <span class='ocrx_word' id='word_1_582' title='bbox 3668 2711 3786 2767; x_wconf 77' lang='lat' dir='ltr'>Eva</span> 
     </span>
    </p>
   </div>
   <div class='ocr_carea' id='block_1_75' title="bbox 2130 2793 3785 2866">
    <p class='ocr_par' dir='ltr' id='par_1_75' title="bbox 2130 2793 3785 2866">
     <span class='ocr_line' id='line_1_75' title="bbox 2130 2793 3785 2866; baseline 0.005 -19"><span class='ocrx_word' id='word_1_583' title='bbox 2130 2793 2281 2866; x_wconf 87' lang='lat' dir='ltr'>(Gen.</span> <span class='ocrx_word' id='word_1_584' title='bbox 2319 2797 2402 2864; x_wconf 78' lang='grc' dir='ltr'>ιι),</span> <span class='ocrx_word' id='word_1_585' title='bbox 2437 2793 2733 2849; x_wconf 89' lang='lat' dir='ltr'>secundus</span> <span class='ocrx_word' id='word_1_586' title='bbox 2786 2796 2961 2850; x_wconf 84' lang='lat' dir='ltr'>Adam</span> <span class='ocrx_word' id='word_1_587' title='bbox 2994 2796 3272 2851; x_wconf 86' lang='lat' dir='ltr'>dormivit</span> <span class='ocrx_word' id='word_1_588' title='bbox 3302 2802 3367 2851; x_wconf 90' lang='lat' dir='ltr'>ut</span> <span class='ocrx_word' id='word_1_589' title='bbox 3398 2797 3785 2856; x_wconf 77' lang='lat' dir='ltr'>fabricaretur</span> 
     </span>
    </p>
   </div>
   <div class='ocr_carea' id='block_1_76' title="bbox 2127 2881 3783 2958">
    <p class='ocr_par' dir='ltr' id='par_1_76' title="bbox 2127 2881 3783 2958">
     <span class='ocr_line' id='line_1_76' title="bbox 2127 2881 3783 2958; baseline 0.006 -22"><span class='ocrx_word' id='word_1_590' title='bbox 2127 2881 2478 2937; x_wconf 85' lang='lat' dir='ltr'>Ecclesia.Et</span> <span class='ocrx_word' id='word_1_591' title='bbox 2500 2884 2792 2954; x_wconf 90' lang='lat' dir='ltr'>quomodo</span> <span class='ocrx_word' id='word_1_592' title='bbox 2818 2884 2934 2939; x_wconf 83' lang='lat' dir='ltr'>haec</span> <span class='ocrx_word' id='word_1_593' title='bbox 2966 2884 3148 2939; x_wconf 84' lang='lat' dir='ltr'>ﬁent?</span> <span class='ocrx_word' id='word_1_594' title='bbox 3176 2885 3279 2940; x_wconf 90' lang='lat' dir='ltr'>Vel</span> <span class='ocrx_word' id='word_1_595' title='bbox 3313 2885 3455 2958; x_wconf 88' lang='lat' dir='ltr'>quid</span> <span class='ocrx_word' id='word_1_596' title='bbox 3486 2886 3676 2944; x_wconf 89' lang='lat' dir='ltr'>dicam</span> <span class='ocrx_word' id='word_1_597' title='bbox 3706 2889 3783 2946; x_wconf 83' lang='lat' dir='ltr'>de</span> 
     </span>
    </p>
   </div>
   <div class='ocr_carea' id='block_1_77' title="bbox 2125 2971 3780 3048">
    <p class='ocr_par' dir='ltr' id='par_1_77' title="bbox 2125 2971 3780 3048">
     <span class='ocr_line' id='line_1_77' title="bbox 2125 2971 3780 3048; baseline 0.005 -22"><span class='ocrx_word' id='word_1_598' title='bbox 2125 2971 2307 3026; x_wconf 84' lang='lat' dir='ltr'>aliis?</span> <span class='ocrx_word' id='word_1_599' title='bbox 2364 2972 2579 3027; x_wconf 88' lang='lat' dir='ltr'>Etenim</span> <span class='ocrx_word' id='word_1_600' title='bbox 2609 2972 2764 3028; x_wconf 87' lang='lat' dir='ltr'>homo</span> <span class='ocrx_word' id='word_1_601' title='bbox 2820 2974 2973 3042; x_wconf 84' lang='lat' dir='ltr'>pacis</span> <span class='ocrx_word' id='word_1_602' title='bbox 2999 2989 3157 3037; x_wconf 60' lang='lat' dir='ltr'>meai.</span> <span class='ocrx_word' id='word_1_603' title='bbox 3207 2974 3266 3030; x_wconf 92' lang='lat' dir='ltr'>id</span> <span class='ocrx_word' id='word_1_604' title='bbox 3314 2980 3421 3041; x_wconf 88' lang='lat' dir='ltr'>est,</span> <span class='ocrx_word' id='word_1_605' title='bbox 3470 2977 3571 3048; x_wconf 88' lang='lat' dir='ltr'>qui</span> <span class='ocrx_word' id='word_1_606' title='bbox 3627 2975 3780 3034; x_wconf 85' lang='lat' dir='ltr'>mihi</span> 
     </span>
    </p>
   </div>
   <div class='ocr_carea' id='block_1_78' title="bbox 2124 3054 3779 3137">
    <p class='ocr_par' dir='ltr' id='par_1_78' title="bbox 2124 3054 3779 3137">
     <span class='ocr_line' id='line_1_78' title="bbox 2124 3054 3779 3137; baseline 0.004 -22"><span class='ocrx_word' id='word_1_607' title='bbox 2124 3061 2464 3116; x_wconf 89' lang='lat' dir='ltr'>ostendebat</span> <span class='ocrx_word' id='word_1_608' title='bbox 2496 3077 2695 3132; x_wconf 89' lang='lat' dir='ltr'>pacem</span> <span class='ocrx_word' id='word_1_609' title='bbox 2730 3061 2921 3117; x_wconf 90' lang='lat' dir='ltr'>dando</span> <span class='ocrx_word' id='word_1_610' title='bbox 2942 3054 3220 3118; x_wconf 86' lang='lat' dir='ltr'>osculum</span> <span class='ocrx_word' id='word_1_611' title='bbox 3252 3064 3425 3135; x_wconf 86' lang='lat' dir='ltr'>(Joan.</span> <span class='ocrx_word' id='word_1_612' title='bbox 3457 3066 3540 3135; x_wconf 82' lang='grc' dir='ltr'>ιι),</span> <span class='ocrx_word' id='word_1_613' title='bbox 3576 3068 3635 3121; x_wconf 84' lang='lat' dir='ltr'>in</span> <span class='ocrx_word' id='word_1_614' title='bbox 3666 3083 3779 3137; x_wconf 87' lang='lat' dir='ltr'>quo</span> 
     </span>
    </p>
   </div>
   <div class='ocr_carea' id='block_1_79' title="bbox 2120 3151 3771 3224">
    <p class='ocr_par' dir='ltr' id='par_1_79' title="bbox 2120 3151 3771 3224">
     <span class='ocr_line' id='line_1_79' title="bbox 2120 3151 3771 3224; baseline 0.004 -20"><span class='ocrx_word' id='word_1_615' title='bbox 2120 3152 2342 3216; x_wconf 81' lang='lat' dir='ltr'>speravi</span> <span class='ocrx_word' id='word_1_616' title='bbox 2370 3167 2479 3204; x_wconf 70' lang='lat' dir='ltr'>non</span> <span class='ocrx_word' id='word_1_617' title='bbox 2518 3154 2802 3221; x_wconf 88' lang='lat' dir='ltr'>quantum</span> <span class='ocrx_word' id='word_1_618' title='bbox 2835 3151 2905 3205; x_wconf 91' lang='lat' dir='ltr'>ad</span> <span class='ocrx_word' id='word_1_619' title='bbox 2957 3167 3071 3220; x_wconf 88' lang='lat' dir='ltr'>me,</span> <span class='ocrx_word' id='word_1_620' title='bbox 3122 3151 3242 3224; x_wconf 90' lang='lat' dir='ltr'>ipse</span> <span class='ocrx_word' id='word_1_621' title='bbox 3295 3152 3451 3207; x_wconf 89' lang='lat' dir='ltr'>enim</span> <span class='ocrx_word' id='word_1_622' title='bbox 3498 3155 3771 3212; x_wconf 85' lang='lat' dir='ltr'>sciebam</span> 
     </span>
    </p>
   </div>
   <div class='ocr_carea' id='block_1_80' title="bbox 2120 3239 3763 3314">
    <p class='ocr_par' dir='ltr' id='par_1_80' title="bbox 2120 3239 3763 3314">
     <span class='ocr_line' id='line_1_80' title="bbox 2120 3239 3763 3314; baseline 0.003 -21"><span class='ocrx_word' id='word_1_623' title='bbox 2120 3239 2258 3311; x_wconf 88' lang='lat' dir='ltr'>quid</span> <span class='ocrx_word' id='word_1_624' title='bbox 2281 3243 2434 3294; x_wconf 88' lang='lat' dir='ltr'>esset</span> <span class='ocrx_word' id='word_1_625' title='bbox 2456 3240 2513 3294; x_wconf 93' lang='lat' dir='ltr'>in</span> <span class='ocrx_word' id='word_1_626' title='bbox 2547 3239 2802 3308; x_wconf 90' lang='lat' dir='ltr'>homine,</span> <span class='ocrx_word' id='word_1_627' title='bbox 2832 3241 2930 3295; x_wconf 88' lang='lat' dir='ltr'>sed</span> <span class='ocrx_word' id='word_1_628' title='bbox 2957 3241 3017 3296; x_wconf 91' lang='lat' dir='ltr'>in</span> <span class='ocrx_word' id='word_1_629' title='bbox 3041 3240 3274 3313; x_wconf 87' lang='lat' dir='ltr'>quomei</span> <span class='ocrx_word' id='word_1_630' title='bbox 3300 3257 3529 3312; x_wconf 86' lang='lat' dir='ltr'>sperare</span> <span class='ocrx_word' id='word_1_631' title='bbox 3549 3248 3763 3314; x_wconf 88' lang='lat' dir='ltr'>potue-</span> 
     </span>
    </p>
   </div>
   <div class='ocr_carea' id='block_1_81' title="bbox 2120 3329 3765 3403">
    <p class='ocr_par' dir='ltr' id='par_1_81' title="bbox 2120 3329 3765 3403">
     <span class='ocr_line' id='line_1_81' title="bbox 2120 3329 3765 3403; baseline 0.003 -20"><span class='ocrx_word' id='word_1_632' title='bbox 2120 3334 2274 3395; x_wconf 89' lang='lat' dir='ltr'>runt,</span> <span class='ocrx_word' id='word_1_633' title='bbox 2311 3329 2449 3400; x_wconf 90' lang='lat' dir='ltr'>quia</span> <span class='ocrx_word' id='word_1_634' title='bbox 2495 3345 2725 3383; x_wconf 87' lang='lat' dir='ltr'>mecum</span> <span class='ocrx_word' id='word_1_635' title='bbox 2756 3334 3041 3395; x_wconf 87' lang='lat' dir='ltr'>versatus,</span> <span class='ocrx_word' id='word_1_636' title='bbox 3076 3331 3135 3385; x_wconf 90' lang='lat' dir='ltr'>in</span> <span class='ocrx_word' id='word_1_637' title='bbox 3176 3330 3522 3386; x_wconf 85' lang='lat' dir='ltr'>conscientia</span> <span class='ocrx_word' id='word_1_638' title='bbox 3550 3348 3765 3403; x_wconf 86' lang='lat' dir='ltr'>prove-</span> 
     </span>
    </p>
   </div>
   <div class='ocr_carea' id='block_1_82' title="bbox 2118 3417 3765 3491">
    <p class='ocr_par' dir='ltr' id='par_1_82' title="bbox 2118 3417 3765 3491">
     <span class='ocr_line' id='line_1_82' title="bbox 2118 3417 3765 3491; baseline 0.004 -21"><span class='ocrx_word' id='word_1_639' title='bbox 2118 3423 2268 3487; x_wconf 86' lang='lat' dir='ltr'>ctus,</span> <span class='ocrx_word' id='word_1_640' title='bbox 2298 3417 2384 3473; x_wconf 85' lang='lat' dir='ltr'>vel</span> <span class='ocrx_word' id='word_1_641' title='bbox 2415 3417 2473 3471; x_wconf 92' lang='lat' dir='ltr'>in</span> <span class='ocrx_word' id='word_1_642' title='bbox 2493 3434 2609 3488; x_wconf 91' lang='lat' dir='ltr'>quo</span> <span class='ocrx_word' id='word_1_643' title='bbox 2636 3434 2869 3488; x_wconf 88' lang='lat' dir='ltr'>sperare</span> <span class='ocrx_word' id='word_1_644' title='bbox 2900 3418 3074 3474; x_wconf 87' lang='lat' dir='ltr'>debui</span> <span class='ocrx_word' id='word_1_645' title='bbox 3095 3425 3381 3491; x_wconf 88' lang='lat' dir='ltr'>quantum</span> <span class='ocrx_word' id='word_1_646' title='bbox 3402 3421 3474 3476; x_wconf 89' lang='lat' dir='ltr'>ad</span> <span class='ocrx_word' id='word_1_647' title='bbox 3495 3437 3765 3477; x_wconf 82' lang='lat' dir='ltr'>commu-</span> 
     </span>
    </p>
   </div>
   <div class='ocr_carea' id='block_1_83' title="bbox 2119 3507 3763 3582">
    <p class='ocr_par' dir='ltr' id='par_1_83' title="bbox 2119 3507 3763 3582">
     <span class='ocr_line' id='line_1_83' title="bbox 2119 3507 3763 3582; baseline 0.003 -20"><span class='ocrx_word' id='word_1_648' title='bbox 2119 3524 2250 3562; x_wconf 89' lang='lat' dir='ltr'>nem</span> <span class='ocrx_word' id='word_1_649' title='bbox 2283 3507 2791 3580; x_wconf 84' lang='lat' dir='ltr'>gratiam.Esurivi</span> <span class='ocrx_word' id='word_1_650' title='bbox 2808 3510 2975 3576; x_wconf 85' lang='lat' dir='ltr'>enim,</span> <span class='ocrx_word' id='word_1_651' title='bbox 2999 3513 3316 3566; x_wconf 67' lang='lat' dir='ltr'>etczetera:</span> <span class='ocrx_word' id='word_1_652' title='bbox 3352 3511 3576 3582; x_wconf 83' lang='lat' dir='ltr'>speravi</span> <span class='ocrx_word' id='word_1_653' title='bbox 3598 3512 3763 3568; x_wconf 84' lang='lat' dir='ltr'>enim</span> 
     </span>
    </p>
   </div>
   <div class='ocr_carea' id='block_1_84' title="bbox 2118 3595 3765 3671">
    <p class='ocr_par' dir='ltr' id='par_1_84' title="bbox 2118 3595 3765 3671">
     <span class='ocr_line' id='line_1_84' title="bbox 2118 3595 3765 3671; baseline 0.005 -23"><span class='ocrx_word' id='word_1_654' title='bbox 2118 3596 2176 3649; x_wconf 90' lang='lat' dir='ltr'>in</span> <span class='ocrx_word' id='word_1_655' title='bbox 2208 3595 2309 3649; x_wconf 86' lang='lat' dir='ltr'>illo</span> <span class='ocrx_word' id='word_1_656' title='bbox 2338 3610 2467 3651; x_wconf 84' lang='lat' dir='ltr'>esse</span> <span class='ocrx_word' id='word_1_657' title='bbox 2497 3595 2695 3649; x_wconf 87' lang='lat' dir='ltr'>cibum</span> <span class='ocrx_word' id='word_1_658' title='bbox 2721 3612 2917 3651; x_wconf 88' lang='lat' dir='ltr'>meum</span> <span class='ocrx_word' id='word_1_659' title='bbox 2950 3598 3049 3668; x_wconf 90' lang='lat' dir='ltr'>qni</span> <span class='ocrx_word' id='word_1_660' title='bbox 3082 3598 3290 3653; x_wconf 87' lang='lat' dir='ltr'>edebat</span> <span class='ocrx_word' id='word_1_661' title='bbox 3305 3615 3515 3671; x_wconf 86' lang='lat' dir='ltr'>panem</span> <span class='ocrx_word' id='word_1_662' title='bbox 3536 3616 3765 3668; x_wconf 85' lang='lat' dir='ltr'>meum,</span> 
     </span>
    </p>
   </div>
   <div class='ocr_carea' id='block_1_85' title="bbox 2117 3683 3764 3763">
    <p class='ocr_par' dir='ltr' id='par_1_85' title="bbox 2117 3683 3764 3763">
     <span class='ocr_line' id='line_1_85' title="bbox 2117 3683 3764 3763; baseline 0.005 -26"><span class='ocrx_word' id='word_1_663' title='bbox 2117 3684 2216 3754; x_wconf 89' lang='lat' dir='ltr'>qui</span> <span class='ocrx_word' id='word_1_664' title='bbox 2248 3683 2616 3739; x_wconf 85' lang='lat' dir='ltr'>reﬁciebatur</span> <span class='ocrx_word' id='word_1_665' title='bbox 2634 3684 2835 3740; x_wconf 90' lang='lat' dir='ltr'>eadem</span> <span class='ocrx_word' id='word_1_666' title='bbox 2869 3686 3263 3758; x_wconf 79' lang='lat' dir='ltr'>doctrinaque</span> <span class='ocrx_word' id='word_1_667' title='bbox 3293 3692 3350 3744; x_wconf 90' lang='lat' dir='ltr'>et</span> <span class='ocrx_word' id='word_1_668' title='bbox 3366 3704 3508 3761; x_wconf 87' lang='lat' dir='ltr'>ego:</span> <span class='ocrx_word' id='word_1_669' title='bbox 3541 3688 3764 3763; x_wconf 81' lang='lat' dir='ltr'>vel,qui</span> 
     </span>
    </p>
   </div>
   <div class='ocr_carea' id='block_1_86' title="bbox 2119 3773 3769 3850">
    <p class='ocr_par' dir='ltr' id='par_1_86' title="bbox 2119 3773 3769 3850">
     <span class='ocr_line' id='line_1_86' title="bbox 2119 3773 3769 3850; baseline 0.005 -23"><span class='ocrx_word' id='word_1_670' title='bbox 2119 3788 2347 3828; x_wconf 90' lang='lat' dir='ltr'>mecum</span> <span class='ocrx_word' id='word_1_671' title='bbox 2376 3773 2719 3828; x_wconf 88' lang='lat' dir='ltr'>vescebatur</span> <span class='ocrx_word' id='word_1_672' title='bbox 2744 3776 3115 3845; x_wconf 78' lang='lat' dir='ltr'>magni/tenvit</span> <span class='ocrx_word' id='word_1_673' title='bbox 3133 3792 3298 3848; x_wconf 84' lang='lat' dir='ltr'>super</span> <span class='ocrx_word' id='word_1_674' title='bbox 3320 3794 3406 3832; x_wconf 89' lang='lat' dir='ltr'>me</span> <span class='ocrx_word' id='word_1_675' title='bbox 3431 3779 3769 3850; x_wconf 80' lang='lat' dir='ltr'>supplanta-</span> 
     </span>
    </p>
   </div>
   <div class='ocr_carea' id='block_1_87' title="bbox 2115 3859 3762 3937">
    <p class='ocr_par' dir='ltr' id='par_1_87' title="bbox 2115 3859 3762 3937">
     <span class='ocr_line' id='line_1_87' title="bbox 2115 3859 3762 3937; baseline 0.005 -22"><span class='ocrx_word' id='word_1_676' title='bbox 2115 3862 2340 3926; x_wconf 86' lang='lat' dir='ltr'>tionem,</span> <span class='ocrx_word' id='word_1_677' title='bbox 2369 3859 2547 3927; x_wconf 89' lang='lat' dir='ltr'>idest,</span> <span class='ocrx_word' id='word_1_678' title='bbox 2579 3860 2709 3932; x_wconf 87' lang='lat' dir='ltr'>plus</span> <span class='ocrx_word' id='word_1_679' title='bbox 2723 3878 2815 3917; x_wconf 92' lang='lat' dir='ltr'>me</span> <span class='ocrx_word' id='word_1_680' title='bbox 2829 3862 3228 3934; x_wconf 87' lang='lat' dir='ltr'>supplantavit</span> <span class='ocrx_word' id='word_1_681' title='bbox 3252 3882 3431 3937; x_wconf 87' lang='lat' dir='ltr'>quam</span> <span class='ocrx_word' id='word_1_682' title='bbox 3451 3866 3575 3923; x_wconf 91' lang='lat' dir='ltr'>alii.</span> <span class='ocrx_word' id='word_1_683' title='bbox 3600 3869 3762 3923; x_wconf 68' lang='lat' dir='ltr'>Dixit</span> 
     </span>
    </p>
   </div>
   <div class='ocr_carea' id='block_1_88' title="bbox 2115 3951 3767 4029">
    <p class='ocr_par' dir='ltr' id='par_1_88' title="bbox 2115 3951 3767 4029">
     <span class='ocr_line' id='line_1_88' title="bbox 2115 3951 3767 4029; baseline 0.005 -24"><span class='ocrx_word' id='word_1_684' title='bbox 2115 3951 2282 4016; x_wconf 88' lang='lat' dir='ltr'>enim,</span> <span class='ocrx_word' id='word_1_685' title='bbox 2320 3951 2435 4020; x_wconf 88' lang='lat' dir='ltr'>ipse</span> <span class='ocrx_word' id='word_1_686' title='bbox 2465 3957 2565 4016; x_wconf 90' lang='lat' dir='ltr'>est,</span> <span class='ocrx_word' id='word_1_687' title='bbox 2586 3953 2765 4006; x_wconf 79' lang='lat' dir='ltr'>tenete</span> <span class='ocrx_word' id='word_1_688' title='bbox 2786 3967 2931 4017; x_wconf 86' lang='lat' dir='ltr'>eum,</span> <span class='ocrx_word' id='word_1_689' title='bbox 2953 3956 3004 4008; x_wconf 87' lang='lat' dir='ltr'>et</span> <span class='ocrx_word' id='word_1_690' title='bbox 3022 3954 3209 4009; x_wconf 85' lang='lat' dir='ltr'>ducite</span> <span class='ocrx_word' id='word_1_691' title='bbox 3234 3959 3394 4011; x_wconf 86' lang='lat' dir='ltr'>caute</span> <span class='ocrx_word' id='word_1_692' title='bbox 3413 3957 3614 4027; x_wconf 86' lang='lat' dir='ltr'>(Marc.</span> <span class='ocrx_word' id='word_1_693' title='bbox 3628 3959 3767 4029; x_wconf 72' lang='lat' dir='ltr'>xxv).</span> 
     </span>
    </p>
   </div>
   <div class='ocr_carea' id='block_1_89' title="bbox 2118 4035 3769 4120">
    <p class='ocr_par' dir='ltr' id='par_1_89' title="bbox 2118 4035 3769 4120">
     <span class='ocr_line' id='line_1_89' title="bbox 2118 4035 3769 4120; baseline 0.005 -19"><span class='ocrx_word' id='word_1_694' title='bbox 2118 4044 2295 4111; x_wconf 86' lang='lat' dir='ltr'>Quasi</span> <span class='ocrx_word' id='word_1_695' title='bbox 2327 4045 2578 4101; x_wconf 86' lang='lat' dir='ltr'>diceret:</span> <span class='ocrx_word' id='word_1_696' title='bbox 2613 4046 2934 4120; x_wconf 84' lang='lat' dir='ltr'>Diligenter</span> <span class='ocrx_word' id='word_1_697' title='bbox 2954 4066 3086 4105; x_wconf 89' lang='lat' dir='ltr'>eum</span> <span class='ocrx_word' id='word_1_698' title='bbox 3121 4035 3412 4108; x_wconf 68' lang='lat' dir='ltr'>custbdite</span> <span class='ocrx_word' id='word_1_699' title='bbox 3439 4069 3510 4109; x_wconf 88' lang='lat' dir='ltr'>ne</span> <span class='ocrx_word' id='word_1_700' title='bbox 3528 4054 3769 4110; x_wconf 84' lang='lat' dir='ltr'>amitta-</span> 
     </span>
    </p>
   </div>
   <div class='ocr_carea' id='block_1_90' title="bbox 2116 4135 3766 4210">
    <p class='ocr_par' dir='ltr' id='par_1_90' title="bbox 2116 4135 3766 4210">
     <span class='ocr_line' id='line_1_90' title="bbox 2116 4135 3766 4210; baseline 0.004 -19"><span class='ocrx_word' id='word_1_701' title='bbox 2116 4136 2212 4203; x_wconf 89' lang='lat' dir='ltr'>tis,</span> <span class='ocrx_word' id='word_1_702' title='bbox 2246 4135 2386 4207; x_wconf 91' lang='lat' dir='ltr'>quia</span> <span class='ocrx_word' id='word_1_703' title='bbox 2415 4135 2544 4190; x_wconf 90' lang='lat' dir='ltr'>novi</span> <span class='ocrx_word' id='word_1_704' title='bbox 2579 4136 2707 4206; x_wconf 86' lang='lat' dir='ltr'>ejus</span> <span class='ocrx_word' id='word_1_705' title='bbox 2757 4153 2931 4208; x_wconf 89' lang='lat' dir='ltr'>opera</span> <span class='ocrx_word' id='word_1_706' title='bbox 2963 4142 3020 4193; x_wconf 87' lang='lat' dir='ltr'>et</span> <span class='ocrx_word' id='word_1_707' title='bbox 3061 4140 3188 4210; x_wconf 86' lang='lat' dir='ltr'>ejus</span> <span class='ocrx_word' id='word_1_708' title='bbox 3221 4140 3483 4198; x_wconf 88' lang='lat' dir='ltr'>consilia.</span> <span class='ocrx_word' id='word_1_709' title='bbox 3537 4142 3766 4199; x_wconf 86' lang='lat' dir='ltr'>Inimici</span> 
     </span>
    </p>
   </div>
   <div class='ocr_carea' id='block_1_91' title="bbox 2118 4224 3771 4299">
    <p class='ocr_par' dir='ltr' id='par_1_91' title="bbox 2118 4224 3771 4299">
     <span class='ocr_line' id='line_1_91' title="bbox 2118 4224 3771 4299; baseline 0.005 -19"><span class='ocrx_word' id='word_1_710' title='bbox 2118 4224 2232 4280; x_wconf 88' lang='lat' dir='ltr'>mei</span> <span class='ocrx_word' id='word_1_711' title='bbox 2265 4224 2335 4279; x_wconf 92' lang='lat' dir='ltr'>ad</span> <span class='ocrx_word' id='word_1_712' title='bbox 2368 4228 2615 4279; x_wconf 90' lang='lat' dir='ltr'>mortem</span> <span class='ocrx_word' id='word_1_713' title='bbox 2648 4240 2741 4278; x_wconf 89' lang='lat' dir='ltr'>me</span> <span class='ocrx_word' id='word_1_714' title='bbox 2771 4225 3214 4283; x_wconf 88' lang='lat' dir='ltr'>damnaverunt.</span> <span class='ocrx_word' id='word_1_715' title='bbox 3250 4229 3322 4284; x_wconf 90' lang='lat' dir='ltr'>Tu</span> <span class='ocrx_word' id='word_1_716' title='bbox 3350 4234 3557 4299; x_wconf 78' lang='lat' dir='ltr'>autem,</span> <span class='ocrx_word' id='word_1_717' title='bbox 3583 4232 3771 4288; x_wconf 85' lang='lat' dir='ltr'>Domi-</span> 
     </span>
    </p>
   </div>
   <div class='ocr_carea' id='block_1_92' title="bbox 2116 4312 3773 4392">
    <p class='ocr_par' dir='ltr' id='par_1_92' title="bbox 2116 4312 3773 4392">
     <span class='ocr_line' id='line_1_92' title="bbox 2116 4312 3773 4392; baseline 0.005 -23"><span class='ocrx_word' id='word_1_718' title='bbox 2116 4329 2203 4381; x_wconf 88' lang='lat' dir='ltr'>ne,</span> <span class='ocrx_word' id='word_1_719' title='bbox 2247 4313 2340 4367; x_wconf 89' lang='lat' dir='ltr'>cui</span> <span class='ocrx_word' id='word_1_720' title='bbox 2372 4313 2433 4367; x_wconf 88' lang='lat' dir='ltr'>in</span> <span class='ocrx_word' id='word_1_721' title='bbox 2466 4312 2576 4368; x_wconf 88' lang='lat' dir='ltr'>hoc</span> <span class='ocrx_word' id='word_1_722' title='bbox 2632 4312 2859 4379; x_wconf 91' lang='lat' dir='ltr'>obedio,</span> <span class='ocrx_word' id='word_1_723' title='bbox 2889 4315 3150 4371; x_wconf 86' lang='lat' dir='ltr'>miserere</span> <span class='ocrx_word' id='word_1_724' title='bbox 3174 4319 3306 4385; x_wconf 87' lang='lat' dir='ltr'>mei,</span> <span class='ocrx_word' id='word_1_725' title='bbox 3339 4318 3398 4374; x_wconf 91' lang='lat' dir='ltr'>id</span> <span class='ocrx_word' id='word_1_726' title='bbox 3430 4324 3545 4390; x_wconf 84' lang='lat' dir='ltr'>est,</span> <span class='ocrx_word' id='word_1_727' title='bbox 3577 4320 3773 4392; x_wconf 64' lang='lat' dir='ltr'>prebo</span> 
     </span>
    </p>
   </div>
   <div class='ocr_carea' id='block_1_93' title="bbox 2117 4398 3771 4465">
    <p class='ocr_par' dir='ltr' id='par_1_93' title="bbox 2117 4398 3771 4465">
     <span class='ocr_line' id='line_1_93' title="bbox 2117 4398 3771 4465; baseline 0.005 -8"><span class='ocrx_word' id='word_1_728' title='bbox 2117 4402 2264 4457; x_wconf 88' lang='lat' dir='ltr'>meis</span> <span class='ocrx_word' id='word_1_729' title='bbox 2282 4398 2741 4456; x_wconf 88' lang='lat' dir='ltr'>misericordiam</span> <span class='ocrx_word' id='word_1_730' title='bbox 2761 4418 2852 4457; x_wconf 89' lang='lat' dir='ltr'>me</span> <span class='ocrx_word' id='word_1_731' title='bbox 2882 4403 3305 4461; x_wconf 88' lang='lat' dir='ltr'>resuscitando.</span> <span class='ocrx_word' id='word_1_732' title='bbox 3328 4405 3445 4462; x_wconf 83' lang='lat' dir='ltr'>Hoc</span> <span class='ocrx_word' id='word_1_733' title='bbox 3467 4408 3771 4465; x_wconf 81' lang='lat' dir='ltr'>modomi-</span> 
     </span>
    </p>
   </div>
   <div class='ocr_carea' id='block_1_94' title="bbox 2115 4493 3771 4561">
    <p class='ocr_par' dir='ltr' id='par_1_94' title="bbox 2115 4493 3771 4561">
     <span class='ocr_line' id='line_1_94' title="bbox 2115 4493 3771 4561; baseline 0.004 -13"><span class='ocrx_word' id='word_1_734' title='bbox 2115 4509 2317 4548; x_wconf 89' lang='lat' dir='ltr'>serere.</span> <span class='ocrx_word' id='word_1_735' title='bbox 2352 4493 2626 4547; x_wconf 85' lang='lat' dir='ltr'>Resuscita</span> <span class='ocrx_word' id='word_1_736' title='bbox 2643 4507 2745 4559; x_wconf 87' lang='lat' dir='ltr'>me,</span> <span class='ocrx_word' id='word_1_737' title='bbox 2777 4501 2827 4548; x_wconf 90' lang='lat' dir='ltr'>et</span> <span class='ocrx_word' id='word_1_738' title='bbox 2855 4496 3167 4551; x_wconf 85' lang='lat' dir='ltr'>retribuam</span> <span class='ocrx_word' id='word_1_739' title='bbox 3196 4496 3296 4561; x_wconf 86' lang='lat' dir='ltr'>eis,</span> <span class='ocrx_word' id='word_1_740' title='bbox 3330 4495 3418 4551; x_wconf 88' lang='lat' dir='ltr'>vel</span> <span class='ocrx_word' id='word_1_741' title='bbox 3451 4497 3511 4551; x_wconf 90' lang='lat' dir='ltr'>in</span> <span class='ocrx_word' id='word_1_742' title='bbox 3546 4497 3771 4555; x_wconf 89' lang='lat' dir='ltr'>bonum</span> 
     </span>
    </p>
   </div>
   <div class='ocr_carea' id='block_1_95' title="bbox 362 4577 3773 4660">
    <p class='ocr_par' dir='ltr' id='par_1_95' title="bbox 362 4577 3773 4660">
     <span class='ocr_line' id='line_1_95' title="bbox 362 4577 3773 4660; baseline 0.001 -21"><span class='ocrx_word' id='word_1_743' title='bbox 362 4585 463 4655; x_wconf 90' lang='lat' dir='ltr'>qui</span> <span class='ocrx_word' id='word_1_744' title='bbox 494 4583 901 4657; x_wconf 82' lang='lat' dir='ltr'>intelliguntin</span> <span class='ocrx_word' id='word_1_745' title='bbox 918 4599 1204 4655; x_wconf 89' lang='lat' dir='ltr'>mesupra</span> <span class='ocrx_word' id='word_1_746' title='bbox 1221 4597 1398 4654; x_wconf 89' lang='lat' dir='ltr'>quam</span> <span class='ocrx_word' id='word_1_747' title='bbox 1421 4581 1617 4635; x_wconf 89' lang='lat' dir='ltr'>vident</span> <span class='ocrx_word' id='word_1_748' title='bbox 1648 4582 1706 4635; x_wconf 91' lang='lat' dir='ltr'>in</span> <span class='ocrx_word' id='word_1_749' title='bbox 1728 4586 2008 4645; x_wconf 66' lang='lat' dir='ltr'>me,cmte-</span> <span class='ocrx_word' id='word_1_750' title='bbox 2036 4577 2083 4640; x_wconf 94' lang='lat' dir='ltr'><strong>D</strong></span> <span class='ocrx_word' id='word_1_751' title='bbox 2117 4581 2523 4650; x_wconf 88' lang='lat' dir='ltr'>convertendo,</span> <span class='ocrx_word' id='word_1_752' title='bbox 2590 4580 2677 4635; x_wconf 89' lang='lat' dir='ltr'>vel</span> <span class='ocrx_word' id='word_1_753' title='bbox 2711 4580 2769 4636; x_wconf 90' lang='lat' dir='ltr'>in</span> <span class='ocrx_word' id='word_1_754' title='bbox 2827 4580 3047 4637; x_wconf 91' lang='lat' dir='ltr'>malum</span> <span class='ocrx_word' id='word_1_755' title='bbox 3075 4583 3398 4654; x_wconf 90' lang='lat' dir='ltr'>judicando</span> <span class='ocrx_word' id='word_1_756' title='bbox 3453 4602 3576 4657; x_wconf 86' lang='lat' dir='ltr'>eos,</span> <span class='ocrx_word' id='word_1_757' title='bbox 3641 4592 3773 4660; x_wconf 82' lang='lat' dir='ltr'>post</span> 
     </span>
    </p>
   </div>
   <div class='ocr_carea' id='block_1_96' title="bbox 364 4670 2007 4734">
    <p class='ocr_par' dir='ltr' id='par_1_96' title="bbox 364 4670 2007 4734">
     <span class='ocr_line' id='line_1_96' title="bbox 364 4670 2007 4734; baseline -0.001 -7"><span class='ocrx_word' id='word_1_758' title='bbox 364 4689 497 4728; x_wconf 87' lang='lat' dir='ltr'>rum</span> <span class='ocrx_word' id='word_1_759' title='bbox 529 4675 748 4728; x_wconf 86' lang='lat' dir='ltr'>inimici</span> <span class='ocrx_word' id='word_1_760' title='bbox 770 4676 881 4729; x_wconf 88' lang='lat' dir='ltr'>mei</span> <span class='ocrx_word' id='word_1_761' title='bbox 901 4672 1327 4729; x_wconf 71' lang='lat' dir='ltr'>dixeruntmala</span> <span class='ocrx_word' id='word_1_762' title='bbox 1353 4670 1516 4734; x_wconf 87' lang='lat' dir='ltr'>mihi,</span> <span class='ocrx_word' id='word_1_763' title='bbox 1536 4674 1593 4725; x_wconf 87' lang='lat' dir='ltr'>et</span> <span class='ocrx_word' id='word_1_764' title='bbox 1614 4671 1743 4724; x_wconf 90' lang='lat' dir='ltr'>ideo</span> <span class='ocrx_word' id='word_1_765' title='bbox 1766 4670 2007 4726; x_wconf 89' lang='lat' dir='ltr'>minime</span> 
     </span>
    </p>
   </div>
   <div class='ocr_carea' id='block_1_97' title="bbox 364 4756 2012 4833">
    <p class='ocr_par' dir='ltr' id='par_1_97' title="bbox 364 4756 2012 4833">
     <span class='ocr_line' id='line_1_97' title="bbox 364 4756 2012 4833; baseline -0.001 -16"><span class='ocrx_word' id='word_1_766' title='bbox 364 4761 538 4817; x_wconf 88' lang='lat' dir='ltr'>beati.</span> <span class='ocrx_word' id='word_1_767' title='bbox 572 4762 747 4827; x_wconf 86' lang='lat' dir='ltr'>Quasi</span> <span class='ocrx_word' id='word_1_768' title='bbox 779 4762 955 4830; x_wconf 90' lang='lat' dir='ltr'>dicat,</span> <span class='ocrx_word' id='word_1_769' title='bbox 989 4761 1131 4833; x_wconf 90' lang='lat' dir='ltr'>quid</span> <span class='ocrx_word' id='word_1_770' title='bbox 1166 4761 1381 4815; x_wconf 90' lang='lat' dir='ltr'>mirum</span> <span class='ocrx_word' id='word_1_771' title='bbox 1416 4759 1487 4813; x_wconf 92' lang='lat' dir='ltr'>de</span> <span class='ocrx_word' id='word_1_772' title='bbox 1509 4756 1689 4813; x_wconf 82' lang='lat' dir='ltr'>aliis?</span> <span class='ocrx_word' id='word_1_773' title='bbox 1721 4758 1864 4813; x_wconf 86' lang='lat' dir='ltr'>Nam</span> <span class='ocrx_word' id='word_1_774' title='bbox 1888 4764 1941 4814; x_wconf 83' lang='lat' dir='ltr'>et</span> <span class='ocrx_word' id='word_1_775' title='bbox 1960 4762 2012 4815; x_wconf 90' lang='lat' dir='ltr'>si</span> 
     </span>
    </p>
   </div>
   <div class='ocr_carea' id='block_1_98' title="bbox 363 4847 2010 4921">
    <p class='ocr_par' dir='ltr' id='par_1_98' title="bbox 363 4847 2010 4921">
     <span class='ocr_line' id='line_1_98' title="bbox 363 4847 2010 4921; baseline -0.002 -14"><span class='ocrx_word' id='word_1_776' title='bbox 363 4849 800 4921; x_wconf 85' lang='lat' dir='ltr'>ingrediebatur,</span> <span class='ocrx_word' id='word_1_777' title='bbox 831 4850 889 4904; x_wconf 93' lang='lat' dir='ltr'>id</span> <span class='ocrx_word' id='word_1_778' title='bbox 921 4856 1029 4921; x_wconf 87' lang='lat' dir='ltr'>est,</span> <span class='ocrx_word' id='word_1_779' title='bbox 1044 4851 1092 4904; x_wconf 89' lang='lat' dir='ltr'>si</span> <span class='ocrx_word' id='word_1_780' title='bbox 1117 4849 1329 4921; x_wconf 87' lang='lat' dir='ltr'>aliquis</span> <span class='ocrx_word' id='word_1_781' title='bbox 1352 4847 1670 4902; x_wconf 89' lang='lat' dir='ltr'>amicitiam</span> <span class='ocrx_word' id='word_1_782' title='bbox 1692 4853 1748 4903; x_wconf 88' lang='lat' dir='ltr'>et</span> <span class='ocrx_word' id='word_1_783' title='bbox 1769 4848 2010 4904; x_wconf 86' lang='lat' dir='ltr'>societa-</span> 
     </span>
    </p>
   </div>
   <div class='ocr_carea' id='block_1_99' title="bbox 362 4936 2009 5012">
    <p class='ocr_par' dir='ltr' id='par_1_99' title="bbox 362 4936 2009 5012">
     <span class='ocr_line' id='line_1_99' title="bbox 362 4936 2009 5012; baseline -0.002 -16"><span class='ocrx_word' id='word_1_784' title='bbox 362 4943 481 4996; x_wconf 85' lang='lat' dir='ltr'>tem</span> <span class='ocrx_word' id='word_1_785' title='bbox 510 4938 834 5012; x_wconf 78' lang='lat' dir='ltr'>praetendit,</span> <span class='ocrx_word' id='word_1_786' title='bbox 862 4938 1150 4993; x_wconf 89' lang='lat' dir='ltr'>simulans</span> <span class='ocrx_word' id='word_1_787' title='bbox 1182 4937 1425 5009; x_wconf 86' lang='lat' dir='ltr'>ingredi,</span> <span class='ocrx_word' id='word_1_788' title='bbox 1449 4936 1504 4990; x_wconf 91' lang='lat' dir='ltr'>id</span> <span class='ocrx_word' id='word_1_789' title='bbox 1538 4940 1644 5003; x_wconf 82' lang='lat' dir='ltr'>est,</span> <span class='ocrx_word' id='word_1_790' title='bbox 1672 4953 1900 4994; x_wconf 89' lang='lat' dir='ltr'>mecum</span> <span class='ocrx_word' id='word_1_791' title='bbox 1927 4938 2009 4994; x_wconf 87' lang='lat' dir='ltr'>vel</span> 
     </span>
    </p>
   </div>
   <div class='ocr_carea' id='block_1_100' title="bbox 363 5024 2014 5096">
    <p class='ocr_par' dir='ltr' id='par_1_100' title="bbox 363 5024 2014 5096">
     <span class='ocr_line' id='line_1_100' title="bbox 363 5024 2014 5096; baseline -0.002 -11"><span class='ocrx_word' id='word_1_792' title='bbox 363 5045 498 5085; x_wconf 90' lang='lat' dir='ltr'>cum</span> <span class='ocrx_word' id='word_1_793' title='bbox 531 5028 678 5085; x_wconf 87' lang='lat' dir='ltr'>meis</span> <span class='ocrx_word' id='word_1_794' title='bbox 692 5027 1046 5092; x_wconf 87' lang='lat' dir='ltr'>conversari,</span> <span class='ocrx_word' id='word_1_795' title='bbox 1066 5032 1130 5081; x_wconf 87' lang='lat' dir='ltr'>ut</span> <span class='ocrx_word' id='word_1_796' title='bbox 1147 5027 1333 5082; x_wconf 90' lang='lat' dir='ltr'>Judas</span> <span class='ocrx_word' id='word_1_797' title='bbox 1358 5031 1415 5081; x_wconf 88' lang='lat' dir='ltr'>et</span> <span class='ocrx_word' id='word_1_798' title='bbox 1436 5024 1520 5079; x_wconf 90' lang='lat' dir='ltr'>illi</span> <span class='ocrx_word' id='word_1_799' title='bbox 1542 5026 1611 5080; x_wconf 91' lang='lat' dir='ltr'>de</span> <span class='ocrx_word' id='word_1_800' title='bbox 1634 5026 1850 5096; x_wconf 90' lang='lat' dir='ltr'>quibus</span> <span class='ocrx_word' id='word_1_801' title='bbox 1873 5027 2014 5082; x_wconf 88' lang='lat' dir='ltr'>dicit</span> 
     </span>
    </p>
   </div>
   <div class='ocr_carea' id='block_1_101' title="bbox 363 5115 2015 5192">
    <p class='ocr_par' dir='ltr' id='par_1_101' title="bbox 363 5115 2015 5192">
     <span class='ocr_line' id='line_1_101' title="bbox 363 5115 2015 5192; baseline -0.001 -18"><span class='ocrx_word' id='word_1_802' title='bbox 363 5117 694 5192; x_wconf 85' lang='lat' dir='ltr'>Apostolus,</span> <span class='ocrx_word' id='word_1_803' title='bbox 727 5124 951 5190; x_wconf 79' lang='lat' dir='ltr'>prepfer</span> <span class='ocrx_word' id='word_1_804' title='bbox 999 5115 1441 5171; x_wconf 82' lang='lat' dir='ltr'>subintroductos</span> <span class='ocrx_word' id='word_1_805' title='bbox 1488 5115 1658 5185; x_wconf 78' lang='lat' dir='ltr'>falsos</span> <span class='ocrx_word' id='word_1_806' title='bbox 1687 5118 1890 5185; x_wconf 78' lang='lat' dir='ltr'>fratres</span> <span class='ocrx_word' id='word_1_807' title='bbox 1918 5119 2015 5187; x_wconf 90' lang='lat' dir='ltr'>qui</span> 
     </span>
    </p>
   </div>
   <div class='ocr_carea' id='block_1_102' title="bbox 363 5205 2014 5279">
    <p class='ocr_par' dir='ltr' id='par_1_102' title="bbox 363 5205 2014 5279">
     <span class='ocr_line' id='line_1_102' title="bbox 363 5205 2014 5279; baseline -0.002 -16"><span class='ocrx_word' id='word_1_808' title='bbox 363 5208 802 5265; x_wconf 83' lang='lat' dir='ltr'>subintroierunt</span> <span class='ocrx_word' id='word_1_809' title='bbox 829 5208 1121 5279; x_wconf 75' lang='lat' dir='ltr'>explorare</span> <span class='ocrx_word' id='word_1_810' title='bbox 1152 5206 1461 5261; x_wconf 86' lang='lat' dir='ltr'>libertatem</span> <span class='ocrx_word' id='word_1_811' title='bbox 1491 5213 1735 5259; x_wconf 85' lang='lat' dir='ltr'>nostram</span> <span class='ocrx_word' id='word_1_812' title='bbox 1759 5205 1899 5275; x_wconf 88' lang='lat' dir='ltr'>(Gal.</span> <span class='ocrx_word' id='word_1_813' title='bbox 1926 5208 2014 5277; x_wconf 81' lang='grc' dir='ltr'>ιι),</span> 
     </span>
    </p>
   </div>
   <div class='ocr_carea' id='block_1_103' title="bbox 366 5302 2010 5377">
    <p class='ocr_par' dir='ltr' id='par_1_103' title="bbox 366 5302 2010 5377">
     <span class='ocr_line' id='line_1_103' title="bbox 366 5302 2010 5377; baseline -0.001 -17"><span class='ocrx_word' id='word_1_814' title='bbox 366 5306 438 5361; x_wconf 90' lang='lat' dir='ltr'>ad</span> <span class='ocrx_word' id='word_1_815' title='bbox 470 5304 576 5361; x_wconf 88' lang='lat' dir='ltr'>hoc</span> <span class='ocrx_word' id='word_1_816' title='bbox 606 5306 1043 5377; x_wconf 73' lang='lat' dir='ltr'>ingrediebatur,</span> <span class='ocrx_word' id='word_1_817' title='bbox 1076 5304 1146 5360; x_wconf 90' lang='lat' dir='ltr'>ad</span> <span class='ocrx_word' id='word_1_818' title='bbox 1178 5303 1287 5358; x_wconf 88' lang='lat' dir='ltr'>hoc</span> <span class='ocrx_word' id='word_1_819' title='bbox 1317 5302 1624 5357; x_wconf 88' lang='lat' dir='ltr'>nobiscum</span> <span class='ocrx_word' id='word_1_820' title='bbox 1647 5304 2010 5374; x_wconf 88' lang='lat' dir='ltr'>versabatur,</span> 
     </span>
    </p>
   </div>
   <div class='ocr_carea' id='block_1_104' title="bbox 365 5390 2010 5465">
    <p class='ocr_par' dir='ltr' id='par_1_104' title="bbox 365 5390 2010 5465">
     <span class='ocr_line' id='line_1_104' title="bbox 365 5390 2010 5465; baseline -0.001 -16"><span class='ocrx_word' id='word_1_821' title='bbox 365 5396 431 5449; x_wconf 82' lang='lat' dir='ltr'>ut</span> <span class='ocrx_word' id='word_1_822' title='bbox 459 5393 699 5449; x_wconf 89' lang='lat' dir='ltr'>haberet</span> <span class='ocrx_word' id='word_1_823' title='bbox 715 5396 867 5464; x_wconf 89' lang='lat' dir='ltr'>quod</span> <span class='ocrx_word' id='word_1_824' title='bbox 904 5395 1321 5465; x_wconf 87' lang='lat' dir='ltr'>proderet,non</span> <span class='ocrx_word' id='word_1_825' title='bbox 1351 5390 1501 5461; x_wconf 86' lang='lat' dir='ltr'>quod</span> <span class='ocrx_word' id='word_1_826' title='bbox 1516 5390 1795 5460; x_wconf 88' lang='lat' dir='ltr'>crederet,</span> <span class='ocrx_word' id='word_1_827' title='bbox 1819 5396 1875 5446; x_wconf 86' lang='lat' dir='ltr'>et</span> <span class='ocrx_word' id='word_1_828' title='bbox 1896 5409 2010 5448; x_wconf 89' lang='lat' dir='ltr'>non</span> 
     </span>
    </p>
   </div>
   <div class='ocr_carea' id='block_1_105' title="bbox 368 5479 2012 5549">
    <p class='ocr_par' dir='ltr' id='par_1_105' title="bbox 368 5479 2012 5549">
     <span class='ocr_line' id='line_1_105' title="bbox 368 5479 2012 5549; baseline -0.001 -11"><span class='ocrx_word' id='word_1_829' title='bbox 368 5486 593 5538; x_wconf 88' lang='lat' dir='ltr'>tantum</span> <span class='ocrx_word' id='word_1_830' title='bbox 624 5485 683 5536; x_wconf 87' lang='lat' dir='ltr'>ut</span> <span class='ocrx_word' id='word_1_831' title='bbox 713 5482 942 5549; x_wconf 81' lang='lat' dir='ltr'>videret,</span> <span class='ocrx_word' id='word_1_832' title='bbox 971 5483 1072 5539; x_wconf 88' lang='lat' dir='ltr'>sed</span> <span class='ocrx_word' id='word_1_833' title='bbox 1104 5481 1278 5537; x_wconf 88' lang='lat' dir='ltr'>etiam</span> <span class='ocrx_word' id='word_1_834' title='bbox 1310 5496 1454 5535; x_wconf 82' lang='lat' dir='ltr'>vana</span> <span class='ocrx_word' id='word_1_835' title='bbox 1486 5479 1822 5549; x_wconf 78' lang='lat' dir='ltr'>loquebatur,</span> <span class='ocrx_word' id='word_1_836' title='bbox 1852 5497 2012 5537; x_wconf 86' lang='lat' dir='ltr'>amo-</span> 
     </span>
    </p>
   </div>
   <div class='ocr_carea' id='block_1_106' title="bbox 365 5567 2009 5643">
    <p class='ocr_par' dir='ltr' id='par_1_106' title="bbox 365 5567 2009 5643">
     <span class='ocr_line' id='line_1_106' title="bbox 365 5567 2009 5643; baseline 0 -17"><span class='ocrx_word' id='word_1_837' title='bbox 365 5586 487 5626; x_wconf 85' lang='lat' dir='ltr'>rem</span> <span class='ocrx_word' id='word_1_838' title='bbox 520 5571 915 5643; x_wconf 75' lang='lat' dir='ltr'>praetendebat</span> <span class='ocrx_word' id='word_1_839' title='bbox 930 5571 987 5625; x_wconf 90' lang='lat' dir='ltr'>in</span> <span class='ocrx_word' id='word_1_840' title='bbox 1009 5587 1125 5640; x_wconf 76' lang='lat' dir='ltr'>ore,</span> <span class='ocrx_word' id='word_1_841' title='bbox 1142 5586 1217 5641; x_wconf 89' lang='lat' dir='ltr'>qu</span> <span class='ocrx_word' id='word_1_842' title='bbox 1229 5584 1319 5624; x_wconf 88' lang='lat' dir='ltr'>cm</span> <span class='ocrx_word' id='word_1_843' title='bbox 1341 5567 1398 5622; x_wconf 92' lang='lat' dir='ltr'>in</span> <span class='ocrx_word' id='word_1_844' title='bbox 1415 5567 1586 5622; x_wconf 88' lang='lat' dir='ltr'>corde</span> <span class='ocrx_word' id='word_1_845' title='bbox 1605 5584 1718 5623; x_wconf 89' lang='lat' dir='ltr'>non</span> <span class='ocrx_word' id='word_1_846' title='bbox 1739 5567 2009 5626; x_wconf 87' lang='lat' dir='ltr'>habebat.</span> 
     </span>
    </p>
   </div>
   <div class='ocr_carea' id='block_1_107' title="bbox 363 5656 2009 5736">
    <p class='ocr_par' dir='ltr' id='par_1_107' title="bbox 363 5656 2009 5736">
     <span class='ocr_line' id='line_1_107' title="bbox 363 5656 2009 5736; baseline 0 -18"><span class='ocrx_word' id='word_1_847' title='bbox 363 5660 620 5736; x_wconf 69' lang='lat' dir='ltr'>Magister</span> <span class='ocrx_word' id='word_1_848' title='bbox 647 5659 801 5731; x_wconf 85' lang='lat' dir='ltr'>bone,</span> <span class='ocrx_word' id='word_1_849' title='bbox 852 5660 1054 5718; x_wconf 78' lang='lat' dir='ltr'>scimus</span> <span class='ocrx_word' id='word_1_850' title='bbox 1101 5659 1240 5733; x_wconf 85' lang='lat' dir='ltr'>quia</span> <span class='ocrx_word' id='word_1_851' title='bbox 1265 5672 1436 5715; x_wconf 72' lang='lat' dir='ltr'>verax</span> <span class='ocrx_word' id='word_1_852' title='bbox 1490 5672 1546 5715; x_wconf 78' lang='lat' dir='ltr'>es</span> <span class='ocrx_word' id='word_1_853' title='bbox 1576 5656 1787 5732; x_wconf 73' lang='lat' dir='ltr'>(Matth.</span> <span class='ocrx_word' id='word_1_854' title='bbox 1843 5660 2009 5735; x_wconf 71' lang='lat' dir='ltr'>xxxx).</span> 
     </span>
    </p>
   </div>
   <div class='ocr_carea' id='block_1_108' title="bbox 2121 4668 3771 4739">
    <p class='ocr_par' dir='ltr' id='par_1_108' title="bbox 2121 4668 3771 4739">
     <span class='ocr_line' id='line_1_108' title="bbox 2121 4668 3771 4739; baseline 0.004 -13"><span class='ocrx_word' id='word_1_855' title='bbox 2121 4686 2317 4726; x_wconf 90' lang='lat' dir='ltr'>meum</span> <span class='ocrx_word' id='word_1_856' title='bbox 2343 4668 2635 4738; x_wconf 90' lang='lat' dir='ltr'>judicium</span> <span class='ocrx_word' id='word_1_857' title='bbox 2661 4669 2844 4739; x_wconf 85' lang='lat' dir='ltr'>judex</span> <span class='ocrx_word' id='word_1_858' title='bbox 2857 4671 3214 4728; x_wconf 89' lang='lat' dir='ltr'>constitutus</span> <span class='ocrx_word' id='word_1_859' title='bbox 3233 4689 3255 4735; x_wconf 86' lang='lat'><strong><em>;</em></strong></span> <span class='ocrx_word' id='word_1_860' title='bbox 3269 4672 3357 4729; x_wconf 91' lang='lat' dir='ltr'>vel</span> <span class='ocrx_word' id='word_1_861' title='bbox 3372 4674 3551 4730; x_wconf 90' lang='lat' dir='ltr'>etiam</span> <span class='ocrx_word' id='word_1_862' title='bbox 3567 4675 3667 4732; x_wconf 85' lang='lat' dir='ltr'>hic</span> <span class='ocrx_word' id='word_1_863' title='bbox 3682 4692 3771 4732; x_wconf 87' lang='lat' dir='ltr'>re-</span> 
     </span>
    </p>
   </div>
   <div class='ocr_carea' id='block_1_109' title="bbox 2118 4756 3772 4837">
    <p class='ocr_par' dir='ltr' id='par_1_109' title="bbox 2118 4756 3772 4837">
     <span class='ocr_line' id='line_1_109' title="bbox 2118 4756 3772 4837; baseline 0.005 -23"><span class='ocrx_word' id='word_1_864' title='bbox 2118 4760 2374 4815; x_wconf 88' lang='lat' dir='ltr'>tribuam</span> <span class='ocrx_word' id='word_1_865' title='bbox 2406 4756 2825 4829; x_wconf 87' lang='lat' dir='ltr'>temporaliter,</span> <span class='ocrx_word' id='word_1_866' title='bbox 2859 4776 2995 4815; x_wconf 90' lang='lat' dir='ltr'>nam</span> <span class='ocrx_word' id='word_1_867' title='bbox 3030 4765 3164 4832; x_wconf 88' lang='lat' dir='ltr'>post</span> <span class='ocrx_word' id='word_1_868' title='bbox 3197 4762 3591 4837; x_wconf 83' lang='lat' dir='ltr'>quadraginta</span> <span class='ocrx_word' id='word_1_869' title='bbox 3624 4766 3772 4823; x_wconf 82' lang='lat' dir='ltr'>duos</span> 
     </span>
    </p>
   </div>
   <div class='ocr_carea' id='block_1_110' title="bbox 2121 4846 3773 4927">
    <p class='ocr_par' dir='ltr' id='par_1_110' title="bbox 2121 4846 3773 4927">
     <span class='ocr_line' id='line_1_110' title="bbox 2121 4846 3773 4927; baseline 0.004 -23"><span class='ocrx_word' id='word_1_870' title='bbox 2121 4864 2306 4905; x_wconf 89' lang='lat' dir='ltr'>annos</span> <span class='ocrx_word' id='word_1_871' title='bbox 2338 4846 2611 4918; x_wconf 88' lang='lat' dir='ltr'>captivati</span> <span class='ocrx_word' id='word_1_872' title='bbox 2642 4851 2699 4901; x_wconf 90' lang='lat' dir='ltr'>et</span> <span class='ocrx_word' id='word_1_873' title='bbox 2736 4848 3017 4903; x_wconf 79' lang='lat' dir='ltr'>interfecti</span> <span class='ocrx_word' id='word_1_874' title='bbox 3052 4854 3190 4905; x_wconf 89' lang='lat' dir='ltr'>sunt</span> <span class='ocrx_word' id='word_1_875' title='bbox 3219 4868 3253 4906; x_wconf 90' lang='lat' dir='ltr'>a</span> <span class='ocrx_word' id='word_1_876' title='bbox 3282 4852 3417 4907; x_wconf 87' lang='lat' dir='ltr'>Tito</span> <span class='ocrx_word' id='word_1_877' title='bbox 3461 4857 3520 4910; x_wconf 88' lang='lat' dir='ltr'>et</span> <span class='ocrx_word' id='word_1_878' title='bbox 3548 4854 3773 4927; x_wconf 81' lang='lat' dir='ltr'>Vespa-</span> 
     </span>
    </p>
   </div>
   <div class='ocr_carea' id='block_1_111' title="bbox 2120 4936 3774 5011">
    <p class='ocr_par' dir='ltr' id='par_1_111' title="bbox 2120 4936 3774 5011">
     <span class='ocr_line' id='line_1_111' title="bbox 2120 4936 3774 5011; baseline 0.004 -17"><span class='ocrx_word' id='word_1_879' title='bbox 2120 4938 2305 4994; x_wconf 88' lang='lat' dir='ltr'>siano.</span> <span class='ocrx_word' id='word_1_880' title='bbox 2360 4937 2430 4992; x_wconf 89' lang='lat' dir='ltr'>Et</span> <span class='ocrx_word' id='word_1_881' title='bbox 2478 4951 2676 4991; x_wconf 83' lang='lat' dir='ltr'>revera</span> <span class='ocrx_word' id='word_1_882' title='bbox 2709 4936 3016 5007; x_wconf 86' lang='lat' dir='ltr'>retribues,</span> <span class='ocrx_word' id='word_1_883' title='bbox 3058 4942 3323 5010; x_wconf 86' lang='lat' dir='ltr'>quoniam</span> <span class='ocrx_word' id='word_1_884' title='bbox 3364 4957 3475 4997; x_wconf 89' lang='lat' dir='ltr'>non</span> <span class='ocrx_word' id='word_1_885' title='bbox 3508 4943 3774 5011; x_wconf 84' lang='lat' dir='ltr'>gaudebit</span> 
     </span>
    </p>
   </div>
   <div class='ocr_carea' id='block_1_112' title="bbox 2119 5028 3772 5102">
    <p class='ocr_par' dir='ltr' id='par_1_112' title="bbox 2119 5028 3772 5102">
     <span class='ocr_line' id='line_1_112' title="bbox 2119 5028 3772 5102; baseline 0.004 -19"><span class='ocrx_word' id='word_1_886' title='bbox 2119 5029 2382 5083; x_wconf 85' lang='lat' dir='ltr'>inimicus</span> <span class='ocrx_word' id='word_1_887' title='bbox 2408 5041 2562 5079; x_wconf 88' lang='lat' dir='ltr'>meus</span> <span class='ocrx_word' id='word_1_888' title='bbox 2607 5040 2769 5095; x_wconf 84' lang='lat' dir='ltr'>super</span> <span class='ocrx_word' id='word_1_889' title='bbox 2787 5042 2872 5081; x_wconf 87' lang='lat' dir='ltr'>me</span> <span class='ocrx_word' id='word_1_890' title='bbox 2897 5028 3242 5085; x_wconf 87' lang='lat' dir='ltr'>resuscitato</span> <span class='ocrx_word' id='word_1_891' title='bbox 3263 5030 3362 5102; x_wconf 89' lang='lat' dir='ltr'>qui</span> <span class='ocrx_word' id='word_1_892' title='bbox 3385 5032 3627 5102; x_wconf 87' lang='lat' dir='ltr'>gavisus</span> <span class='ocrx_word' id='word_1_893' title='bbox 3679 5037 3772 5089; x_wconf 87' lang='lat' dir='ltr'>est</span> 
     </span>
    </p>
   </div>
   <div class='ocr_carea' id='block_1_113' title="bbox 2122 5115 3776 5191">
    <p class='ocr_par' dir='ltr' id='par_1_113' title="bbox 2122 5115 3776 5191">
     <span class='ocr_line' id='line_1_113' title="bbox 2122 5115 3776 5191; baseline 0.004 -20"><span class='ocrx_word' id='word_1_894' title='bbox 2122 5119 2193 5171; x_wconf 89' lang='lat' dir='ltr'>de</span> <span class='ocrx_word' id='word_1_895' title='bbox 2225 5133 2318 5171; x_wconf 89' lang='lat' dir='ltr'>me</span> <span class='ocrx_word' id='word_1_896' title='bbox 2367 5118 2619 5169; x_wconf 89' lang='lat' dir='ltr'>mortuo.</span> <span class='ocrx_word' id='word_1_897' title='bbox 2652 5115 2722 5169; x_wconf 90' lang='lat' dir='ltr'>Et</span> <span class='ocrx_word' id='word_1_898' title='bbox 2750 5116 2811 5169; x_wconf 87' lang='lat' dir='ltr'>in</span> <span class='ocrx_word' id='word_1_899' title='bbox 2864 5115 2965 5170; x_wconf 79' lang='lat' dir='ltr'>hoc</span> <span class='ocrx_word' id='word_1_900' title='bbox 2992 5120 3219 5186; x_wconf 88' lang='lat' dir='ltr'>cognovi</span> <span class='ocrx_word' id='word_1_901' title='bbox 3244 5122 3507 5191; x_wconf 84' lang='lat' dir='ltr'>quoniam</span> <span class='ocrx_word' id='word_1_902' title='bbox 3545 5123 3776 5178; x_wconf 78' lang='lat' dir='ltr'>voluisti</span> 
     </span>
    </p>
   </div>
   <div class='ocr_carea' id='block_1_114' title="bbox 2119 5202 3777 5277">
    <p class='ocr_par' dir='ltr' id='par_1_114' title="bbox 2119 5202 3777 5277">
     <span class='ocr_line' id='line_1_114' title="bbox 2119 5202 3777 5277; baseline 0.005 -16"><span class='ocrx_word' id='word_1_903' title='bbox 2119 5223 2227 5275; x_wconf 87' lang='lat' dir='ltr'>me,</span> <span class='ocrx_word' id='word_1_904' title='bbox 2260 5205 2320 5259; x_wconf 85' lang='lat' dir='ltr'>id</span> <span class='ocrx_word' id='word_1_905' title='bbox 2351 5207 2457 5270; x_wconf 88' lang='lat' dir='ltr'>est,</span> <span class='ocrx_word' id='word_1_906' title='bbox 2491 5202 2769 5274; x_wconf 85' lang='lat' dir='ltr'>quoniam</span> <span class='ocrx_word' id='word_1_907' title='bbox 2804 5204 3025 5277; x_wconf 88' lang='lat' dir='ltr'>placuit</span> <span class='ocrx_word' id='word_1_908' title='bbox 3054 5207 3160 5261; x_wconf 89' lang='lat' dir='ltr'>tibi</span> <span class='ocrx_word' id='word_1_909' title='bbox 3191 5208 3526 5266; x_wconf 84' lang='lat' dir='ltr'>obedientia</span> <span class='ocrx_word' id='word_1_910' title='bbox 3554 5229 3689 5268; x_wconf 84' lang='lat' dir='ltr'>mea</span> <span class='ocrx_word' id='word_1_911' title='bbox 3718 5217 3777 5269; x_wconf 76' lang='lat' dir='ltr'>et</span> 
     </span>
    </p>
   </div>
   <div class='ocr_carea' id='block_1_115' title="bbox 2122 5302 3774 5367">
    <p class='ocr_par' dir='ltr' id='par_1_115' title="bbox 2122 5302 3774 5367">
     <span class='ocr_line' id='line_1_115' title="bbox 2122 5302 3774 5367; baseline 0.004 -7"><span class='ocrx_word' id='word_1_912' title='bbox 2122 5302 2475 5361; x_wconf 76' lang='lat' dir='ltr'>sacrificium</span> <span class='ocrx_word' id='word_1_913' title='bbox 2508 5318 2728 5357; x_wconf 88' lang='lat' dir='ltr'>meum.</span> <span class='ocrx_word' id='word_1_914' title='bbox 2752 5303 2927 5367; x_wconf 86' lang='lat' dir='ltr'>Quasi</span> <span class='ocrx_word' id='word_1_915' title='bbox 2950 5304 3103 5359; x_wconf 88' lang='lat' dir='ltr'>dicat</span> <span class='ocrx_word' id='word_1_916' title='bbox 3127 5322 3139 5360; x_wconf 91' lang='lat'>:</span> <span class='ocrx_word' id='word_1_917' title='bbox 3160 5305 3438 5363; x_wconf 89' lang='lat' dir='ltr'>inimicus</span> <span class='ocrx_word' id='word_1_918' title='bbox 3462 5326 3635 5366; x_wconf 86' lang='lat' dir='ltr'>meus</span> <span class='ocrx_word' id='word_1_919' title='bbox 3656 5326 3774 5366; x_wconf 86' lang='lat' dir='ltr'>non</span> 
     </span>
    </p>
   </div>
   <div class='ocr_carea' id='block_1_116' title="bbox 2121 5392 3777 5471">
    <p class='ocr_par' dir='ltr' id='par_1_116' title="bbox 2121 5392 3777 5471">
     <span class='ocr_line' id='line_1_116' title="bbox 2121 5392 3777 5471; baseline -0.001 -20"><span class='ocrx_word' id='word_1_920' title='bbox 2121 5392 2419 5467; x_wconf 88' lang='lat' dir='ltr'>gaudebit,</span> <span class='ocrx_word' id='word_1_921' title='bbox 2453 5405 2557 5462; x_wconf 85' lang='lat' dir='ltr'>ego</span> <span class='ocrx_word' id='word_1_922' title='bbox 2588 5397 2786 5445; x_wconf 86' lang='lat' dir='ltr'>autem</span> <span class='ocrx_word' id='word_1_923' title='bbox 2834 5392 3118 5463; x_wconf 89' lang='lat' dir='ltr'>gaudebo.</span> <span class='ocrx_word' id='word_1_924' title='bbox 3152 5395 3232 5450; x_wconf 78' lang='lat' dir='ltr'>Me</span> <span class='ocrx_word' id='word_1_925' title='bbox 3260 5406 3445 5454; x_wconf 82' lang='lat' dir='ltr'>autem</span> <span class='ocrx_word' id='word_1_926' title='bbox 3480 5401 3777 5471; x_wconf 75' lang='lat' dir='ltr'>suscepisti</span> 
     </span>
    </p>
   </div>
   <div class='ocr_carea' id='block_1_117' title="bbox 2123 5478 3772 5559">
    <p class='ocr_par' dir='ltr' id='par_1_117' title="bbox 2123 5478 3772 5559">
     <span class='ocr_line' id='line_1_117' title="bbox 2123 5478 3772 5559; baseline 0.004 -21"><span class='ocrx_word' id='word_1_927' title='bbox 2123 5486 2192 5538; x_wconf 91' lang='lat' dir='ltr'>de</span> <span class='ocrx_word' id='word_1_928' title='bbox 2207 5480 2496 5553; x_wconf 90' lang='lat' dir='ltr'>sepulcro,</span> <span class='ocrx_word' id='word_1_929' title='bbox 2523 5478 2613 5534; x_wconf 84' lang='lat' dir='ltr'>vel</span> <span class='ocrx_word' id='word_1_930' title='bbox 2629 5485 2969 5551; x_wconf 89' lang='lat' dir='ltr'>susceptum</span> <span class='ocrx_word' id='word_1_931' title='bbox 2984 5486 3152 5539; x_wconf 89' lang='lat' dir='ltr'>tuum</span> <span class='ocrx_word' id='word_1_932' title='bbox 3173 5485 3356 5541; x_wconf 81' lang='lat' dir='ltr'>fecisti</span> <span class='ocrx_word' id='word_1_933' title='bbox 3373 5490 3772 5559; x_wconf 70' lang='lat' dir='ltr'>propter-inno—</span> 
     </span>
    </p>
   </div>
   <div class='ocr_carea' id='block_1_118' title="bbox 2121 5568 3768 5650">
    <p class='ocr_par' dir='ltr' id='par_1_118' title="bbox 2121 5568 3768 5650">
     <span class='ocr_line' id='line_1_118' title="bbox 2121 5568 3768 5650; baseline 0.003 -22"><span class='ocrx_word' id='word_1_934' title='bbox 2121 5572 2377 5638; x_wconf 70' lang='lat' dir='ltr'>centiam,</span> <span class='ocrx_word' id='word_1_935' title='bbox 2405 5568 2543 5641; x_wconf 90' lang='lat' dir='ltr'>quia</span> <span class='ocrx_word' id='word_1_936' title='bbox 2573 5568 2734 5625; x_wconf 86' lang='lat' dir='ltr'>solus</span> <span class='ocrx_word' id='word_1_937' title='bbox 2766 5569 2923 5626; x_wconf 88' lang='lat' dir='ltr'>intra</span> <span class='ocrx_word' id='word_1_938' title='bbox 2945 5583 3189 5629; x_wconf 83' lang='lat' dir='ltr'>mortuos</span> <span class='ocrx_word' id='word_1_939' title='bbox 3217 5574 3367 5631; x_wconf 89' lang='lat' dir='ltr'>liber</span> <span class='ocrx_word' id='word_1_940' title='bbox 3387 5577 3500 5646; x_wconf 89' lang='lat' dir='ltr'>(Ps.</span> <span class='ocrx_word' id='word_1_941' title='bbox 3519 5578 3768 5650; x_wconf 74' lang='lat' dir='ltr'>LXXXVII)</span> 
     </span>
    </p>
   </div>
   <div class='ocr_carea' id='block_1_119' title="bbox 2121 5658 3773 5742">
    <p class='ocr_par' dir='ltr' id='par_1_119' title="bbox 2121 5658 3773 5742">
     <span class='ocr_line' id='line_1_119' title="bbox 2121 5658 3773 5742; baseline 0.005 -23"><span class='ocrx_word' id='word_1_942' title='bbox 2121 5660 2337 5720; x_wconf 83' lang='lat' dir='ltr'>exsolvi</span> <span class='ocrx_word' id='word_1_943' title='bbox 2368 5658 2523 5734; x_wconf 87' lang='lat' dir='ltr'>quod</span> <span class='ocrx_word' id='word_1_944' title='bbox 2552 5673 2665 5715; x_wconf 81' lang='lat' dir='ltr'>non</span> <span class='ocrx_word' id='word_1_945' title='bbox 2708 5662 2883 5734; x_wconf 76' lang='lat' dir='ltr'>rapui</span> <span class='ocrx_word' id='word_1_946' title='bbox 2908 5662 3021 5739; x_wconf 87' lang='lat' dir='ltr'>(Ps.</span> <span class='ocrx_word' id='word_1_947' title='bbox 3072 5666 3288 5742; x_wconf 76' lang='lat' dir='ltr'>mm).</span> <span class='ocrx_word' id='word_1_948' title='bbox 3316 5667 3386 5724; x_wconf 82' lang='lat' dir='ltr'>Et</span> <span class='ocrx_word' id='word_1_949' title='bbox 3412 5682 3531 5726; x_wconf 89' lang='lat' dir='ltr'>non</span> <span class='ocrx_word' id='word_1_950' title='bbox 3571 5667 3773 5728; x_wconf 79' lang='lat' dir='ltr'>solum</span> 
     </span>
    </p>
   </div>
  </div>
