4016 6192
371 269 487 333 305

1486 270 2117 338 ENARRATIONES.
2144 272 2224 333 IN
2269 272 2649 338 PSALMOS.

3654 280 3773 341 366

366 405 651 475 zantes,id
672 409 782 475 est,
813 422 875 462 se
892 406 1284 479 relinquentes
1312 410 1377 463 ut
1403 407 1507 462 tibi
1541 408 1839 463 uniantur.
1874 408 2009 463 Her-
2040 408 2096 473 Α
2124 407 2273 461 diam
2306 408 2433 477 ejus
2456 407 2982 479 1audandam,quia
3003 403 3333 462 misericors
3363 411 3453 462 est
3472 424 3604 463 cum
3640 426 3776 479 par-

365 510 498 549 mon
528 495 943 567 interpretatur
969 496 1268 552 anathema
1298 512 1491 552 eorum
1516 513 1529 551 :
1564 502 1619 551 et
1648 501 1737 552 est
1765 496 1823 550 in
1857 500 2012 550 terra

364 582 626 656 gentium
657 601 669 637 :
704 584 925 640 scilicet
949 603 983 640 a
1010 594 1191 641 monte
1220 587 1454 653 modico,
1508 585 1564 639 id
1616 592 1724 655 est,
1765 584 1896 640 illos
1926 583 2011 639 tui

363 672 577 728 faciam
619 689 930 745 memores,
956 676 1059 747 qui
1090 692 1260 730 mons
1281 682 1452 730 erunt
1475 680 1713 745 propter
1729 675 2010 728 virtutum

361 760 782 829 excellentiam,
808 764 1075 819 modicus
1100 765 1156 818 in
1182 762 1515 818 humilitate
1545 780 1556 817 :
1584 762 1692 816 hoc
1725 763 1896 817 modo
1928 762 2011 815 fa-

360 851 511 905 ciam
542 850 628 905 tui
652 868 941 907 memores
961 852 1025 907 de
1056 857 1210 907 terra
1228 853 1586 906 Hermoniim.
1609 852 1754 905 Nam
1782 851 2012 920 abysqu

359 937 619 1010 abyssum
648 941 887 1006 invocat,
922 941 978 995 id
1010 946 1117 1007 est,
1143 942 1472 1013 profundus
1494 945 1551 993 et
1575 956 1826 1011 magnus
1848 938 2014 993 intel-

284 1056 285 1059 η
360 1026 546 1082 lectus
577 1027 811 1084 illorum
845 1030 915 1083 de
944 1029 1148 1084 Judaaa
1179 1030 1408 1083 invocat
1437 1029 1739 1100 abyssum,
1791 1027 1848 1081 id
1900 1031 2007 1091 est,

363 1124 731 1182 intellectum
764 1128 1027 1201 gentium
1063 1129 1133 1182 ad
1166 1127 1688 1182 conformationem
1729 1142 1921 1192 suam,
1952 1125 2010 1178 id

364 1218 473 1281 est,
496 1216 792 1272 venientes
821 1217 891 1272 ad
926 1217 1099 1272 ﬁdem
1133 1217 1202 1272 de
1225 1216 1670 1271 circumcisione
1705 1220 1907 1287 gentes
1940 1214 2013 1269 ad

363 1302 543 1358 ﬁdem
589 1305 826 1361 trahent
852 1306 1026 1377 (Joan.
1063 1306 1161 1375 ιν),
1197 1307 1257 1359 in
1289 1321 1414 1359 voce
1443 1307 1853 1359 cataractarum
1891 1311 2011 1357 tua-

362 1410 508 1463 rum,
542 1393 600 1448 id
622 1398 728 1460 est,
752 1395 1090 1467 exponendo
1119 1394 1204 1449 eis
1236 1393 1366 1448 illas
1396 1410 1586 1448 voces.
1623 1394 1683 1447 In
1716 1391 1824 1447 hoc
1855 1392 2011 1446 enim

360 1481 606 1537 verbum
638 1487 726 1538 est
752 1499 976 1555 verum,
1001 1483 1140 1557 quia
1191 1482 1288 1537 alii
1322 1486 1461 1537 sunt
1505 1482 1605 1554 qui
1639 1481 1933 1537 seminant
1958 1484 2015 1535 et

363 1568 461 1626 alii
486 1570 586 1642 qui
611 1575 857 1626 metunt.
882 1572 1195 1627 Cataractar.
1224 1572 1501 1626 dicuntur
1522 1571 1761 1626 occultae
1788 1569 1890 1624 viai
1913 1584 2017 1639 per

360 1660 962 1732 quasaquaacoelestes
985 1661 1328 1718 decurrunt.
1363 1661 1432 1715 Et
1455 1661 1602 1715 bene
1644 1660 1913 1714 doctores
1946 1673 2015 1712 ex

2121 496 2199 549 cit
2226 495 2283 549 in
2313 499 2717 567 prosperitate,
2742 515 2876 552 cum
2901 514 3012 552 non
3039 512 3334 551 meremus
3359 496 3471 550 nisi
3509 496 3771 568 flagella;

2121 592 2453 647 misericors
2480 611 2613 649 cum
2639 595 2892 666 flagellat
2922 595 2992 648 ad
3024 599 3277 665 tempus,
3303 598 3367 647 ut
3398 593 3457 647 in
3490 596 3771 648 aeternum

2122 687 2441 737 conservet.
2476 683 2544 736 Et
2577 688 2641 737 ut
2673 686 2899 754 possint
2931 685 2991 737 in
3024 686 3115 738 die
3164 683 3597 737 misericordiam
3636 699 3771 739 can-

2120 775 2241 825 tare
2267 780 2317 825 et
2349 774 2405 825 in
2438 780 2591 826 nocte
2620 774 2915 837 canticum,
2944 775 3179 827 offeram
3231 772 3345 827 Deo
3394 771 3769 838 sacriﬁcium,

2123 860 2221 914 sed
2247 860 2391 913 illud
2441 876 2555 913 non
2607 876 2865 930 quaeram
2921 867 3083 915 extra
3104 878 3216 927 me,
3249 861 3393 931 apud
3418 878 3505 915 me
3533 860 3687 916 enim
3710 860 3769 916 id

2122 953 2231 1015 est,
2251 949 2309 1002 in
2334 965 2425 1003 me
2446 950 2621 1003 oratio
2652 966 2831 1020 quam
2866 951 3103 1005 offeram
3131 953 3254 1015 Deo,
3279 950 3502 1006 scilicet
3521 951 3769 1007 vitulum

2123 1036 2437 1103 labiorum,
2460 1037 2515 1091 id
2534 1042 2641 1105 est,
2667 1037 2899 1092 laudem
2925 1040 3041 1093 oris
3064 1056 3197 1093 cum
3223 1040 3556 1095 innocentia
3578 1041 3770 1095 cordis

2123 1132 2179 1180 et
2195 1126 2441 1195 puritate
2468 1127 2678 1197 operis.
2702 1127 2806 1181 Deo
2830 1127 2959 1181 dico
2982 1128 3205 1182 auctori
3228 1129 3364 1185 vitm
3390 1145 3543 1199 mea’,
3576 1129 3632 1184 id
3658 1134 3767 1196 est,

2123 1231 2386 1269 meorum
2414 1214 2534 1269 haec
2554 1213 2654 1269 illa
2676 1215 2857 1270 oratio
2882 1232 2894 1270 :
2924 1217 3113 1270 Dicam
3135 1217 3241 1271 Deo
3264 1234 3275 1271 :
3302 1218 3597 1289 Susceptor
3615 1235 3770 1274 meus

2123 1319 2195 1373 es,
2229 1302 2375 1358 nihil
2408 1303 2630 1358 meritis
2662 1303 2809 1359 meis
2840 1305 3185 1371 attribuam,
3219 1306 3319 1360 sed
3346 1310 3535 1361 totum
3569 1308 3768 1379 gratiae

2122 1396 2253 1447 tua.
2278 1396 2361 1446 Tu
2384 1392 2694 1463 suscepisti
2720 1410 2811 1448 me
2834 1394 2903 1448 de
2930 1392 3196 1465 sepulcro
3220 1399 3277 1448 et
3301 1410 3460 1449 meos
3482 1396 3551 1450 de
3574 1414 3773 1452 massa

2123 1481 2502 1551 perditorum.
2529 1481 2593 1535 Et
2624 1480 2763 1551 quia
2791 1486 2942 1537 Deus
2974 1486 3064 1537 est
3092 1486 3372 1553 susceptor
3397 1499 3568 1550 meus,
3600 1500 3773 1554 quare

2122 1568 2323 1624 oblitus
2353 1585 2409 1624 es
2429 1572 2539 1628 mei
2561 1569 2589 1623 ἱ)
2616 1569 2673 1624 id
2697 1574 2803 1637 est,
2830 1586 3116 1641 meorum,
3140 1570 3198 1625 id
3223 1574 3332 1640 est,
3359 1587 3538 1642 quare
3557 1570 3771 1626 videris

2124 1664 2343 1721 oblitus
2364 1666 2505 1720 dum
2534 1667 2826 1737 permittis
2849 1667 3097 1722 cadere?
3130 1669 3195 1721 Et
3224 1682 3395 1738 quare
3421 1668 3773 1722 contristatus

358 1748 800 1805 circumcisione
823 1754 1027 1823 gentes
1050 1753 1324 1823 poterunt
1355 1750 1428 1805 ad
1459 1750 1635 1804 ﬁdem
1660 1748 1891 1803 trahere
1905 1746 2009 1843 vel
2048 1779 2095 1843 B
2126 1754 2315 1809 incedo
2335 1754 2363 1809 ‘1
2394 1755 2451 1808 id
2474 1759 2581 1820 est,
2608 1754 2887 1809 incedunt
2908 1755 3021 1809 mei
3045 1755 3320 1810 timentes
3352 1772 3553 1810 casum
3579 1756 3607 1809 ‘I
3630 1756 3773 1809 Dum

358 1837 634 1908 majores,
669 1838 807 1909 quia
838 1841 1035 1893 omnia
1063 1839 1286 1895 excelsa
1312 1846 1429 1905 tua,
1462 1838 1519 1893 id
1555 1843 1664 1906 est,
1724 1836 2013 1909 supplicia

358 1926 559 1981 futura
584 1943 709 1998 quas
728 1928 925 1983 adhuc
949 1928 1289 1999 suspendis,
1315 1945 1442 1999 qua:
1466 1944 1621 1982 nunc
1645 1927 1890 1981 minaris
1922 1926 2016 1980 fu-

358 2020 495 2071 tura
516 2017 1009 2088 promerentibus,
1038 2020 1089 2071 et
1119 2019 1315 2085 ﬂuctus
1346 2018 1450 2082 tui,
1484 2017 1542 2070 id
1575 2020 1685 2080 est,
1709 2015 2016 2087 passiones

366 2103 480 2159 illis
496 2121 623 2175 que
644 2122 801 2161 nunc
820 2105 1324 2160 assidueinﬂuunt
1337 2109 1393 2160 et
1408 2105 1732 2159 turbantex
1755 2104 2018 2159 humana

364 2192 707 2248 inﬁrmitate
736 2197 795 2248 et
826 2193 1233 2264 passibilitate,
1283 2195 1646 2260 transierunt,
1695 2191 1918 2247 scilicet
1944 2191 2015 2245 ab

368 2281 454 2337 eis
487 2298 663 2352 super
687 2297 780 2335 me
811 2281 1089 2353 imposita
1118 2287 1176 2336 et
1222 2298 1386 2354 super
1433 2298 1519 2337 me
1562 2286 2013 2348 consummata,-

368 2369 659 2440 quidquid
688 2369 847 2424 enim
869 2368 955 2423 illi
978 2374 1320 2425 meruerunt
1340 2387 1407 2424 ex
1424 2369 1615 2442 culpa,
1642 2384 1746 2441 ego
1769 2368 2016 2440 persolvi

362 2481 434 2521 ex
462 2466 672 2538 gratia.
707 2468 939 2522 Excelsa
960 2468 1088 2537 jam
1120 2469 1459 2523 transierunt
1486 2467 1545 2521 in
1595 2482 1675 2533 re,
1728 2468 1925 2535 ﬂuctus
1956 2464 2014 2519 in

361 2571 467 2626 spe
491 2570 504 2609 :
539 2570 665 2609 vere
695 2556 994 2625 languores
1022 2565 1231 2612 nostros
1261 2559 1374 2626 ipse
1403 2556 1668 2621 abstulit,
1726 2559 1779 2609 et
1808 2554 2017 2609 dolores

355 2651 573 2698 nostros
600 2645 720 2714 ipse
750 2645 985 2714 portavit
1010 2644 1136 2715 (lsa.
1167 2644 1289 2714 Lm)
1318 2663 1336 2697 :
1381 2660 1493 2697 non
1540 2644 1620 2699 ita
1673 2642 2015 2698 transierunt

355 2734 585 2802 ﬂuctus,
618 2732 759 2803 quin
791 2732 979 2787 simus
1011 2732 1288 2787 mortales
1321 2737 1377 2787 et
1406 2732 1625 2803 passibi
1643 2730 1747 2797 les,
1773 2731 1872 2784 sed
1904 2730 2011 2784 hoc

358 2823 561 2888 modo,
588 2821 725 2892 quia
746 2838 861 2875 non
882 2822 1108 2875 ducunt
1133 2837 1237 2875 nos
1262 2821 1330 2875 ad
1360 2826 1633 2875 aeternam
1657 2824 1928 2874 mortem.
1946 2819 2013 2873 Et

354 2910 579 2966 excelsa
608 2918 723 2975 tua,
756 2909 813 2963 id
846 2914 954 2974 est,
998 2909 1190 2981 gravis
1220 2909 1518 2963 damnatio
1550 2913 1807 2963 extrema
1837 2924 2015 2978 super

357 3014 463 3054 me
486 2998 853 3053 considerata
874 2998 945 3052 ab
968 2996 1643 3068 inferentibus,quiaipsi
1661 3000 2015 3067 putaverunt

357 3104 465 3143 me
489 3087 735 3159 dignum
766 3086 868 3141 illa
912 3086 1307 3141 damnatione.
1366 3087 1742 3154 Transierunt,
1794 3086 1865 3140 ab
1897 3083 2013 3139 illis

689 3176 760 3229 ab
783 3140 1201 3242 omnibus,
1237 3140 1307 3228 ab
1340 3173 1456 3227 illis
1484 3172 1582 3244 qui
1615 3140 1925 3227 attendunt
1956 3172 2011 3225 in
2047 3140 2089 3205 C

358 3266 482 3334 die,
514 3266 570 3320 id
604 3270 711 3329 est,
761 3265 823 3318 in
874 3264 1258 3335 prosperitate
1306 3261 1747 3316 misericordiam
1785 3257 2017 3315 Domini

366 3355 492 3410 sibi
521 3354 835 3410 exhibitam
864 3354 935 3407 ad
966 3350 1441 3407 consolationem.
1476 3352 1551 3403 Et
1588 3357 1759 3415 nocte,
1810 3348 1869 3401 id
1909 3352 2017 3415 est,

359 3445 435 3499 in
469 3444 815 3499 adversitate
838 3440 1177 3514 intelligunt
1196 3440 1514 3504 canticum,
1540 3438 1598 3492 id
1633 3442 1741 3502 est,
1774 3436 2017 3492 laudan-

362 3534 519 3589 dum
553 3548 681 3586 esse
710 3530 1046 3586 Dominum.
1081 3528 1249 3584 Multi
1277 3529 1431 3584 enim
1463 3527 1681 3581 cadunt
1728 3526 1797 3580 ad
1849 3541 2019 3580 suam

361 3620 686 3677 utilitatem
712 3625 768 3675 et
789 3619 1059 3685 aliorum,
1084 3622 1140 3673 et
1160 3618 1481 3672 adversitas
1503 3613 1841 3687 temporalis
1874 3613 2022 3669 mul-

360 3711 453 3766 tis
485 3711 550 3763 ﬁt
580 3710 650 3764 ad
676 3706 1011 3775 utilitatem,
1036 3712 1100 3762 ut
1125 3707 1353 3761 discant
1372 3706 1659 3759 mundum
1690 3703 1841 3758 male
1862 3702 2022 3757 blan-

359 3798 630 3853 dientem
661 3802 1050 3865 contemnere,
1106 3799 1163 3850 et
1212 3800 1392 3849 Deum
1451 3794 1782 3848 desiderare
1811 3791 1871 3846 in
1904 3808 2019 3863 quo

353 3903 506 3944 vera
523 3891 579 3941 et
604 3902 841 3941 summa
858 3884 1100 3939 felicitas
1117 3888 1226 3938 est.
1252 3883 1415 3938 Unde
1435 3883 1573 3938 Job:
1599 3882 1658 3936 Si
1679 3883 1825 3936 bona
1844 3898 2021 3935 susce-

348 3978 553 4049 pimus
564 3975 811 4030 demanu
822 3974 1070 4037 Domini,
1090 3973 1238 4026 mala
1252 3987 1423 4042 quare
1442 3988 1551 4026 non
1575 3971 1972 4026 sustineamus
1994 3969 2021 4024 ‘?

356 4073 508 4145 (Job.
542 4084 606 4143 ιι)
638 4073 897 4128 Dominus
927 4070 1094 4136 dedit,
1130 4069 1678 4125 Dominusabstulit:
1714 4068 1796 4122 Sit
1818 4083 2021 4121 nomen

356 4164 594 4218 Domini
624 4161 960 4216 benedictum
990 4158 1107 4230 (Job
1143 4158 1204 4229 1).
1259 4157 1441 4220 Quam
1493 4155 1935 4211 misericordiam
1962 4157 2025 4209 in

360 4251 470 4307 die
501 4250 845 4305 cantandam
877 4252 925 4304 et
954 4256 1110 4303 nocte
1138 4248 1438 4310 canticum,
1480 4246 1745 4300 Dominus
1790 4245 2024 4300 manda-

359 4341 474 4407 vit,
509 4338 730 4394 scilicet
760 4355 862 4409 per
892 4354 1006 4404 me,
1040 4337 1099 4391 id
1131 4340 1240 4405 est,
1273 4333 1584 4389 invisibilis
1614 4338 1671 4388 et
1698 4332 2024 4405 incompre-

360 4428 689 4484 hensibilis
740 4426 894 4482 Deus
952 4442 1055 4498 per
1111 4423 1575 4495 assumptionem
1634 4423 1827 4477 carnis
1885 4439 2025 4478 meae

2124 1844 2329 1913 afﬂigit
2350 1859 2438 1897 me
2468 1844 2751 1909 inimicus,
2782 1843 2841 1898 in
2872 1847 3103 1898 tantum
3155 1849 3221 1899 ut
3267 1844 3443 1899 etiam
3501 1861 3621 1899 ossa
3650 1860 3773 1899 mea

2124 1932 2590 2003 confringantur,
2616 1933 2673 1986 id
2705 1936 2813 2000 est,
2848 1933 3024 1987 fortes
3056 1933 3171 1987 mei
3204 1932 3292 1987 vel
3326 1933 3608 2004 patientia
3641 1951 3773 1991 mea

2125 2027 2477 2091 superentur
2507 2026 2563 2075 et
2591 2021 2943 2075 devocentur
2972 2020 3153 2075 nimia
3177 2026 3619 2092 persecuturum
3646 2038 3773 2077 cru-

2127 2107 2360 2164 delitate
2390 2115 2447 2164 et
2475 2110 2788 2165 confractis
2818 2110 3073 2176 ossibus;
3114 2110 3582 2179 exprobraverunt
3633 2111 3775 2166 mihi

2128 2200 2223 2268 qui
2254 2199 2523 2253 tribulant
2548 2214 2633 2253 me
2654 2199 2876 2252 inimici
2895 2201 3008 2252 mei
3028 2217 3040 2265 ;
3066 2198 3609 2270 improperaverunt
3630 2198 3774 2254 mihi

2131 2288 2311 2342 Deum
2336 2304 2552 2348 meum.
2577 2286 2709 2340 dum
2737 2286 2926 2342 dicunt
2952 2286 3095 2341 mihi
3122 2303 3222 2358 per
3266 2288 3519 2355 singulos
3547 2287 3681 2351 dies,
3715 2288 3775 2342 id

2129 2380 2218 2429 est
2250 2375 2508 2445 assidue,
2546 2376 2646 2430 Ubi
2671 2384 2746 2429 est
2786 2380 2932 2431 Deus
2980 2375 3152 2429 tuus?
3200 2374 3374 2439 Quasi
3428 2376 3620 2430 dicat:
3657 2374 3775 2431 Etsi

2127 2464 2268 2518 foris
2298 2463 2549 2518 videaris
2580 2464 2818 2533 oblitus,
2854 2464 3012 2517 intus
3037 2463 3299 2531 minime,
3333 2463 3382 2519 si
3413 2464 3631 2529 differs,
3660 2481 3773 2519 non

2125 2556 2317 2606 tamen
2346 2553 2558 2606 aufers.
2583 2551 2783 2617 Aliter,
2809 2554 3131 2606 secundum
3155 2552 3606 2625 Hieronymum:
3635 2555 3775 2609 Dum

2122 2640 2588 2711 exprobrauerunt
2618 2642 2758 2695 mihi
2787 2642 2883 2711 qui
2941 2642 3215 2696 tribulam
3262 2658 3348 2696 me
3394 2644 3613 2697 inimici
3639 2644 3770 2710 mei,

2123 2728 2263 2783 dum
2286 2746 2389 2801 ego
2415 2733 2471 2783 te
2493 2747 2594 2800 per
2615 2730 3017 2801 pmuitentiam
3040 2735 3097 2784 et
3117 2730 3493 2786 afflictionem
3513 2730 3771 2801 corporis

2123 2822 2179 2872 et
2208 2818 2414 2872 animae
2439 2817 2669 2889 placare
2691 2820 2979 2887 desidero,
3002 2818 3225 2873 inimici
3245 2819 3355 2873 mei
3382 2824 3655 2890 putantes
3678 2834 3772 2872 me

2122 2906 2423 2961 incassum
2455 2906 2572 2961 haec
2604 2907 2811 2973 facere,
2873 2907 3111 2961 dicunt:
3152 2908 3250 2963 Ubi
3298 2910 3377 2961 est
3423 2909 3560 2962 Deus
3594 2912 3719 2962 tuus
3742 2906 3770 2961 ‘l

2124 3005 2335 3059 Dicunt
2356 3005 2476 3058 haec
2506 3005 2567 3058 in
2598 3005 2886 3061 evidentia
2919 3006 3022 3073 rei,
3055 3005 3195 3058 dum
3246 3005 3556 3060 tormentis
3589 3023 3623 3060 a
3654 3010 3769 3061 Deo

2126 3110 2419 3148 removere
2450 3098 2726 3163 satagunt
2756 3099 2813 3148 et
2836 3094 3052 3158 verbis,
3102 3098 3376 3163 putantes
3433 3111 3523 3149 me
3563 3094 3769 3150 dereli-

2128 3187 2288 3236 ctum
2319 3198 2451 3234 cum
2486 3181 2626 3235 foris
2660 3181 2846 3251 patior
2875 3186 2932 3235 et
2958 3198 3071 3235 non
3101 3182 3396 3236 evidenter
3424 3182 3657 3249 liberor,
3693 3188 3775 3236 at-

2126 3269 2430 3324 tendentes
2458 3268 2597 3333 quid
2630 3270 2839 3339 patior,
2878 3286 2991 3323 non
3034 3285 3215 3338 quare
3266 3269 3471 3339 patior.
3530 3270 3601 3324 Et
3633 3270 3772 3340 quia

2127 3360 2290 3410 tanta
2320 3356 2626 3409 commoda
2658 3356 2855 3411 futura
2884 3361 3022 3411 sunt
3054 3374 3122 3411 ex
3153 3373 3284 3412 mea
3315 3356 3633 3427 affectione,
3684 3358 3774 3413 vel

2130 3444 2269 3516 quia
2298 3446 2357 3497 in
2381 3444 2476 3498 die
2495 3443 2777 3498 mandavit
2802 3446 3058 3499 Dominus
3078 3446 3513 3501 misericordiam
3542 3452 3598 3503 et
3626 3455 3776 3503 nocte

2127 3534 2422 3588 canticum.
2459 3532 2636 3600 Quare
2661 3534 2845 3587 tristis
2875 3549 2948 3602 es,
2985 3535 3174 3588 anima
3202 3549 3321 3588 mea
3342 3534 3435 3588 ?et
3454 3552 3623 3605 quare
3646 3553 3776 3591 con-

2130 3623 2321 3678 turbas
2343 3639 2430 3677 me
2456 3622 2483 3677 ?
2512 3622 2567 3676 id
2588 3626 2695 3692 est,
2724 3638 2906 3693 quare
2928 3623 3239 3693 praetendis
3263 3624 3578 3693 quamdam
3603 3624 3783 3678 tristi-

2132 3712 2272 3767 tiam
2308 3716 2363 3767 et
2394 3711 2925 3778 conturbationem,
2961 3727 3075 3765 non
3104 3726 3172 3765 ex
3216 3713 3531 3778 coactione,
3585 3713 3681 3766 sed
3717 3728 3787 3767 ex

2127 3800 2445 3872 voluntate,
2471 3801 2592 3855 haec
2617 3800 2790 3856 toties
2815 3805 2992 3872 caput
3014 3804 3279 3855 nostrum
3304 3800 3530 3870 repetit,
3557 3805 3619 3854 ut
3641 3818 3781 3856 suos

2130 3890 2464 3948 consoletur
2486 3895 2543 3944 et
2565 3890 2904 3945 exhortetur
2935 3906 3042 3945 suo
3072 3888 3356 3961 exemplo,
3393 3893 3457 3944 ut
3490 3906 3601 3945 non
3634 3890 3777 3945 deﬁ-

2131 3980 2287 4035 ciant
2314 3979 2370 4033 in
2403 3978 2705 4033 laboribus
2738 3978 2917 4048 hujus
2948 3979 3076 4033 vitae
3107 3979 3458 4034 transitoria;
3510 3981 3684 4051 positi
3716 3981 3777 4035 in

2131 4085 2234 4139 spe
2255 4071 2477 4121 aeternas
2520 4066 2834 4133 felicitatis,
2869 4068 3093 4123 scilicet
3121 4068 3363 4124 visionis
3394 4069 3517 4139 Dei,
3552 4074 3608 4124 et
3640 4070 3781 4142 quia

2131 4174 2249 4211 non
2279 4172 2347 4211 ex
2377 4156 2691 4222 coactione,
2722 4173 2879 4228 spera
2911 4160 2969 4212 in
2999 4159 3125 4225 Deo,
3160 4164 3218 4213 et
3250 4158 3479 4224 merito,
3510 4161 3776 4228 quoniam

2132 4245 2309 4300 adhuc
2355 4245 2648 4314 conﬁtebor
2697 4247 2805 4312 illi,
2852 4248 3109 4302 salutare
3156 4248 3337 4301 vultus
3387 4248 3498 4300 mei
3543 4250 3593 4299 et
3639 4247 3779 4299 Deus

2135 4351 2302 4401 meus,
2338 4334 2395 4388 id
2419 4338 2525 4399 est,
2550 4335 2657 4388 etsi
2682 4336 2853 4389 modo
2886 4339 3049 4389 tanta
3079 4351 3181 4404 pro
3212 4334 3296 4388 eis
3328 4332 3535 4404 patior,
3580 4337 3778 4388 tamen

2136 4424 2249 4479 mei
2272 4424 2462 4478 adhuc
2492 4422 2925 4476 conﬁtebuntur
2955 4422 3147 4489 corde,
3182 4425 3239 4475 et
3268 4437 3365 4475 ore
3394 4419 3621 4475 dicent:
3642 4421 3780 4475 Deus

363 4516 654 4581 ostendit,
688 4516 789 4588 qui
822 4518 882 4570 in
910 4515 1018 4582 die,
1050 4514 1109 4568 id
1142 4517 1249 4579 est,
1283 4516 1416 4568 ante
1447 4511 1778 4584 passionem
1804 4512 2027 4566 miseri—
2056 4506 2103 4570 D
2132 4530 2285 4568 meus
2316 4510 2570 4567 salvator
2598 4514 2684 4563 est
2714 4510 2895 4564 vultus
2923 4509 3053 4575 mei,
3108 4508 3165 4562 id
3216 4512 3323 4575 est,
3379 4512 3467 4563 est
3515 4508 3687 4564 homo
3719 4513 3787 4565 ut

362 4605 636 4662 cordiam
670 4606 799 4673 eius
829 4603 1075 4669 cantavi,
1108 4611 1159 4658 et
1180 4605 1355 4667 nocte,
1389 4601 1445 4655 id
1493 4606 1600 4667 est,
1652 4600 1713 4655 in
1754 4600 2027 4671 passione

360 4694 527 4765 ejus,
560 4695 855 4749 canticum.
889 4691 1107 4746 Aliter:
1142 4690 1316 4761 Super
1331 4706 1418 4744 me
1437 4691 1797 4745 transierunt.
1829 4690 2028 4744 Trans-

360 4785 563 4839 ierunt
586 4781 657 4836 ab
683 4781 767 4836 eis
789 4781 1005 4852 quibus
1031 4779 1395 4835 debebantur
1416 4795 1593 4849 super
1618 4794 1711 4831 me
1732 4776 2029 4848 imposita,

364 4887 433 4937 et
455 4880 568 4935 hoc
592 4878 718 4934 ideo
750 4878 890 4949 quia
921 4880 980 4932 in
1008 4877 1114 4940 die,
1154 4878 1209 4933 id
1241 4880 1349 4942 est,
1382 4875 1441 4929 in
1476 4875 1881 4946 prosperitate,
1913 4874 2031 4930 sci-

360 4970 515 5025 licet
535 4984 721 5038 usque
742 4968 813 5022 ad
848 4971 1079 5036 tempus
1100 4966 1387 5037 passionis
1406 4964 1833 5034 meaa,quamdo
1864 4963 2033 5033 quasi

366 5055 850 5129 prosperandum
875 5053 1018 5108 mihi
1043 5055 1149 5108 fuit
1172 5059 1233 5107 ut
1257 5052 1561 5123 implerem
1588 5068 1714 5122 quae
1738 5051 2035 5122 implenda

365 5149 572 5209 erant,
605 5142 885 5197 mandavit
916 5158 1018 5214 per
1048 5157 1139 5196 me
1172 5143 1452 5205 Dominus,
1486 5140 1543 5194 id
1575 5144 1683 5207 est,
1719 5145 1913 5194 notam
1948 5139 2033 5193 fe-

369 5235 465 5290 cit
495 5232 694 5305 generi
726 5231 982 5287 humano
1011 5231 1451 5285 misericordiam
1480 5245 1671 5293 suam,
1706 5228 1761 5281 id
1815 5234 1927 5293 est,
1967 5244 2035 5283 ea

367 5322 683 5379 notiﬁcaw
713 5337 839 5392 quae
870 5321 941 5375 de
972 5319 1335 5391 reparatione
1366 5316 1526 5371 illius
1548 5320 1680 5371 ante
1702 5316 2033 5387 passionem

365 5427 579 5469 meam
611 5408 968 5465 notiiicanda
996 5413 1180 5464 erant.
1204 5410 1268 5462 Et
1294 5415 1447 5461 nocte
1475 5406 1754 5459 canticum
1801 5408 1942 5475 ejus,
1975 5404 2033 5460 id

361 5504 493 5567 est,
525 5499 587 5554 in
617 5499 888 5570 passione
912 5516 1039 5554 mea
1091 5495 1369 5571 preposui
1406 5493 1682 5549 omnibus
1700 5492 1840 5564 quid
1866 5493 1941 5549 sit
1962 5494 2036 5549 fa-

360 5586 662 5659 ciendum
690 5585 752 5655 in
781 5584 1273 5657 talibus,scilicet
1326 5581 1388 5651 in
1420 5579 1695 5642 omnibus
1726 5580 2036 5643 miser-icero

2137 4618 2261 4674 ego.
2290 4600 2488 4665 Aliter,
2515 4598 2571 4651 in
2600 4612 2849 4668 persona
2872 4595 3173 4651 Ecclesiae:
3215 4596 3314 4652 Ubi
3341 4601 3421 4652 est
3451 4598 3593 4653 Deus
3619 4599 3787 4654 tuus?

2138 4698 2226 4753 Illi
2259 4697 2497 4769 quidem
2534 4695 2604 4751 de
2638 4693 2763 4749 suis
2795 4692 2907 4747 diis
2938 4692 2998 4747 in
3030 4693 3298 4764 praesenti
3339 4698 3588 4766 possunt
3618 4712 3789 4767 agere

2141 4785 2657 4849 demonstratione,
2692 4799 2805 4837 non
2839 4786 3034 4837 autem
3069 4782 3269 4838 oculos
3301 4783 3521 4839 habent
3571 4784 3787 4854 quibus

2138 4875 2403 4929 videatur
2424 4874 2577 4927 Deus
2605 4887 2791 4937 meus,
2819 4871 2955 4942 quia
2988 4872 3299 4927 invisibilia
3317 4874 3435 4940 ejus
3452 4888 3551 4942 per
3574 4887 3637 4925 ea
3667 4884 3791 4939 qua?

2140 4965 2287 5032 facta
2316 4964 2445 5015 sunt
2492 4960 2775 5015 intellecta
2820 4961 3234 5029 conspiciuntur
3280 4961 3433 5030 (Rom
3456 4959 3518 5027 1),
3554 4957 3788 5013 animus

2143 5067 2246 5122 per
2276 5049 2603 5103 ministeria
2652 5047 2912 5119 corporis
2965 5049 3235 5118 quaedam
3286 5046 3504 5100 faciens
3555 5063 3667 5101 non
3702 5050 3790 5100 est

2145 5137 2506 5193 insufﬁciens
2539 5140 2601 5189 ut
2632 5153 2734 5206 per
2764 5152 2825 5190 se
2858 5135 2972 5189 alia
3003 5152 3117 5189 non
3149 5134 3427 5197 sentiant,
3453 5140 3517 5188 ut
3546 5134 3701 5189 enim
3725 5151 3787 5190 se

2142 5228 2335 5282 videat
2366 5242 2470 5297 per
2498 5242 2559 5279 se
2590 5241 2623 5279 a
2653 5224 2950 5294 corporeis
2980 5223 3255 5278 sensibus
3285 5239 3347 5278 se
3378 5222 3692 5291 subtrahit,
3735 5227 3791 5278 et

2143 5316 2367 5372 confert
2395 5330 2457 5368 se
2490 5314 2558 5368 ad
2591 5312 2918 5374 interiores,
2953 5316 3129 5382 atque
3160 5312 3492 5367 ministeria
3529 5312 3790 5383 corporis

2145 5422 2259 5461 non
2292 5402 2614 5471 sufﬁciunt,
2648 5400 3041 5471 splendorem,
3071 5401 3475 5471 seueritatem,
3527 5401 3785 5469 odorem,

2146 5507 2435 5566 saporem,
2471 5491 2768 5545 lenitatem
2799 5488 3104 5557 virtutum,
3137 5489 3227 5544 vel
3257 5493 3477 5560 contra,
3515 5490 3789 5547 vitiorum

2152 5581 2388 5649 sentire.
2414 5580 2542 5641 Haec
2567 5577 2882 5641 recordatus
2910 5593 3052 5652 sum,
3075 5582 3124 5642 et
3152 5578 3327 5664 eﬂudi
3355 5580 3415 5639 in
3442 5594 3529 5639 me
3546 5581 3797 5649 animam
