4016 6192
291 331 407 396 367

865 331 1170 395 REMIGII
1212 332 1966 396 ANTISSIODORENSIS
2011 333 2183 395 OPP.
2232 333 2432 396 PARS
2475 332 2530 394 l.
2559 364 2637 380 --
2664 329 3128 394 EXEGETIGA.

290 482 474 520 neam.
506 463 794 521 Constitui
825 468 880 521 et
909 465 1035 538 ipse
1089 483 1347 538 quaarere
1395 469 1466 523 de
1513 467 1629 526 Deo
1678 483 1828 536 meo,
1873 471 1939 522 ut
1965 472 2019 536 Α
2054 488 2082 517 ‹‹
2113 484 2294 539 quare
2333 467 2649 523 conturbas
2679 465 2818 522 me?
2860 465 3040 536 Spera
3088 462 3148 518 in
3215 461 3355 528 Deo,
3411 460 3696 532 quoniam

293 571 408 610 non
442 555 631 609 solum
660 555 976 626 crederem,
1004 557 1101 612 sed
1121 557 1295 612 etiam
1317 557 1389 612 de
1421 557 1518 612 illo
1537 556 1758 627 aliquid
1781 557 1937 610 vide-

293 661 437 710 rem.
471 644 666 699 Sentio
699 644 920 717 aliquid
965 663 1093 702 esse
1141 646 1295 701 ultra
1342 646 1599 701 animam
1633 663 1844 701 meam.
1879 644 1940 699 Si

295 734 452 788 enim
487 751 543 788 in
577 751 638 789 se
669 739 997 790 remaneret
1028 753 1142 790 non
1175 736 1360 791 effusa
1389 753 1565 806 super
1595 753 1675 802 se,
1711 753 1825 790 non
1853 734 1940 789 vi-

295 824 457 878 deret
488 824 597 877 nisi
629 840 712 879 se.
738 824 926 895 Supra
957 828 1142 896 ipsam
1168 832 1363 880 autem
1387 826 1763 896 attingendus
1788 825 1941 879 Deus

296 918 643 983 est,ysupra
699 914 958 968 animam
1025 919 1114 969 est
1179 915 1390 969 domus
1455 914 1576 979 Dei,
1643 916 1712 968 ad
1763 931 1942 985 quam

298 1009 362 1057 ut
391 1002 668 1057 ascendat
695 1002 942 1057 effundit
971 1020 1032 1058 se
1057 1021 1234 1074 supra
1256 1021 1337 1058 se.
1361 1002 1714 1058 Conscensio
1746 1009 1942 1057 autem

297 1092 410 1147 ista
441 1107 554 1146 non
586 1094 674 1146 est
706 1089 818 1145 nisi
845 1108 947 1163 per
976 1089 1132 1147 viam
1182 1092 1470 1156 Ecclesiae,
1523 1091 1620 1163 qui
1679 1091 1853 1147 habet
1884 1092 1944 1146 in

297 1184 516 1236 secreto
549 1180 790 1234 domum
824 1179 1198 1246 altissimam,
1225 1181 1398 1237 habet
1418 1181 1861 1236 tabernaculum
1887 1181 1944 1235 in

295 1276 470 1341 terra,
496 1271 553 1325 in
587 1286 702 1341 quo
733 1269 873 1324 dum
906 1270 1196 1342 ambulas,
1231 1272 1277 1326 si
1303 1270 1623 1326 tibirerum
1647 1269 1943 1326 tumultus

293 1375 408 1416 non
439 1357 745 1429 obstrepit,
787 1359 1028 1415 duceris
1058 1359 1117 1414 in
1152 1359 1447 1415 interioris
1471 1364 1526 1414 et
1554 1358 1949 1430 intelligibilis

296 1450 894 1521 sonijucunditatem,
916 1453 982 1504 ut
1009 1449 1210 1505 omnia
1231 1454 1467 1504 externa
1492 1453 1834 1504 contemnas
1863 1465 1952 1503 ra-

296 1545 433 1611 ptus
456 1539 527 1594 ad
551 1539 840 1595 internam
864 1539 1026 1595 illam
1043 1537 1330 1605 laetitiam,
1366 1538 1469 1592 sed
1494 1537 1634 1608 quia
1657 1536 1790 1593 licet
1814 1536 1952 1593 illuc

297 1629 617 1700 rapiamur,
639 1634 831 1684 tamen
849 1629 1110 1700 quandiu
1130 1644 1338 1683 sumus
1359 1627 1416 1680 in
1440 1642 1679 1704 corpore
1702 1626 1955 1698 peregri-

300 1735 514 1774 namur
541 1736 575 1774 a
604 1718 850 1774 Domino
882 1719 953 1789 (II
988 1718 1107 1773 Cor.
1141 1717 1218 1789 v),
1251 1716 1534 1788 sequitur,
1561 1720 1748 1787 Quare
1778 1716 1952 1771 tristis

296 1825 371 1879 es,
405 1810 594 1863 anima
621 1824 743 1862 mea
765 1808 793 1862 ‘2
818 1824 986 1878 quare
1014 1806 1269 1862 turbaris
1290 1806 1317 1860 ‘?
1343 1806 1466 1860 Non
1500 1805 1571 1859 ad
1600 1805 1805 1870 Deum,
1843 1805 1943 1859 sed

297 1897 367 1951 ad
395 1913 481 1950 me
510 1898 691 1966 ipsum
721 1898 911 1950 anima
941 1912 1058 1950 mea
1075 1895 1396 1950 conturbata
1417 1898 1515 1950 est.
1535 1895 1705 1964 Spera
1728 1897 1786 1948 in
1808 1895 1932 1960 Deo,

303 1986 443 2058 quia
473 1985 758 2040 incertum
791 1985 1012 2051 habeo;
1049 1983 1099 2039 si
1128 2000 1449 2055 apparuere
1464 1987 1590 2038 ante
1609 1985 1807 2051 faciem
1833 1983 1952 2046 Dei,

304 2093 420 2130 non
453 2079 563 2130 erit
585 2076 740 2146 quod
773 2091 900 2130 eam
933 2074 1264 2130 conturbet.
1301 2074 1378 2128 Ad
1406 2090 1492 2129 me
1538 2076 1719 2144 ipsum
1751 2071 1954 2127 merito

301 2166 592 2230 turbatur,
627 2164 764 2235 quia
794 2163 975 2220 sentit
1005 2163 1460 2218 mutabilitatem
1489 2163 1594 2229 ;ad
1626 2169 1805 2216 Deum
1836 2177 1952 2216 non

301 2255 594 2322 turbatur,
619 2253 758 2324 quia
780 2253 956 2309 sentit
975 2251 1518 2308 incommutabilem
1548 2268 1560 2306 :
1586 2250 1825 2306 Justitia
1851 2250 1952 2306 Dei

303 2359 534 2415 semper
565 2348 675 2408 est,
708 2359 838 2398 mea
876 2349 1073 2398 autem
1104 2342 1153 2398 si
1188 2342 1363 2397 hodie
1388 2347 1497 2409 est,
1534 2358 1664 2396 cras
1688 2358 1824 2396 non.
1851 2339 1954 2396 Vis

304 2437 498 2488 autem
520 2448 636 2485 non
668 2431 940 2486 turbari?
962 2432 1042 2486 Ne
1066 2446 1301 2486 remane
1333 2431 1391 2484 in
1426 2435 1482 2484 te
1516 2430 1662 2501 ipso,
1697 2446 1769 2485 ne
1798 2430 1868 2484 de
1897 2433 1952 2484 te

306 2536 652 2591 praesumas.
709 2519 966 2575 Iordanis
1014 2519 1432 2590 interpretatur
1478 2518 1782 2585 descensus,
1815 2517 1953 2588 quia

302 2607 362 2660 in
395 2608 484 2660 me
519 2605 661 2659 nihil
689 2605 799 2660 nisi
832 2605 1145 2660 iuiirmitas
1175 2606 1234 2660 in
1268 2623 1358 2662 me
1392 2605 1767 2675 humiliabor,
1801 2605 1872 2660 de
1896 2609 1950 2660 te

301 2712 678 2767 praesumam.
708 2694 869 2757 Quod
894 2701 1005 2759 est,
1029 2710 1236 2749 memor
1261 2711 1350 2748 ero
1382 2697 1465 2748 tui
1492 2694 1557 2748 de
1586 2699 1732 2748 terra
1759 2693 1814 2747 id
1838 2698 1948 2760 est,

301 2785 653 2840 descendam
682 2790 744 2838 ut
766 2784 1000 2848 liberer,
1027 2800 1139 2838 non
1163 2783 1477 2838 ascendam
1501 2800 1570 2838 ne
1592 2782 1794 2837 elidar.
1824 2783 1951 2836 Her-

301 2891 450 2942 mon,
475 2875 936 2945 anathema,ergo
959 2890 1086 2944 qua:
1111 2889 1240 2927 mea
1260 2877 1398 2927 sunt
1420 2872 1947 2937 anathematizabo,

305 2970 368 3019 ut
394 2963 756 3035 displicendo
781 2963 922 3016 mihi
949 2961 1207 3033 placeam
1233 2960 1336 3014 illi.
1359 2961 1444 3015 Ad
1467 2960 1632 3014 illum
1649 2960 1947 3031 respirabo

305 3054 568 3107 demonte
590 3069 761 3122 parvo
781 3057 844 3106 ut
866 3067 957 3106 me
985 3052 1161 3105 fuciat
1193 3066 1494 3122 magnum.
1527 3049 1759 3119 Abyssus
1787 3050 1945 3120 abys-

304 3159 427 3197 sum
452 3143 686 3206 invocat,
710 3142 936 3213 abyssus
956 3145 1044 3194 est
1066 3140 1356 3194 immensa
1388 3138 1776 3210 profunditas.
1802 3143 1946 3210 Ergo

307 3231 672 3303 profunditas
697 3212 816 3284 haec
849 3228 1304 3301 profunditatem
1338 3226 1716 3283 intellectoris
1747 3227 1942 3300 exigit,
1977 3212 2019 3279 C

304 3325 360 3375 et
378 3320 482 3374 hoc
506 3319 565 3374 in
579 3335 714 3375 voce
729 3319 1198 3390 praedicatorum,
1224 3318 1316 3372 Sic
1333 3317 1487 3372 enim
1504 3317 1944 3386 justusjustum

299 3408 586 3477 lucratur,
618 3414 674 3464 et
703 3408 787 3464 sic
814 3423 930 3462 non
981 3406 1127 3462 mihi
1176 3407 1674 3478 praesumendum.
1728 3406 1938 3462 Aliter:

297 3503 601 3570 Propterea
615 3497 1015 3552 comturbatus
1030 3497 1087 3550 in
1106 3514 1197 3552 me
1210 3500 1277 3550 ad
1300 3501 1354 3551 te
1371 3497 1603 3567 suspiro
1618 3496 1756 3567 quia
1769 3495 1941 3552 audio

292 3587 353 3642 in
376 3603 512 3642 voce
531 3586 964 3658 Scripturarum
989 3585 1142 3656 quod
1174 3585 1223 3640 si
1256 3602 1349 3639 me
1381 3601 1536 3639 nunc
1568 3584 1743 3640 habet
1773 3585 1938 3657 abys-

287 3693 385 3732 sus
417 3675 768 3748 iniquitatis,
801 3675 933 3745 ipsa
961 3674 1192 3729 vocabit
1225 3673 1423 3741 aliam,
1474 3673 1532 3727 id
1591 3678 1681 3727 est
1711 3674 1782 3728 de
1813 3674 1940 3743 ipsa

286 3766 547 3821 transibo
568 3766 640 3821 ad
659 3765 921 3836 abyssum
951 3764 1375 3836 gehennarum.
1409 3762 1631 3818 Judicia
1659 3767 1755 3816 tua
1785 3764 1940 3834 abys-

282 3872 374 3910 sus
406 3856 581 3910 multa
611 3857 726 3922 (Ps.
757 3857 948 3924 xxxv),
981 3853 1121 3925 quia
1151 3857 1208 3907 et
1236 3851 1333 3906 hic
1364 3851 1744 3906 interioribus
1777 3856 1938 3906 tene-

282 3944 406 3998 bris
439 3945 708 4006 damnas,
733 3947 790 3997 et
812 3947 943 4014 post
992 3941 1412 4008 exterioribus;
1458 3940 1596 4011 quid
1641 3939 1824 4012 ergo?
1856 3942 1934 3995 Ir-

279 4035 556 4102 rumpant
575 4030 635 4085 in
657 4036 713 4086 te
741 4031 1158 4102 suspensiones
1177 4032 1328 4102 ejus,
1353 4029 1411 4085 id
1434 4034 1540 4098 est,
1567 4031 1782 4084 excelsa
1806 4047 1934 4101 quae

286 4120 565 4184 minatur,
587 4123 643 4173 et
668 4119 888 4188 ﬂuctus,
921 4119 980 4174 id
1005 4125 1111 4186 est,
1138 4121 1406 4190 quejam
1429 4118 1637 4186 sentis,
1660 4118 1746 4174 vel
1776 4119 1932 4174 idem

284 4213 374 4264 est
404 4208 557 4280 quod
581 4208 810 4280 abyssus
842 4209 1102 4278 abyssum
1130 4209 1350 4263 invocat
1370 4226 1393 4272 ;
1414 4213 1470 4262 et
1495 4207 1636 4278 quid
1667 4209 1738 4262 ad
1772 4206 1933 4264 haec?

287 4296 525 4352 Mandat
553 4294 660 4349 tibi
707 4295 992 4350 Dominus
1038 4294 1097 4348 in
1144 4294 1442 4366 prosperis
1471 4296 1928 4363 misericordiam,

283 4385 536 4448 attende,
572 4385 714 4439 dum
746 4401 990 4440 securus
1021 4399 1104 4451 es,
1137 4381 1507 4454 disciplinam
1537 4383 1706 4438 Verbi
1732 4385 1850 4453 Dei,
1875 4390 1932 4441 et

282 4473 554 4529 liberabit
573 4478 629 4529 te
654 4492 667 4541 ;
699 4474 853 4544 quod
878 4490 989 4528 non
1019 4471 1237 4544 patebit
1259 4471 1370 4527 nisi
1395 4474 1452 4527 in
1475 4473 1755 4529 adversis.
1791 4475 1929 4529 Pro-

285 4567 448 4633 ptera
475 4562 620 4634 apud
641 4579 727 4618 me
758 4565 952 4632 oratio,
993 4562 1186 4618 Judica
1213 4579 1299 4617 me
1325 4563 1463 4618 Deus
1495 4567 1605 4630 etc,

849 4685 1140 4741 PSAMUS
1181 4685 1349 4740 XLII.

855 4791 1115 4831 PSALMUS
1155 4791 1341 4830 DAVID.

350 4885 378 4915 «
409 4863 620 4919 Judica
651 4879 764 4928 me,
798 4861 972 4929 Deus,
997 4872 1048 4917 et
1072 4865 1338 4918 discerne
1369 4879 1607 4918 causam
1641 4879 1829 4917 meam
1857 4863 1928 4919 de

282 4976 304 5005 ι
338 4960 509 5025 gente
541 4969 655 5008 non
689 4958 931 5007 sancta:
967 4953 1038 5006 ab
1087 4952 1322 5007 homine
1365 4951 1568 5023 iniquo
1622 4958 1677 5007 et
1725 4952 1927 5008 doloso

282 5067 307 5092 ‹‹
342 5060 480 5097 erue
513 5059 625 5096 me.
660 5041 808 5107 Quia
843 5049 900 5095 tu
934 5057 995 5095 es
1030 5045 1178 5095 Deus
1227 5040 1504 5094 fortitudo
1567 5058 1714 5108 mea,
1749 5058 1928 5112 quare

276 5155 302 5182 ‹‹
334 5149 426 5186 me
457 5131 724 5198 repulisti
747 5130 775 5184 ?
805 5136 863 5185 et
893 5147 1072 5201 quare
1091 5129 1277 5185 tristis
1301 5129 1527 5195 incedo,
1553 5130 1690 5184 dum
1719 5131 1928 5201 afﬂigit

280 5243 307 5269 ‹‹
341 5237 431 5275 me
461 5221 741 5274 inimicus
763 5221 790 5274 ‘t
820 5220 1032 5275 Emitte
1086 5219 1273 5274 lucem
1323 5223 1483 5272 tuam
1537 5225 1595 5272 et
1623 5219 1923 5274 veritatem

282 5333 301 5358 ι
336 5315 541 5374 tuam;
597 5309 722 5380 ipsa
770 5326 862 5363 me
905 5310 1292 5372 deduxerunt,
1343 5312 1398 5361 et
1451 5308 1818 5362 adduxerunt
1864 5308 1924 5362 in

279 5420 307 5447 ‹‹
339 5405 596 5453 montem
631 5403 902 5452 sanctum
937 5407 1101 5453 tuum
1133 5405 1191 5453 et
1215 5397 1273 5451 in
1305 5396 1684 5451 tabernacula
1708 5402 1824 5451 tua.
1859 5397 1929 5451 Et

277 5511 304 5538 «
341 5488 593 5543 introiho
617 5489 685 5542 ad
713 5487 894 5542 altare
927 5488 1050 5555 Dei,
1085 5488 1157 5542 ad
1206 5488 1388 5542 Deum
1422 5487 1519 5556 qui
1554 5486 1926 5556 laetihcatju-

283 5597 311 5626 ‹‹
342 5582 644 5632 ventutem
675 5593 890 5632 meam.
927 5577 1258 5632 Confitebor
1289 5575 1394 5630 tibi
1427 5575 1485 5630 in
1508 5575 1750 5644 cithara,
1773 5575 1929 5632 Deus

277 5685 307 5720 «
339 5669 493 5722 Deus
549 5679 740 5738 meus,
800 5681 981 5742 quare
1033 5663 1222 5724 tristis
1281 5679 1345 5722 es
1394 5663 1595 5722 animo.
1651 5663 1834 5724 mea?
1871 5670 1930 5726 et

2049 578 2076 606 «
2109 555 2301 612 adhuc
2326 557 2643 612 conﬁtebor
2668 554 3034 622 illi,salutare
3057 553 3252 608 vultus
3306 550 3422 607 mei
3453 555 3510 606 et
3539 549 3698 606 Deus

2057 665 2078 695 Ι
2113 663 2301 702 meus.
2343 669 2363 695 I

2675 751 2803 806 ENA
2817 750 3070 806 RRATIO.

2125 859 2250 930 ipse
2271 858 2535 932 psalmus
2565 862 2754 929 potest
2785 875 2887 931 per
2917 875 2976 912 se
3001 856 3136 928 legi,
3171 859 3236 911 ut
3255 855 3334 910 sit
3352 872 3465 910 vox
3489 853 3700 927 capitis

2052 965 2155 1020 pro
2182 965 2290 1003 sua
2315 948 2736 1003 resurrectione
2765 965 2777 1002 :
2813 946 2896 1002 vel
2922 947 3199 1018 jungitur
3230 963 3362 1001 cum
3411 943 3700 1016 superiori

2052 1037 2160 1092 hoc
2186 1037 2378 1091 modo.
2413 1037 2601 1107 Supra
2634 1037 2798 1101 dixit,
2826 1038 3017 1091 omnia
3044 1035 3256 1090 excelsa
3288 1039 3386 1088 tua
3407 1043 3457 1089 et
3501 1033 3700 1107 ﬂuctus

2053 1130 2134 1181 tui
2162 1142 2327 1196 super
2353 1141 2439 1180 me
2464 1126 2824 1195 transierunt,
2849 1124 2902 1178 id
2937 1123 3418 1194 est,considerata
3440 1126 3579 1178 sunt
3599 1123 3699 1178 ab-

2054 1214 2310 1269 inimicis
2335 1232 2509 1286 super
2532 1232 2624 1269 me
2647 1212 3589 1286 impunenda,quiaipsideputant
3610 1225 3701 1267 me

2059 1304 2301 1375 dignum
2325 1303 2424 1359 illa
2444 1309 2698 1359 extrema
2719 1302 3094 1358 damnatione
3115 1300 3463 1374 gravissima
3488 1304 3545 1356 et
3561 1315 3702 1374 prae-

2059 1393 2206 1448 senti
2238 1393 2663 1463 persecutione.

2127 1481 2318 1537 Judica
2349 1497 2435 1536 me
2463 1483 2603 1536 Deus
2638 1523 2650 1534 .
2673 1481 2950 1536 Judicant
2979 1479 3048 1535 de
3082 1478 3354 1551 meimpii
3377 1479 3532 1550 quod
3555 1477 3707 1550 inju-

2061 1575 2216 1626 stum
2250 1575 2359 1639 est,
2385 1571 2588 1642 judica
2616 1575 2679 1625 tu
2702 1571 3102 1641 quodjustum
3135 1575 3225 1624 est
3247 1586 3261 1637 ;
3286 1569 3560 1640 judicent
3582 1568 3700 1638 alii,

2063 1660 2158 1714 sed
2189 1677 2302 1715 non
2319 1658 3094 1732 discernunt,parlabor,sed
3110 1658 3311 1730 dispar
3322 1656 3700 1714 conscientia.

2060 1747 2144 1802 Tu
2197 1748 2305 1803 hoc
2354 1749 2527 1804 modo
2549 1749 2762 1820 judica.
2797 1749 3057 1803 Discerne
3085 1763 3308 1802 causam
3355 1762 3553 1802 meam.
3583 1745 3705 1802 Etsi

1980 1843 2027 1907 B
2058 1853 2227 1908 poma
2258 1855 2411 1892 nunc
2441 1837 2516 1892 sit
2545 1855 2650 1909 par
2679 1854 2811 1892 cum
2839 1837 3036 1908 impiis
3075 1841 3132 1891 et
3179 1835 3362 1905 labor,
3393 1837 3479 1891 fac
3513 1841 3577 1891 ut
3606 1852 3706 1909 per

2067 1927 2241 1981 finem
2275 1925 2639 1982 discernatur
2667 1944 2864 1995 causa,
2894 1927 2981 1981 fac
3014 1942 3104 1980 me
3144 1942 3464 1998 resurgere,
3499 1930 3566 1980 ut
3597 1925 3703 1981 hoc

2065 2017 2238 2071 modo
2265 2033 2440 2071 causa
2469 2022 2856 2088 cognoscatur
2884 2016 3099 2086 dispar.
3141 2016 3289 2070 Erue
3316 2032 3404 2069 me
3459 2014 3523 2070 de
3551 2022 3705 2083 gente

2061 2121 2173 2159 non
2199 2110 2411 2172 sancta,
2445 2105 2502 2160 id
2533 2111 2640 2175 est,
2674 2106 2745 2160 de
2773 2110 2943 2177 gente
2999 2104 3100 2159 illa
3157 2121 3284 2176 qua
3329 2120 3391 2158 se
3440 2110 3702 2160 sanctam

2063 2193 2221 2260 facit,
2288 2197 2344 2248 et
2399 2209 2512 2248 non
2568 2199 2678 2259 est,
2736 2192 2792 2246 id
2854 2196 2960 2258 est,
3019 2191 3090 2246 ab
3141 2191 3358 2246 homine
3406 2191 3596 2262 iniquo
3653 2195 3707 2246 et

2061 2281 2267 2349 doloso,
2316 2280 2438 2336 haec
2487 2285 2576 2336 est
2622 2297 2766 2352 gens
2815 2297 2931 2335 non
2993 2285 3212 2336 sancta.
3263 2279 3411 2342 Quid
3444 2279 3706 2352 iniquius

2062 2387 2240 2443 quam
2263 2377 2328 2425 ut
2360 2371 2634 2425 infirmus
2667 2369 2894 2425 occidat
2926 2369 3242 2436 medicum,
3276 2385 3482 2424 servus
3515 2367 3706 2424 Domi-

2063 2479 2226 2527 num,
2261 2461 2480 2533 impius
2503 2458 2783 2531 justum?
2813 2457 3053 2514 dolosus
3084 2462 3209 2513 erat
3238 2457 3394 2512 idem
3425 2458 3708 2514 Judaicus

2061 2550 2335 2621 populus,
2397 2566 2531 2604 cum
2589 2549 2847 2603 diceret:
2907 2549 3071 2604 Nobis
3126 2563 3236 2602 non
3291 2547 3415 2603 licet
3469 2547 3712 2602 occidere

2060 2655 2386 2710 quemquam
2417 2639 2604 2709 (Joan.
2639 2638 2823 2708 xvm).
2861 2638 3057 2692 Dentes
3089 2647 3274 2692 tamen
3331 2653 3524 2692 eorum
3553 2652 3709 2692 arma

2057 2732 2107 2782 et
2133 2730 2373 2798 sagitta,
2392 2732 2443 2782 et
2465 2729 2674 2797 lingua?
2692 2743 2878 2782 eorum
2896 2725 3121 2795 gladius
3145 2730 3339 2780 acutus
3362 2727 3531 2797 (Psal.
3573 2726 3705 2796 LVI),

2058 2832 2191 2870 cum
2221 2816 2512 2871 dicerent:
2571 2815 2855 2886 Cruci/ige,
2908 2817 3160 2885 cruciﬁge
3190 2816 3370 2885 (Joan.
3403 2817 3538 2886 xxx).
3575 2815 3705 2871 Ideo

2059 2909 2122 2958 tu
2145 2921 2302 2973 erue,
2326 2910 2388 2959 tu
2419 2905 2688 2970 discerne,
2720 2905 2853 2976 quia
2873 2913 2930 2959 tu
2959 2921 3037 2967 es,
3069 2905 3227 2975 Deus,
3265 2905 3532 2975 fortitudo
3562 2919 3704 2971 mea,

2057 3010 2159 3064 per
2180 3009 2354 3064 quem
2378 3010 2482 3066 ego
2505 2999 2560 3049 et
2582 2994 2695 3049 mei
2727 2997 2905 3049 fortes
2935 3010 3165 3057 sumus,
3198 2993 3254 3047 id
3288 2999 3398 3058 est,
3431 2998 3701 3048 constan-

2057 3087 2143 3138 tes
2165 3083 2223 3137 in
2253 3083 2544 3155 passione.
2568 3082 2668 3138 Vel
2693 3100 2792 3152 per
2816 3099 2991 3154 quem
3015 3099 3119 3154 ego
3143 3086 3198 3138 et
3230 3083 3339 3137 mei
3371 3098 3578 3136 sumus
3603 3082 3694 3137 fu-

2057 3173 2173 3226 turi
2199 3173 2634 3244 l'ortes,quando
2657 3173 2878 3226 erimus
2900 3171 3257 3226 immortales
3278 3175 3335 3225 et
3354 3168 3689 3241 impassibi-

2057 3261 2137 3316 les
2159 3260 2257 3332 qui
2283 3263 2449 3316 modo
2477 3277 2828 3332 apparemus
2851 3259 3092 3315 debiles.
3126 3261 3194 3314 Et
3217 3261 3342 3330 quia
3372 3266 3427 3313 tu
3445 3274 3502 3313 es
3523 3258 3683 3329 forti-

2050 3350 2180 3406 tudo
2209 3367 2352 3415 mea,
2388 3366 2556 3422 quare
2583 3367 2671 3404 me
2697 3351 2954 3420 repuliin
2972 3352 2997 3402 .’
3023 3349 3081 3404 id
3104 3353 3215 3418 est,
3239 3347 3374 3420 quid
3397 3363 3583 3402 causae
3606 3350 3695 3402 est

2051 3441 2204 3511 quod
2225 3441 2281 3495 in
2301 3446 2526 3495 tantum
2543 3439 2834 3512 permittis
2847 3439 3024 3512 afﬂigi
3047 3444 3111 3494 ut
3126 3439 3325 3492 videar
3336 3436 3650 3493 derelictus
3670 3435 3699 3489 ?

2051 3533 2116 3584 Et
2143 3545 2313 3599 quare
2342 3531 2516 3584 tristis
2545 3529 2752 3599 incedo,
2787 3528 2843 3582 id
2867 3532 2974 3596 est,
2998 3529 3138 3599 quid
3162 3525 3412 3593 consilii,
3437 3543 3564 3597 quas
3595 3525 3700 3580 uti-

2049 3617 2182 3672 litas
2205 3620 2355 3689 quod
2389 3618 2574 3673 tristis
2603 3622 2692 3672 est
2721 3617 2918 3672 anima
2952 3633 3080 3672 mea
3109 3633 3294 3688 usque
3317 3617 3386 3671 ad
3415 3617 3702 3671 mortem?

2049 3709 2200 3778 quod
2229 3724 2404 3778 paveo
2426 3712 2482 3761 et
2512 3707 2679 3764 tadeo
2712 3706 3184 3761 trausformando
3214 3706 3272 3759 in
3305 3723 3396 3760 me
3427 3719 3696 3776 pavorem

2048 3811 2334 3859 meorum,
2369 3796 2542 3849 tristis
2573 3793 2722 3860 dico,
2753 3793 2886 3849 dum
2915 3795 3118 3865 afﬂigit
3163 3810 3250 3849 me
3300 3795 3562 3848 inimicus
3598 3793 3698 3848 Ju-

2046 3883 2248 3938 daicus
2265 3882 2534 3954 populus.
2554 3883 2765 3953 Magna
2779 3883 3028 3938 utilitate
3043 3882 3272 3955 generis
3293 3881 3327 3937 h
3340 3882 3539 3937 umani
3563 3896 3695 3936 sum

2043 3987 2148 4044 ego
2176 3970 2445 4042 repulsus
2474 3977 2530 4026 et
2587 3971 2720 4026 mei.
2780 3973 2863 4026 Ad
2924 3971 3030 4026 hoc
3087 3974 3298 4027 caecitas
3354 3973 3589 4042 contigit
3636 3971 3695 4026 in

2042 4061 2230 4130 Israel,
2270 4066 2330 4116 ut
2359 4061 2638 4132 plenitudo
2696 4063 2950 4130 gentium
2980 4063 3218 4116 intraret
3262 4061 3437 4132 (Rom.
3473 4060 3596 4131 x1):
3631 4061 3696 4113 ut

2044 4151 2377 4206 mitteretur
2410 4168 2513 4222 per
2542 4154 2732 4206 totum
2758 4151 3046 4205 mundum
3072 4149 3240 4222 quasi
3261 4149 3552 4205 exercitus
3571 4162 3695 4203 ver-

2041 4241 2181 4294 bum
2216 4239 2340 4295 Dei.
2378 4242 2526 4312 Ergo
2557 4240 2697 4312 quia
2723 4239 2908 4294 Judaei
2953 4239 3315 4311 repulerunt,
3359 4239 3556 4293 emitte
3604 4252 3695 4292 me

2040 4329 2215 4384 lucem
2234 4334 2387 4383 tuam
2408 4329 2478 4383 de
2499 4346 2670 4384 cavea
2687 4329 3026 4384 Judzeorum
3055 4331 3112 4384 in
3139 4328 3403 4383 notitiam
3427 4327 3694 4400 gentium

2038 4418 2234 4482 lucem,
2261 4417 2316 4471 id
2350 4424 2439 4472 est
2480 4417 2842 4472 divinitatem
2895 4434 3022 4489 qua:
3080 4416 3375 4472 illuminat
3420 4416 3696 4470 tenebras

2039 4507 2253 4561 cordis.
2290 4510 2363 4561 Et
2392 4509 2672 4562 veritatem
2702 4515 2879 4573 tuam,
2927 4505 2984 4560 id
3017 4511 3127 4571 est,
3185 4509 3471 4577 praecepta
3499 4511 3604 4558 tua
3637 4503 3695 4558 in

1962 4580 2011 4644 D
2044 4597 2319 4650 omnibus
2349 4612 2502 4651 veru.
2538 4596 2604 4649 Et
2635 4611 2834 4650 revera
2856 4596 3089 4661 educes,
3117 4595 3257 4666 quia
3280 4596 3548 4665 ipsa,non
3568 4593 3697 4648 dico

2041 4685 2144 4739 ded
2158 4689 2349 4746 ucent.
2373 4685 2473 4738 sed
2490 4684 2612 4754 jam
2636 4683 2979 4738 deduxerunt
3013 4683 3098 4738 sic
3130 4689 3356 4738 certum
3379 4688 3489 4748 est,
3525 4679 3696 4753 quasi

2032 4776 2154 4844 jam
2189 4775 2264 4828 sit
2298 4772 2670 4844 praeteritum.
2708 4773 2848 4843 Ipsa,
2909 4771 2968 4826 id
3017 4777 3104 4826 est
3159 4770 3259 4825 lux
3314 4774 3414 4826 tua
3471 4770 3698 4826 scilicet

2038 4863 2363 4918 divinitatis
2398 4868 2509 4916 tua:
2543 4859 2823 4932 potentia,
2857 4865 2913 4914 et
2952 4860 3228 4914 mandata
3265 4863 3367 4914 tua
3413 4874 3568 4924 vera,
3601 4858 3694 4914 de-

2037 4953 2318 5007 duxerunt
2339 4968 2420 5006 me
2442 4951 2739 5004 hominem
2765 4950 2833 5004 de
2853 4950 3099 5004 Judaieo
3125 4948 3414 5020 populo,et
3437 4947 3692 5002 adduxe-

2039 5046 2171 5096 runt
2202 5043 2261 5096 in
2292 5050 2525 5094 montem
2557 5042 2808 5093 sanctum
2858 5047 3034 5099 tuum,
3069 5037 3290 5092 scilicet
3317 5037 3692 5092 constituen-

2040 5133 2203 5197 dum,
2228 5129 2284 5183 id
2310 5134 2398 5183 est
2424 5127 2737 5182 Ecclesium
2762 5132 2925 5180 tuam
2945 5127 3260 5181 virtutibus
3278 5126 3686 5196 sublimatum,

2038 5225 2103 5274 ut
2131 5237 2200 5274 ex
2234 5224 2478 5288 utroque
2519 5215 2738 5288 pariete
2796 5216 2896 5269 flat
2947 5232 3130 5270 unum
3192 5216 3524 5287 templum;
3555 5217 3694 5270 etin

2038 5307 2402 5364 tabernacula
2430 5311 2545 5360 tua.
2577 5307 2735 5370 Quod
2762 5307 2995 5359 montem
3013 5304 3122 5359 hoc
3143 5309 3308 5359 vocat
3324 5304 3692 5360 tabernacula

2039 5397 2266 5452 diversa
2313 5393 2723 5450 similitudine.
2784 5392 3254 5448 Tabernaculum
3313 5397 3403 5448 est
3432 5393 3692 5448 Ecclesia

2037 5485 2397 5557 temporalis,
2431 5483 2568 5556 quia
2602 5487 2657 5537 in
2690 5481 2790 5538 illa
2847 5481 3104 5536 militant
3163 5481 3265 5552 qui
3323 5481 3393 5536 ad
3430 5481 3688 5553 palmam

2037 5576 2286 5632 tendunt
2309 5593 2323 5643 ;
2347 5591 2480 5630 cum
2503 5573 2671 5628 audis
2688 5570 3150 5638 tabernaculum,
3160 5569 3685 5643 peregrinationem

2039 5663 2289 5734 attende,
2341 5662 2570 5720 botem
2604 5676 2763 5733 cave,
2795 5659 2867 5718 de
2893 5659 3092 5737 prolio
3121 5663 3328 5735 satago
3352 5663 3421 5720 ut
3446 5657 3692 5720 tandem
