4016 6192
315 345 437 412 θτδ
483 429 487 433 λ

881 347 1186 413 REMIGII
1230 349 1984 415 ANTISSIODOBENSIS
2027 349 2202 411 OPP.
2246 347 2456 413 PARS
2488 349 2541 411 1.
2569 379 2648 395 -
2684 344 3151 412 EXEGETICA.

3593 342 3717 409 378

319 481 479 537 obliti
505 497 692 538 sumus
719 498 914 538 nomen.
945 485 1042 538 Dei
1068 487 1260 554 nostri,
1277 485 1540 540 eveniant
1569 483 1739 539 nobis
1767 483 1964 538 omnia
1990 482 2044 550 Α
2076 483 2426 539 mirabiliter
2444 484 2680 539 dextera
2714 488 2836 539 tua.
2872 482 3106 553 Sagittae
3137 483 3250 537 tua
3277 483 3482 550 acutae,
3516 479 3716 552 populi

319 570 494 626 mala.
527 571 756 628 Diceret
805 573 1057 644 aliquis:
1110 574 1311 628 Nonne
1366 574 1519 629 Deus
1567 574 1823 643 injustas
1853 576 1960 642 est,

321 678 454 716 cum
488 661 784 732 permittet
816 679 921 717 nos
952 666 1114 717 tanta
1141 663 1301 732 pati?
1332 681 1465 718 non.
1485 663 1629 718 Nam
1662 678 1843 716 nonne
1872 679 1963 718 re-

320 751 498 821 quiret
528 766 561 803 a
594 747 763 802 malis
787 748 938 803 hanc
969 749 1402 805 tribulationem
1427 750 1676 804 ?Revera
1696 750 1962 819 requiret,

321 838 462 910 quia
492 838 615 909 ipse
644 839 798 893 novit
829 838 1141 892 abscondita.
1163 840 1370 898 cordis.
1395 838 1448 892 id
1484 842 1591 906 est,
1626 854 1740 892 non
1774 837 1963 892 solum

323 944 440 992 cor,
475 927 571 980 sed
608 926 986 981 intentionem
1038 927 1230 982 cordis
1279 944 1405 998 quae
1437 926 1663 982 occulta
1692 931 1818 991 est;
1855 928 1968 996 ipse

321 1019 474 1072 novit
489 1015 933 1086 quaintentione
949 1016 1065 1070 haec
1082 1019 1688 1087 patimur.qunniam,o
1703 1015 1963 1082 Domine,

317 1109 607 1178 propterte
643 1107 1065 1175 mortiﬁcamur.
1102 1107 1166 1160 Et
1197 1107 1335 1177 quia
1355 1111 1576 1176 propter
1598 1110 1648 1162 te
1677 1107 1970 1173 morti/ica-

322 1213 468 1261 mur,
499 1211 528 1248 0
557 1195 808 1260 Domine,
840 1211 1076 1262 exsurge
1107 1195 1197 1249 his
1231 1195 1327 1266 qui
1358 1212 1464 1250 nos
1498 1199 1963 1266 persequuntur:

319 1284 436 1340 illis
460 1284 615 1338 enim
636 1284 854 1338 dormis
877 1283 1188 1355 adhuc,qui
1209 1291 1267 1340 .te
1297 1284 1682 1340 resurrexisse
1706 1300 1816 1337 non
1843 1301 1965 1337 cre—

320 1373 486 1439 dunt,
523 1374 620 1444 qui
653 1377 706 1427 te
741 1377 1034 1428 mortuum
1065 1377 1288 1428 tantum
1316 1373 1612 1428 hominem
1637 1373 1966 1427 attendunt.

321 1463 489 1534 Ergo,
521 1478 751 1532 exsurge
781 1461 954 1516 etiam
987 1462 1044 1516 in
1077 1463 1345 1517 notitiam
1397 1463 1658 1534 gentium
1693 1467 1756 1515 ut
1786 1466 1972 1516 cesset

311 1552 436 1624 jam
472 1551 789 1615 devocatio,
840 1556 1026 1606 cesset
1080 1551 1400 1606 tribulatio.
1443 1551 1593 1605 Alias
1639 1566 1758 1605 oves
1807 1549 1971 1605 habeo

319 1655 449 1713 qua:
463 1656 574 1694 non
593 1644 722 1694 sunt
737 1656 806 1694 ea:
826 1639 924 1694 hoc
945 1640 1100 1706 ovili,
1125 1644 1176 1695 et
1205 1642 1332 1695 illas
1368 1644 1573 1710 oportet
1598 1656 1681 1694 me
1707 1639 1973 1694 adducere

320 1735 386 1786 ut
415 1730 525 1784 fuit
553 1746 728 1784 unum
760 1730 901 1784 ovile
929 1733 980 1784 et
1018 1745 1159 1784 unus
1203 1733 1389 1800 pastor
1446 1730 1622 1799 (Joan.
1673 1728 1750 1797 x).
1783 1732 1974 1797 Quare
2023 1753 2030 1758 -

319 1819 868 1885 obdormis,Domine
887 1822 911 1871 γ
939 1817 1217 1873 Exciteris
1237 1819 1297 1873 in
1325 1818 1602 1874 cordibus
1631 1833 1833 1873 eorum
1868 1816 1968 1888 qui

317 1913 376 1964 te
406 1913 704 1964 mortuum
751 1907 1123 1972 conﬁtentur,
1157 1912 1214 1963 et
1254 1907 1640 1962 resurrexisse
1687 1922 1803 1960 non
1845 1921 1965 1959 cre-

320 1999 489 2067 dunt,
549 2002 615 2052 ut
669 1997 906 2052 tandem
961 1996 1294 2051 desinentes
1347 2012 1452 2050 nos
1509 1994 1803 2067 persequi,
1849 2010 1964 2048 non

321 2102 512 2159 usque
543 2086 600 2140 in
654 2085 829 2140 ﬁnem
873 2089 1142 2140 extrema:
1192 2084 1398 2139 mortis
1446 2084 1753 2138 intereant.
1789 2083 1969 2150 Quare

317 2177 523 2248 faciem
571 2183 724 2230 tuam
779 2174 1024 2229 avertis?
1051 2173 1224 2236 Quasi
1285 2173 1467 2228 dicat:
1533 2171 1751 2227 oblitus
1782 2171 1968 2227 nostri

317 2264 534 2322 videris
581 2281 728 2332 esse,
781 2264 923 2320 dum
987 2263 1086 2335 qui
1126 2263 1333 2318 timent
1389 2278 1488 2318 eos
1545 2261 1645 2333 qui
1695 2261 1968 2317 occidunt

318 2371 534 2427 corpus
564 2354 779 2410 desunt
809 2354 1000 2410 nobis.
1035 2353 1381 2409 Oblivisceris
1409 2353 1616 2424 inopiae
1651 2355 1874 2406 nostra.

391 2444 571 2515 Copia
602 2447 800 2498 nostra
845 2449 934 2498 est
985 2441 1304 2498 multitudo
1353 2441 1738 2508 credentium,
1770 2439 1966 2512 inopia

322 2536 524 2588 nostra
553 2547 752 2586 eorum
786 2532 1081 2586 devocatio
1112 2535 1167 2586 et
1205 2547 1407 2586 eorum
1442 2531 1782 2600 subtractio,
1816 2545 1964 2601 quo-

327 2635 461 2675 rum
494 2617 745 2673 salutem
771 2618 1266 2680 esurimus.Quasi
1289 2619 1446 2672 dicat
1471 2634 1483 2671 :
1516 2617 1733 2672 oblitus
1753 2617 1967 2672 videris

323 2706 532 2779 inopiae
566 2709 929 2772 nostra,ium
962 2706 1223 2761 devocari
1256 2704 1460 2760 multis
1489 2705 1967 2760 tribulationibus

322 2795 619 2870 permittis
650 2799 804 2861 tuos,
837 2799 895 2849 et
921 2793 980 2848 in
1013 2794 1120 2849 hoc
1171 2810 1276 2849 nos
1309 2794 1639 2866 pauperari,
1673 2793 1804 2849 illos
1834 2809 1967 2850 vero

325 2884 497 2941 ditari
523 2885 620 2956 qui
649 2900 755 2938 nos
777 2883 1454 2954 persequuntur.Revera
1482 2882 1684 2954 inopes
1706 2881 1840 2937 facti
1870 2899 1968 2938 su-

323 2991 478 3047 mus,
510 2975 770 3043 quoniam
789 2973 1083 3026 humiliata
1103 2975 1185 3026 est
1208 2973 1266 3026 in
1279 2972 1502 3043 pulvere
1530 2974 1725 3026 anima
1757 2977 1966 3040 nostra,

323 3062 381 3116 id
415 3066 521 3126 est,
548 3061 831 3116 animales
863 3061 1014 3115 inter
1043 3078 1149 3116 nos
1171 3066 1309 3115 sunt
1343 3060 1629 3115 bumiliati
1655 3061 1710 3114 in
1738 3061 1967 3116 confor-

322 3148 827 3206 mationeillorum
849 3149 947 3220 qui
971 3154 1113 3204 sunt
1133 3148 1343 3220 pulvis,
1363 3148 1449 3204 vel
1480 3147 1560 3204 ita
1591 3166 1801 3204 sumus
1832 3166 1967 3205 con-

323 3238 531 3294 culcati
564 3239 718 3292 sicut
748 3237 960 3310 pulvis.
982 3237 1393 3309 Conglutinatus
1425 3247 1503 3293 est
1524 3241 1582 3292 in
1603 3246 1756 3293 terra
1776 3246 1967 3292 venter
1995 3223 2038 3289 C

312 3337 515 3398 noster,
547 3327 605 3383 id
638 3331 745 3394 est,
781 3327 1132 3382 inﬁrmiores
1166 3327 1351 3383 nostri
1382 3327 1754 3383 adhaeserunt
1782 3330 1961 3382 terre-

315 3416 428 3473 nis.
452 3417 623 3488 Ergo,
659 3433 690 3471 o
726 3417 973 3482 Domine,
1010 3432 1262 3486 exsurge,
1295 3415 1518 3472 scilicet
1549 3416 1755 3487 adjuva
1783 3432 1880 3472 nos
1901 3415 1961 3471 in

312 3505 676 3578 persiciendo
719 3504 1082 3561 vocationem
1130 3505 1416 3576 gentium.
1466 3506 1540 3560 Et
1588 3507 1801 3561 redime
1843 3522 1959 3573 nos,

315 3592 538 3649 scilicet
569 3599 700 3648 tuos
732 3593 832 3665 qui
886 3593 1258 3663 devocantur,
1289 3597 1508 3665 propter
1539 3610 1737 3648 nomen
1782 3599 1959 3664 tuum,

311 3680 530 3738 scilicet
551 3680 1028 3754 gloriﬁcandum.
1063 3681 1359 3755 Vel,quare
1385 3685 1588 3754 faciem
1619 3688 1775 3738 tuam
1804 3700 1962 3739 aver-

309 3772 377 3827 tis
407 3769 538 3825 dum
585 3772 926 3826 Oblivisceris
974 3773 1179 3843 inepiae
1219 3781 1447 3836 nostrae,
1483 3774 1534 3826 et
1585 3770 1962 3828 tribulationis

305 3863 550 3916 nostrae?
579 3859 637 3914 id
661 3864 767 3926 est,
799 3859 1014 3916 videris
1036 3859 1405 3932 prmeentiam
1437 3864 1600 3914 tuam
1623 3859 1964 3916 subtrahere

310 3947 456 4008 illis,
489 3951 546 4001 et
577 3946 836 4002 oblivisci
863 3966 962 4004 eos
990 3949 1049 4004 in
1074 3966 1322 4020 quorum
1343 3947 1717 4004 tribulatione
1740 3965 1846 4004 nos
1865 3949 1964 4004 tri-

308 4035 616 4090 bulamur.
649 4035 852 4107 Inopia
881 4043 1020 4092 sunt
1065 4037 1151 4092 illi
1201 4037 1301 4110 qui
1334 4037 1541 4093 nolunt
1571 4037 1831 4109 spoliari,
1859 4039 1960 4095 sed

313 4122 721 4194 supervestiri;
747 4123 1107 4180 abundantia
1127 4131 1320 4181 autem
1340 4127 1602 4198 sunt,qui
1623 4127 1881 4199 gaudent
1902 4129 1960 4183 in

308 4209 816 4266 tribulationibus.
851 4213 1123 4280 Quoniam
1169 4215 1466 4268 humiliata
1515 4219 1596 4270 est
1644 4218 1704 4270 in
1737 4216 1961 4286 pulvere

305 4300 497 4354 anima
530 4307 733 4354 nostra.
769 4305 850 4355 Ac
882 4300 931 4355 si
958 4300 1112 4355 dicat
1137 4318 1149 4356 :
1170 4301 1316 4356 Vere
1343 4305 1546 4373 faciem
1567 4312 1715 4358 tuam
1732 4306 1956 4375 avertis,

311 4389 452 4462 quia
481 4390 672 4444 anima
700 4389 974 4456 nostra,id
997 4389 1203 4457 est,illi
1237 4391 1336 4462 qui
1366 4391 1641 4447 deberent
1675 4410 1781 4448 nos
1813 4393 1956 4448 vivi-

309 4478 504 4544 ﬁcare,
539 4478 832 4534 humiliati
863 4484 1002 4535 sunt
1025 4481 1096 4534 ab
1127 4479 1220 4535 his
1269 4481 1365 4550 qui
1418 4479 1607 4552 pulvis
1639 4487 1798 4551 sunt,
1826 4481 1958 4538 Con-

307 4568 618 4640 glutinatus
646 4577 724 4625 est
756 4571 814 4624 in
863 4574 1017 4625 terra
1049 4573 1237 4625 venter
1266 4578 1454 4637 vester,
1489 4570 1545 4624 id
1591 4577 1701 4638 est,
1739 4571 1955 4627 inﬁrmi
1986 4593 2033 4658 Ι)

307 4655 492 4710 nostri
525 4657 692 4728 quasi
724 4657 948 4731 glutine
979 4660 1278 4732 conjuncti
1310 4663 1449 4715 sunt
1477 4661 1743 4716 terrenis.

854 4783 1174 4839 PSALMUS
1212 4784 1404 4839 XLIV.

306 4885 361 4925 IN
398 4885 576 4924 FINEM
618 4886 728 4925 PRO
764 4887 857 4927 HIS
897 4888 995 4934 QUI
1042 4888 1559 4928 COMMUTABUNTUB
1605 4888 1769 4927 FILIIS
1807 4889 1952 4930 CORB

471 4957 545 4996 AD
585 4958 998 5009 INTELLECTUM,
1040 4960 1329 5000 CANTICUM
1380 4961 1491 5000 PRO
1529 4960 1778 5001 DILECTO.

376 5048 673 5104 Eructavit
692 5065 792 5105 cor
813 5065 1009 5105 meum
1031 5051 1271 5104 verbum
1288 5050 1666 5114 bonum,dico
1686 5067 1792 5122 ego
1813 5067 1948 5124 ope-

303 5152 370 5191 ra
399 5153 530 5194 mea
559 5137 699 5211 regi.
733 5139 960 5212 Lingua
988 5155 1119 5194 mea
1156 5137 1420 5194 calamus
1447 5139 1651 5195 scribas
1679 5139 1952 5196 velociter

303 5225 636 5282 scribentis.
665 5227 976 5300 Speciosus
992 5228 1178 5282 forma
1199 5245 1312 5300 prs:
1337 5227 1474 5283 ﬁliis
1496 5228 1948 5296 bominum,dif-

303 5312 435 5368 fusa
461 5320 550 5370 est
576 5316 767 5387 gratia
797 5317 854 5371 in
887 5317 1059 5373 labiis
1089 5317 1554 5389 tuis,propterea
1581 5317 1950 5374 benedixitte

307 5402 457 5458 Deus
489 5404 549 5458 in
571 5406 1203 5476 aeternum.Accingere
1224 5405 1418 5477 gladio
1441 5411 1542 5461 tuo
1563 5423 1742 5478 super
1761 5407 1952 5462 femur

304 5493 935 5564 tuum,potentissime.
961 5495 1162 5566 Specie
1184 5499 1286 5550 tua
1300 5499 1357 5550 et
1386 5493 1820 5566 pulchritudine
1848 5500 1951 5552 tua

306 5577 541 5637 intende
567 5585 1116 5656 prospere,procede
1146 5589 1204 5639 et
1235 5600 1436 5655 regna.
1469 5589 1711 5656 Propter
1741 5585 1948 5641 verita-

305 5670 423 5722 tem
445 5674 502 5726 et
529 5673 1043 5730 mansuetudinem
1075 5675 1131 5728 et
1164 5672 1483 5743 justitiam,
1515 5679 1571 5730 et
1624 5675 1871 5733 deducet
1895 5681 1952 5733 te

2073 575 2183 629 sub
2216 577 2270 628 te
2292 574 2585 638 cadent,in
2617 573 2793 628 corda
2817 572 3188 627 inimicorum
3217 570 3712 641 regis.Sedestua,

2073 662 2249 722 Deus.
2283 662 2652 718 in.saaculum
2702 661 2918 730 saeculi,
2949 661 3112 733 virga
3167 659 3506 716 directionis
3555 660 3716 730 virga

2074 752 2233 823 regni
2266 752 2372 807 tui.
2407 751 2666 806 Dilexisti
2691 751 3006 820 justitiam,
3035 754 3093 804 et
3117 749 3290 804 odisti
3323 747 3714 820 iniquitatem,

2074 845 2378 912 propterea
2411 841 2575 895 unxit
2605 845 2659 895 te
2681 840 2832 894 Dens
2864 840 3017 894 Deus
3049 843 3188 894 tuus
3218 837 3343 893 oleo
3370 837 3579 892 laetitias
3604 854 3716 908 pro

2074 929 2444 985 consortibus
2467 930 2607 985 tuis.
2641 930 2890 1002 Myrrha,
2927 934 2985 984 et
3014 934 3179 999 gutta
3208 932 3263 983 et
3293 927 3452 982 casia
3481 944 3514 981 a
3544 927 3719 981 vesti-

2077 1018 2290 1074 mentis
2323 1019 2462 1080 tuis,
2494 1037 2528 1073 a
2577 1020 2852 1073 domibus
2880 1018 3173 1080 eburneis,
3211 1034 3277 1073 ex
3317 1017 3535 1088 quibus
3575 1015 3724 1072 delo-

2075 1112 2442 1162 ctaveruntte
2464 1107 2596 1163 ﬁliae
2617 1125 2820 1174 regum
2846 1107 2902 1161 in
2932 1107 3149 1162 honore
3172 1112 3291 1161 tuo.
3309 1105 3504 1160 Astitit
3523 1105 3726 1177 regina

2079 1213 2112 1250 a
2141 1196 2359 1251 dextris
2387 1197 2505 1250 tuis
2537 1197 2596 1251 in
2616 1196 2826 1250 vestitu
2851 1195 3520 1260 deaurato,circumdata
3538 1194 3722 1248 varie-

2079 1289 2216 1338 tate.
2249 1284 2420 1342 Audi.
2455 1284 2594 1350 ﬁlia,
2628 1289 2683 1340 et
2713 1285 2862 1353 vide,
2897 1289 2955 1338 et
2993 1284 3210 1338 inclina
3241 1299 3440 1338 aurem
3473 1288 3639 1338 tuam
3671 1289 3727 1338 et

2080 1372 2417 1428 obliviscere
2447 1375 2730 1445 populum
2762 1378 2931 1428 tuum
2965 1379 3021 1428 et
3041 1374 3282 1427 domum
3314 1373 3493 1444 patris
3517 1373 3626 1428 tui.
3665 1373 3729 1427 Et

2080 1463 2457 1534 concupiscet
2483 1480 2578 1518 rex
2617 1463 2886 1517 decorem
2944 1467 3137 1529 tuum,
3159 1461 3436 1533 quoniam
3486 1462 3614 1532 ipse
3643 1466 3729 1518 est

2084 1551 2368 1607 Dominus
2399 1553 2553 1607 Deus
2583 1556 2807 1617 tuus,et
2837 1553 3167 1607 adorabunt
3183 1551 3416 1606 eum.Et
3445 1550 3575 1605 ﬁliae
3594 1550 3727 1622 Tyri

2083 1641 2144 1695 in
2174 1641 2542 1707 muneribus,
2567 1640 2794 1695 vultum
2824 1644 2992 1694 tuum
3026 1639 3497 1710 deprecabuntur
3525 1655 3731 1695 omnes

2081 1729 2294 1785 divites
2337 1729 2544 1801 plebis.
2566 1729 2767 1786 Omnis
2785 1729 2971 1801 gloria
2999 1730 3128 1799 ejus
3151 1728 3278 1783 ﬁliae
3297 1728 3452 1800 regis
3469 1728 3544 1783 ab
3573 1728 3733 1785 intus

2083 1819 2143 1874 in
2175 1819 2426 1875 ﬁmbriis
2456 1819 2649 1875 aureis
2671 1817 3110 1874 circumamicta
3132 1818 3737 1873 varietatibus.Addu~-

2077 1913 2283 1964 centur
2305 1908 2423 1979 regi
2455 1908 2710 1980 virgines
2758 1913 2891 1978 post
2920 1924 3071 1974 eam,
3106 1905 3382 1978 proximae
3415 1907 3547 1976 ejus
3577 1907 3721 1963 aifa-

2077 2001 2284 2053 rentur
2313 1996 2778 2052 tibi.Aﬁ‘erentur
2797 1996 2856 2052 in
2878 1996 3079 2051 laetitia
3099 1999 3156 2051 et
3175 1994 3589 2064 exsultatione,
3623 1997 3734 2051 ad-

2075 2085 2366 2140 ducentur
2397 2086 2456 2140 in
2487 2085 2771 2157 templum
2815 2085 2988 2158 regis.
3027 2088 3134 2140 Pro
3164 2085 3430 2155 patribus
3457 2085 3576 2140 tuis
3604 2085 3725 2141 nati

2077 2178 2217 2229 sunt
2240 2173 2460 2230 tibiﬁlii
2484 2192 2496 2230 :
2521 2174 2843 2230 constitues
2862 2191 2963 2230 eos
2984 2174 3278 2246 principes
3292 2190 3470 2246 super
3487 2185 3722 2230 omnem

2074 2266 2312 2319 terram.
2346 2264 2570 2320 Memor
2597 2279 2694 2320 ero
2721 2263 2980 2320 nominis
3024 2263 3135 2329 tui,
3167 2263 3433 2329 Domine,
3468 2263 3528 2318 in
3560 2266 3726 2320 omni

2075 2351 2448 2424 generatione
2477 2357 2536 2408 et
2565 2353 2956 2425 generatione.
2981 2356 3292 2424 Propterea
3315 2351 3517 2424 populi
3544 2351 3720 2407 conﬁ-

2073 2441 2354 2497 tebuntur
2381 2440 2488 2496 tibi
2518 2441 2578 2496 in
2608 2444 2912 2509 eternum,
2943 2445 3002 2497 et
3031 2440 3090 2496 in
3123 2439 3402 2496 saculum
3434 2439 3656 2496 seculi.

2696 2565 3097 2621 ENARRATIO.

2147 2653 2417 2709 Psalmus
2433 2653 2543 2709 iste
2556 2658 2825 2710 cantatur
2843 2654 2914 2710 de
2934 2653 3155 2710 sanctis
3168 2653 3492 2726 nuptiis,de
3505 2671 3716 2727 sponso

2075 2742 2341 2798 videlicet
2371 2745 2427 2797 et
2448 2760 2687 2814 sponsa,
2709 2743 2780 2798 de
2810 2759 2944 2815 rege
2973 2747 3030 2798 et
3047 2733 3235 2815 plebe,
3261 2742 3330 2798 de
3353 2743 3636 2800 salvatore
3665 2749 3720 2801 et

2077 2831 2460 2900 salvandis,et
2493 2832 2837 2904 proponitur
2858 2831 2992 2887 ﬁliis
3013 2831 3155 2888 Core
3177 2833 3486 2905 agentibus
3499 2834 3720 2890 scilicet

2077 2937 2180 2993 pro
2206 2919 2300 2974 his
2322 2920 2421 2991 qui
2444 2921 3046 2986 commutabanturdd
3077 2925 3185 2990 est,
3211 2938 3315 2993 pro
3345 2922 3720 2979 commutatis

2077 3009 2145 3066 ad
2180 3009 2539 3064 intellectum
2569 3010 2966 3081 recipiendum
2997 3027 3145 3082 :quze
3175 3013 3313 3065 sunt
3332 3012 3508 3066 etiam
3537 3012 3723 3068 canti-

2077 3115 2210 3154 cum
2246 3115 2348 3170 pro
2379 3099 2604 3154 dilecto.
2630 3099 2753 3162 Vel,
2778 3103 2968 3171 potest
3015 3098 3270 3155 construi
3301 3104 3716 3170 praeposteram

2077 3189 2281 3243 ordine
2311 3194 2374 3242 ut
2403 3188 2709 3243 dicamus:
2743 3189 2865 3244 haec
2905 3189 3081 3245 verba
3121 3192 3254 3244 sunt
3281 3189 3568 3242 canticum
3603 3201 3710 3260 pro

2075 3275 2305 3341 dilecto,
2335 3277 2530 3341 verba,
2551 3277 2702 3341 dico,
2734 3277 3033 3350 proposita
3064 3277 3200 3332 ﬁliis
3221 3276 3357 3332 Core
3377 3276 3446 3332 ad
3477 3275 3708 3332 intelle-

2072 3367 2375 3421 ctumlloc
2395 3382 2606 3422 nomen
2629 3366 2770 3422 Core
2792 3385 2922 3423 cum
2948 3368 3189 3423 auditur
3211 3384 3323 3422 non
3347 3365 3715 3422 debemusad

2071 3454 2402 3510 irrisionem
2421 3455 2704 3527 accipere,
2729 3473 2801 3512 ne
2821 3456 2880 3512 in
2904 3473 3082 3512 sensu
3108 3454 3318 3528 puerili
3348 3454 3721 3511 inveniamur

2072 3544 2495 3616 comparabiles
2518 3545 2716 3617 pueris
2749 3544 2870 3601 iliis
2901 3545 3001 3617 qui
3019 3548 3219 3601 sancto
3251 3545 3351 3601 Dei
3382 3542 3569 3600 Eliseo
3591 3561 3722 3617 pro-

2070 3633 2256 3704 phetae
2285 3638 2488 3705 typum
2519 3633 2732 3689 Christi
2763 3634 2985 3706 gerenti
3017 3633 3402 3698 insultabant,
3427 3633 3718 3690 dicentes:

2070 3721 2304 3778 Ascende
2324 3723 2493 3788 calve,
2525 3723 2751 3778 ascende
2778 3725 2929 3780 calve
2955 3724 3049 3794 (IV
3082 3723 3255 3791 Reg.).
3297 3725 3453 3788 Quos
3505 3738 3718 3796 pueros

2072 3809 2248 3866 stulte
2279 3810 2542 3882 garrulos
2572 3815 2628 3866 et
2661 3811 2718 3866 in
2753 3811 3066 3884 perniciem
3101 3828 3270 3868 suam
3304 3811 3718 3867 maledicentes

2070 3899 2273 3955 bestiae
2293 3903 2568 3955 exeuntes
2591 3901 2662 3955 de
2680 3901 2824 3956 silva
2849 3900 3716 3957 devoraveruntAbimitatione

2069 3988 2282 4044 horum
2323 4004 2638 4059 puerorum
2685 4006 2789 4044 nos
2831 3995 3063 4045 revocat
3108 3988 3443 4062 Apostolus,
3475 3989 3712 4046 dicens:

2069 4077 2245 4133 Nolite
2271 4079 2435 4150 pueri
2471 4078 2620 4150 efﬁci
2669 4079 2913 4134 sensibus
2960 4079 3006 4151 (Ι
3029 4077 3146 4135 Cor.
3179 4079 3316 4150 xxv),
3350 4094 3483 4134 cum
3515 4083 3713 4134 tamen

2069 4167 2546 4239 magisteripsius
2568 4167 2888 4224 nosinvitet
2905 4169 2974 4223 ad
2991 4167 3375 4224 imitationem
3396 4169 3562 4240 pueri
3581 4183 3708 4224 cum

2068 4255 2250 4312 dixit:
2284 4257 2402 4312 Nisi
2445 4258 2773 4327 efﬁciamini
2817 4259 2960 4313 sicut
3003 4258 3266 4327 parvulus
3315 4259 3432 4327 iste,
3483 4273 3594 4312 non
3627 4259 3712 4313 in-

2067 4346 2286 4401 trabitis
2305 4347 2365 4400 in
2389 4361 2618 4416 regnum
2637 4347 2893 4402 caelorum
2927 4347 3134 4415 (Matth.
3165 4347 3342 4418 xvn-i).
3375 4347 3714 4402 Consideret

2065 4433 2247 4505 igitur
2265 4434 2517 4505 quisque
2539 4434 2607 4488 ad
2631 4435 2771 4506 quid
2799 4437 3081 4508 magister
3101 4451 3208 4491 nos
3234 4435 3457 4502 invitet,
3483 4441 3542 4491 et
3573 4433 3711 4508 quid

2065 4523 2234 4577 nobis
2265 4522 2590 4592 discipulus
2614 4521 2945 4588 interdicat,
2964 4529 3028 4579 ut
3049 4539 3223 4596 quem
3246 4522 3496 4600 delectat
3516 4523 3714 4580 imita-

2064 4611 2144 4665 tio
2175 4609 2400 4682 parvuli
2428 4627 2542 4666 non
2571 4610 2822 4666 delectet
2851 4613 3198 4683 ignorantia,
3223 4613 3323 4668 sed
3357 4611 3709 4668 innocentia.

2062 4699 2228 4755 Pueri
2255 4703 2452 4754 autem
2485 4699 2570 4754 ilii
2601 4701 2700 4771 qui
2733 4705 2932 4758 sancto
2991 4702 3091 4758 Dei
3139 4701 3300 4757 calvo
3346 4699 3712 4757 insnltaban‘t

2059 4788 2518 4861 praeﬁgurabant
2547 4787 2678 4845 illos
2700 4791 2820 4861 qui,
2853 4806 2921 4845 ex
2964 4791 3213 4845 nimium
3247 4789 3474 4861 pueruli
3507 4805 3708 4855 sensu,

2061 4878 2297 4934 stabant
2327 4882 2459 4932 ante
2484 4877 2711 4948 lignum
2745 4894 2978 4935 sacrum
3019 4878 3333 4935 Dominicis
3383 4878 3596 4949 crucis,
3623 4878 3710 4934 di-

2059 4971 2293 5024 centes:
2329 4967 2390 5022 Si
2416 4969 2593 5022 Filius
2639 4969 2742 5024 Dei
2769 4985 2842 5039 es,
2894 4969 3156 5025 descende
3198 4969 3263 5025 de
3302 4981 3464 5025 cruce
3489 4968 3707 5039 (Matth.

2057 5057 2234 5128 xxvu)
2255 5074 2268 5123 ;
2293 5056 2391 5128 qui
2417 5057 2662 5113 abestiis
2684 5063 2824 5113 sunt
2843 5058 3098 5114 dovorati
3111 5059 3406 5130 ,quoniam
3423 5071 3459 5113 a
3477 5055 3713 5114 diabolo

2057 5145 2306 5200 interius
2336 5149 2477 5200 sunt
2506 5145 2954 5213 mortiﬁcati,vel
2984 5163 3018 5204 a
3045 5147 3251 5202 bestiis
3271 5147 3525 5202 devorati
3549 5149 3708 5218 sunt,

2059 5232 2116 5287 id
2149 5237 2258 5298 est,
2290 5249 2324 5287 a
2353 5233 2483 5288 Tito
2513 5238 2570 5290 et
2611 5233 2971 5308 Vespasiano
3019 5236 3217 5291 amicti
3245 5241 3306 5290 et
3335 5235 3712 5292 condemnati

2059 5323 2160 5394 qui
2193 5321 2469 5376 dicuntur
2521 5323 2717 5378 bestiis
2747 5325 3107 5396 egredientes
3153 5325 3224 5380 de
3252 5323 3418 5392 silva,
3442 5325 3499 5380 id
3532 5331 3642 5394 est,
3669 5337 3712 5381 -a

2059 5411 2332 5483 gentibus
2355 5411 2678 5482 missique:
2701 5418 2899 5485 gentes
2923 5413 3086 5469 silvis
3105 5417 3544 5486 comparantur,
3563 5431 3711 5488 quu-

2061 5500 2218 5554 niam
2245 5500 2468 5556 nullam
2493 5501 2686 5558 adhuc
2705 5508 3046 5574 receperunt
3067 5502 3553 5568 ωηατ-ατη.ουοά
3573 5517 3712 5577 qua-

2059 5587 2329 5660 draginta
2349 5589 2466 5644 duo
2512 5606 2582 5645 ex
2624 5590 2742 5647 illis
2777 5594 2971 5665 pueris
2993 5593 3231 5650 fuerunt
3253 5610 3284 5648 a
3304 5593 3507 5665 bestiis
3537 5594 3706 5651 devo-

2062 5677 2194 5744 rati,
2225 5677 2641 5752 praﬁgurabat
2665 5682 3056 5755 quadraginta
3067 5684 3221 5742 deos
3235 5693 3430 5743 annos
3451 5683 3562 5756 qui
3583 5684 3706 5741 fua-
