4016 6192
221 345 336 413 ΒΗ

1334 352 1605 422 ansas
1624 351 1946 420 \TIONES
1989 322 2087 418 ut
2110 352 2494 422 PSALNOS.

3497 361 3622 428 ιτα

222 489 359 543 runt
382 501 423 541 a
450 484 723 559 passione
753 488 965 547 Christi
990 506 1177 563 usque
1207 491 1277 547 ad
1296 492 1751 549 destructionem
1768 492 1863 548 Je-
1891 491 1946 558 Α
1974 492 2249 548 cessisset
2277 493 2337 547 in
2370 492 2785 564 approbatione
2805 486 3055 549 consilii.
3098 489 3361 557 Qualiter
3416 498 3614 552 autem

220 574 491 632 rusalem.
526 579 637 633 Pro
666 579 751 633 his
782 582 879 650 qui
906 582 1418 636 cmnmutabuntur:
1453 600 1579 653 quas
1620 584 1696 638 sit
1749 583 1863 637 ista

217 667 598 721 commutatio
631 669 824 723 omnis
855 675 1254 726 commutatus
1312 671 1369 725 in
1422 672 1613 742 seipso
1673 674 1863 742 potest

213 772 554 827 agnoscere;
579 757 1018 830 consideretqui
1046 760 1241 820 fuerit,
1264 760 1399 832 quid
1426 761 1596 815 modo
1611 762 1861 828 sit;con-

212 844 427 900 sideret
458 846 745 901 mundum
778 847 938 917 prius
962 848 1119 902 idola
1136 850 1499 912 adorantem,
1537 851 1709 903 modo
1730 866 1862 903 vero

212 934 397 990 Deum
421 934 725 993 colentem.
746 939 1435 993 I’lanccommutationem
1456 940 1631 993 etiam
1654 939 1863 1009 pagani

214 1030 659 1094 recognoscant,
703 1042 831 1079 cum
851 1026 1331 1097 viderinttempla
1347 1045 1453 1081 sua
1486 1030 1731 1087 deserta,
1770 1029 1865 1082 Ec-

212 1112 422 1168 clesias
456 1113 549 1167 Dei
584 1114 952 1169 refertas.Vel
978 1115 1045 1168 (ul
1080 1118 1412 1170 intellectum
1428 1124 1564 1170 sunt
1596 1116 1711 1169 haec
1734 1134 1861 1185 pro«

216 1201 405 1273 posita
429 1204 564 1271 filiis
597 1204 727 1258 Core
755 1209 816 1257 ut
844 1221 953 1258 non
990 1205 1104 1259 sint
1130 1206 1283 1272 cazci,
1325 1206 1476 1260 sicut
1519 1205 1599 1259 illi
1635 1206 1704 1259 de
1736 1205 1864 1276 qui-

216 1292 327 1346 bus
350 1291 572 1345 dictum
596 1298 715 1346 est:
738 1293 799 1347 Si
812 1296 961 1347 enim
980 1296 1370 1363 cognovissent,
1385 1311 1669 1365 nunquam
1690 1296 1868 1349 Domi-

214 1398 353 1434 num
381 1382 577 1450 gloriz
604 1384 1023 1452 cruciﬁxissent.
1055 1382 1139 1436 vel
1166 1382 1235 1437 ad
1267 1385 1625 1447 intellectum,
1662 1388 1725 1437 ut
1772 1383 1865 1436 in-

214 1468 490 1540 telligant
526 1471 596 1523 ad
633 1487 805 1540 quem
842 1472 1124 1543 pertineat
1154 1472 1273 1525 haec
1331 1472 1729 1535 commutatio,
1792 1473 1866 1527 ad

212 1558 512 1614 Christum
545 1559 831 1625 videlicet,
866 1560 1144 1615 dilectum
1178 1578 1354 1631 super
1375 1578 1579 1616 omnes
1602 1561 1863 1616 dilectos.

210 1654 499 1711 Canticum
524 1673 622 1726 pro
650 1658 870 1712 dilecto.
902 1657 1098 1712 Solent
1131 1657 1467 1713 scholastici
1518 1675 1868 1723 componere

204 1760 445 1799 carmen
476 1747 834 1801 cantandum
868 1747 926 1801 in
962 1747 1183 1818 nuptiis
1212 1746 1271 1801 in
1308 1748 1508 1802 laudes
1549 1748 1751 1819 sponsi
1809 1753 1867 1804 et

202 1850 433 1905 sponsas
453 1837 609 1906 quod
631 1841 870 1890 vocatur
890 1835 1374 1906 epithalamium:
1399 1838 1468 1891 ad
1500 1837 1866 1892 hancsimili-
1898 1864 1944 1927 Β

201 1922 475 1979 tudinem
511 1923 605 1979 hic
636 1924 901 1995 psalmus
926 1930 1014 1981 est
1046 1925 1101 1979 in
1134 1924 1339 1980 laudes
1363 1927 1561 1997 sponsi
1578 1926 1787 1982 Christi
1810 1932 1867 1981 et

205 2027 442 2082 sponsae
473 2014 602 2083 ejus
633 2014 922 2069 Ecclesiae.
958 2014 1259 2068 Laudatur
1289 2014 1382 2069 hic
1414 2014 1510 2069 ille
1539 2016 1609 2070 de
1641 2032 1757 2087 quo
1804 2016 1864 2070 in

203 2100 469 2156 Canticis
500 2102 863 2156 canticorum
925 2102 1175 2157 dicitur:
1212 2104 1496 2158 Osculetur
1548 2120 1634 2159 me
1687 2106 1868 2161 osculo

204 2191 332 2244 oris
358 2190 449 2244 sui
479 2190 658 2260 (Cant.
688 2191 750 2261 ι.)
775 2190 1039 2245 Gaudeat
1085 2207 1225 2262 ergo
1256 2208 1472 2262 sponsa
1503 2192 1758 2247 Ecclesia
1805 2208 1869 2248 se

206 2282 479 2332 amatam
512 2295 547 2332 a
575 2283 736 2334 tanto
770 2295 1009 2349 sponso,
1040 2279 1323 2350 quoniam
1356 2279 1559 2334 dilexit
1590 2296 1717 2335 eam
1769 2282 1871 2336 fm-

204 2364 355 2420 dam
387 2369 453 2419 ut
474 2366 689 2420 faceret
710 2365 1037 2437 pulchram,
1070 2383 1250 2437 quam
1281 2368 1568 2439 sanguine
1597 2385 1703 2424 suo
1734 2368 1873 2423 lavit

206 2457 286 2509 ut
318 2469 434 2508 non
470 2453 714 2509 haberet
740 2456 1054 2521 maculam,
1078 2455 1137 2509 in
1174 2472 1342 2510 cruce
1382 2457 1639 2511 extendit
1671 2463 1871 2513 utnon

204 2541 462 2597 haberet
490 2559 720 2614 rugam.
755 2543 935 2606 Quem
968 2562 1249 2615 sponsum
1284 2544 1567 2599 Dominus
1598 2546 1766 2601 Pater
1811 2546 1871 2601 in

202 2630 325 2686 hoc
356 2629 586 2702 psalmo
618 2630 787 2686 nobis
817 2633 1545 2703 commendat,utmajoris
1567 2634 1642 2689 sit
1679 2638 1872 2689 aucto-

205 2719 432 2781 ritatis,
457 2718 643 2790 prius.
668 2721 991 2774 secundum
1023 2720 1377 2775 ineli’abilem
1434 2722 1868 2793 generationem

201 2807 379 2863 illam
412 2824 530 2878 qua
558 2807 684 2878 ipse
714 2806 893 2862 Filius
923 2824 957 2862 a
986 2812 1153 2862 Patre
1172 2810 1406 2880 genitus
1429 2815 1745 2881 est,postea
1767 2828 1866 2865 ve-

201 2897 402 2952 stiens
431 2912 565 2952 eum
588 2895 951 2950 humanitate
964 2900 1017 2950 et
1042 2896 1324 2952 inducens
1338 2914 1471 2952 eum
1494 2915 1627 2953 cum
1652 2916 1868 2971 magna

205 2985 509 3057 potentia,
543 2989 609 3038 ut
632 2986 846 3055 jungat
876 2984 986 3039 sibi
1013 3002 1295 3056 sponsam
1325 3003 1492 3041 suam
1526 2987 1863 3055 Ecclesium,

202 3073 429 3128 deinde
460 3073 744 3127 inducens
775 3089 1052 3145 sponsam
1086 3074 1358 3131 decenter
1385 3082 1651 3131 ornatam
1683 3082 1741 3132 et
1775 3077 1865 3131 di-

198 3178 397 3236 gnam
428 3166 589 3217 tauto
620 3178 855 3233 sponso.

1971 598 2074 653 per
2106 582 2381 636 fabricam
2414 585 2740 649 subjectum
2771 583 2924 639 oculi
2956 582 3338 655 intelligimus
3371 601 3613 655 praeces-

1971 670 2119 725 sisse
2131 670 2439 725 concilium
2466 672 2935 735 sapientis,sic.si
2957 675 3190 727 oculum
3210 672 3420 728 mentis
3434 673 3503 727 ad
3522 691 3616 729 su-

1974 760 2198 831 periora
2214 761 2596 823 vertamus,in
2613 762 2781 817 nobis
2803 762 2946 833 ipsis
2962 762 3611 834 possumusiutelligere

1971 849 2511 919 sapientiamPatris
2529 850 2893 920 praecessisse
2915 851 2974 905 in
2994 852 3376 922 dispositione
3399 856 3611 908 nostris

1974 938 2755 994 creationiszconsideremus
2772 940 3360 1011 nosipsos.cmlum,et
3376 947 3612 1008 terram,

1974 1033 2030 1082 et
2060 1032 2516 1082 omnesornatus
2538 1043 2761 1093 eorum,
2790 1028 3059 1084 homines
3086 1030 3350 1086 videlicet
3371 1032 3616 1103 interra,

1975 1124 2902 1196 Angelos,Virtutes,Principatus
2917 1126 2972 1179 in
2990 1127 3620 1199 cmlo,etintelligamus

1974 1214 2227 1268 Verbum
2265 1214 2610 1282 necessario,
2643 1216 2778 1281 quia
2798 1216 2981 1269 omnia
2991 1232 3089 1285 per
3110 1218 3291 1285 ipsum
3313 1222 3619 1290 factasunt,

1975 1307 2025 1357 et
2052 1305 2171 1357 sine
2203 1305 2317 1373 ipso
2356 1305 2558 1372 factum
2601 1306 2678 1358 est
2731 1302 2882 1357 nihil
2937 1306 3114 1371 (Joan.
3150 1305 3210 1373 ι).
3269 1306 3430 1369 Quod
3490 1308 3614 1379 ipse

1976 1394 2143 1445 Pater
2174 1391 2266 1445 hic
2290 1397 2539 1446 testatur
2568 1392 2672 1446 sic.
2701 1393 2828 1447 Dico
2858 1408 2952 1461 ego
2980 1408 3152 1462 opera
3180 1409 3302 1448 ma
3321 1410 3449 1449 esse
3483 1399 3619 1467 regi,

1976 1480 2031 1534 id
2065 1485 2172 1546 est,
2204 1480 2341 1535 huic
2370 1480 2558 1534 Verbo
2592 1482 2710 1549 regi
2756 1483 2921 1547 facto,
2983 1481 3229 1553 dispono
3277 1499 3446 1553 opera
3498 1503 3624 1541 mea

1977 1568 2400 1640 regenda,quia
2420 1569 2469 1623 ei
2522 1569 2629 1624 soli
2666 1570 2966 1624 innotesco
2990 1588 3003 1636 ;
3030 1587 3159 1625 mea
3180 1576 3421 1637 secreta,
3448 1578 3510 1627 ut
3540 1574 3620 1629 sit

1976 1658 2258 1729 expositio
2280 1658 2619 1730 superioris,
2656 1659 2776 1714 sic:
2809 1660 2937 1714 Dico
2967 1676 3061 1729 ego
3108 1675 3272 1730 cpera
3322 1678 3447 1716 mea
3484 1663 3619 1733 regi,

1976 1747 2033 1801 id
2067 1752 2175 1815 est,
2214 1748 2439 1802 Verbum
2472 1754 2670 1803 eructo
2702 1764 2833 1803 cum
2889 1766 3004 1819 quo
3042 1748 3239 1804 omnia
3286 1765 3451 1821 opera
3498 1768 3651 1807 mea

1978 1836 2335 1907 dispono.Ne
2362 1838 2592 1891 Verbum
2613 1836 3617 1911 illudtransitoriumintelligamus,

1976 1926 2368 1995 supponitur;
2412 1926 2609 1994 lingua
2663 1943 2784 1981 mea
2830 1928 3076 1981 calamus
3121 1928 3312 1984 scriba
3369 1931 3624 1986 velociter

1975 2014 2285 2067 scribentis.
2322 2013 2605 2085 Linguam
2631 2029 2733 2085 pro
2754 2015 2949 2079 verbo,
2964 2014 3252 2069 calamum
3268 2031 3369 2086 pro
3384 2016 3621 2088 scripto,

1977 2127 2214 2165 causam
2238 2109 2504 2166 videlicet
2534 2128 2637 2182 pro
2669 2112 2875 2167 eti‘ectu
2934 2112 3147 2183 posuit.
3210 2113 3514 2185 Tanquam
3573 2116 3623 2171 si

1978 2200 2153 2254 dicat.
2185 2199 2439 2254 Verbum
2475 2216 2667 2254 meum
2704 2217 2816 2254 non
2847 2205 2935 2255 est
2965 2200 3391 2266 transitorium,
3414 2203 3512 2257 sed
3537 2209 3626 2259 est

1979 2289 2230 2344 calamus
2259 2289 2569 2353 scribentis,
2600 2288 2658 2342 id
2682 2288 3189 2359 est,comparabile
3209 2291 3381 2346 verbo
3406 2292 3625 2363 scripto

1979 2380 2035 2431 et
2065 2377 2454 2448 permanenti.
2488 2378 2711 2441 Scribae,
2745 2377 2895 2443 dico,
2928 2379 3178 2433 velociter
3202 2381 3507 2449 scribentis,
3566 2381 3625 2436 id

1980 2470 2088 2535 est,
2122 2466 2249 2521 sine
2280 2483 2444 2521 mora
2458 2466 2642 2521 multa
2669 2466 3235 2537 comprehendentis.
3263 2468 3627 2526 Suntscribas

1980 2554 2218 2626 quidam
2242 2555 2341 2625 qui
2376 2571 2492 2609 uno
2526 2559 2737 2625 puncto
2767 2560 2949 2609 totam
2965 2555 3278 2611 dictionem
3301 2556 3389 2612 vel
3412 2559 3624 2615 oratio-

1978 2659 2111 2697 nem
2144 2642 2670 2713 comprehendunt,
2703 2644 2796 2697 cui
2827 2642 3114 2698 velocitati
3146 2647 3388 2701 verbum
3433 2647 3622 2704 Patris

1978 2732 2233 2803 quodam
2267 2732 2439 2785 modo
2470 2736 2861 2802 comparatur,
2896 2732 3035 2803 quia
3065 2732 3210 2788 nihil
3241 2738 3329 2789 est
3368 2735 3623 2792 velocius

1977 2836 2153 2891 quam
2171 2818 3179 2875 semelomniadixisse.Undeillud:
3223 2821 3398 2877 Semel
3419 2825 3625 2879 locutus

1973 2913 2052 2964 est
2070 2911 2205 2963 Deus
2234 2909 2349 2978 (Job
2379 2908 2595 2978 xum).
2631 2908 2779 2963 Nam
2810 2925 3113 2979 nunquam
3138 2911 3393 2966 secundo
3430 2911 3621 2984 loqui.

1974 3002 2091 3062 tur,
2124 2997 2263 3068 quia
2290 2997 2338 3051 si
2372 2997 2519 3067 perit
2552 2998 2830 3069 primum,
2862 2997 3019 3052 dicat
3047 3000 3371 3054 secundum
3400 3016 3413 3055 :
3456 3005 3513 3056 et
3570 3001 3620 3056 si

1974 3103 2088 3141 non
2122 3087 2271 3156 perit
2305 3087 2581 3156 primum,
2615 3103 2729 3139 non
2764 3087 3019 3157 proferat
3055 3088 3399 3143 secundum.
3460 3090 3620 3145 Istud

1976 3176 2166 3229 dicere
2181 3174 2365 3229 Patris
2387 3192 2686 3243 nunquam
2712 3174 2919 3229 habuit
2934 3175 3619 3249 principiummunquam

272 3271 569 3326 Eructavit
598 3230 691 3323 cor
712 3284 901 3323 meum
928 3270 1158 3325 verbum
1172 3270 1394 3325 bonum.
1424 3270 1506 3324 Ne
1521 3274 1865 3341 putaremus
1896 3230 1939 3295 Ο
1977 3262 2404 3317 habuittinem:
2434 3230 2573 3331 quia
2596 3263 2823 3318 verbum
2838 3230 2979 3317 illa}!
3007 3230 3231 3334 αιιίῆρίι
3269 3282 3303 3318 a
3322 3265 3431 3332 ﬁne
3451 3230 3621 3338 ἷιδᾳιιε

199 3357 535 3416 Dominum
568 3357 796 3411 Patrem
831 3358 1093 3429 indigere
1125 3357 1398 3427 conjugio
1426 3358 1481 3411 in
1496 3360 1867 3429 generatione

196 3447 340 3504 Filii
369 3446 747 3515 sui,ostendit
776 3444 948 3501 nobis
981 3446 1169 3515 ipsam
1195 3445 1632 3515 generationem
1658 3463 1769 3500 non
1793 3447 1866 3501 ab

199 3536 345 3603 alio,
384 3535 486 3591 sed
517 3551 553 3590 a
581 3551 645 3590 se
676 3535 804 3606 ipso
840 3536 1075 3599 factam,
1105 3533 1190 3589 sic
1221 3534 1455 3589 dicens:
1482 3535 1865 3602 Cormeum,id

197 3630 290 3682 est
325 3624 545 3679 intima
574 3623 910 3679 substantia
962 3639 1094 3678 mea
1149 3628 1369 3678 secreta
1426 3622 1681 3679 essentia
1737 3640 1867 3679 mea

198 3714 503 3779 eructavit,
534 3713 593 3768 id
634 3717 743 3779 est,
779 3711 1002 3785 genuit,
1036 3712 1256 3767 verbum
1290 3712 1511 3777 bonum,
1544 3712 1599 3766 id
1624 3716 1734 3778 est,
1769 3712 1864 3767 Fi-

195 3801 359 3858 lium
395 3802 541 3856 mihi
571 3801 855 3874 aequalem
887 3806 943 3855 et
997 3800 1584 3856 consubstantialem.
1628 3801 1707 3856 De
1755 3801 1865 3857 hoc

195 3890 405 3947 Verbo
433 3890 659 3945 dictum
685 3896 802 3946 est:
834 3892 897 3946 In
924 3891 1199 3960 principio
1228 3897 1345 3945 erat
1371 3891 1630 3955 Verbum,
1663 3894 1712 3945 et
1749 3893 1865 3948 Ver-

197 3979 335 4036 bum
374 3988 498 4034 erat
524 3980 680 4050 apud
713 3980 903 4049 Deum,
933 3987 986 4033 et
1013 3979 1153 4033 Deus
1184 3986 1303 4033 erat
1338 3980 1561 4034 Verbum
1590 3981 1768 4048 (Joan.
1797 3980 1861 4051 ι).

197 4076 274 4134 Ut
306 4082 515 4133 autem
547 4092 650 4149 per
680 4077 881 4133 bonum
906 4076 1308 4149 intelligamus
1346 4076 1603 4131 Verbum
1646 4076 1867 4149 mquale

194 4167 374 4223 Patri
396 4166 984 4232 etconsubstantiale,
1010 4166 1207 4235 ipsum
1236 4166 1467 4220 Verbum
1512 4181 1642 4220 caro
1687 4168 1868 4236 fatum

195 4256 661 4313 nobisineinuat
672 4272 805 4311 cum
820 4254 962 4310 dicit
987 4272 999 4310 :
1015 4254 1155 4323 Quid
1178 4269 1262 4308 me
1282 4255 1589 4323 interrogas
1603 4254 1670 4310 de
1685 4256 1819 4309 bono
1840 4255 1868 4310 ?

194 4347 381 4403 Nemo
404 4346 575 4401 bonus
601 4346 717 4401 nisi
741 4344 890 4400 solus
921 4345 1060 4398 Deus
1097 4342 1306 4413 (Matth.
1354 4342 1490 4413 χιχ).
1524 4348 1587 4397 In
1621 4342 1729 4398 hac
1776 4360 1865 4398 re-

194 4434 534 4508 sponsione
556 4449 671 4489 non
696 4433 891 4488 divisit
913 4449 975 4487 se
997 4449 1030 4486 a
1046 4432 1288 4496 Deo,sed
1307 4434 1498 4502 potius
1522 4432 1707 4486 univit
1737 4436 1865 4487 tan-

1976 3350 2045 3404 ad
2066 3351 2734 3419 ﬁ-nemfortiter,suaviter
2748 3350 3038 3421 disponens
3057 3354 3243 3407 omnia
3282 3352 3430 3423 (Sap.
3470 3354 3617 3425 vm).

1975 3445 2125 3501 Dicit
2152 3444 2515 3515 Augustinus
2545 3446 2604 3499 in
2628 3445 2736 3500 hoc
2764 3446 2888 3501 loco
2918 3464 2931 3503 :
2968 3470 2995 3498 ‹‹
3027 3448 3241 3504 Vereor
3260 3465 3332 3504 ne
3357 3449 3415 3504 id
3466 3452 3617 3522 quod

1975 3532 2124 3598 dico,
2160 3549 2193 3587 a
2221 3530 2579 3586 tardioribus
2610 3532 3387 3610 aliquandOpossitintelligi
3427 3538 3619 3597 dicam

1974 3625 2192 3687 tamen,
2226 3624 2507 3691 sequatur
2535 3621 2635 3692 qui
2670 3625 2876 3692 potest,
2933 3640 3005 3679 ne
3064 3642 3177 3679 non
3236 3625 3458 3682 dictum
3503 3646 3621 3685 non

1974 3716 2257 3782 sequatur
2286 3709 2387 3781 qui
2420 3715 2631 3781 potest.
2658 3710 2941 3782 Speciosus
2968 3715 3149 3783 forma
3172 3728 3297 3785 prae
3352 3714 3486 3782 ﬁliis
3524 3717 3619 3773 ho-

1971 3802 2206 3855 minum.
2240 3822 2269 3849 ››
2303 3799 2477 3866 Quasi
2507 3800 2697 3856 dicat:
2734 3801 2821 3856 Tu
2842 3801 3122 3862 Verbum.
3146 3807 3210 3857 tu
3236 3819 3333 3857 rex
3348 3806 3622 3874 speciosus

1971 3894 2170 3960 forma,
2205 3890 2260 3944 id
2294 3894 2405 3958 est,
2437 3890 2496 3944 in
2525 3891 2779 3947 formosa
2810 3890 3113 3947 divinitate
3130 3906 3253 3963 pra:
3272 3891 3406 3962 ﬁliis
3436 3893 3620 3949 homi-

1970 3995 2125 4033 num.
2154 3978 2300 4033 Nota
2330 3978 2469 4049 quia
2490 3984 2687 4049 posset
2716 3979 2926 4046 dicere,
2961 3996 3074 4051 prae
3092 3981 3337 4054 angelis,
3362 3983 3463 4037 sed
3484 3984 3622 4052 quia

1970 4083 2172 4121 verum
2218 4067 2518 4121 hominem
2549 4083 2685 4122 eum
2740 4069 3066 4141 constituit,
3127 4072 3256 4126 ideo
3309 4087 3433 4143 prae
3486 4073 3621 4143 ﬁlii:

1974 4154 2439 4210 hominumdixit.
2465 4158 3262 4232 Speciosusdico,quiadiﬁusa
3280 4166 3381 4228 est,
3414 4163 3472 4217 id
3507 4168 3616 4230 est,

1974 4244 2337 4299 ditfundetur
2350 4247 2541 4315 gratia
2563 4248 2623 4300 in
2642 4245 2809 4302 labiis
2839 4250 2971 4313 tuis,
3002 4249 3060 4303 id
3074 4249 3258 4315 est,in
3282 4252 3618 4321 praecordiis

1975 4331 2277 4404 tuis,velin
2296 4335 2734 4404 praesentiatua.
2768 4336 3117 4392 Undeillud:
3146 4339 3255 4392 Lea'
3275 4355 3374 4407 per
3402 4339 3619 4409 Moysen

1973 4423 2100 4478 data
2128 4428 2229 4487 est,
2252 4425 2438 4491 gratia
2464 4432 2515 4478 et
2544 4426 2757 4479 veritas
2783 4442 2881 4496 per
2898 4430 3096 4480 Jesum
3142 4426 3421 4479 Christum
3465 4427 3620 4494 facta

192 4540 395 4599 quam
424 4523 477 4578 si
500 4522 759 4578 diceret:
795 4521 938 4577 Cum
969 4526 1033 4576 tu
1062 4521 1210 4576 dicis
1244 4520 1409 4585 mihi,
1442 4523 1705 4591 magister
1734 4522 1865 4578 bone

1974 4517 2055 4567 est
2084 4514 2264 4581 (Joan.
2294 4514 2356 4578 ι).
2392 4511 2589 4567 Gratia
2620 4513 2847 4567 Domini
2881 4518 3005 4568 est:
3066 4512 3206 4582 quia
3252 4513 3377 4584 ipse
3423 4515 3620 4570 omnia

190 4593 400 4682 (iam.
433 4615 513 4681 χ),
546 4612 730 4668 Deum
763 4629 857 4667 me
886 4627 1016 4667 esse
1038 4610 1674 4682 conﬁterisﬂuiammo
1696 4612 1866 4667 bona:
1895 4593 1942 4656 Ι)
1973 4602 2157 4675 gratis
2190 4600 2345 4667 fecit,
2376 4600 2633 4672 perditos
2666 4601 2950 4671 quaesivit,
2982 4602 3250 4656 inventos
3280 4603 3340 4657 iu
3372 4601 3617 4659 humero

189 4706 319 4759 nisi
350 4703 501 4758 salsis
528 4703 690 4758 Deus.
722 4701 984 4767 Qualiter
1013 4699 1297 4755 Dominus
1330 4704 1498 4754 Pater
1527 4710 1866 4772 generasset

188 4793 470 4849 Verbum
502 4805 676 4846 suum
709 4807 778 4847 ex
806 4788 979 4846 corde
1008 4806 1136 4859 suo,
1169 4789 1488 4859 quamdam
1523 4789 1862 4845 similitudi-

188 4898 344 4939 nem
380 4880 442 4935 in
473 4880 643 4936 nobis
666 4880 811 4953 ipsis
835 4895 1153 4951 possumus
1173 4878 1685 4949 comprehendere,
1710 4880 1865 4935 sicut

190 4972 269 5027 ab
294 4969 534 5025 infimis
556 4984 791 5025 summa
812 4973 1063 5040 possunt
1083 4965 1518 5038 comprehendi,
1542 4984 1577 5021 a
1597 4974 1865 5024 creatura

192 5059 472 5117 Greater.
504 5058 761 5130 Quisque
780 5058 942 5113 enim
974 5056 1206 5129 sapiens
1227 5056 1582 5112 architectus
1609 5058 1861 5112 aediﬁca-

187 5154 386 5206 turus
417 5147 698 5203 fabricam
729 5162 799 5203 ex
828 5147 1000 5202 corde
1032 5162 1136 5202 suo
1168 5150 1407 5217 generat
1435 5145 1748 5201 consilium
1799 5148 1862 5202 in

191 5255 324 5311 quo
364 5237 627 5309 disponit
654 5237 842 5309 ipsam
878 5235 1156 5291 fabricam
1217 5235 1469 5306 qualiter
1521 5236 1865 5292 aediﬁcanda

190 5328 303 5393 sit,
341 5327 543 5397 etjam
576 5325 766 5397 placet
795 5326 845 5381 ei
866 5324 1108 5388 fabrica,
1144 5340 1260 5379 non
1292 5323 1349 5377 in
1374 5323 1567 5394 specie
1607 5324 1860 5394 aediﬁcii,

188 5419 305 5474 sed
345 5417 405 5472 in
441 5413 1043 5488 probationeconsilii.
1068 5413 1238 5468 Facta
1258 5416 1454 5467 autem
1472 5414 1593 5479 jam
1619 5414 1857 5483 lubrica,

178 5510 328 5579 jam
363 5522 482 5561 non
513 5503 626 5561 sibi
658 5505 763 5559 soli
798 5504 1005 5577 placet,
1036 5503 1137 5558 sed
1184 5501 1360 5557 etiam
1417 5500 1773 5569 videntibus,
1805 5506 1862 5558 et

185 5596 281 5653 sic
297 5594 587 5650 laudatur
602 5590 912 5648 consilium
928 5591 982 5645 in
998 5606 1114 5663 quo
1130 5589 1292 5662 prius
1304 5604 1430 5643 eam
1446 5588 1529 5641 sic
1546 5587 1857 5659 disposuit,

183 5686 306 5760 qui
338 5698 463 5742 non
480 5680 950 5756 qsﬁreret‘talis
968 5680 1029 5737 in
1061 5678 1262 5752 specie
1292 5675 1662 5747 adiﬁcii,nisi
1708 5694 1860 5750 pre-

1974 4690 2307 4764 repnrtavit,
2342 4689 3019 4761 pmteritacondonavit,
3067 4689 3264 4745 futura
3323 4692 3613 4764 promisit.

1972 4790 2277 4859 PrOpterea
2309 4787 2585 4843 benedixit
2609 4794 2659 4841 te
2689 4787 2830 4841 Deus
2860 4788 2921 4841 in
2950 4795 3239 4857 uernum,
3282 4788 3339 4844 id
3386 4794 3494 4857 est,
3553 4794 3618 4845 ut

1972 4878 2395 4934 diﬁ‘underetur
2423 4875 2610 4946 gratia
2637 4875 2878 4931 inlabiis
2906 4876 3045 4943 tuis,
3071 4876 3352 4933 benedixit
3377 4888 3428 4933 te
3455 4879 3617 4946 Deus,

1972 4967 2028 5022 id
2063 4971 2173 5029 est,
2203 4964 2611 5037 multiplicavit
2630 4971 2685 5019 te
2698 4966 2854 5023 Deus.
2890 4966 2946 5019 id
2969 4971 3074 5027 est.
3110 4983 3214 5037 ego
3244 4971 3431 5031 Pater,
3462 4964 3616 5020 mul-

1974 5054 2334 5128 tiplicatione
2359 5054 2417 5108 in
2432 5061 2648 5108 zeternu
2660 5071 2714 5109 m
2738 5055 3299 5110 tendente.Primum
3315 5054 3614 5109 hominem

1970 5143 2391 5211 benedixit,sed
2410 5160 2525 5198 non
2539 5143 2598 5197 in
2613 5145 3066 5215 a3ternum,quia
3084 5144 3139 5197 in
3158 5142 3613 5198 inobedientiam

1972 5231 2293 5299 oecidit,vel
2308 5232 2463 5286 istud
2485 5232 2809 5287 sitell‘ectus
2829 5233 2898 5286 ad
2916 5232 3023 5287 hoc
3038 5232 3192 5303 quod
3208 5230 3379 5285 dixit:
3402 5231 3617 5300 Diﬂusa

1970 5326 2048 5378 est
2077 5322 2259 5392 gratia
2290 5322 2346 5375 in
2389 5321 2551 5374 labiis
2571 5323 2699 5383 tuis,
2731 5320 3325 5390 etquisdiifundetur,
3341 5318 3617 5375 benedixit

1970 5420 2021 5467 te
2036 5413 2197 5476 Deus,
2222 5410 2278 5464 id
2296 5414 2405 5473 est,
2421 5426 2586 5479 prom
2597 5409 2878 5464 issionibu
2890 5425 2916 5462 s
2930 5409 3049 5463 tuis
3062 5408 3337 5463 benedixit
3358 5406 3419 5462 in
3451 5413 3614 5462 ister-

1971 5517 2134 5568 num,
2164 5498 2303 5569 quia
2332 5496 2457 5552 sine
2472 5498 2582 5551 {ine
2610 5514 3003 5568 permansura:
3030 5496 3616 5553 sunt.Promissiones

1969 5599 2164 5645 autem
2189 5586 2589 5647 servi.umbraa
2623 5588 2859 5641 fuerunt
2886 5591 2943 5640 et
2972 5584 3613 5655 transitoriaa,carna|i-

1967 5683 2056 5736 ter
2075 5676 2396 5735 intellecta.
2430 5676 2721 5749 Accingere
2736 5676 2928 5746 gladio
2942 5678 3035 5733 tuo
3051 5690 3217 5748 super
3231 5676 3414 5746 femur
3435 5682 3609 5750 tuum,
