4016 6192
385 357 505 426 379

959 359 1263 427 REMIGII
1309 356 2061 428 ANTISSIODORENSIS
2107 354 2282 427 OPP.
2325 357 2528 430 PARS
2569 360 2622 426 ῐ.
2651 352 2731 412 ἒ-
2757 353 3218 427 EXEGETICA.

3671 347 3807 422 380

381 497 780 573 potentissime,
808 495 866 553 ld
896 500 986 552 est
1015 500 1077 552 tu
1107 501 1378 570 speciosus
1409 503 1614 571 forma,
1661 504 1726 554 ut
1773 498 2028 554 debelles
2057 499 2112 564 Α
2140 501 2417 556 omnibus
2430 497 2894 556 consentiens.Et
2907 515 3023 570 qua
3038 497 3310 553 unctione
3329 489 3798 560 P0leolztitiae,id

385 589 570 646 serias
585 590 921 660 potestates,
939 589 1311 657 accingere,-id
1336 594 1443 656 est,
1467 589 1763 644 accinctus
1788 589 1869 647 sis
1906 588 2031 659 gla-

383 679 476 734 dio
497 686 607 740 tuo,
630 678 685 732 id
711 681 818 744 est,
841 676 1036 732 divino
1057 677 1287 749 eloquio
1309 679 1461 756 quod
1488 684 1574 733 est
1599 677 1826 749 gladius
1857 680 2029 749 spiri-

379 776 505 833 tus,
529 771 586 823 et
607 766 715 823 hoc
735 783 900 836 super
913 770 1286 836 femurtuum,
1315 768 1369 823 id
1395 773 1686 838 est,super
1706 767 2028 822 humanam

386 870 660 921 naturam
683 869 844 918 tuam
877 869 1142 934 potenter
1158 865 1238 918 sci
1250 865 1677 934 licetaccingere
1703 865 1905 933 gladio,
1922 865 2028 919 hoc

384 954 578 1025 giadio
599 953 886 1024 separavit
901 953 1182 1006 Dominus
1200 953 1389 1006 ﬁlium
1412 959 1638 1024 apatre,
1663 953 1838 1007 tiliam
1857 971 1890 1007 a
1911 970 2029 1007 ma-

381 1047 488 1109 tre,
540 1059 754 1097 nurum
790 1059 820 1096 a
851 1053 1019 1096 Socru
1054 1059 1160 1096 sua
1191 1042 1396 1112 (Matth.
1445 1044 1522 1113 x).
1558 1047 1726 1096 Pater
1784 1043 1893 1096 iste
1941 1047 2029 1096 est

380 1131 650 1186 diabolus
681 1148 714 1186 a
753 1147 867 1202 quo
883 1135 1212 1201 separatum
1244 1137 1332 1185 est
1361 1129 1689 1185 humanum
1713 1147 1897 1201 genus
1929 1147 2029 1201 per

377 1219 848 1292 praedicationem
882 1218 1132 1272 Domini.
1172 1219 1355 1273 Mater
1384 1225 1473 1273 est
1501 1219 1809 1290 Synagoga
1835 1237 1868 1274 a
1912 1237 2029 1289 qua

379 1307 967 1380 separataesltilia,id
990 1312 1100 1364 est.
1126 1308 1382 1362 Ecclesia
1403 1325 1470 1361 ex
1517 1308 1735 1362 Judazis
1785 1325 2024 1376 congre-

377 1402 531 1470 gata.
554 1397 748 1452 Nurus
773 1402 859 1451 est
885 1396 1142 1450 Ecclesia
1172 1412 1238 1450 ex
1268 1397 1540 1466 gentibus
1563 1397 1879 1451 constituta
1901 1414 2027 1467 quae

376 1485 488 1541 erit
516 1487 796 1540 adversus
817 1485 1178 1556 Synagogam
1199 1503 1325 1556 qua:
1350 1502 1549 1540 sacros
1580 1487 1707 1555 ejus
1729 1491 2032 1549 est,mater

376 1573 644 1629 videlicet
671 1573 907 1638 Christi,
941 1589 1008 1628 ex
1039 1590 1154 1644 qua
1185 1573 1508 1628 secundum
1561 1590 1795 1628 carnem
1855 1578 2027 1628 natus

383 1667 493 1718 est.
520 1662 716 1716 Nurus
763 1661 876 1716 ista
900 1661 1823 1732 significabaturabrEthiopissa,
1851 1678 2025 1733 quam

375 1749 542 1806 duxit
553 1750 826 1806 Salomon
841 1750 951 1805 sibi
973 1751 1231 1819 reginam
1251 1753 1347 1821 (III
1377 1751 1918 1819 Reg.ui).Etsicduo
1933 1752 2029 1806 ad-

2141 589 2546 660 est,spirituali
2561 589 3016 660 jucunditate,et
3034 588 3140 642 hoc
3155 602 3279 655 pra:
3299 585 3643 641 consortibus
3659 587 3799 650 tuis,

2141 676 2197 732 id
2211 684 2418 748 estprae
2433 678 2706 732 omnibus
2724 677 3115 747 illis,quorum
3131 692 3368 730 consors
3383 692 3444 729 es
3461 675 3516 727 in
3535 674 3802 728 humana

2140 770 2444 821 natura.Et
2465 767 2603 838 quia
2622 767 2767 820 leli.
2789 765 2950 819 illum
2977 782 3090 835 pra:
3105 764 3378 818 omnibus
3399 768 3647 818 unctum
3666 779 3801 817 esse

2139 856 2393 910 ostendit
2409 856 2737 910 unctionem
2753 854 2984 908 illorum
3001 871 3127 909 esse
3143 857 3510 924 magnam,ut
3526 853 3802 922 indeejus

2142 953 2481 1007 unctionem
2513 951 3350 1023 intelligamusadmirabilem,
3375 967 3505 1004 cum
3536 967 3652 1020 prae
3682 949 3804 1004 illis

2138 1046 2348 1096 unctus
2368 1041 2462 1096 sit.
2489 1041 2665 1106 Quasi
2698 1041 2894 1094 dicat:
2923 1041 3089 1110 ﬁnxit
3117 1044 3167 1094 te
3197 1045 3340 1094 Deus
3362 1041 3500 1093 Deus
3523 1042 3653 1093 tuus
3677 1040 3799 1093 oleo

2137 1131 2341 1186 laetitiae
2364 1145 2483 1200 prae
2500 1129 2844 1184 consortibus
2867 1131 2996 1196 tuis,
3023 1129 3176 1198 quod
3200 1144 3484 1198 magnum
3508 1132 3618 1192 est,
3659 1128 3804 1198 quia

2137 1221 2365 1290 myrrha
2385 1227 2436 1272 et
2462 1227 2610 1288 gutta
2631 1226 2681 1272 et
2728 1219 2898 1286 casia,
2932 1217 2987 1270 id
3021 1221 3129 1280 est,
3165 1215 3361 1270 omnia
3401 1216 3794 1270 odoramenta

2133 1308 2415 1361 virtutum
2448 1307 2758 1377 spirabunt
2782 1323 2813 1358 α
2844 1305 3179 1359 vestimentis
3205 1305 3334 1370 tuis,
3372 1303 3430 1357 id
3454 1308 3542 1358 est
3557 1304 3632 1358 ab
3648 1321 3792 1375 apo-

2138 1396 2300 1450 stolis
2333 1397 2449 1450 tuis
2481 1401 2535 1448 et
2565 1393 2900 1466 apostolicis
2934 1391 3460 1447 viris.Undeillud:
3511 1393 3637 1446 Vivo
3674 1409 3796 1462 ego,

2135 1485 2265 1538 dicit
2290 1485 2552 1538 Dominus
2572 1485 2698 1554 (Isa.
2722 1482 3007 1552 x1x),quia
3021 1481 3113 1536 his
3135 1481 3412 1536 omnibus
3430 1479 3591 1535 velut
3615 1483 3798 1536 vesti-

2137 1579 2358 1635 menta,
2382 1571 3046 1627 indueris.Vestimenta
3077 1570 3178 1625 Dei
3230 1570 3509 1624 dicuntur
3561 1572 3794 1636 sancti;

2141 1662 2286 1732 quia
2317 1661 2469 1716 sicut
2498 1659 2720 1715 homini
2753 1658 2897 1714 nihil
2928 1663 3016 1713 est
3044 1658 3293 1714 vicinius
3311 1657 3687 1725 vestimento,
3711 1658 3798 1713 sic

2137 1757 2250 1807 Deo
2283 1749 2428 1804 nihil
2459 1755 2548 1804 est
2574 1747 2821 1803 vicinius
2853 1747 3092 1802 sanctis.
3146 1752 3183 1802 A
3219 1747 3469 1802 domibus
3516 1747 3795 1803 eburneis.

375 1845 732 1906 versustres,
757 1844 922 1910 pater
949 1840 1498 1894 etmateradversus
1530 1838 1710 1893 tiliam
1759 1843 1815 1893 et
1846 1838 2024 1892 ﬁliam
2055 1863 2104 1925 B
2135 1842 2353 1897 Domus
2367 1839 2633 1894 eburneae
2647 1835 2877 1892 suntilli
2898 1836 3404 1906 quosvestimenta
3421 1837 3786 1894 vocavimus.

377 1934 682 1985 etnurum.
708 1929 853 1983 Nam
876 1945 1079 1983 socrus
1101 1933 1160 1982 et
1181 1933 1366 1982 mater
1387 1928 1444 1981 in
1476 1929 1781 1999 Synagoga
1810 1926 2025 1981 intelli-

377 2023 618 2091 guntur.
649 2018 837 2089 Specie
865 2021 969 2072 tua
997 2025 1050 2071 et
1075 2016 1493 2086 pulchritudine
1523 2021 1620 2070 tua
1666 2016 1905 2085 intende,
1966 2016 2021 2070 id

377 2112 485 2171 est,
503 2113 564 2161 tu
588 2106 882 2162 accinctus
904 2105 1116 2177 gladio,
1143 2105 1225 2160 sis
1250 2105 1516 2160 intensus
1543 2106 1599 2158 in
1628 2105 1891 2176 speciosa
1907 2105 2027 2176 pul-

376 2196 688 2253 chritudine
710 2195 886 2260 tua,id
905 2199 1012 2257 est,
1037 2195 1098 2248 in
1112 2194 1304 2248 abund
1315 2195 1762 2248 antiavirtutum
1779 2195 2026 2264 positus,

375 2286 433 2341 in
453 2302 570 2356 qua
584 2285 762 2339 miser
775 2283 960 2338 Adam
977 2283 1779 2354 positus,remittebaturcum
1795 2283 2030 2338 deberet

372 2373 618 2429 intendi.
654 2373 724 2427 Et
753 2373 838 2427 sic
876 2374 1149 2427 intensus
1179 2373 1316 2426 inte
1349 2373 1495 2443 ipso,
1530 2388 1784 2443 prospere
1799 2372 2029 2443 procede

378 2463 451 2518 ad
484 2460 859 2516 debellandos
896 2461 1196 2516 inimicos:
1229 2465 1279 2516 et
1313 2478 1505 2529 regna,
1527 2460 1703 2528 idest,
1723 2460 1888 2514 vince
1903 2477 2028 2530 pro-

381 2554 498 2622 pter
521 2551 826 2615 veritatem,
854 2548 1074 2604 scilicet
1097 2549 1408 2620 Evangelii,
1433 2566 1559 2619 quae
1582 2551 1650 2602 de
1674 2553 1728 2602 te
1743 2548 2028 2604 ﬁet.Unde

379 2638 697 2711 Apostolus
720 2654 732 2692 :
759 2638 1090 2693 Exhortatio
1105 2646 1291 2692 nostra
1312 2637 1494 2692 nonde
1513 2653 1712 2704 errore,
1761 2653 1934 2707 neque
1967 2639 2027 2690 in

379 2728 524 2794 dolo,
543 2726 798 2799 nequede
822 2727 1244 2796 immunditia(l
1266 2726 1438 2780 Thess.
1464 2727 1548 2795 ιι),
1576 2726 1639 2779 Et
1658 2741 1826 2792 regna
1854 2725 2028 2779 etiam

376 2822 615 2888 propter
635 2814 1112 2870 mansuetudinem
1131 2813 1282 2868 inter
1299 2818 1589 2868 tormenta
1605 2813 2033 2883 habitam,quia

373 2905 436 2960 in
459 2904 732 2977 passione
755 2903 996 2959 humilis
1008 2908 1066 2957 et
1080 2908 1422 2957 mansuetus
1435 2901 1834 2973 apparebis.Et
1855 2917 2028 2969 regna

374 2993 554 3049 etiam
576 2996 812 3063 propter
821 2992 1099 3063 justitiam
1130 2991 1187 3044 in
1211 2996 1372 3061 parte
1384 2990 1700 3044 exhibitam
1719 2990 1843 3044 etin
1871 2996 2031 3061 parte

375 3081 790 3139 exhibendam.
824 3079 1093 3135 Exhibita
1123 3083 1232 3145 est,
1265 3083 1331 3133 ut
1361 3079 1503 3133 illud
1532 3096 1543 3134 :
1598 3079 1701 3146 Qui
1739 3079 1923 3149 justus
1951 3084 2031 3134 est

375 3171 710 3241 iustiﬁcetur
734 3187 751 3222 :
774 3177 826 3224 et
839 3171 937 3240 qui
958 3168 1232 3223 sordidus
1245 3175 1343 3237 est,
1365 3167 1660 3239 sordescat(
1672 3176 1840 3238 .4poc.
1863 3169 2024 3239 XXII).

445 3275 608 3341 Quod
639 3274 735 3330 hic
764 3273 1032 3329 videmus
1068 3273 1398 3345 impletum.
1461 3274 1524 3327 In
1582 3274 1778 3328 futuro
1827 3279 2020 3329 autem

377 3366 689 3422 exhibetur
712 3363 970 3435 justitia,
1001 3363 1234 3435 quando
1283 3361 1656 3434 incorruptus
1705 3365 1886 3433 judex
1934 3363 2020 3418 di-

375 3471 491 3528 gna
520 3469 764 3526 quaeque
797 3451 1003 3507 ultimo
1041 3451 1266 3522 judicio
1315 3451 1588 3523 requiret,
1640 3452 1725 3505 vel
1789 3456 2021 3524 propter

367 3541 660 3614 justitiam
691 3547 948 3608 tuorum,
982 3540 1203 3596 scilicet
1248 3541 1663 3612 abnegantium
1723 3541 2021 3596 saecularia

375 3628 667 3686 desideria
697 3635 754 3684 et
810 3629 1003 3685 sobrie
1041 3634 1098 3683 et
1137 3630 1300 3700 juste
1348 3628 1704 3684 viventium:
1754 3633 1805 3684 et
1859 3631 2019 3685 dedu-

370 3722 451 3776 cet
479 3728 530 3776 te
556 3719 893 3774 mirabiliter
927 3717 1154 3774 dextera
1182 3723 1299 3783 tua,
1331 3717 1389 3771 id
1441 3723 1549 3784 est,
1604 3718 1860 3788 potentia
1917 3725 2020 3774 tua

372 3810 635 3881 undique
655 3809 829 3863 ducet
850 3812 905 3862 te
926 3808 984 3862 in
1010 3807 1278 3861 notitiam
1303 3805 1631 3870 hominum,
1649 3805 1825 3860 ethoc
1849 3806 2019 3860 mira-

371 3897 589 3960 biliter.
613 3897 752 3968 quia
782 3897 896 3952 eris
926 3897 1143 3952 faciens
1173 3893 1369 3948 divina
1397 3898 1451 3948 et
1484 3893 1711 3964 patiens
1737 3893 2014 3950 humana.

371 3986 444 4040 Et
463 3985 716 4053 qualiter
734 3983 844 4038 hoc
867 3985 964 4039 {iet
981 3986 1008 4038 ?
1038 3984 1183 4050 Quia
1201 3985 1422 4055 sagittw
1447 3987 1558 4038 tuae
1588 3986 1786 4053 acutae,
1820 3983 1875 4036 id
1910 3989 2016 4051 est,

373 4073 550 4128 verba
578 4071 1007 4142 praedicationis
1029 4078 1140 4128 tuae
1167 4078 1506 4143 suntacuta,
1526 4071 2018 4127 cordahominum

371 4159 642 4216 videlicet
664 4159 1007 4231 pungentis,
1031 4166 1089 4214 et
1118 4179 1374 4216 amorem
1408 4161 1667 4216 divinum
1691 4160 2016 4216 excitantia.

371 4248 594 4314 Quibus
616 4246 848 4320 sagittis
859 4248 1056 4317 populi
1079 4248 1337 4318 percussi
1360 4249 1458 4302 sub
1486 4253 1535 4302 te
1565 4249 1778 4317 cadent,
1820 4251 1874 4304 id
1909 4255 2019 4317 est,

369 4354 432 4395 se
458 4337 564 4394 tibi
583 4335 982 4393 humiliabunt
1004 4338 1064 4390 in
1077 4336 1248 4391 corde
1270 4336 1624 4392 inimicorum
1645 4341 1809 4410 regis,
1833 4339 1888 4394 id
1906 4344 2014 4408 est,

370 4428 430 4485 in
445 4428 553 4484 hoc
575 4426 731 4499 quod
752 4425 857 4482 tibi
886 4425 1004 4498 regi
1027 4442 1123 4480 cor
1138 4423 1443 4480 inimicum
1467 4426 1797 4482 habuerunt
1812 4429 2022 4483 cadent

371 4523 430 4574 et
452 4519 760 4590 resurgant
787 4515 1072 4571 habentes
1093 4531 1194 4570 cor
1208 4513 1460 4570 amicum
1485 4515 1610 4571 tibi.
1662 4517 1779 4571 Hac
1807 4517 2021 4588 sagitta

2134 1937 2354 1993 Namin
2374 1939 2457 1992 eis
2486 1935 2706 1990 habitat
2727 1933 2901 1989 etiam
2921 1933 3202 1989 Dominus
3233 1933 3584 1989 etdicuntur
3611 1936 3795 1990 ebur—

2135 2043 2254 2082 neae
2286 2026 2497 2080 domus
2525 2029 2761 2095 propter
2784 2023 3112 2078 castitatem
3135 2027 3190 2078 et
3206 2023 3494 2078 sermonis
3515 2024 3791 2080 nitorem.

2134 2116 2280 2171 Nam
2304 2113 2542 2185 elephas
2561 2114 2731 2182 cujus
2758 2129 2894 2167 ossa
2915 2113 3062 2167 ebur
3083 2111 3626 2167 suntcastissimum
3652 2111 3791 2166 ani—

2136 2203 2251 2258 mal
2283 2203 2515 2257 dicitur.
2547 2202 2626 2255 Ea
2659 2201 2856 2271 quibus
2899 2201 3300 2255 delectaverunt
3331 2209 3382 2254 te
3407 2202 3547 2270 filia
3575 2216 3796 2271 regum,

2135 2292 2193 2346 id
2208 2297 2296 2346 est
2311 2307 2378 2344 ex
2395 2290 2790 2345 odoramentis
2806 2288 2921 2343 illis
2935 2305 3059 2359 quae
3074 2289 3386 2360 spirabunt
3416 2305 3450 2342 a
3483 2290 3793 2344 vestimen-

2085 2407 2094 2418 ·
2136 2381 2210 2436 tis
2231 2378 2747 2442 tuis,delectabunt
2777 2383 2831 2431 te
2867 2378 2992 2430 lilia}
3027 2377 3315 2448 regumjd
3349 2381 3440 2432 est
3458 2377 3789 2448 Apostoliin

2138 2470 2250 2524 fide
2272 2468 2529 2540 generati
2553 2467 2650 2538 qui
2671 2482 2903 2520 carnem
2925 2466 3469 2538 domant,spiritum
3490 2468 3783 2536 roborant;

2138 2565 2195 2614 et
2226 2558 2331 2612 hoc
2357 2558 2415 2610 in
2439 2557 2639 2610 honore
2661 2559 2755 2610 tuo
2781 2555 3058 2626 quoniam
3106 2554 3239 2610 licet
3261 2556 3331 2610 ab
3355 2557 3521 2611 eisin
3547 2557 3660 2612 ﬁde
3688 2573 3795 2628 ge-

2139 2653 2560 2714 nerantur,non
2575 2645 2646 2699 ab
2669 2661 2872 2700 eorum
2902 2645 3136 2699 nomine
3158 2646 3649 2714 vocabuntur,sed
3666 2651 3792 2700 tuo:

2139 2737 2278 2808 quia
2305 2734 2826 2789 nullivocabuntur
2843 2733 3057 2787 Petrini
3080 2733 3168 2787 vel
3203 2733 3454 2799 Paulini,
3471 2735 3571 2789 sed
3591 2751 3800 2789 omnes

2138 2823 2476 2889 Christiani,
2511 2828 2566 2877 et
2596 2823 2680 2877 sic
2702 2839 2804 2893 per
2822 2823 3168 2876 vestimenta
3191 2828 3248 2877 et
3271 2840 3372 2893 per
3393 2824 3599 2878 domos
3617 2824 3802 2878 ebur-

2139 2931 2278 2969 neas
2298 2914 2472 2968 astitit
2496 2913 2698 2981 regina
2728 2911 2984 2966 adextris
3017 2914 3146 2974 tuis,
3181 2911 3238 2965 id
3274 2917 3381 2981 est,
3416 2913 3474 2966 in
3511 2912 3804 2984 Propitia-

2139 3005 2297 3058 tione
2322 3007 2442 3056 tua.
2473 3002 2616 3055 Nam
2648 3017 2776 3071 quas
2800 3017 2830 3054 a
2854 2999 3112 3054 sinistris
3135 3005 3305 3055 erunt
3327 3008 3498 3055 erunt
3519 3002 3805 3056 concubi-

2138 3110 2224 3148 nas
2256 3091 2594 3162 signiﬁcata:
2619 3104 2719 3160 per
2739 3088 3032 3161 octoginta
3059 3089 3406 3143 concubinas
3428 3088 3803 3145 Salomonis.

2139 3189 2427 3243 Numerus
2455 3191 2652 3241 autem
2683 3185 3142 3240 concubinarum
3158 3184 3435 3240 excellens
3466 3201 3805 3244 numerum

2137 3278 2493 3349 reginarum,
2527 3274 2894 3338 signiﬁcabat
2927 3275 3064 3346 quia
3088 3275 3246 3329 multi
3274 3279 3395 3328 sunt
3415 3275 3806 3344 vocati,pauci

2128 3383 2252 3422 vero
2273 3366 2438 3421 electi
2457 3364 2665 3436 (Matth.
2683 3363 3028 3434 xx).Regina
3046 3369 3244 3419 autem
3267 3363 3444 3418 stabit
3468 3363 3528 3416 in
3565 3365 3799 3432 vestitu,

2129 3456 2186 3510 id
2218 3461 2324 3521 est,
2361 3455 2419 3508 in
2451 3454 2717 3519 doctrina
2739 3453 3036 3519 deaurata,
3063 3453 3116 3506 id
3151 3457 3241 3508 est
3271 3452 3442 3506 bonis
3472 3452 3795 3506 sententiis

2125 3541 2837 3610 contirmata;circumdata
2849 3543 3250 3607 varietate,sub
3265 3541 3437 3596 audis
3453 3540 3487 3593 li
3499 3555 3797 3612 uguarum

2127 3633 2402 3705 quoniam
2433 3631 2608 3686 variis
2639 3629 2858 3702 linguis
2876 3631 3129 3686 Ecclesia
3151 3631 3365 3686 Christi
3392 3631 3652 3685 adunata
3681 3635 3796 3684 est.

2125 3721 2225 3777 Vel
2250 3725 2306 3775 in
2325 3722 2517 3775 vestitu
2546 3720 2834 3782 deaurato,
2868 3719 2924 3772 id
2948 3724 3056 3785 est,
3092 3719 3260 3773 bonis
3307 3719 3574 3774 moribus
3617 3718 3800 3773 ador'

2127 3814 2284 3877 nato,
2318 3815 2375 3864 et
2393 3807 2731 3863 circumdata
2762 3810 3044 3873 varietate,
3071 3808 3295 3862 scilicet
3323 3807 3638 3862 virtutum.
3697 3798 3800 3863 Vel

2126 3900 2187 3954 in
2210 3899 2414 3952 vestitu
2445 3897 2723 3964 deaurato,
2758 3895 2815 3950 id
2849 3900 2938 3951 est
2967 3897 3024 3949 in
3059 3896 3345 3951 membris
3384 3894 3613 3961 solidis,
3679 3913 3796 3951 non

2128 3985 2502 4058 crepantibus
2527 3985 2584 4040 in
2619 3985 3018 4040 tribulatione.
3068 3985 3237 4054 Audi,
3299 3985 3446 4055 ﬁlia,
3480 3994 3531 4040 et
3570 3984 3716 4052 vide,
3747 3988 3797 4040 et

2125 4075 2337 4132 inclina
2359 4090 2550 4129 aurem
2580 4078 2752 4128 tuam.
2787 4073 3082 4128 Convertit
3107 4089 3170 4128 se
3202 4073 3272 4128 ad
3305 4072 3571 4145 reginam
3643 4090 3793 4146 qua-

2128 4164 2177 4220 si
2199 4164 2390 4220 dicat:
2421 4165 2507 4218 Tu
2536 4163 2880 4234 reginajam
2906 4164 3056 4218 facta
3087 4163 3263 4218 etiam
3289 4161 3431 4229 tilia,
3467 4162 3606 4217 audi
3654 4179 3792 4234 pro-

2127 4254 2398 4318 missa,et
2417 4251 3018 4324 intelligeimpleta:et
3040 4250 3295 4323 qualiter
3310 4252 3438 4306 dico
3460 4256 3528 4305 ut
3551 4250 3791 4306 audias?

2127 4341 2468 4398 Inclinando
2497 4357 2697 4396 aurem
2723 4344 2897 4404 tuam,
2929 4341 2984 4395 id
3008 4345 3116 4407 est,
3143 4339 3444 4395 humiliter
3465 4341 3604 4396 audi
3637 4341 3792 4411 regis

2128 4431 2214 4486 tui
2247 4431 2540 4498 mandata,
2576 4441 2628 4485 et
2655 4430 2972 4485 obliviscere
3019 4431 3285 4500 populum
3345 4438 3525 4496 tuum,
3583 4430 3647 4484 id
3707 4434 3794 4486 est

2128 4517 2387 4574 carnalia
2415 4517 2752 4582 constituta,
2777 4517 2862 4571 vel
2886 4517 3170 4588 populum
3195 4516 3545 4590 Babyloniae,
3574 4518 3673 4572 cui
3701 4534 3793 4590 po-

371 4623 690 4679 percussus
719 4605 927 4660 cecidit
954 4603 1169 4660 Saulus
1194 4609 1252 4660 et
1282 4604 1530 4659 surrexit
1561 4604 2036 4660 Pauluszcecidit
2064 4591 2111 4655 D
2143 4605 2280 4678 pulo
2311 4622 2408 4660 rex
2441 4604 2548 4659 fuit
2575 4603 2866 4660 diabolus.
2927 4605 3278 4661 Obliviscere
3333 4607 3514 4660 etiam
3571 4605 3796 4661 domum

374 4698 730 4766 persecutor,
754 4699 812 4748 et
842 4693 1095 4749 surrexit
1114 4694 1384 4764 egregius
1402 4693 1743 4765 praedicator
1763 4694 1894 4764 (Act.
1921 4695 2017 4763 ix).

375 4789 515 4845 Etin
536 4789 730 4844 taliter
758 4791 1053 4860 percussis
1092 4791 1202 4846 erit
1223 4791 1372 4846 sedes
1399 4793 1497 4845 tua
1527 4791 1688 4854 Deus,
1719 4789 1775 4844 id
1814 4796 1922 4858 est,
1964 4792 2022 4846 in

371 4877 491 4934 illis
511 4876 740 4934 sedebis
755 4893 867 4932 non
883 4878 1344 4949 transitorie,sed
1364 4880 1421 4932 in
1445 4879 1710 4934 saeculum
1730 4880 1941 4946 saeculi,
1965 4880 2022 4934 id

376 4972 484 5038 est,
518 4964 890 5027 aaternaliter,
925 4971 982 5021 et
1012 4970 1074 5020 tu
1110 4969 1316 5022 merito
1345 4966 1402 5021 in
1433 4967 1549 5022 illis
1583 4968 2026 5039 regnabis,quia

371 5059 538 5129 virga
570 5056 729 5125 regni
754 5056 858 5124 tui,
891 5053 948 5109 id
973 5059 1062 5109 est
1094 5056 1352 5126 regimen
1381 5073 1494 5126 quo
1521 5056 1674 5128 regis
1698 5057 1802 5111 tibi
1826 5057 2024 5127 subje-

373 5148 614 5213 ctos,est
628 5145 786 5213 virga
805 5161 919 5200 non
941 5144 997 5199 di
1007 5143 1442 5207 stortionis,sed
1485 5145 1822 5201 directionis.
1864 5146 2028 5203 Unde

375 5233 546 5290 alibi:
571 5235 736 5302 Reges
755 5249 843 5289 eos
861 5236 921 5288 in
941 5235 1097 5303 virga
1113 5235 1298 5304 ferrea
1320 5234 1434 5304 (Ps.
1459 5236 1543 5304 ιι),
1587 5251 1721 5289 cum
1765 5235 2025 5307 regimen

375 5322 624 5381 aliorum
648 5322 986 5378 sitflexibile
1002 5328 1060 5377 et
1080 5321 1462 5378 distortionis.
1474 5324 1540 5376 Et
1555 5339 1685 5378 vere
1697 5325 1853 5394 virga
1865 5327 2030 5394 regni

369 5414 453 5470 tui
483 5417 574 5468 est
594 5413 754 5480 virga
781 5411 1126 5480 directionis,
1166 5411 1304 5484 quia
1331 5416 1395 5466 tu
1425 5411 1678 5467 dilexisti
1703 5415 2027 5485 justitiam:

372 5506 433 5557 et
468 5500 577 5555 hoc
600 5499 734 5555 inde
765 5505 1024 5572 apparet,
1061 5501 1200 5572 quia
1221 5501 1386 5556 odisti
1409 5502 1781 5572 iniquitatem,
1831 5511 1881 5557 et
1909 5519 2033 5574 pro-

369 5593 559 5662 pterea
589 5589 646 5642 id
679 5592 790 5654 est,
826 5595 890 5644 ut
919 5588 1194 5662 diligeres
1233 5589 1550 5660 justitiam,
1597 5591 1761 5644 unxit
1794 5599 1842 5646 te
1889 5593 2033 5648 Deus

377 5676 664 5743 omnium,
698 5677 835 5732 Deus
863 5688 1008 5746 tuus,
1043 5679 1100 5733 id
1133 5681 1242 5744 est,
1273 5693 1380 5750 ego
1423 5683 1588 5750 pater
1642 5682 1782 5735 tuus
1822 5680 1929 5737 tibi
1971 5683 2031 5737 in

2127 4695 2305 4768 patris
2333 4696 2437 4761 tui,
2471 4693 2709 4761 diaboli,
2731 4693 2791 4748 id
2817 4698 2926 4762 est,
2956 4693 3180 4750 nullam
3209 4693 3425 4749 habeas
3449 4695 3795 4751 societatem

2134 4801 2267 4839 cum
2301 4783 2520 4855 impiis,
2550 4789 2608 4838 et
2635 4783 2811 4838 debes
2842 4783 3101 4839 oblivisci
3149 4785 3416 4856 populum
3467 4786 3519 4838 et
3571 4787 3796 4840 domum

2132 4875 2306 4945 patris
2326 4875 2430 4939 tui,
2455 4872 2596 4944 quia
2616 4871 2954 4944 concupiscet
2974 4874 3088 4928 Rea:
3105 4873 3352 4929 decorem
3375 4881 3554 4939 tuum,
3601 4873 3662 4928 id
3687 4877 3797 4939 est,

2133 4967 2189 5017 te
2210 4963 2480 5018 decoram
2502 4962 2626 5016 ﬁeri
2646 4962 2743 5033 qui
2771 4966 2824 5016 te
2839 4961 3041 5016 dilexit
3061 4961 3297 5025 foedam,
3332 4961 3626 5017 utfaceret
3665 4962 3796 5033 pul-

2136 5051 2337 5107 chram
2365 5076 2378 5117 ;
2402 5055 2458 5105 et
2489 5049 2566 5105 sit
2597 5051 2702 5105 tibi
2736 5066 3015 5122 magnum
3049 5051 3204 5121 quod
3228 5067 3329 5106 rea:
3357 5055 3412 5104 te
3430 5051 3794 5120 concupiscet,

2136 5141 2397 5212 quoniam
2413 5141 2550 5210 ipse,
2572 5155 2671 5194 rex
2691 5138 2980 5206 videlicet,
3001 5142 3081 5194 est
3127 5140 3390 5195 Dominus
3437 5139 3582 5194 Deus
3642 5147 3797 5194 tuus.

2136 5240 2203 5294 Et
2231 5242 2288 5291 te
2316 5237 2492 5291 etiam
2525 5235 2904 5292 obliviscente
2932 5238 3197 5308 populum
3244 5241 3297 5292 et
3351 5235 3573 5292 domum
3609 5236 3802 5308 patris

2137 5327 2460 5383 adorabunt
2491 5342 2634 5380 eum:
2655 5326 2723 5381 et!
2731 5342 2832 5397 pro
2850 5326 3050 5396 etiam)
3071 5325 3204 5395 ﬁliae
3239 5327 3389 5396 Tyri,
3404 5324 3630 5381 scilicet
3665 5324 3801 5380 filia

2139 5417 2422 5490 gentium,
2456 5420 2520 5469 ut
2549 5416 2632 5470 sic
2663 5431 2765 5486 per
2794 5415 3012 5486 Tyrum
3046 5431 3174 5486 qua
3216 5414 3326 5468 fuit
3361 5414 3568 5469 civitas
3599 5413 3802 5468 vicina

2139 5505 2358 5562 Judaeis
2390 5509 2604 5559 terram
2628 5503 2888 5575 gentium
2910 5503 3473 5575 intelligamus.0uaa
3495 5501 3634 5556 ﬁliae
3657 5500 3798 5572 Tyri

2142 5595 2473 5650 adorabunt
2501 5609 2635 5648 eum
2692 5593 2754 5648 in
2808 5593 3152 5658 muneribus,
3211 5593 3267 5648 id
3329 5595 3438 5659 est,
3491 5590 3553 5646 in
3613 5589 3799 5662 largis

2145 5682 2532 5755 eleemosynis
2553 5697 2656 5754 per
2666 5697 2815 5752 quas
2826 5681 3258 5740 omniamunda
3268 5678 3514 5738 ﬁunteis
3533 5679 3690 5752 (Luc.
3706 5677 3806 5751 ιι).
