4016 6192
202 395 312 465 381

1320 396 1929 467 ΕΝΑΒΒΛΤῙΟΝΕΞ
1972 358 2052 465 In
2096 404 2478 471 PSALMOS.

3486 404 3609 469 389

202 540 317 594 Has
340 534 738 610 eleemosynas
760 554 1014 610 quaerere
1034 538 1348 595 Dominum
1379 540 1439 595 in
1466 557 1602 597 voce
1628 556 1844 612 paupe-
1876 541 1931 606 Α
1960 561 1989 589 ‹‹
2022 543 2225 594 rentur
2270 546 2499 597 montes
2529 542 2587 598 in
2620 559 2718 599 cor
2748 541 2947 599 maris.
2997 540 3327 597 Sonuerunt
3372 544 3431 596 et
3476 544 3603 596 tur-

204 628 283 684 ris
304 627 555 699 ipsemet
576 628 855 693 notiﬁcat,
875 628 1104 683 dicens:
1132 632 1383 695 Esurivi,
1399 639 1447 684 et
1468 630 1688 685 dedistis
1714 631 1854 685 mihi
1900 660 1911 671 ~

202 717 534 772 manducare
567 717 774 787 (Matth.
808 722 921 785 xv).
948 718 1042 772 Vel
1066 720 1391 773 secundum
1418 719 1851 791 interpretatio-

205 822 338 862 nem
364 805 618 860 nominis
641 806 999 877 accipiamus
1021 813 1221 877 gentes
1244 809 1475 863 iterum.
1496 809 1639 863 Nam
1664 810 1852 880 Tyrus

200 894 623 965 interpretatur
642 897 895 964 angustia
914 912 1132 950 eorum:
1156 896 1253 950 ubi
1285 897 1514 967 proprie
1537 904 1738 969 gentes
1762 898 1852 952 in-

199 983 576 1055 telliguntur,
629 1000 754 1054 qua
807 984 986 1038 nimie
1026 985 1515 1056 angustiﬁbantur
1543 988 1613 1041 de
1644 1004 1851 1058 pecca-

200 1073 278 1128 tis
299 1072 454 1127 suis:
486 1073 702 1127 Vultum
731 1076 907 1139 tuum,
932 1074 988 1127 id
1012 1079 1121 1138 est,
1153 1074 1549 1129 ecclesiastica
1580 1076 1852 1130 instituta

200 1166 304 1216 tua
334 1160 393 1214 in
426 1161 643 1231 quibus
673 1166 913 1232 apparet
960 1162 1231 1217 voluntas
1265 1169 1381 1228 tua,
1413 1164 1854 1234 deprecabuntur

200 1250 397 1305 divites
422 1250 623 1320 plebis.
657 1252 741 1304 Ad
777 1251 919 1304 istos
949 1249 1155 1306 divites
1186 1252 1442 1321 loquilur
1467 1255 1679 1307 Paulus
1712 1254 1853 1307 ami-

202 1356 307 1395 cus
341 1339 543 1411 sponsi
576 1339 767 1403 istius,
801 1339 999 1394 dicens
1033 1340 1113 1394 sic
1147 1342 1216 1394 ad
1252 1342 1658 1397 Timotheum:
1696 1346 1849 1399 Prae-

199 1431 319 1501 cipe
348 1428 609 1483 divitibus
638 1428 801 1493 huius
830 1430 1024 1485 saculi
1051 1446 1159 1483 non
1206 1432 1434 1499 superbe
1480 1449 1701 1502 sapere,
1755 1449 1850 1487 ne-

201 1535 306 1590 que
354 1534 576 1589 sperare
620 1520 681 1573 in
728 1520 929 1573 incerto
976 1518 1330 1584 divitiarum,
1380 1522 1481 1576 sed
1511 1524 1565 1575 in
1600 1522 1703 1576 Deo
1734 1538 1853 1577 vivo

198 1610 299 1680 qui
342 1611 573 1679 prastat
614 1609 767 1661 nobis
816 1608 1001 1662 omnia
1050 1608 1414 1663 abundanter
1458 1610 1529 1664 ad
1556 1611 1854 1676 fruendum

200 1698 248 1767 (ι
295 1698 430 1751 Tim.
480 1697 580 1767 v1).
630 1697 739 1751 Sed
792 1697 999 1751 divites
1049 1698 1167 1751 sint
1217 1697 1275 1751 in
1326 1699 1601 1769 operibus
1650 1700 1851 1767 bonis,

199 1785 371 1841 facile
391 1786 675 1853 tribuant,
700 1786 1155 1851 communicent,
1176 1786 1571 1843 thesaurizent
1593 1788 1703 1843 sibi
1729 1788 1855 1843 fun-

198 1874 549 1929 damentum
566 1876 879 1941 bonum,ut
894 1875 1338 1946 apprehendant
1356 1876 1532 1931 vitam
1552 1883 1847 1933 ceternam.
1879 1913 1929 1977 Β

197 1966 270 2017 Et
319 1964 596 2035 quoniam
648 1963 837 2018 solent
880 1981 1126 2019 munera
1194 1964 1696 2039 eleemosynarum
1747 1967 1851 2022 ali-

197 2052 442 2124 quando
493 2053 618 2107 tieri
670 2054 741 2107 ad
792 2054 1042 2108 favorem
1093 2053 1430 2124 hominum,
1482 2072 1553 2110 ne
1582 2056 1703 2112 hac
1734 2057 1855 2112 ﬁlia

195 2142 362 2213 regis
393 2141 450 2195 in
485 2158 545 2197 se
578 2142 707 2211 ipsa
737 2140 1083 2213 gloriaretur
1102 2147 1158 2196 et
1188 2143 1259 2197 ab
1289 2142 1420 2199 aliis
1446 2144 1677 2199 laudem
1706 2163 1856 2216 qua-

194 2234 393 2293 reret,
444 2229 824 2299 subsequitur
858 2247 870 2283 :
923 2229 1111 2283 Omnis
1159 2232 1339 2300 gloria
1380 2235 1497 2297 eius
1526 2235 1655 2303 ﬁlia
1686 2236 1855 2304 regis,

192 2316 263 2371 id
319 2320 410 2371 est
454 2316 752 2385 Ecclesia,
809 2318 875 2371 ﬁt
921 2318 987 2371 ab
1036 2320 1213 2388 intus,
1260 2319 1316 2373 id
1350 2321 1523 2375 estin
1557 2324 1857 2377 conscien-

189 2404 305 2473 tia,
344 2405 487 2475 quia
506 2404 693 2477 gloria
719 2410 920 2461 nostra
942 2407 1113 2462 debet
1133 2425 1259 2463 esse
1290 2410 1688 2466 testimoniam
1720 2429 1857 2467 con-

193 2492 464 2549 scientia
494 2494 658 2548 bona
688 2500 745 2549 et
775 2495 1245 2567 interrogationis
1277 2497 1335 2551 in
1371 2498 1584 2568 Deum,
1633 2506 1690 2554 et
1736 2500 1857 2556 hac

193 2580 392 2655 gloria
420 2582 486 2636 ﬁt
516 2583 576 2635 in
606 2582 841 2641 ﬁmbriis
871 2586 1085 2651 aureis,
1140 2585 1195 2639 id
1228 2590 1347 2651 est,
1395 2586 1453 2639 in
1512 2587 1620 2641 fine
1671 2588 1854 2655 bono,

194 2676 265 2726 ut
298 2671 388 2727 sic
417 2672 475 2724 in
510 2670 747 2739 ﬁmbriis
778 2672 1121 2726 ﬁnalitatem
1154 2672 1532 2744 accipiamus,
1566 2680 1624 2729 et
1653 2675 1713 2729 in
1753 2694 1853 2730 au-

190 2760 306 2815 reis
358 2758 700 2814 bonitatem.
756 2760 902 2814 Nam
952 2762 1048 2831 qui
1090 2764 1525 2831 perseveraverit
1574 2781 1746 2835 usque
1794 2768 1850 2819 in

188 2851 391 2917 finem,
415 2847 508 2902 hic
525 2849 715 2903 salvus
736 2851 843 2902 erit
870 2848 1081 2918 (Matth.
1104 2854 1274 2917 xxxv).
1303 2850 1723 2908 Circumamicta
1756 2872 1850 2908 ra-

189 2938 525 3006 rietatibus,
573 2936 631 2991 id
673 2941 787 3003 est,
837 2936 1013 2991 variis
1045 2938 1305 3008 populis,
1355 2939 1443 2993 vel
1476 2940 1851 2997 varietatibus

185 3026 509 3081 virtutum.
543 3025 649 3080 Per
674 3025 823 3081 hanc
856 3026 1029 3080 etiam
1065 3026 1244 3082 ﬁliam
1277 3045 1613 3084 conversam
1647 3048 1680 3085 a
1710 3048 1852 3103 gen-

188 3115 383 3182 tibus,
408 3114 746 3170 adducentur
773 3117 891 3186 regi
915 3117 1169 3186 virgines,
1204 3116 1259 3171 id
1293 3122 1398 3184 est,
1434 3118 1546 3173 alia
1577 3120 1849 3188 Ecclesia,

189 3209 257 3261 ut
276 3205 374 3259 sic
396 3205 757 3275 accipiamus
785 3205 1105 3259 Ecclesiam
1137 3206 1461 3277 angelicam
1497 3214 1852 3280 caterasque

191 3310 335 3366 qua
384 3297 517 3364 post
566 3293 923 3364 primitivam
974 3293 1289 3347 Ecclesium
1341 3311 1629 3349 conversa
1691 3302 1847 3351 sunt.

190 3385 338 3449 Quae
366 3381 625 3453 virgines
657 3382 1025 3437 adducentur
1048 3385 1171 3452 post
1200 3397 1341 3447 eam,
1367 3382 1422 3436 id
1446 3388 1554 3447 est,
1584 3389 1715 3453 post
1735 3386 1852 3455 pri-

190 3471 469 3526 mitivam
492 3470 831 3540 Ecclesiam,
855 3470 938 3525 ita
960 3475 1023 3525 ut
1039 3472 1311 3541 proxima
1342 3471 1461 3525 sint
1484 3473 1621 3542 ejus,
1654 3472 1710 3527 id
1744 3478 1851 3540 est,

189 3558 549 3614 imitatrices
582 3559 716 3613 ﬁdei
748 3559 897 3629 ejus.
946 3559 1014 3613 Et
1060 3560 1183 3613 ista
1222 3559 1368 3614 tales
1398 3561 1701 3631 afferentur
1729 3563 1851 3629 tibi,

190 3648 248 3704 id
282 3652 410 3717 est,
447 3648 515 3702 ad
548 3647 830 3702 honorem
862 3652 1051 3703 tuum.
1088 3649 1397 3720 Afferentur
1442 3650 1600 3719 dico,
1646 3668 1760 3705 non
1794 3652 1852 3705 in

192 3752 450 3793 maerore
468 3740 524 3791 et
544 3736 803 3801 tristitia,
822 3737 918 3791 sed
942 3737 997 3791 in
1018 3738 1211 3792 latitia
1225 3746 1275 3792 et
1292 3742 1673 3793 exsultatione.
1692 3739 1853 3795 Unde

191 3825 346 3880 illud
373 3843 387 3881 :
419 3827 538 3881 Non
566 3828 850 3896 accepistis
880 3828 1143 3893 spiritum
1172 3830 1452 3882 servitutis
1482 3830 1683 3883 iterum
1706 3832 1763 3883 in
1786 3831 1853 3885 ti-

190 3931 349 3971 more
380 3916 556 3987 (Itom.
590 3918 730 3982 vni).
780 3914 1129 3970 Adducentur
1174 3915 1311 3987 ipsa
1342 3917 1598 3988 virgines
1629 3920 1688 3971 in
1716 3922 1849 3972 tem-

186 4005 353 4076 plum
382 4007 549 4073 regis,
579 4004 634 4057 id
666 4006 775 4071 est,
809 4003 879 4058 ad
912 4002 1021 4057 hoc
1054 4007 1117 4057 ut
1147 4003 1285 4073 ipsa
1311 4003 1429 4059 sint
1451 4005 1756 4077 templum.
1786 4006 1853 4060 Et

193 4110 263 4149 ne
324 4093 462 4165 quis
509 4092 640 4147 ideo
689 4095 921 4163 putaret
967 4091 1284 4147 Ecclesium
1334 4093 1544 4147 Christi
1578 4112 1692 4148 non
1725 4112 1853 4150 esse

193 4182 601 4249 crescendam,
636 4181 776 4253 quia
819 4197 931 4235 non
966 4190 1284 4251 supersunt
1313 4180 1554 4252 apostoli
1592 4186 1647 4236 et
1679 4183 1851 4252 primi

193 4270 631 4343 praedicatores,
684 4268 1067 4340 subsequitur
1100 4286 1113 4324 :
1166 4273 1275 4323 Pro
1312 4269 1562 4339 patribus
1594 4271 1701 4324 tuis
1730 4272 1856 4325 nati

191 4364 328 4415 sunt
360 4359 465 4414 tibi
493 4358 623 4428 ﬁlii.
658 4358 832 4425 Quasi
865 4356 1056 4411 dicat:
1091 4355 1246 4410 Licet
1276 4373 1389 4410 non
1423 4357 1723 4428 supersint
1753 4376 1853 4430 pa-

190 4452 317 4504 tres
350 4446 469 4518 tui,
502 4447 557 4501 id
593 4450 709 4512 est,
759 4464 792 4501 a
820 4450 875 4501 te
902 4445 1233 4509 constituti,
1267 4450 1461 4499 tamen
1504 4463 1616 4500 non
1649 4447 1849 4503 decre-

188 4542 320 4593 scet
352 4535 610 4591 Ecclesia
641 4540 761 4606 tua,
796 4535 933 4607 quia
965 4534 1083 4588 nati
1116 4538 1256 4588 sunt
1286 4533 1391 4588 tibi
1424 4534 1546 4602 ﬁlii,
1580 4535 1719 4606 quia
1750 4554 1852 4606 pro

1965 650 1992 679 «
2025 629 2169 683 bata
2203 635 2341 683 sunt
2374 648 2537 702 aqua
2570 650 2793 696 eorum,
2843 631 3171 687 conturbati
3204 634 3343 685 sunt
3373 635 3603 685 montes

1962 740 1991 767 ‹‹
2025 719 2083 771 in
2117 719 2449 773 fortitudine
2479 721 2627 789 ejus.
2661 721 2944 775 Fluminis
2967 722 3222 792 impetus
3251 719 3505 774 latiﬁcat
3531 718 3608 774 ci-

1962 828 1991 856 ‹‹
2024 806 2257 861 vitatem
2292 808 2412 873 Uei,
2436 809 2819 863 sanctiﬁcavit
2846 809 3287 864 tabernaculum
3316 825 3489 863 suum
3515 808 3609 863 Al-

1962 918 1989 943 ‹‹
2024 896 2310 950 tissimus.
2341 897 2494 951 Deus
2528 898 2583 950 in
2617 899 2808 951 medio
2832 899 2960 969 ejus
2983 916 3095 954 non
3124 898 3606 963 commovebitur,

1964 1006 1992 1035 ι(
2025 986 2323 1053 adjuvabit
2353 1003 2480 1041 eam
2523 987 2677 1040 Deus
2710 1004 2880 1041 mane
2912 988 3190 1043 diluculo.
3241 989 3603 1042 Conturbata

1961 1096 1989 1122 «
2026 1080 2163 1127 sunt
2192 1080 2392 1145 gentes
2423 1082 2475 1129 et
2507 1074 2783 1129 inclinata
2812 1080 2952 1129 sunt
2990 1094 3187 1148 regna,
3213 1077 3371 1131 dedit
3402 1094 3603 1132 vocem

1966 1183 1993 1211 ‹‹
2026 1179 2214 1225 suam,
2251 1167 2409 1217 mota
2438 1168 2523 1216 est
2555 1168 2726 1233 terra,
2762 1164 3043 1218 Dominus
3090 1164 3371 1219 virtutum
3405 1166 3607 1221 nobis-

1963 1272 1991 1298 «
2025 1267 2179 1315 cum,
2215 1257 2523 1322 susceptor
2546 1258 2741 1307 noster
2764 1253 2917 1307 Deus
2944 1253 3143 1307 Jacob.
3177 1253 3402 1318 Venite,
3436 1259 3494 1309 et
3523 1255 3605 1309 vi-

1962 1361 1989 1387 ‹‹
2025 1339 2153 1393 dete
2184 1356 2357 1409 opera
2389 1340 2618 1394 Domini
2654 1341 2752 1411 qui
2786 1343 2982 1412 posuit
3014 1342 3278 1413 prodigia
3299 1359 3476 1413 super
3493 1349 3608 1398 ter-

1963 1449 1991 1476 ‹‹
2025 1445 2170 1493 ram,
2208 1431 2477 1483 auferens
2504 1430 2657 1483 bella
2681 1447 2864 1500 usque
2886 1432 2956 1484 ad
2986 1432 3159 1484 ﬁnem
3184 1436 3369 1484 terra.
3393 1433 3605 1486 Arcum

1962 1538 1990 1565 «
2025 1523 2361 1581 conteret,et
2378 1519 2701 1590 confringet
2719 1524 2948 1573 armaet
2969 1519 3449 1575 scutacomburet
3464 1520 3607 1590 igni.

1974 1627 2001 1655 ‹‹
2032 1606 2243 1660 Vacate
2266 1612 2321 1659 et
2340 1607 2525 1661 videte
2544 1607 2819 1678 quoniam
2841 1625 2944 1679 ego
2964 1625 3093 1663 sum
3111 1608 3283 1678 Deus,
3317 1607 3613 1663 exaltabor

1964 1718 1991 1744 ‹‹
2025 1695 2084 1749 in
2116 1695 2389 1767 gentibus
2420 1701 2476 1751 et
2506 1696 2804 1751 exaltabor
2832 1698 2887 1751 in
2919 1703 3091 1752 terra.
3124 1698 3405 1752 Dominus
3435 1698 3611 1752 virtu-

1964 1805 1991 1832 ‹‹
2025 1787 2151 1838 tum
2185 1784 2512 1851 nobiscum,
2548 1792 2851 1857 susceptor
2882 1790 3078 1842 noster
3109 1791 3258 1842 Deus
3288 1788 3484 1842 Jacob.
3512 1808 3539 1834 »

2581 1912 2986 1966 ENARRATIO.

2034 1998 2154 2053 Vox
2184 2003 2273 2053 est
2306 2000 2360 2054 in
2396 2000 2503 2054 hoc
2535 2000 2762 2071 psalmo
2786 1999 3040 2055 ﬁliorum
3065 2002 3226 2068 Core,
3250 2000 3483 2057 illorum
3507 2002 3607 2074 qui

1964 2088 2315 2160 praedicante
2366 2093 2532 2143 Petro
2584 2089 2867 2160 apostolo,
2922 2093 2987 2143 ut
3032 2089 3248 2161 legitur
3276 2090 3335 2145 in
3368 2092 3611 2147 Actibus

1965 2177 2394 2247 apostolorum,
2447 2183 2909 2250 recognoverunt
2957 2196 3167 2233 arcana
3196 2179 3458 2248 Domini,
3513 2179 3615 2236 illa

1964 2265 2231 2319 videlicet
2284 2267 2533 2337 qualiter
2581 2284 2785 2321 omnes
2836 2267 2903 2320 ad
2957 2284 3104 2336 quos
3152 2268 3309 2321 venit
3362 2267 3618 2338 Spiritus

1968 2359 2207 2409 sanctus
2259 2354 2532 2409 omnibus
2562 2354 2783 2426 linguis
2816 2354 3231 2426 loquerentur:
3266 2371 3611 2427 recognove-

1968 2447 2106 2497 runt
2137 2444 2311 2497 etiam
2346 2460 2520 2513 quam
2555 2443 2709 2498 altus
2741 2449 2798 2498 et
2836 2443 3098 2498 excelsus
3130 2445 3284 2515 apud
3316 2445 3498 2500 Deum
3533 2447 3615 2503 fa-

1968 2537 2096 2587 ctus
2129 2539 2284 2587 esset
2313 2532 2409 2587 ille
2433 2550 2605 2603 quem
2632 2535 2907 2588 manibus
2939 2533 3063 2588 suis
3088 2533 3519 2599 cruciﬁxerunt,
3552 2541 3618 2591 ut

1965 2621 2180 2691 Spiritu
2206 2626 2407 2675 sancto
2436 2621 2648 2676 idiotas
2675 2621 2946 2693 impleret
2967 2626 3022 2676 et
3044 2621 3274 2693 linguas
3299 2624 3615 2680 infantium

1965 2710 2176 2764 faceret
2205 2710 2473 2775 disertus,
2499 2714 2553 2765 et
2576 2711 2908 2781 compuncti
2933 2711 3104 2765 corde
3126 2712 3434 2767 dixerunt:
3472 2713 3615 2781 Quid

1959 2800 2244 2868 faciemus,
2280 2800 2395 2853 viri
2420 2800 2657 2869 fratres?
2698 2802 2764 2853 Et
2812 2805 3014 2854 Petrus
3049 2801 3131 2854 ait
3163 2819 3175 2856 :
3229 2804 3617 2857 Paenitentiam

1960 2890 2132 2957 agite,
2185 2897 2235 2944 et
2286 2890 2597 2959 baptizatur
2634 2891 3011 2959 unusquisque
3040 2894 3275 2944 vestrum
3304 2893 3360 2944 in
3392 2893 3617 2946 nomine

1961 2978 2180 3032 Domini
2222 2980 2399 3032 nostri
2443 2979 2572 3033 Jesu
2608 2979 2819 3033 Christi
2865 2979 3001 3047 (Act.
3050 2978 3133 3048 ιι).
3186 2979 3509 3033 Possumus
3560 2984 3617 3035 et

1960 3065 2285 3137 intelligere
2306 3082 2516 3120 arcana
2544 3066 2642 3120 illa
2665 3067 2733 3120 de
2757 3067 2976 3136 quibus
2998 3066 3078 3120 ait
3101 3066 3417 3138 Apostolus
3444 3084 3455 3121 :
3480 3068 3613 3123 Nolo

1960 3170 2048 3208 vos
2080 3156 2356 3223 ignorare,
2388 3158 2606 3225 fratres,
2648 3157 2978 3225 mysterium
3008 3156 3105 3209 hoc
3134 3158 3265 3227 quia
3294 3159 3509 3211 caecitas
3548 3174 3618 3214 ea:

1884 3278 1925 3342 C
1960 3246 2355 3314 portecontigit
2374 3246 2429 3297 in
2445 3243 2807 3303 Israel,donec
2820 3245 3102 3314 plenitudo
3117 3247 3367 3311 gentium
3383 3248 3617 3301 intraret

1965 3330 2137 3401 (Rom.
2164 3332 2247 3399 ιι).
2278 3330 2349 3384 Ut
2380 3336 2573 3384 autem
2598 3330 2717 3384 hac
2742 3349 2953 3385 arcana
2972 3332 3373 3402 intelligamus
3404 3333 3611 3387 exhor-

1963 3422 2164 3471 tantur
2185 3434 2290 3471 nos
2312 3417 2413 3471 ﬁlii
2438 3418 2578 3472 Core
2602 3419 2701 3487 qui
2721 3419 2841 3473 hac
2864 3420 3205 3490 loquuntur,
3222 3419 3303 3474 sic
3322 3420 3608 3477 dicentes:

2033 3508 2176 3573 Deus
2204 3511 2391 3559 noster
2419 3506 2714 3575 refugium,
2748 3507 2803 3559 id
2839 3512 2945 3577 est,
2976 3508 3123 3561 Deus
3156 3512 3368 3562 nostra
3391 3512 3610 3564 natura

1964 3598 2302 3665 assumptor
2331 3598 2418 3649 est
2448 3593 2616 3648 nobis
2648 3596 2949 3664 refugium,
2983 3604 3034 3649 et
3062 3598 3257 3665 virtus,
3289 3596 3345 3651 id
3379 3602 3468 3652 est
3497 3598 3613 3653 vir-

1963 3690 2201 3740 tuosum
2236 3683 2525 3754 refugium
2553 3701 2564 3738 :
2600 3682 2818 3754 adjutor
2838 3686 2893 3737 in
2919 3684 3387 3749 tribulationibus,
3415 3684 3473 3738 id
3501 3691 3611 3753 est,

1962 3774 2021 3829 in
2054 3773 2408 3829 conscientia
2436 3772 2619 3843 mala,
2670 3789 2791 3843 quze
2836 3774 3163 3827 invenerunt
3191 3789 3288 3826 nos
3320 3774 3512 3827 nimis.
3549 3775 3611 3828 In

1962 3862 2071 3918 hac
2101 3862 2475 3918 tribulatione
2507 3862 2665 3917 solus
2696 3867 2785 3917 est
2806 3863 3040 3932 adjutor
3062 3862 3159 3933 qui
3186 3861 3347 3917 solus
3375 3866 3610 3932 peccata

1964 3953 2223 4006 dimittit.
2259 3952 2353 4007 Ha
2385 3952 2798 4006 tribulationes
2832 3950 3137 4005 inveniunt
3186 3968 3320 4017 nos,
3373 3952 3608 4022 quando

1961 4041 2091 4096 aliis
2123 4040 2576 4111 pradicantibus
2610 4044 2847 4110 peccata
2868 4040 3363 4111 recognoscimus.
3389 4040 3610 4097 Inveni-

1964 4146 2096 4184 mus
2120 4145 2224 4182 nos
2246 4128 2357 4199 ipsi
2382 4126 2810 4191 tribulationes,
2836 4130 3071 4200 quando
3094 4129 3218 4184 sine
3240 4130 3608 4187 admonitore

1964 4221 2199 4289 peccata
2231 4217 2439 4271 ﬂemus
2474 4232 2486 4270 :
2540 4217 2597 4271 in
2632 4222 2877 4290 utroque
2906 4223 3104 4274 tamen
3146 4219 3382 4289 adjutor
3412 4226 3613 4275 noster

1963 4307 2137 4368 Deus,
2172 4309 2225 4359 et
2253 4310 2557 4376 propterea,
2590 4306 2645 4360 id
2682 4311 2788 4378 est,
2823 4308 2961 4372 quia
2981 4325 3047 4363 eo
3077 4309 3390 4376 adjuvante
3422 4307 3611 4362 exclu-

1963 4412 2066 4450 sus
2095 4398 2183 4448 est
2214 4392 2508 4448 tumultus
2539 4395 2937 4461 conscientia,
2988 4412 3100 4449 non
3130 4396 3445 4450 timebimus
3477 4396 3614 4448 dum

1964 4484 2283 4540 turbabitur
2302 4486 2477 4547 terra,
2503 4483 2558 4535 id
2594 4488 2701 4546 est,
2732 4500 2875 4554 gens
2899 4483 3165 4551 judicata
3190 4483 3248 4535 in
3276 4482 3613 4536 terrenitate

1964 4574 2310 4644 perdurans.
2371 4572 2435 4625 Et
2483 4587 2590 4624 non
2644 4572 2956 4625 timebimus
3013 4572 3152 4624 dum
3213 4573 3616 4639 transferentur

190 4624 482 4698 apostolis
515 4624 636 4680 nati
667 4629 807 4679 sunt
837 4622 1178 4695 Gregorius,
1200 4622 1561 4695 Augustinus
1585 4629 1640 4679 et
1665 4624 1851 4679 cateri

1966 4622 2309 4644 μην---ην
2371 4622 2429 4625 _-
3022 4622 3087 4624 κν
3138 4622 3151 4623 κ

1966 4664 2168 4715 montes
2188 4660 2248 4713 in.
2269 4674 2361 4714 cor
2382 4659 2573 4726 maris,
2590 4657 2645 4710 id
2666 4662 2773 4725 est,
2790 4657 2930 4710 dum
2955 4656 3199 4728 apostoli
3220 4657 3609 4715 transferendi

188 4715 420 4786 plures,
443 4730 590 4785 quos
609 4716 899 4769 constitues
920 4714 1195 4784 principes
1211 4728 1375 4781 super
1391 4729 1603 4767 omnem
1626 4717 1850 4781 terram,

188 4808 248 4859 et
277 4803 369 4858 sic
400 4820 503 4874 per
531 4802 663 4858 illos
697 4820 906 4858 memor
933 4818 1027 4856 ero
1056 4803 1297 4856 nominis
1329 4804 1435 4871 tui,
1468 4801 1523 4855 id
1558 4806 1674 4867 est,
1710 4802 1853 4857 cele-

186 4892 370 4948 brare
421 4891 631 4947 faciam
682 4908 894 4947 nomen
943 4898 1112 4945 tuum
1154 4892 1213 4944 in
1242 4891 1395 4944 omni
1422 4893 1778 4957 generatione
1806 4896 1856 4946 et

191 4983 629 5052 generationem.
677 4982 747 5036 Et
778 4996 909 5036 vere
941 4997 1042 5051 per
1072 4978 1201 5033 illos
1232 4978 1340 5033 hoc
1375 4978 1497 5046 ﬁet,
1541 4979 1677 5050 quia
1722 4996 1852 5050 pro-

192 5080 412 5141 pterea,
446 5070 503 5125 id
535 5078 642 5139 est,
675 5070 813 5141 quia
845 5068 1147 5125 sufﬁciunt
1177 5068 1605 5139 praedicatores,
1636 5071 1855 5140 conﬁte-

196 5159 416 5214 buntur
436 5160 537 5214 tibi
557 5161 769 5232 populi,
803 5159 860 5214 id
883 5163 992 5224 est,
1016 5158 1308 5211 sufﬁcient
1334 5173 1725 5228 consequaces
1752 5175 1765 5212 :
1800 5161 1858 5212 et

192 5247 311 5305 hoc
342 5248 456 5304 erit
484 5250 541 5304 in
568 5253 868 5315 almum,
902 5248 1057 5318 quod
1092 5249 1209 5312 est,
1258 5247 1319 5299 in
1348 5246 1613 5301 saeculum
1641 5249 1851 5302 saeculi.

766 5354 1095 5411 PSALMUS
1131 5351 1291 5406 XLV.

230 5460 297 5499 ιι(
328 5461 513 5501 mm
543 5461 712 5501 FILIIS
742 5461 887 5500 CORB
916 5460 1027 5498 PRO
1056 5457 1301 5497 ARCANIS
1334 5457 1595 5495 PSALMUS
1626 5458 1814 5496 DAVID.

268 5572 304 5601 α
334 5554 493 5605 Deus
519 5555 719 5607 noster
746 5550 1037 5623 refugium
1068 5554 1127 5604 et
1155 5548 1366 5615 virtus,
1399 5548 1632 5617 adjutor
1662 5548 1719 5602 in
1748 5548 1854 5603 tri-

194 5660 225 5689 ε
254 5639 674 5697 bulationibus
695 5657 821 5713 qua
840 5640 1185 5695 invenerunt
1206 5654 1312 5693 nos
1331 5636 1527 5693 nimis.
1543 5641 1855 5708 Propterea

193 5752 224 5779 α
257 5746 387 5788 non
418 5728 758 5789 timebimus
788 5730 931 5787 dum
961 5728 1297 5787 turbabitur
1324 5730 1502 5796 terra,
1549 5731 1608 5784 et
1633 5728 1849 5785 tranfe-

1966 4753 2104 4804 sunt
2134 4766 2167 4803 a
2193 4748 2413 4804 Judais
2445 4747 2502 4800 in
2537 4746 2712 4800 corda
2742 4745 3051 4817 gentilium
3079 4747 3177 4817 qui
3208 4746 3352 4802 mari
3374 4764 3608 4821 compa-

1964 4837 2473 4908 rantur,quoniam
2490 4834 2826 4890 idololatria
2840 4836 3608 4908 amaritudinetegebantur,

1964 4929 2033 4982 ad
2070 4943 2319 4996 quorum
2369 4924 2865 4995 comparationem
2899 4940 3041 4995 gens
3071 4925 3407 4981 Judaorum
3458 4930 3612 4979 terra

1964 5016 2209 5079 dicitur,
2261 5014 2397 5085 quia
2429 5013 2819 5069 amaritudine
2850 5015 3113 5084 gentium
3145 5019 3425 5084 tanquam
3460 5012 3609 5067 mari

1964 5104 2438 5161 circumdabatur
2458 5102 2550 5156 his
2573 5102 2892 5168 montibus,
2927 5103 2982 5157 id
3014 5108 3125 5169 est,
3152 5099 3431 5173 apostolis
3464 5101 3612 5155 dixit

1964 5194 2249 5250 Dominus
2272 5193 2329 5246 in
2358 5189 2662 5261 Evangelio
2684 5209 2696 5246 :
2722 5192 2786 5247 Si
2809 5192 3118 5246 habueritis
3140 5192 3301 5261 fidem
3328 5196 3610 5260 tanquam

1960 5299 2217 5354 granum,
2233 5282 2445 5349 sinapis
2467 5279 2655 5334 dicetis
2677 5281 2806 5334 huic
2828 5282 3002 5334 monti
3015 5298 3032 5333 :
3055 5278 3278 5334 Tollere
3301 5283 3357 5333 et
3380 5278 3609 5333 mittere

1962 5375 2024 5426 in
2054 5386 2227 5436 mare,
2256 5374 2311 5424 et
2342 5370 2429 5437 ﬁet
2460 5368 2601 5421 illud
2635 5368 2845 5438 (Matth.
2880 5385 2994 5421 xvn
3024 5373 3078 5422 et
3107 5368 3223 5438 xxx)
3270 5368 3349 5422 De
3381 5383 3442 5422 se
3481 5367 3609 5437 ipso

1963 5461 2112 5515 dixit
2128 5460 2263 5514 huic
2282 5456 2463 5512 monti
2479 5457 2575 5527 qui
2596 5456 3075 5527 praedicatoribus
3088 5456 3370 5527 apostolis
3388 5455 3609 5511 missus

1964 5555 2051 5605 est
2077 5549 2134 5602 in
2170 5563 2350 5609 mare,
2383 5546 2439 5600 id
2472 5550 2580 5609 est,
2607 5546 2664 5599 in
2699 5546 2969 5600 notitiam
2992 5547 3275 5617 gentium.
3302 5545 3611 5601 Sonuerunt

1962 5649 2015 5696 et
2044 5638 2281 5694 turbatae
2308 5639 2439 5690 sunt
2468 5649 2629 5705 aqua:
2658 5651 2868 5691 eorum.
2902 5636 3043 5691 Ecce
3073 5633 3329 5690 ostendit
3358 5626 3614 5706 qualiter

1963 5730 2192 5785 montes
2220 5723 2609 5782 transferendi
2642 5728 2783 5781 sunt
2803 5724 2862 5781 in
2893 5740 2993 5782 cor
3022 5724 3240 5782 maris:
3275 5722 3416 5795 quia
3440 5738 3606 5782 sona-
