4014 6194
1009 399 1318 468 REMIGII
1361 402 2113 470 ANTISS!0DORENSIS
2159 403 2332 470 OPP.
2375 403 2578 468 PARS
2621 402 2672 468 1.
2704 435 2783 453 --
2818 398 3286 467 EXEGETICA.

437 532 609 599 bunt,
644 532 705 589 id
729 538 839 602 est,
870 551 1042 593 voces
1063 536 1332 595 emittent
1373 539 1486 611 ipsi
1536 544 1762 596 montes
1789 559 1808 596 :
1854 546 2089 598 contur-
2119 541 2176 609 Α
2204 563 2236 592 «
2269 540 2478 608 rihilis,
2497 556 2598 596 rex
2617 555 2869 612 magnus
2889 553 3065 610 super
3085 552 3318 594 omnem
3338 534 3852 609 terram.8ubjecit

439 623 587 680 batle
620 629 761 678 sunt
791 641 948 697 aquae
977 642 1190 692 eorum,
1222 627 1280 682 id
1311 633 1400 684 est
1419 630 1685 686 doctores
1716 631 2001 702 gentium,
2035 638 2091 688 et

438 729 556 769 non
587 713 700 784 ipsi
732 714 1000 770 doctores
1030 720 1261 771 tantum
1323 718 1719 782 destruantur,
1780 722 1881 776 sed
1912 723 2086 777 etiam

438 810 668 867 montes,
703 803 759 856 id
791 809 900 864 est.
933 804 1225 876 principes
1255 808 1469 862 terreni
1494 811 2004 866 conturbabuntur
2029 814 2089 866 in

437 890 760 958 fortitudine
793 893 910 956 eius
942 893 1038 963 qui
1089 894 1200 948 erit
1239 900 1502 950 nostrum
1535 899 1824 969 refugium
1846 918 1863 953 :
1895 905 1950 954 et
1978 900 2088 955 hoc

439 995 555 1034 non
587 979 824 1048 mirum,
862 981 997 1051 quia
1019 983 1272 1048 ﬂuminis
1297 987 1524 1053 impetus
1547 986 2088 1055 lietiﬂcatcivitaiem

441 1069 564 1135 Dei,
601 1067 656 1120 id
681 1072 788 1132 est,
822 1069 1133 1125 abundans
1164 1072 1350 1141 gratia
1380 1074 1629 1144 Spiritus
1651 1078 1833 1131 sancti
1860 1079 2086 1132 confor-

438 1154 598 1210 dabit
615 1155 1018 1212 collectionem
1042 1167 1312 1216 sanctoru
1325 1180 1376 1216 m
1402 1168 1483 1219 :el
1501 1166 1612 1235 ipse
1628 1166 1940 1222 Altissimus
1958 1184 2088 1222 san-

433 1244 692 1312 ctiﬁcavit
718 1248 1134 1303 tabernaculum
1163 1267 1342 1322 suum,
1373 1254 1430 1308 id
1455 1260 1564 1320 est,
1602 1254 1710 1310 sibi
1739 1259 2085 1312 tabernacu-

435 1332 665 1390 lentes:
702 1335 787 1390 vel
821 1336 922 1390 sic.
957 1338 1020 1392 Et
1054 1342 1459 1408 transferentur
1489 1348 1695 1399 montes
1748 1348 1809 1400 in
1850 1362 1945 1400 cor
1970 1365 2086 1401 ma-

434 1423 535 1486 ris,
570 1428 627 1477 et
658 1428 796 1479 tunc
830 1424 886 1478 in
921 1425 1048 1497 ipsa
1078 1430 1483 1500 translatione,
1515 1432 1568 1486 id
1598 1438 1688 1488 est
1718 1435 1776 1488 in
1799 1435 1927 1506 ipsa
1949 1453 2086 1507 prae-

429 1511 719 1570 dicatione
741 1514 1033 1586 Evangelii
1065 1521 1361 1574 sonabunt
1407 1521 1546 1591 ipse
1595 1528 1797 1594 gentes
1855 1529 1912 1577 et
1957 1529 2082 1579 tur-

430 1600 728 1658 babuntur
757 1603 1023 1660 doctores
1053 1623 1276 1675 eorum,
1311 1609 1566 1666 dicentes
1597 1630 1616 1664 :
1647 1612 1788 1675 Quis
1844 1617 1934 1668 est
1980 1629 2082 1668 an-

432 1689 736 1747 nuntiator
767 1709 1052 1750 novorum
1103 1696 1577 1755 daemoniorum?
1607 1702 1742 1772 (Act.
1777 1702 1934 1772 xm.)
1976 1702 2084 1758 hoc

430 1779 654 1834 dictum
677 1786 766 1835 est
783 1783 937 1853 apud
958 1784 1365 1842 Athenienses.
1392 1789 1602 1860 Ephesi
1625 1795 1820 1846 autem
1839 1791 1900 1846 in
1922 1791 2084 1847 thes.

431 1871 520 1923 tro
544 1885 651 1924 suo
674 1873 906 1925 tantum
930 1875 1240 1946 strepitum
1267 1876 1528 1932 fecerunt
1554 1896 1658 1950 pro
1685 1880 1862 1935 Diana
1894 1898 2002 1936 sua
2019 1886 2086 1936 ut

433 1955 760 2013 clamarent
812 1959 981 2030 quasi
1042 1979 1144 2031 per
1203 1965 1352 2019 duas
1410 1967 1622 2022 horas:
1678 1968 1873 2039 Magna
1909 1970 2086 2024 Diana

429 2044 792 2118 Ephesiorum
815 2049 952 2119 (Act.
983 2052 1122 2122 xxx).
1158 2053 1229 2108 Et
1257 2057 1567 2110 conturbati
1591 2066 1718 2111 sunt
1764 2067 1990 2123 montes,
2024 2059 2081 2115 id

429 2139 536 2201 est,
565 2135 858 2208 principes
881 2141 1093 2195 terreni
1113 2143 1316 2198 conﬁsi
1336 2145 1391 2199 in
1413 2146 1746 2216 fortitudine
1762 2149 1898 2217 ejus,
1923 2147 2080 2203 scili-

428 2229 518 2279 cet
551 2225 753 2280 maris.
786 2227 894 2282 Sed
931 2224 1070 2301 quid
1105 2230 1237 2287 fecit
1267 2232 1466 2289 civitas
1506 2235 1650 2292 Dei?
1679 2237 1952 2292 Fluminis
1973 2240 2078 2292 im-

423 2317 582 2380 petus
606 2315 912 2386 laeti/icavit
933 2335 1070 2386 eam,
1096 2323 1461 2391 sanctiﬁcavit
1482 2325 1898 2381 tabernaculum
1918 2343 2081 2381 suum

420 2403 756 2460 Altissimus.
790 2405 854 2460 Et
885 2410 1180 2477 quomodo
1206 2414 1612 2482 sancti/ienuit?
1642 2415 1787 2479 Quia
1817 2417 1957 2472 Deus
1989 2420 2080 2472 est

423 2490 486 2543 in
515 2491 718 2557 medio,
751 2493 808 2547 id
869 2501 977 2560 est,
1038 2496 1094 2550 in
1159 2499 1440 2555 ﬁrmitate
1471 2503 1663 2558 cordis
1694 2506 1827 2574 ejus,
1861 2510 1917 2558 et
1947 2505 2075 2560 ideo

424 2574 562 2631 licet
592 2578 791 2634 saeviat
821 2597 1000 2650 mare,
1031 2583 1166 2640 licet
1197 2594 1424 2643 montes
1481 2592 1924 2662 conturbentur,
1965 2610 2077 2649 non

422 2668 853 2722 commovebitur
875 2670 1079 2726 civitas
1106 2673 1234 2745 ipsa
1255 2693 1287 2730 ει
1311 2677 1722 2747 praedicatione
1753 2680 2072 2754 Evangelii,

424 2751 563 2822 quia
586 2754 725 2808 Deus
754 2755 1036 2827 adjuvabit
1059 2777 1180 2815 eam
1210 2780 1392 2830 mane,
1426 2765 1482 2819 id
1515 2771 1623 2838 est,
1675 2751 1954 2837 indilateC;
1986 2751 2071 2827 di;

423 2838 627 2908 luculo,
655 2841 712 2897 id
735 2848 842 2910 est,
862 2844 921 2900 in
941 2851 1366 2907 resurrectione
1390 2870 1498 2908 sua
1525 2854 1582 2909 in
1608 2854 2069 2929 diluculofacta;

422 2928 513 2984 vel
539 2931 804 3000 diluculo,
831 2931 889 2989 id
922 2939 1028 3003 est,
1068 2943 1222 2993 metu
1254 2942 1460 2997 mortis
1490 2951 1858 3018 consumpto,
1892 2952 1949 3004 et
1988 2948 2072 3004 sic

417 3020 762 3076 conturbata
790 3027 918 3077 sunt
943 3029 1127 3094 gentes
1156 3031 1206 3082 et
1263 3031 1536 3086 inclinata
1588 3037 1715 3090 sunt
1771 3052 1963 3105 regna,
2011 3038 2069 3093 id

419 3110 530 3173 est,
556 3107 848 3181 principes
873 3114 1106 3170 terreni.
1133 3117 1202 3171 Et
1223 3135 1337 3189 quo
1359 3121 1562 3177 ordine
1582 3121 1733 3178 istud
1760 3125 1903 3180 fiet?
1924 3126 2068 3182 Nam

419 3193 687 3252 Dominus
713 3200 999 3268 virtutum,
1033 3202 1089 3257 id
1124 3213 1233 3277 est,
1265 3208 1522 3266 virtuose
1580 3212 1778 3268 omnia
1829 3214 2068 3287 faciens,

415 3284 706 3341 nobiscum
735 3303 858 3344 ens.
895 3292 1057 3356 Quod
1106 3293 1259 3351 alius
1316 3299 1596 3370 propheta
1643 3301 1805 3368 dicit,
1837 3284 2067 3361 Emme;
2099 3284 2142 3350 C

417 3375 550 3429 nuel
579 3375 707 3446 (Isa.
742 3381 841 3449 vn)
863 3396 883 3432 :
903 3391 1180 3453 susceptor
1207 3390 1411 3458 noster,
1444 3388 1500 3443 id
1535 3395 1643 3461 est,
1706 3397 1915 3448 nostra;
1961 3410 2069 3449 na-

413 3466 558 3554 turae
587 3472 943 3554 assumptor,
1007 3470 1145 3527 Deus
1198 3475 1384 3546 Iacob,
1444 3477 1503 3533 id
1565 3485 1674 3544 est,
1705 3482 1923 3552 prioris
1957 3500 2058 3554 po~

590 3551 740 3610 dedit
792 3572 978 3613 vocem
1029 3577 1209 3630 suam,
1269 3568 1327 3619 et
1378 3565 1514 3622 inde
1565 3549 1728 3625 mota—
1771 3575 1849 3626 est
1894 3549 2068 3644 terra,

413 3639 638 3696 scilicet
665 3643 950 3715 gentium.
983 3648 1051 3703 Et
1110 3651 1250 3722 quia
1293 3653 1578 3712 Dominus
1637 3659 1836 3715 visitat
1863 3677 1985 3727 vos,
2034 3639 2066 3720 ὁ

410 3731 637 3820 gentes,
665 3733 862 3804 venite,
895 3751 1051 3807 ergo,
1082 3756 1198 3794 non
1232 3743 1508 3812 passibus
1532 3745 1770 3816 pedum,
1807 3749 1907 3803 sed
1933 3765 2064 3820 pas-

409 3813 576 3873 sibus
607 3818 762 3890 ﬁdei,
794 3824 846 3876 et
876 3823 1064 3890 videte,
1120 3827 1178 3884 id
1239 3835 1348 3897 est,
1408 3813 1713 3906 intelligite
1759 3813 2065 3905 ropera-Do-

408 3906 574 3969 mini,
606 3922 723 3976 quae
750 3908 873 3980 ipse
905 3912 1166 3971 Dominus
1219 3919 1495 3974 virtutum
1550 3922 1835 3978 nobiscum
1878 3941 2065 3982 susce-

407 3999 534 4061 ptor
560 4002 741 4049 noster
765 3997 902 4052 Deus
932 4002 1117 4070 Iacob,
1138 4008 1325 4077 posuit
1342 4008 1623 4081 prodigia,
1647 4010 1704 4066 id
1735 4017 1842 4081 est,
1875 4014 2060 4068 admi-

414 4081 602 4135 randa
627 4098 791 4153 super
820 4091 1050 4159 terram,
1084 4093 1139 4147 id
1174 4101 1282 4167 est,
1312 4096 1466 4153 infra
1520 4104 1805 4157 terrenos.
1840 4107 1904 4157 Et
1937 4119 2063 4174 quae

411 4171 801 4260 suntopera?
830 4176 1098 4247 Auferens
1126 4183 1265 4239 bella
1316 4203 1486 4258 usque
1539 4189 1607 4244 ad
1659 4191 1828 4260 ﬁnem
1872 4171 2059 4260 terra,

412 4257 568 4351 quod
595 4258 748 4315 alius
777 4265 1063 4335 propheta
1118 4270 1260 4327 dicit
1317 4257 1667 4333 convertere.
1692 4280 1900 4351 gladios
1937 4257 2061 4339 suos

407 4346 468 4400 in
499 4361 763 4421 vomeres,
795 4360 850 4407 et
870 4353 1090 4412 lanceas
1109 4375 1236 4416 suas
1266 4363 1324 4418 in
1351 4363 1529 4434 falces
1584 4346 1711 4435 (lsa:
1746 4373 1830 4437 ιι).
1863 4371 2061 4426 Arcum

407 4438 646 4527 conteret
674 4448 727 4494 et
754 4443 1060 4516 confringet
1087 4465 1264 4507 arma.
1321 4451 1460 4508 Ecce
1491 4455 1746 4527 qualiter
1771 4458 1926 4515 bella
1955 4477 2057 4516 au-

409 4522 573 4579 feret.
597 4525 744 4583 Nan:
767 4547 983 4602 arcum,
1009 4534 1066 4590 id
1089 4542 1491 4610 est,occultam
1529 4544 2056 4618 impugnationem,

405 4617 460 4665 et
486 4622 697 4718 secuta,
722 4615 788 4718 id
821 4625 1358 4718 estprotectionem
1393 4649 1552 4688 vana
1583 4615 2058 4708 praesumptionis
2088 4655 2135 4718 Ι)

407 4701 687 4794 comburat
710 4707 853 4776 igni.
887 4708 966 4765 De
997 4729 1111 4784 quo
1143 4717 1275 4789 igne
1307 4720 1527 4775 dictum
1561 4701 1650 4777 est
1671 4741 1690 4777 :
1719 4701 1904 4794 Ignem
1933 4728 2061 4782 veni

406 4788 624 4886 mittere
650 4791 706 4846 in
719 4802 955 4886 terram,
986 4810 1038 4857 et
1067 4788 1199 4874 quid
1228 4809 1348 4863 volo
1379 4811 1514 4864 nisit
1541 4819 1603 4866 ut
1633 4788 1851 4868 ardeat.
1902 4815 2055 4886 (Luc.

409 4876 539 4948 xu.)
570 4877 690 4934 Hoc
715 4880 848 4954 igne
870 4889 1174 4947 comburet
1194 4893 1479 4953 Dominus
1495 4903 1654 4955 scuta
1677 4901 1877 4957 dicens
1957 4905 2058 4959 Va-

407 4973 547 5063 cate,
570 4965 626 5022 id
653 4975 760 5039 est,
785 4976 948 5029 vacui
972 4983 1155 5035 estote
1189 4985 1341 5040 unde
1364 4985 1517 5058 pleni
1542 4988 1705 5059 estis,
1732 4989 2058 5063 implemini

410 5054 566 5111 unde
591 5059 758 5114 vacui
790 5063 952 5119 estis.
983 5065 1157 5131 Quasi
1192 5054 1386 5129 dicat:-
1419 5077 1703 5133 Evacuate
1735 5054 1934 5136 saccos
1965 5099 2056 5138 ve-

405 5145 562 5242 stros
591 5147 758 5242 palea
785 5156 843 5206 et
876 5151 1114 5227 implete
1145 5175 1244 5218 eos
1272 5165 1476 5235 granis
1511 5169 1561 5222 et
1593 5167 1676 5222 sic
1723 5168 1897 5225 videte
1923 5187 2058 5242 quo-

402 5231 562 5287 niam
592 5251 688 5305 ego
720 5239 862 5296 Deus
889 5258 1063 5314 quem
1098 5231 1396 5309 homidem
1431 5254 1657 5322 videtis,
1681 5231 1968 5316 exaltabo-r
1995 5263 2060 5318 in

400 5323 661 5393 gentibus
688 5335 739 5382 et
767 5332 1058 5390 exaltabor
1087 5337 1148 5392 in
1177 5348 1342 5397 terra.

946 5458 1081 5516 PSA
1091 5463 1283 5523 LMUS
1321 5467 1512 5524 XLVI.

815 5561 871 5600 IN
911 5565 1088 5607 FINEM
1130 5571 1241 5610 PRO
1278 5574 1448 5614 ινιιιιε
1488 5573 1653 5615 εογιιι.

475 5644 504 5676 α
534 5627 759 5718 Omnes
780 5640 1271 5711 gentes,plaudite
1288 5647 1584 5715 manibus,
1593 5648 1844 5718 jubilate
1864 5651 1978 5708 Deo
1993 5654 2057 5708 in

404 5729 428 5762 ι
444 5725 586 5772 voce
601 5717 1332 5795 exeultatimiaouoniam
1351 5717 2060 5810 {semianima-amtor-

2207 655 2228 680 α
2266 630 2512 703 populos
2531 630 2700 685 nobis
2722 636 2776 684 et
2797 634 2998 700 gentes
3021 628 3132 683 sub
3153 627 3399 698 pedibus
3421 625 3850 694 nostris.Elegit

2199 744 2227 772 «
2264 720 2432 776 nobis
2464 720 2860 775 haereditatem
2893 717 3345 788 suam,speciem
3365 715 3547 771 Jacob
3566 732 3743 787 quam
3768 718 3849 772 di-

2199 831 2229 860 «
2254 809 2699 865 lexit.Ascendit
2718 814 2866 862 Deus
2883 805 3520 878 injubilo.etDominus
3539 805 3598 859 in
3615 812 3846 861 vocetu-

2199 922 2228 950 «
2251 897 2598 954 ba3.Psallite
2619 897 2731 951 Deo
2747 894 3206 966 nostro,psallite
3223 892 3474 966 :psallite
3493 892 3613 964 regi
3631 900 3840 966 nostro,

2197 1011 2227 1039 ‹‹
2259 987 2510 1060 psallite.
2545 987 2830 1052 Quoniam
2863 1002 2961 1041 rex
2992 985 3185 1039 omnis
3215 989 3377 1037 terrze
3413 983 3587 1045 Deus,
3616 983 3842 1054 psallite

2197 1100 2226 1129 «
2258 1075 2866 1148 sapienter.Regnabit
2888 1075 3041 1129 Deus
3067 1090 3244 1144 super
3260 1079 3482 1143 gentes,
3508 1072 3844 1127 Deussedet

2199 1187 2226 1216 «
2247 1183 2424 1236 super
2444 1167 2643 1220 sedem
2665 1170 2929 1219 sanctam
2955 1180 3145 1217 suam.
3171 1161 3471 1232 Principes
3492 1160 3840 1232 populorum

2194 1277 2225 1305 ‹‹
2256 1255 2591 1327 congregati
2622 1257 2762 1308 sunt
2791 1269 2924 1307 cum
2959 1257 3070 1306 Dco
3103 1250 3705 1320 Abraham,quoniam
3736 1250 3841 1306 dii~

2198 1364 2225 1392 α
2261 1347 2436 1399 fortes
2466 1350 2630 1399 terra:
2652 1341 3028 1398 vehementer
3053 1340 3256 1396 elevati
3289 1343 3448 1394 sunt.

2827 1464 3222 1525 ENARRATIO.

2265 1558 2411 1626 Quia
2441 1557 2511 1612 ad
2540 1575 2660 1625 vos,
2693 1574 2726 1612 ο
2754 1564 2962 1627 gentes,
2994 1554 3181 1626 gratia
3215 1553 3309 1608 Dei
3339 1551 3624 1624 pervenit,
3660 1569 3839 1610 omnes

2189 1647 2439 1720 plaudite
2465 1646 2741 1712 manibus,
2776 1645 2833 1700 id
2861 1649 2950 1699 est
3007 1645 3152 1698 bene
3209 1640 3570 1713 operamini:
3601 1643 3838 1698 Iubilate

2194 1741 2308 1793 Deo
2337 1739 2394 1792 in
2428 1752 2550 1792 voce
2579 1732 3062 1798 exsultationis,id
3095 1736 3186 1787 est
3213 1730 3273 1784 in
3303 1746 3442 1786 voce
3471 1729 3837 1788 exsultativa.

2192 1825 2340 1882 Nota
2361 1827 2498 1898 quia
2521 1825 2819 1895 utrinque,
2843 1829 2900 1878 et
2918 1839 3052 1878 voce
3072 1825 3130 1876 et
3149 1819 3541 1889 manibus,est
3561 1818 3840 1891 plauden-

2115 1916 2163 1981 B
2193 1915 2333 1970 dum
2363 1912 2782 1985 Deo.quoniam
2805 1912 2853 1967 ei
2890 1915 3115 1966 tantum
3138 1926 3274 1966 voce
3296 1909 3428 1981 quis
3451 1907 3838 1981 plaudat,non

2191 2004 2362 2069 bene,
2394 2003 2534 2074 quia
2553 2002 2729 2074 pigrae
2751 2005 2891 2056 sunt
2918 2017 3128 2056 manus
3154 2017 3166 2068 ;
3202 1999 3252 2055 si
3283 2003 3511 2053 tantum
3539 1999 3836 2068 manibus,

2191 2109 2304 2147 non
2336 2092 2504 2158 bene,
2539 2091 2678 2163 quia
2709 2095 2874 2145 muta
2906 2095 2994 2145 est
3022 2089 3310 2160 lingua.et
3332 2087 3460 2142 ideo
3490 2085 3839 2142 concordent

2190 2198 2401 2237 manus
2419 2187 2476 2237 et
2494 2179 2718 2252 lingua,
2745 2179 2844 2234 illa
2861 2179 3224 2241 conﬁteatur,
3250 2175 3360 2230 illis
3383 2179 3720 2247 operentur.
3734 2175 3836 2231 Ju-

2189 2270 2365 2326 bilate
2387 2270 2500 2325 Deo
2550 2269 2607 2323 in
2655 2286 2790 2325 voce
2822 2266 3253 2330 exsultationis,
3287 2281 3550 2338 quoniam
3578 2265 3835 2320 Dominus

2187 2361 2434 2415 excelsus
2446 2359 2543 2430 qui
2559 2359 2968 2413 hicvidebatur
2986 2355 3176 2410 inﬁrm
3189 2355 3559 2418 us,terribilis
3572 2354 3675 2424 qui
3695 2355 3835 2411 inter

2185 2448 2421 2504 Judaeos
2449 2446 3102 2519 fuitdespectibilis,rcx
3119 2461 3372 2515 magnus,
3398 2443 3499 2514 qui
3533 2442 3631 2498 hic
3661 2460 3830 2514 appa-

2184 2538 2304 2592 ruit
2323 2537 2564 2592 humilis
2581 2541 2637 2592 et
2658 2553 2890 2607 parvus,
2915 2551 3078 2606 super
3094 2549 3309 2589 omnem
3333 2537 3541 2588 terram
3565 2532 3822 2603 gentium

2182 2631 2239 2682 et
2265 2626 2625 2681 Juda'orum.
2662 2626 2899 2697 Subjecit
2925 2625 3154 2696 populos
3185 2623 3362 2688 nobis,
3394 2621 3450 2676 id
3508 2627 3618 2688 est,
3662 2620 3828 2676 nobis

2180 2715 2635 2785 praedicantibus
2648 2713 3022 2786 subjugavitJ
3033 2713 3225 2768 udzeos
3237 2719 3287 2768 et
3300 2712 3586 2784 gentessub
3599 2712 3828 2782 pedibus

2179 2805 2407 2860 nostris.
2443 2805 2513 2859 Et
2540 2805 2702 2874 elegit
2731 2804 2889 2859 nobis
2918 2801 3400 2858 conformandam
3450 2800 3827 2856 haereditate!!!

2179 2909 2366 2956 suam,
2384 2893 2534 2948 hanc
2557 2892 2842 2959 videlicet,
2867 2892 3100 2964 speciem
3124 2891 3294 2947 Iacob
3323 2906 3486 2962 quam
3515 2890 3736 2960 dilexit,
3769 2889 3827 2944 id

2181 2981 2441 3045 est,illos
2472 2981 2573 3053 qui
2600 2983 2776 3038 Jacob
2809 2981 3023 3038 imitati
3050 2985 3208 3036 sunt.
3269 2984 3338 3034 Et
3393 2977 3646 3051 psallite,
3694 2979 3832 3049 quia

2181 3070 2318 3126 Deus
2335 3071 2583 3126 ascendit
2605 3073 2666 3125 in
2674 3071 2880 3143 jubilo,
2902 3070 2960 3125 id
2985 3075 3094 3142 est,
3118 3069 3174 3124 in
3203 3083 3409 3139 magno
3428 3066 3648 3137 gaudio
3687 3081 3830 3137 apo-

2180 3159 2486 3216 stolorum.
2522 3160 2668 3216 Nam
2698 3176 2978 3232 magnum
3009 3157 3281 3231 gaudium
3313 3159 3434 3210 erat
3462 3153 3545 3208 eis
3577 3155 3829 3224 quando

2182 3255 2454 3305 naturam
2475 3266 2640 3304 suam
2659 3248 2716 3303 in
2741 3253 2971 3304 tantum
2989 3248 3256 3304 videbant
3275 3242 3530 3308 exaltari,
3550 3241 3829 3297 Dominus

2182 3340 2239 3394 in
2298 3355 2421 3393 voce
2450 3339 2615 3409 tubae,
2647 3337 2706 3392 id
2733 3343 2823 3392 est
2850 3338 2906 3390 in
2939 3337 3201 3410 angelica
3229 3349 3362 3390 voce
3393 3329 3656 3387 ascendit
3684 3347 3829 3386 cum

2176 3427 2291 3498 ipsi
2312 3428 2612 3483 dixerunt:
2642 3427 2763 3482 Viri
2792 3423 3029 3495 Galilei,
3064 3423 3198 3496 quid
3220 3424 3378 3478 statis
3405 3420 3736 3492 aspicientes
3767 3421 3827 3474 in

2175 3517 2570 3590 calum?(Act.
2605 3517 2670 3582 1.)
2701 3518 2779 3570 Ac
2811 3515 2860 3570 si
2891 3515 3088 3569 dicant
3108 3533 3126 3567 :
3152 3511 3357 3567 Videte
3389 3507 3823 3605 ascendentem,

2177 3606 2393 3660 credite
2413 3604 2471 3659 in
2497 3605 3058 3674 absentem,sperate
3077 3601 3498 3664 venientem,et
3521 3612 3624 3667 per
3652 3601 3828 3650 mise-

2176 3693 2486 3748 ricordiam
2508 3695 2634 3761 ejus
2669 3709 2900 3764 semper
2927 3690 3090 3748 vobis
3123 3689 3334 3746 sentite
3360 3690 3728 3759 prasentem.
3759 3683 3828 3738 Et

2177 3783 2316 3854 quia
2345 3781 2500 3836 Deus
2523 3781 2579 3835 in
2607 3785 2768 3836 tanto
2788 3781 2960 3848 iubilo
2987 3779 3232 3835 ascendit
3256 3797 3269 3834 :
3303 3793 3439 3850 ergo
3466 3773 3694 3848 psallite
3723 3773 3828 3829 Deo

2172 3871 2627 3940 nostro,psallite,
2652 3871 2800 3942 patri
2815 3869 3082 3926 videlicet
3097 3867 3316 3939 psallite
3333 3867 3450 3934 regi
3466 3867 3652 3919 nostro
3684 3859 3824 3930 ﬁlio,

2171 3961 2393 4032 psallite
2416 3959 2657 4031 Spiritui
2683 3964 2906 4024 sancto,
2925 3958 3219 4020 etmerito,
3245 3956 3505 4027 quoniam
3524 3968 3627 4006 rex
3647 3951 3824 4005 omnis

2169 4052 2335 4104 terrae
2364 4049 2501 4104 Deus
2530 4054 2639 4114 est,
2671 4053 2727 4102 et
2755 4047 2892 4102 inde
2916 4047 3142 4119 psallite
3195 4045 3494 4116 sapienter,
3527 4039 3584 4096 id
3621 4044 3731 4108 est,
3763 4037 3821 4092 in

2173 4139 2448 4193 cordibus
2467 4137 2697 4202 vestris,
2718 4136 2856 4207 quia
2878 4153 2990 4191 non
3017 4135 3310 4206 sapienter
3335 4130 3532 4205 psallit
3560 4128 3665 4201 qui
3691 4141 3824 4182 voce

2168 4230 2402 4284 tantum
2416 4225 2921 4298 psallit,psallite,q
2932 4225 3165 4280 uiaDeus
3176 4221 3430 4295 regnabit
3439 4233 3602 4291 super
3611 4221 3821 4291 gentes,

2169 4317 2312 4371 Deus
2332 4317 2480 4371 sedet
2498 4331 2666 4386 super
2690 4313 2871 4369 sedem
2898 4315 3145 4369 sanctam
3162 4309 3432 4379 suam,vel
3464 4307 3816 4365 Ecclesiam.

2170 4402 2244 4461 Ut
2272 4410 2466 4461 autem
2500 4408 2787 4476 regnaret,
2813 4405 3094 4476 principes
3123 4405 3458 4474 populorum
3505 4393 3828 4468 congregati

2168 4499 2297 4550 sunt
2318 4511 2441 4550 cum
2461 4493 2566 4549 Deo
2587 4491 2883 4559 Abraham,
2908 4492 2964 4546 id
2991 4496 3100 4557 est,
3124 4491 3428 4547 credentes
3447 4485 3826 4542 adhaeserunt

2170 4583 2302 4638 sibi.
2327 4583 2397 4638 Et
2417 4582 2526 4637 hoc
2553 4581 2706 4636 unde
2729 4585 2751 4636 P
2773 4581 3040 4649 Quoniam
3063 4580 3146 4635 dii
3161 4588 3348 4651 fortes,
3379 4577 3436 4632 id
3461 4578 3553 4630 est
3569 4568 3824 4645 apostoli

2166 4676 2522 4740 constantes,
2559 4679 2743 4736 terrae,
2775 4669 2832 4723 id
2860 4674 2969 4737 est,
2993 4669 3064 4725 de
3088 4669 3308 4727 mundo
3330 4665 3519 4735 electi,
3541 4663 3828 4718 vehemen-

2169 4769 2256 4817 ter
2285 4761 2502 4831 elevati,
2537 4758 2594 4814 id
2626 4763 2735 4826 est,
2769 4759 2954 4831 signis
2985 4757 3292 4832 gloriﬁcati
3319 4759 3448 4811 sunt
3480 4758 3545 4810 ut
3574 4765 3824 4823 congre-

2169 4856 2447 4924 garentur
2477 4848 2769 4922 principes
2791 4865 2924 4904 cum
2949 4848 3086 4904 Deo.
3109 4847 3275 4904 Unde
3303 4847 3623 4918 Apostolus
3647 4845 3831 4896 Evan-

2165 4941 2370 5012 gelium
2398 4942 2650 4994 nostrum
2679 4954 2788 4994 non
2813 4940 2922 5010 fuit
2946 4937 3017 4995 ad
3043 4953 3133 4993 vos
3185 4939 3247 4992 in
3302 4948 3556 4992 sermone
3585 4938 3823 4994 tantum.

2165 5030 2258 5087 sed
2287 5031 2348 5085 in
2394 5029 2610 5100 Spiritu
2662 5035 2846 5082 sancto
2913 5036 2965 5083 et
3021 5029 3082 5083 in
3135 5024 3485 5099 plenitudine
3539 5020 3726 5076 multa
3779 5016 3829 5088 (ι

2169 5121 2341 5175 Thess.
2378 5118 2412 5189 ι)
2436 5135 2453 5170 :
2484 5115 2570 5172 vel
2591 5115 2674 5172 sic
2687 5117 2972 5188 principes
2984 5115 3340 5188 populorum,
3357 5113 3414 5168 id
3437 5107 3828 5181 est,gentium

2166 5207 2486 5279 congregati
2528 5213 2658 5262 sunt
2686 5222 2812 5260 cum
2841 5206 2945 5261 Deo
2974 5206 3274 5270 Abraham,
3325 5201 3462 5258 facti
3496 5198 3603 5255 ﬁlii
3635 5199 3829 5255 Abra-

2168 5298 2307 5354 ham
2338 5312 2452 5350 non
2485 5294 2809 5350 secundum
2841 5295 3298 5368 generationem,
3331 5291 3432 5348 sed
3492 5284 3828 5346 secundum

2166 5385 2570 5442 imitationem.
2604 5383 2672 5438 Et
2693 5385 2972 5454 quoniam
3001 5383 3269 5439 illielecti
3293 5393 3594 5446 sunt,cum
3629 5373 3830 5432 Domi-

2167 5492 2280 5531 nus
2302 5491 2415 5530 non
2443 5472 2650 5528 fuisset
2670 5472 2890 5528 missus
2908 5475 2978 5528 ad
2997 5489 3118 5545 eos,
3139 5472 3224 5528 dii
3234 5469 3487 5544 fortes,id
3505 5465 3664 5534 est,J
3671 5461 3827 5520 ι)όωὶ

2167 5565 2271 5636 qui
2291 5562 2547 5619 multum
2581 5562 3018 5632 praesumebant
3047 5563 3119 5618 de
3165 5567 3322 5618 terra
3349 5575 3482 5623 sua,
3515 5557 3575 5613 id
3603 5560 3718 5620 est,
3748 5551 3828 5606 de

2161 5669 2224 5710 se
2255 5652 2424 5724 ipsis,
2461 5650 2807 5707 uehementer
2834 5649 3043 5708 elocuti
3066 5655 3218 5721 sunt,
3249 5645 3648 5724 superbientis)
3680 5653 3832 5700 con-

2167 5747 2262 5803 tra
2286 5741 2629 5801 hominum.
