4014 6194
441 295 558 359 387

927 327 934 334 -
1013 295 1320 358 REMIGII
1363 295 2114 360 ANTISSIODORENSIS
2158 273 2330 358 opp.
2373 296 2579 358 PARS
2623 296 2670 356 1.
2705 328 2782 340 -
2811 292 3272 357 EXEGETICA.

441 446 579 487 voco
610 445 738 486 eam
768 429 896 487 Dei?
925 429 1072 493 Quia
1096 431 1238 485 Deus
1265 432 1523 502 fundavit
1549 448 1670 487 eam
1705 434 1762 487 in
1792 440 2081 488 aeternum.
2114 432 2170 497 Α
2198 446 2294 486 ore
2327 434 2558 486 tantum
2591 428 2859 496 narretis,
2892 427 2993 483 sed
3025 429 3086 482 in
3104 429 3323 495 virtute,
3357 424 3416 481 id
3447 428 3558 493 est,
3611 424 3672 480 in
3701 423 3857 481 cha-

441 520 914 575 Fundamentum
948 518 1118 573 istius
1150 518 1402 575 civitatis
1463 521 1730 576 Christus
1774 525 1880 589 est,
1932 521 2087 574 unde

441 608 587 663 illud
623 625 634 662 :
671 608 1109 662 Fundamentum
1139 609 1304 663 aliud
1332 626 1489 664 nemo
1518 614 1685 680 potest
1706 626 1907 681 ponere
1934 624 2086 678 pra:-

445 703 527 752 ter
556 697 613 752 id
641 697 781 768 quod
833 699 1073 768 positum
1129 706 1208 752 est
1265 699 1314 768 (ι
1375 700 1494 754 Cor.
1555 703 1659 765 ιιι).
1717 699 2083 769 Suscepimus,

438 792 590 844 Deus
620 786 1055 841 misericordiam
1111 789 1264 841 tuam
1322 789 1379 840 in
1440 788 1613 842 medio
1667 789 1860 859 templi
1892 789 1992 855 tui,
2027 787 2083 840 id

440 876 616 931 estin
650 875 764 929 illis
797 874 896 946 qui
929 876 987 929 in
1044 875 1263 946 templo
1317 881 1416 930 tuo
1467 877 1640 931 medii
1698 882 1856 942 sunt,
1907 875 2083 940 ﬁrmi,

437 973 583 1028 bene
615 971 836 1027 scilicet
866 972 1112 1037 fundati,
1146 989 1220 1027 ne
1243 974 1299 1027 in
1343 973 1453 1028 ﬁde
1484 975 1756 1028 titubant.
1775 974 2082 1044 Templum

437 1065 720 1119 vocantur
748 1060 984 1116 nomine
1014 1065 1185 1115 tenus
1217 1078 1421 1117 omnes
1470 1062 1685 1117 initiati
1719 1067 2083 1117 sacramento

436 1151 570 1206 ﬁdei
600 1169 614 1206 :
649 1151 707 1204 in
739 1151 868 1205 istis
901 1151 1077 1204 medii
1103 1151 1398 1217 dicuntur,
1462 1152 1561 1222 qui
1620 1168 1833 1206 nomen
1883 1167 2082 1222 suum,

436 1239 546 1295 hoc
574 1239 843 1294 videlicet
871 1239 1025 1311 quod
1057 1243 1146 1293 est
1191 1238 1479 1311 templum
1541 1257 1643 1310 per
1700 1241 1852 1294 bona
1909 1257 2085 1311 opera

436 1328 741 1400 possident
773 1331 871 1383 :et
900 1343 971 1382 ne
1002 1328 1135 1398 quis
1168 1327 1272 1382 hos
1307 1329 1550 1396 medios,
1588 1329 1803 1396 quibus
1826 1328 2084 1384 exhibita

433 1416 836 1472 misericordia
893 1415 1137 1483 Uomini,
1201 1433 1420 1488 paucos
1477 1422 1736 1488 putaret,
1773 1417 2082 1487 subsequi-

433 1509 533 1561 tur
566 1522 579 1560 :
614 1504 920 1560 Secundum
948 1520 1145 1559 nomen
1174 1513 1350 1570 tuum,
1383 1510 1530 1561 Deus
1560 1508 1638 1561 sic
1659 1515 1709 1561 et
1738 1507 1860 1561 laus
1892 1512 1994 1560 tua
2023 1507 2083 1560 in

437 1595 571 1665 ﬁnes
601 1598 788 1660 terrae,
821 1593 879 1648 id
910 1597 1019 1660 est,
1053 1593 1183 1649 laus
1233 1599 1336 1649 tua
1392 1595 1750 1649 diffundatur
1804 1595 1864 1649 in
1922 1594 2083 1650 omni

439 1687 614 1751 terra,
640 1682 795 1738 sicut
825 1681 1103 1737 diﬂ‘usum
1136 1687 1226 1738 est
1256 1700 1466 1739 nomen
1513 1688 1679 1738 tuum
1716 1702 1729 1739 :
1765 1683 1902 1756 quia
1933 1684 2084 1739 sicut

2195 521 2521 590 ritate,quae
2553 519 2692 574 facit
2719 534 2922 573 omnes
2941 517 3306 581 virtuoscs,et
3325 514 3639 571 distribuite
3655 513 3857 569 domos

2194 607 2392 680 ejus,id
2427 607 2847 676 cst,discernite
2879 623 3005 678 quae
3036 606 3249 660 domus
3282 605 3359 659 sit
3387 604 3609 659 munda
3630 608 3686 658 et
3709 620 3852 675 qua

2196 699 2424 752 nonzvel
2457 696 2962 750 distribuitedomos
2976 693 3574 764 ejus,considerantes
3595 691 3688 746 cui
3703 693 3852 747 data

2196 787 2313 841 sint
2343 803 2557 858 genera
2587 785 2917 856 linguarum
2951 784 3044 837 cui
3076 781 3472 852 interpretatio
3494 797 3848 836 sermonum

2197 880 2402 929 caetera
2433 880 2496 928 ut
2527 891 2594 928 ex
2625 888 2975 943 unoquoque
3007 871 3161 941 quod
3196 871 3364 925 nobis
3395 869 3536 925 utile
3567 874 3847 941 estqua—

2194 963 2336 1018 ratis
2369 965 2439 1017 ad
2474 963 2825 1017 imitandum
2857 966 2914 1016 et
2944 960 3272 1015 sciendum.
3305 963 3371 1013 Et
3401 975 3582 1030 quare
3613 957 3748 1014 dico
3782 962 3846 1014 ut

2194 1052 2562 1108 distribuatis
2593 1052 2621 1105 ?
2645 1059 2704 1106 ut
2741 1052 3030 1114 enarretis,
3061 1048 3120 1103 id
3175 1054 3285 1116 est,
3345 1051 3552 1103 notum
3611 1047 3844 1104 faciatis

2194 1158 2297 1213 per
2326 1142 2479 1195 bona
2509 1156 2684 1212 opera
2713 1144 2906 1194 vestra
2963 1155 3079 1192 non
3126 1141 3359 1192 tantum
3409 1135 3843 1192 convictoribus

2191 1230 2423 1295 vestris,
2459 1231 2560 1284 sed
2593 1231 2653 1283 in
2681 1229 2940 1299 progenie
2978 1228 3156 1282 altera
3183 1227 3211 1280 ‘I
3241 1227 3298 1281 id
3357 1231 3464 1294 est,
3491 1243 3594 1298 per
3630 1243 3843 1298 cogna-

2192 1319 2379 1375 tiones
2409 1324 2650 1374 vestras.
2686 1319 2754 1372 Et
2783 1317 2924 1388 quid
2956 1317 3206 1371 narratis
3233 1315 3262 1370 ?
3293 1316 3564 1384 Quoniam
3592 1314 3687 1370 hic
3714 1332 3842 1371 sus-

2193 1412 2394 1478 ceptus
2426 1407 2482 1462 in
2517 1407 2707 1462 medio
2737 1404 2961 1476 templi,
2994 1404 3080 1460 vel
3122 1404 3215 1459 hic
3271 1407 3641 1459 constructor
3698 1404 3838 1460 civi-

2191 1497 2330 1552 tatis
2359 1505 2436 1550 est
2462 1498 2602 1551 Deus
2633 1496 2773 1550 Deus
2817 1497 3021 1564 noster,
3081 1509 3255 1564 quem
3311 1491 3615 1547 hominem
3673 1493 3832 1549 vide-

2194 1603 2327 1641 mus
2362 1604 2373 1641 :
2407 1587 2546 1640 Deus
2577 1583 2726 1654 dico,
2760 1585 2820 1638 in
2850 1587 3141 1652 atomum,
3191 1581 3346 1652 quod
3377 1584 3485 1646 est,
3543 1582 3604 1636 in
3663 1597 3835 1639 saecu-

2193 1676 2308 1730 lum
2337 1675 2531 1730 saeculi
2560 1692 2579 1729 :
2609 1683 2659 1729 et
2687 1675 2822 1744 ipse,
2855 1688 2971 1727 non
3002 1670 3425 1744 alius,an'gelus
3453 1669 3724 1727 videlicet
3743 1671 3830 1728 vel

434 1789 549 1828 non
581 1783 668 1827 est
692 1771 914 1827 terrain
932 1788 1049 1842 qua
1070 1788 1185 1827 non
1220 1772 1648 1827 sitexauditum
1666 1789 1878 1828 nomen
1910 1777 2078 1828 tuum
2110 1803 2158 1867 B
2193 1763 2600 1836 arcbangelus,
2633 1769 2779 1832 reget
2809 1776 2906 1816 ηοδ
2938 1761 2998 1816 in
3028 1760 3251 1816 Saxula-

432 1861 516 1917 sic
545 1859 707 1916 nulla
736 1861 846 1916 erit
873 1861 933 1914 in
964 1877 1080 1931 qua
1112 1877 1226 1916 non
1260 1860 1612 1916 laudaberis.
1639 1862 1706 1916 Et
1726 1862 1808 1916 sic
1855 1863 2080 1932 justitia

431 1952 601 2023 plena
624 1954 702 2006 est
753 1949 977 2005 dextera
1029 1952 1144 2016 tua,
1207 1950 1263 2004 id
1315 1955 1422 2014 est,
1483 1950 1650 2004 multi
1709 1955 1882 2005 erunt
1928 1950 2076 2020 justi

438 2043 659 2095 stantes
691 2039 749 2094 in
782 2044 883 2094 tua
905 2039 1157 2105 dextera,
1191 2038 1328 2094 licet
1349 2041 1512 2094 multi
1536 2043 1664 2093 sunt
1692 2041 1884 2108 vocati,
1910 2043 2081 2109 pauci

434 2129 591 2185 electi
620 2127 808 2201 (Math.
842 2130 918 2199 χ).
952 2126 1054 2183 Vel
1077 2128 1184 2197 sic,
1237 2130 1593 2198 suscepi-mm,
1649 2130 1810 2194 Deus,
1866 2131 2081 2184 miseri-

433 2217 684 2274 cordiam
710 2216 950 2282 tuam,id
981 2222 1088 2285 est,
1107 2216 1544 2274 misericordem
1565 2218 1862 2274 Christum
1886 2224 2076 2289 tuum,

432 2311 496 2364 in
544 2308 724 2363 medio
783 2307 971 2378 templi
1025 2308 1128 2372 tui,
1158 2307 1215 2361 id
1273 2312 1380 2377 est,
1442 2307 1499 2361 in
1545 2307 1783 2378 judaico
1841 2308 2076 2380 populo,

434 2396 534 2466 qui
550 2396 764 2451 dicitur
779 2395 1062 2466 templum
1085 2401 1251 2450 tuum
1269 2396 1588 2463 medium,a
1611 2398 1886 2468 gentibus
1905 2396 2078 2452 videli

433 2489 524 2539 cet
551 2485 813 2555 undique
843 2484 1482 2555 circumscriptum;sed
1502 2487 1920 2541 nontamenibi
1957 2492 2082 2540 tan-

436 2577 563 2626 tum
596 2577 788 2639 notus,
822 2573 1101 2641 quoniam
1131 2572 1426 2626 secundum
1455 2589 1651 2627 nomen
1681 2579 1854 2640 tuum,
1889 2591 1920 2628 0
1943 2577 2082 2628 Deus

434 2658 794 2714 diffundatur
819 2660 940 2713 laus
971 2663 1065 2735 tua
1093 2659 1153 2713 in
1183 2661 1316 2728 ﬁnes
1348 2669 1530 2726 terrm,
1554 2659 1641 2715 vel
1674 2662 1890 2732 ubique
1911 2661 1996 2717 vel
2022 2663 2080 2717 in

433 2747 566 2802 illos
597 2748 695 2819 qui
727 2747 786 2801 in
818 2748 994 2802 finem
1025 2749 1377 2802 terrenitatis
1399 2765 1516 2802 suae
1546 2750 1962 2820 disposuerunt
1988 2768 2000 2806 :
2026 2757 2083 2806 et

433 2837 519 2892 sic
547 2836 658 2892 erit
687 2836 913 2892 dextera
943 2840 1038 2891 tua
1069 2837 1232 2907 ple-na
1253 2837 1557 2908 justitia,id
1594 2843 1701 2908 est,
1737 2839 1872 2894 {iliis
1904 2840 2022 2895 tuis
2064 2858 2077 2895 :

433 2925 653 2982 multos
685 2925 922 2981 habebit
953 2925 1297 2991 imitatores,
1326 2926 1480 2980 unde
1510 2927 1721 2982 laetetur
1739 2944 1892 2982 mons
1924 2929 2078 3000 Sion,

431 3015 490 3070 id
521 3019 629 3086 est,
659 3015 882 3082 Judaea,
919 3017 976 3068 et
1005 3015 1278 3069 exsultent
1307 3014 1438 3084 ﬁlim
1467 3015 1704 3081 Juclse,id
1739 3021 1827 3071 est
1856 3023 2078 3088 gentes.

429 3113 587 3168 Juda
616 3112 832 3167 dicitur
862 3113 1498 3182 con/essus.Secundum
1529 3130 1705 3184 quam
1729 3113 2078 3185 interpreta-

432 3202 652 3257 tionem
685 3201 956 3256 convenit
977 3201 1272 3273 gentibus,
1307 3207 1371 3255 ut
1426 3202 1697 3256 dicantur
1727 3202 1857 3257 ﬁlia:
1888 3203 2072 3273 Judaa,

435 3307 562 3361 quis
592 3289 889 3346 exsultent
912 3295 1140 3362 propter
1158 3290 1376 3362 judicia
1405 3300 1520 3356 tua,
1551 3293 1778 3346 Domine
1813 3311 1824 3347 :
1859 3293 2074 3364 quibus

430 3377 745 3450 aliquando
775 3379 1083 3450 separandi
1115 3385 1254 3434 sunt
1279 3378 1538 3434 localiter
1568 3381 1639 3434 ab
1673 3381 1762 3434 his
1794 3399 1826 3435 a
1858 3383 2072 3453 quibus

431 3468 682 3538 separati
707 3469 846 3520 sunt
902 3463 1218 3521 moraliter.
1261 3465 1360 3521 Vel
1408 3476 1632 3537 propter
1678 3468 1900 3538 judicia
1954 3477 2068 3534 tua,

427 3555 835 3626 Domine,quod
868 3555 980 3626 ipsi
1013 3572 1114 3625 per
1143 3555 1388 3626 gratiam
1419 3560 1581 3609 tuam
1606 3556 1677 3611 de
1709 3574 1904 3612 massa
1927 3575 2069 3628 prae-

430 3643 687 3699 ditorum
719 3644 1004 3715 assumpti
1026 3643 1279 3709 sunt,vel
1312 3644 1464 3715 quod
1499 3662 1567 3698 ex
1597 3644 1807 3700 delicto
1836 3645 2072 3702 Judst-

430 3749 558 3788 rum
586 3731 746 3788 salus
775 3732 1052 3804 gentibus
1099 3733 1378 3804 pervenit.
1440 3731 1784 3787 Circumdate
1837 3733 1971 3788 Sion
2024 3744 2076 3791 et

429 3821 860 3893 complectimini
889 3837 1027 3876 eam.
1069 3822 1357 3875 Admonet
1387 3820 1647 3876 initiatos
1707 3828 2072 3880 sacramento

430 3911 598 3974 lines,
623 3926 768 3980 quos
800 3909 1072 3981 superius
1103 3909 1390 3980 templum
1433 3911 1755 3980 vocavit,ad
1788 3910 2072 3968 imitatio-

431 4013 562 4052 nem
588 3996 823 4052 illorum
856 4014 1007 4068 quos
1038 3998 1117 4052 ibi
1152 3997 1376 4053 medios
1397 3997 1747 4066 dixit.Quasi
1779 3999 1864 4055 sic
1894 4001 2070 4057 dicat:

427 4093 542 4148 Vos
574 4093 675 4164 qui
706 4109 809 4164 per
838 4099 1273 4150 sacramentum
1306 4095 1439 4150 ﬁdei
1470 4094 1759 4166 templum
1791 4097 2072 4163 estis,cir-

428 4181 677 4237 cumdate
709 4181 864 4247 Sion,
913 4182 969 4237 id
1009 4187 1119 4250 est,
1173 4184 1374 4238 firmos
1423 4184 1481 4238 in
1513 4184 1646 4249 ﬁde,
1680 4189 1736 4239 et
1791 4186 1900 4241 hoc
1957 4205 2071 4243 non

429 4271 500 4326 ad
527 4271 1113 4340 destructionem,sed
1148 4273 1791 4342 complectiminieam,id
1829 4279 1917 4330 est
1938 4275 2070 4330 imi-

425 4358 634 4416 tamini
668 4378 681 4416 ε
716 4364 775 4416 et
805 4377 932 4432 qua:
965 4360 1236 4430 narratis,
1287 4364 1512 4416 narrate
1539 4363 1599 4415 in
1631 4364 1873 4418 turribus
1929 4367 2068 4436 ejus,

425 4449 484 4505 in
515 4450 629 4504 {ide
658 4449 1079 4521 apostolorum,
1113 4449 1214 4520 qui
1263 4453 1455 4505 turres
1487 4450 1764 4505 dicuntur
1795 4469 1894 4523 pro
1926 4454 2070 4509 emi-

427 4539 628 4594 nentia
656 4538 1026 4606 virtutum,id
1057 4543 1146 4594 est
1168 4539 1307 4609 quia
1336 4544 1475 4594 sunt
1501 4539 1984 4612 inexpugnabiles
2015 4547 2072 4598 et

426 4625 685 4681 defensio
718 4627 916 4683 minus
947 4628 1358 4698 perfectorum,
1405 4632 1543 4684 sunt
1573 4634 1629 4682 et
1659 4628 1716 4682 in
1753 4636 1936 4700 porta,
1971 4649 2072 4703 per

427 4730 575 4785 quos
607 4715 858 4786 quisque
886 4715 1112 4788 ingredi
1137 4721 1324 4788 potest
1347 4717 1415 4770 ad
1448 4717 1736 4771 vitam.Ex
1768 4718 1860 4773 his
1885 4720 2070 4777 tribus

427 4802 540 4857 fuit
571 4801 785 4857 Paulus
815 4805 1233 4858 commendans
1264 4804 1348 4859 sic
1380 4804 1848 4874 praedicationem
1877 4825 2068 4867 suam:

424 4900 576 4956 Licet
603 4899 832 4970 angelus
859 4899 925 4955 de
964 4901 1096 4955 caelo
1127 4899 1283 4955 aliud
1313 4901 1649 4971 evangelizet
1704 4903 1855 4958 vobis
1906 4920 2070 4976 quam

422 5005 521 5044 nos
541 4989 1062 5058 euangelizavimus,
1095 4991 1386 5044 anathema
1413 4991 1482 5044 sit
1513 4991 1661 5062 (Cal.
1697 4992 1758 5063 1).
1813 4993 1868 5046 Si
1898 5011 2070 5065 supe-

425 5077 551 5133 rius
605 5077 877 5150 legimus,
941 5079 1311 5148 Suscepimus,
1392 5080 1550 5146 Deus,
1637 5081 2070 5138 misericordiam

409 5177 582 5248 .tuam
611 5167 682 5222 de
711 5166 941 5222 Christo
970 5167 1081 5222 erit
1107 5167 1200 5221 hic
1252 5167 1573 5222 admonitio
1623 5169 1693 5222 ad
1751 5170 2068 5228 Ecclesium

425 5256 712 5330 gentium,
747 5261 813 5310 ut
842 5256 1208 5312 circumdent
1263 5255 1419 5322 Sion,
1481 5256 1539 5310 id
1593 5261 1700 5327 est,
1762 5276 2069 5318 conversos

425 5361 495 5400 ex
523 5345 764 5410 Judzeis,
806 5345 992 5400 dictos
1050 5346 1186 5401 Sion
1235 5346 1540 5418 praesentia
1607 5352 2067 5418 contemnentes,

426 5433 624 5496 futura
653 5437 1072 5507 exspectantes.
1106 5436 1175 5490 Et
1214 5435 1297 5491 sic
1345 5435 1486 5490 dicit
1545 5435 1886 5493 Circumdote
1940 5439 2071 5496 Sion

423 5529 474 5582 et
501 5525 929 5596 complectimini
956 5542 1098 5592 eam,
1147 5535 1373 5581 narrate
1411 5527 1472 5580 in
1501 5527 1747 5583 turribus
1799 5529 1937 5601 ejus.
1969 5533 2070 5587 Po-

423 5613 542 5688 nite
565 5611 730 5677 corda
752 5617 935 5680 vestra
979 5617 1044 5674 in
1068 5615 1269 5680 virtute
1322 5615 1440 5694 ejus
1493 5614 1652 5689 Sion,
1719 5616 1778 5678 id
1811 5622 1920 5699 est,
1952 5636 2068 5682 non

2721 1901 3046 1958 PSALMUS
3071 1901 3308 1957 XLVIII.

2377 2013 2435 2050 IN
2466 2010 2640 2050 FINBM
2663 2010 2773 2048 PRO
2801 2008 2966 2047 FILIIS
2996 2007 3139 2046 CORE
3169 2005 3427 2045 PSALMUS
3454 2006 3650 2046 DAVID.

2261 2144 2289 2170 ‹‹
2321 2122 2531 2175 Audite
2561 2118 2704 2182 haec,
2736 2132 2942 2172 omnes
2997 2118 3227 2188 gentes;
3257 2113 3500 2170 auribus
3558 2114 3829 2188 percipits

2191 2233 2219 2260 ‹‹
2245 2225 2469 2274 omnes,
2504 2207 2602 2278 qui
2636 2204 2912 2260 habitatis
2945 2205 3165 2259 orbem.
3225 2203 3450 2274 Quique
3506 2205 3824 2277 terrigena,

2192 2321 2219 2348 ‹‹
2253 2303 2309 2354 et
2337 2297 2440 2352 ﬁlii
2473 2291 2988 2351 hominumzsimul
3023 2292 3079 2346 in
3112 2308 3297 2347 unum
3327 2292 3487 2347 dives
3519 2298 3578 2348 et
3610 2309 3828 2365 pauper

2191 2412 2219 2439 «
2243 2386 2320 2442 Os
2348 2402 2545 2441 meum
2562 2385 2834 2455 loquetur
2854 2381 3200 2454 sapientiam
3231 2385 3287 2436 et
3310 2381 3610 2436 meditatio
3645 2381 3826 2438 cordis

2196 2502 2216 2526 α
2253 2477 2365 2532 mei
2398 2471 3094 2546 prudentiamlnclinabo
3122 2471 3181 2525 in
3218 2470 3560 2543 parabolam
3633 2489 3830 2527 aurem

2194 2590 2221 2616 «
2248 2563 2722 2633 meam,aperiam
2745 2561 2804 2615 in
2829 2559 3102 2632 psalterio
3131 2558 3593 2631 propositionem
3618 2577 3824 2616 meam.

2191 2679 2217 2705 ‹‹
2254 2655 2368 2709 Cur
2395 2653 2613 2706 timebo
2645 2651 2703 2704 in
2731 2651 2824 2704 die
2848 2648 3002 2703 mala
3030 2647 3058 2700 ‘l
3089 2647 3372 2718 iniquitas
3425 2647 3680 2704 calcanei
3720 2649 3827 2704 mei

2198 2764 2218 2792 ι
2245 2739 2631 2798 circumdabit
2665 2755 2776 2793 me.
2811 2723 2918 2801 Qui
2952 2736 3256 2791 conﬁdunt
3287 2737 3347 2790 in
3379 2737 3592 2792 virtute
3615 2755 3740 2804 sua,
3771 2744 3827 2793 et

2193 2855 2220 2883 ‹‹
2253 2833 2311 2887 in
2346 2829 2659 2885 multitude
2679 2827 3014 2882 divitiarum
3047 2842 3288 2880 suarum
3321 2825 3668 2898 gloriantur.
3704 2828 3836 2882 Fra—

2189 2945 2216 2972 ‹‹
2253 2927 2338 2977 ter
2368 2937 2481 2975 non
2513 2917 2767 2980 redimit,
2801 2916 3048 2971 redimet
3091 2914 3265 2969 homo
3297 2913 3324 2968 ?
3356 2931 3470 2969 non
3521 2915 3687 2970 dabit
3716 2920 3826 2972 Deo

2188 3035 2215 3061 «
2247 3008 2633 3083 piscationem
2666 3022 2855 3061 suam.
2895 3006 2961 3058 Et
2992 3003 3240 3075 pretium
3267 3004 3689 3074 redemptionis
3711 3003 3834 3060 ani-

2193 3122 2219 3151 ‹‹
2243 3117 2349 3154 mm
2381 3114 2518 3162 suae,
2544 3100 2600 3151 et
2633 3092 2921 3149 laborabit
2952 3092 3010 3146 in
3051 3097 3327 3146 aeternum
3359 3095 3415 3145 et
3445 3091 3598 3146 vivet
3628 3092 3832 3148 adhuc

2109 3171 2150 3236 C
2197 3211 2218 3240 ι
2249 3190 2306 3243 in
2342 3188 2536 3241 finem.
2572 3184 2695 3240 Non
2727 3181 2944 3237 videbit
2975 3180 3289 3245 interitum,
3319 3195 3451 3233 cum
3482 3179 3696 3234 viderit
3725 3197 3828 3235 sa-

2186 3302 2212 3328 ‹‹
2247 3277 2471 3349 pientes
2501 3268 3023 3328 morienteszsimul
3047 3268 3332 3340 insipiens
3359 3272 3415 3322 et
3433 3266 3649 3322 stultus
3670 3267 3832 3339 peri-

2184 3365 2462 3422 «bunt.Et
2493 3361 2827 3431 relinquent
2858 3357 3064 3427 alienis
3094 3356 3331 3412 divitias
3361 3372 3518 3425 suas,
3541 3360 3598 3410 et
3627 3355 3833 3427 sepul-

2184 3480 2211 3506 ‹‹
2246 3473 2342 3510 cra
2358 3469 2559 3510 eorum
2574 3453 2782 3505 domus
2797 3446 3030 3502 illorum
3046 3447 3104 3500 in
3118 3443 3830 3500 internumfl‘abernacula

2186 3567 2213 3596 «
2244 3559 2443 3600 eorum
2471 3541 2526 3594 in
2554 3537 2827 3610 progenie
2848 3534 3576 3607 etprogenie;vocaverunt
3591 3532 3830 3588 nomina

2187 3658 2213 3685 ‹‹
2245 3649 2353 3687 sua
2382 3631 2440 3684 in
2473 3627 2645 3683 terris
2677 3626 2822 3680 suis.
2857 3629 2924 3678 Et
2953 3623 3127 3678 homo
3160 3638 3298 3677 cum
3321 3623 3378 3676 in
3404 3621 3623 3675 honore
3651 3623 3825 3688 esset,

2184 3744 2211 3770 ‹‹
2247 3737 2362 3775 non
2394 3714 3077 3784 intellexitzcomparatus
3108 3706 3827 3781 estjumentisinsipienti-

2187 3831 2214 3858 «
2244 3809 2354 3862 bus
2386 3811 2443 3861 et
2469 3803 2681 3860 similis
2715 3802 2899 3856 factus
2932 3805 3020 3855 est
3065 3799 3204 3854 illis.
3256 3799 3385 3853 Haec
3438 3796 3534 3852 via
3591 3796 3826 3852 illorum

2189 3921 2208 3946 α
2243 3893 2586 3952 scandalum
2617 3890 2761 3963 ipsis
2811 3895 2866 3946 et
2896 3893 3096 3960 postea
3145 3888 3201 3942 in
3234 3903 3333 3942 ore
3366 3902 3470 3941 suo
3501 3883 3826 3956 complaca-

2183 4010 2212 4036 ‹‹
2253 3987 2419 4041 bunt.
2454 3983 2615 4038 Sicut
2643 3997 2776 4036 oves
2805 3979 2865 4034 in
2893 3979 3118 4032 inferno
3149 3975 3324 4049 positi
3358 3979 3517 4040 sunt,
3543 3990 3706 4028 mors
3728 3973 3828 4028 de-

2183 4099 2210 4127 «
2247 4077 2444 4148 pascet
2471 4088 2589 4126 eos.
2622 4071 2691 4124 Et
2722 4067 3184 4123 dominabuntur
3211 4080 3414 4120 eorum
3437 4062 3588 4134 justi
3621 4062 3685 4118 in
3705 4077 3826 4116 ma-

2184 4188 2212 4215 ‹‹
2243 4163 2456 4227 tutino,
2491 4165 2548 4215 et
2575 4156 2858 4213 auxilium
2889 4171 3092 4209 eorum
3121 4156 3442 4208 veterascet
3488 4151 3550 4206 in
3599 4151 3825 4205 inferno

2185 4276 2211 4303 ‹‹
2239 4270 2272 4307 a
2302 4249 2487 4323 gloria
2517 4263 2741 4303 eorum.
2780 4244 3180 4299 Verumtatem
3215 4246 3368 4296 Deus
3423 4239 3674 4294 redimet
3705 4237 3828 4293 ani-

2183 4365 2210 4391 ‹‹
2245 4356 2402 4394 mam
2436 4352 2629 4391 meam
2661 4335 2732 4389 de
2762 4349 2941 4389 manu
2975 4331 3166 4399 inferi,
3195 4323 3336 4386 cum
3397 4327 3692 4400 acceperit
3720 4341 3830 4381 me.

2183 4452 2211 4480 ‹‹
2242 4429 2324 4484 Ne
2354 4424 2622 4482 timueris
2685 4438 2819 4478 cum
2878 4421 3039 4476 dives
3078 4420 3265 4475 factus
3316 4417 3491 4473 fuerit
3545 4416 3746 4481 homo,
3775 4417 3832 4470 et

2101 4540 2147 4604 D
2183 4540 2211 4570 «
2238 4533 2372 4574 cum
2401 4511 2792 4604 multiplicata
2822 4511 2996 4604 fuerit
3023 4508 3212 4581 gloria
3237 4509 3450 4604 domus
3491 4506 3647 4604 ejus.
3682 4506 3832 4570 Quo-

2182 4629 2211 4658 «
2243 4607 2401 4662 niam
2433 4620 2566 4658 cum
2610 4600 2920 4666 interierit,
2948 4615 3063 4653 non
3113 4600 3307 4653 sumet
3361 4595 3578 4661 omnia,
3646 4607 3833 4664 neque

2180 4719 2208 4746 ‹‹
2242 4693 2554 4751 descendet
2580 4706 2712 4745 cum
2746 4705 2810 4744 eo
2839 4687 3024 4760 gloria
3056 4685 3359 4757 ejus.Quia
3389 4683 3588 4739 anima
3618 4683 3750 4752 ejus
3769 4680 3830 4734 in

2180 4809 2208 4836 «
2241 4785 2357 4839 vita
2414 4782 2600 4852 ipsius
2650 4777 3045 4842 benedicatur,
3100 4772 3473 4831 confitebitur
3527 4770 3639 4825 tibi
3696 4783 3830 4825 cum

2180 4897 2209 4926 «
2242 4869 2596 4928 benefeceris
2629 4869 2701 4922 ei.
2739 4865 3006 4921 Introibit
3047 4880 3232 4936 usque
3286 4862 3344 4916 in
3399 4857 3711 4933 progenies
3729 4873 3830 4929 pa-

2184 4986 2205 5011 ι
2234 4971 2390 5016 trum
2415 4973 2680 5019 suorum,
2711 4970 2902 5026 usque
2933 4954 2990 5008 in
3023 4957 3303 5008 aeternum
3342 4966 3456 5004 non
3481 4947 3704 5002 videbit
3740 4944 3829 5000 Iu-

2181 5073 2208 5101 «
2239 5067 2393 5104 men.
2428 5047 2610 5101 Homo
2633 5060 2767 5098 cum
2801 5045 2858 5098 in
2893 5042 3108 5097 honore
3134 5044 3288 5096 esset
3317 5055 3433 5093 non
3479 5035 3764 5092 intellexit
3800 5048 3817 5087 :

2185 5163 2205 5190 ¢
2236 5139 2608 5208 comparatus
2633 5137 2720 5187 est
2740 5132 3028 5204 jumentis
3060 5128 3500 5201 insipientibus,
3533 5130 3590 5180 et
3621 5120 3835 5180 similis

2179 5251 2208 5280 ‹‹
2242 5228 2428 5282 factus
2460 5227 2549 5279 est
2579 5221 2717 5277 illis.
2751 5244 2778 5272 ››

2795 5327 3204 5384 ENARRATIO.

2250 5442 2460 5514 Magna
2489 5443 2547 5494 et
2581 5435 2866 5492 inusitata
2897 5435 3159 5507 nequitia
3201 5436 3290 5488 est
3317 5431 3378 5488 in
3435 5426 3782 5486 hominibus
3813 5440 3831 5480 :

2179 5532 2318 5604 quia
2345 5545 2480 5586 cum
2512 5527 2624 5600 ipsi
2644 5527 2894 5582 debeant
2922 5525 3109 5581 vivere
3125 5522 3452 5580 secundum
3467 5517 3832 5574 voluntatem

2177 5619 2300 5694 Dei,
2332 5617 2539 5680 volunt
2593 5616 2778 5680 Deum
2835 5615 3024 5677 vivere
3081 5611 3412 5676 secundum
3451 5606 3842 5690 voluntatem
