4014 6194
230 314 343 374 389

1344 319 1953 395 ENARBATIONES
2000 322 2078 380 ΙΝ
2125 323 2509 388 PSALMOS.

3514 334 3633 395 390

226 432 431 499 suam:
467 448 525 500 et
556 461 690 501 cum
724 446 835 518 ipsi
877 447 1084 503 nolunt
1136 449 1368 522 corrigi,
1426 450 1629 506 volunt
1684 453 1867 509 Deum
1898 454 1954 520 Α
1984 454 2426 511 Mulierconteret
2446 463 2617 529 rapui
2640 462 2816 525 tuum,
2848 461 2897 513 et
2918 466 2976 513 tu
2997 458 3350 516 insidiaberis
3380 466 3635 522 calcaneo

225 533 545 603 depravari,
574 552 685 590 non
711 536 1062 592 arbitrantes
1089 540 1318 608 justum
1351 557 1481 595 esse
1532 543 1685 612 quod
1717 543 1870 597 Deus

224 622 363 690 vult,
398 623 497 677 sed
524 641 640 678 non
676 627 829 696 quod
864 627 972 697 ipsi
1027 627 1247 682 volunt.
1296 629 1457 692 Quod
1514 631 1734 684 faciunt
1764 631 1870 699 illi,

225 712 440 783 quibus
470 728 647 783 grave
679 720 767 769 est
818 716 924 771 hoc
971 718 1125 787 quod
1169 717 1367 772 vident
1418 719 1603 774 malos
1647 721 1869 791 florere,

224 801 408 855 bonos
432 800 693 857 laborare
720 820 731 857 :
768 805 865 875 qui
898 805 1043 860 tales
1075 807 1340 861 nolentes
1374 808 1486 862 Deo
1510 811 1725 863 servire
1770 826 1870 881 pro

222 890 457 956 futuris,
482 892 579 945 sed
605 897 829 947 tantum
856 894 925 948 ad
954 895 1079 958 hoc,
1130 901 1193 949 ut
1236 897 1380 950 bene
1413 897 1489 951 sit
1519 898 1600 951 eis
1634 899 1689 951 in
1728 916 1872 970 pras-

222 979 992 1045 senti,murmurantcontra
1018 984 1352 1038 Dominum.
1378 986 1519 1039 Dicit
1541 993 1730 1040 autem
1752 988 1837 1041 sic
1857 1005 1868 1041 :

288 1085 497 1139 Audite
527 1085 667 1154 haec,
700 1104 889 1142 omnes
937 1098 1144 1156 gentes,
1197 1091 1253 1144 id
1308 1096 1414 1159 est,
1469 1097 1588 1146 tam
1622 1093 1870 1163 gentiles

221 1189 399 1244 quam
429 1174 617 1227 Judaei
644 1192 656 1229 :
691 1177 920 1231 auribus
950 1181 1210 1249 perczpite
1240 1197 1447 1245 omnes,
1478 1185 1574 1253 qui
1606 1182 1872 1237 habitatis

220 1263 431 1326 orbem,
465 1261 522 1315 id
547 1268 655 1329 est,
681 1281 783 1335 per
812 1282 959 1336 quos
993 1268 1151 1338 ipsos
1182 1269 1532 1324 orbiculatos
1566 1271 1774 1325 virtute
1798 1272 1873 1325 fe-

221 1349 407 1405 cistis.
442 1350 588 1406 Nota
622 1355 775 1424 quod
810 1355 979 1421 dixit,
1012 1359 1248 1412 auribus
1276 1361 1564 1430 percipite,
1596 1361 1871 1415 omnibus

219 1439 387 1510 dixit,
411 1441 598 1496 audite
621 1458 633 1496 :
662 1443 761 1497 sed
785 1444 1060 1515 quoniam
1083 1447 1344 1518 praevidit
1366 1449 1648 1519 quosdam
1673 1449 1873 1503 sicau-

221 1528 469 1593 dituros,
498 1535 562 1584 ut
583 1531 757 1587 etiam
780 1538 1112 1603 operentur,
1136 1537 1422 1607 quosdam
1447 1554 1583 1607 non,
1609 1538 1874 1608 praedixit

220 1618 375 1688 quod
402 1617 668 1675 futurum
694 1622 1238 1692 praeviditAuribus
1251 1625 1406 1680 enim
1421 1626 1797 1697 audiunt,qui
1814 1627 1870 1681 id

220 1708 378 1777 quod
402 1708 673 1778 audiunt,
696 1708 753 1763 in
776 1710 1132 1768 exhibitione
1148 1714 1339 1783 operis
1368 1715 1703 1769 ostendunt.
1739 1715 1871 1783 Qui-

1983 559 2089 596 suo
2113 542 2265 613 (Gen.
2295 547 2404 616 ni.)
2439 547 2716 603 Calcaueo
2738 549 3050 603 insidiatur
3073 565 3333 619 serpens,
3361 552 3497 621 quia
3529 554 3632 608 fini

1983 632 2114 686 boni
2142 633 2328 703 operis
2351 637 2687 704 superbiam
2712 638 3035 692 admiscere
3066 639 3296 693 studet:
3331 640 3417 694 vel
3444 647 3635 711 potest

1983 737 2109 775 esse
2142 722 2442 792 responsio
2474 725 2812 796 superioris,
2849 727 2970 781 sic:
3024 728 3133 781 Cur
3182 729 3384 783 timebo
3435 732 3496 784 in
3535 731 3632 786 die

1981 811 2171 863 mala:
2204 810 2346 872 Quia
2374 813 2639 882 iniquitas
2669 816 2918 869 calcanei
2972 818 3081 870 mei
3120 819 3480 874 circumdabit
3523 836 3630 887 me,

1984 898 2033 950 si
2072 898 2332 953 limuero.
2370 901 2771 969 Quiconfidunt
2802 906 2859 956 in
2890 907 3091 959 virtute
3147 922 3267 975 sua,
3327 912 3435 962 etc.
3469 910 3547 963 Ac
3578 908 3628 963 si

1983 986 2173 1041 dicat:
2214 987 2329 1043 Illis
2350 994 2437 1043 est
2468 989 2795 1045 timendum
2822 992 2877 1045 in
2907 995 2998 1048 die
3022 995 3193 1059 mala,
3226 999 3322 1067 qui
3350 998 3627 1066 conﬁdunt

1981 1077 2044 1129 in
2074 1078 2266 1131 virtute
2289 1095 2406 1142 sua,
2432 1078 2487 1131 id
2514 1084 2619 1141 est,
2652 1080 2747 1148 qui
2769 1081 2839 1133 de
2866 1084 3069 1137 merito
3097 1084 3207 1138 sibi
3240 1092 3625 1155 praesumunt.

1982 1177 2047 1228 Et
2074 1176 2130 1227 in
2164 1175 2514 1229 multitudine
2558 1176 2882 1231 divitiarum
2928 1195 3158 1233 suarum
3205 1182 3537 1250 gloriantur,
3571 1188 3630 1240 et

1982 1262 2040 1315 in
2074 1263 2374 1318 nobilitate
2406 1263 2726 1319 amicorum
2764 1283 3005 1321 suorum
3040 1275 3297 1338 sperant.
3330 1271 3488 1328 Istud
3514 1279 3627 1329 ter-

1984 1351 2132 1405 tium
2170 1369 2281 1406 non
2315 1352 2570 1423 ponitur,
2606 1355 2704 1408 sed
2731 1354 3079 1427 intelligitur
3101 1373 3203 1427 per
3223 1359 3626 1428 probationem

1981 1441 2435 1511 subsequentem
2463 1458 2475 1494 :
2511 1444 2704 1497 Frater
2734 1460 2841 1497 non
2873 1445 3113 1511 redimit,
3165 1448 3396 1502 redimet
3421 1451 3579 1506 homo
3599 1450 3628 1505 ‘t

1981 1529 2155 1592 Quasi
2187 1529 2381 1585 dicat:
2417 1530 2541 1585 Non
2573 1536 2661 1586 est
2689 1533 3100 1587 confidendum
3132 1534 3190 1588 in
3232 1535 3448 1591 virtute
3480 1545 3538 1593 et
3566 1539 3626 1595 in

1982 1617 2524 1688 multitudine,quia
2549 1636 2663 1674 non
2689 1621 2954 1676 redimet.
2975 1622 3211 1693 thuod
3229 1640 3341 1678 non
3358 1626 3625 1697 redimet,

1982 1706 2262 1778 probatur
2281 1724 2315 1761 a
2337 1708 2710 1779 majori,quia
2726 1726 2841 1764 non
2858 1710 3101 1765 redimet
3124 1712 3375 1768 amicus:
3400 1717 3624 1786 etquod

217 1812 325 1867 que
344 1799 664 1867 terrigenae,
688 1798 743 1853 id
761 1801 983 1871 est,qui
1004 1801 1365 1857 hazreditates
1388 1808 1648 1858 terrenas
1672 1804 1871 1875 requi-
1902 1825 1950 1888 B
1982 1796 2207 1849 amicus
2239 1812 2353 1850 non
2387 1797 2653 1888 redimet,
2687 1799 2769 1852 sic
2802 1798 3147 1856 ostenditur.
3188 1802 3402 1867 Frater,
3438 1804 3493 1857 id
3538 1809 3628 1859 est

220 1885 353 1939 ritis
378 1902 390 1938 :
414 1890 465 1941 et
494 1887 602 1955 ﬁlii
632 1887 944 1964 hominum,
978 1889 1034 1943 id
1067 1896 1176 1956 est,
1206 1891 1528 1947 imitatores
1560 1892 1870 1964 propheta-

219 1991 356 2029 rum
384 1991 396 2029 :
426 1975 572 2031 dives
600 1978 653 2031 et
682 1962 899 2048 pauper
948 1980 1010 2033 in
1052 1996 1246 2044 unum,
1278 1980 1335 2035 id
1369 1985 1479 2044 est.
1512 1982 1571 2035 in
1606 1983 1872 2037 eamdem

217 2063 397 2118 ﬁdem
430 2065 744 2128 venientes.
778 2068 987 2121 audite.
1028 2068 1172 2125 Nam
1204 2085 1259 2123 os
1287 2086 1466 2123 meum
1500 2072 1747 2141 loquetur
1775 2088 1871 2125 sa-

209 2153 519 2221 pientiam.
539 2154 607 2207 Et
627 2154 767 2224 quia
790 2155 960 2210 multi
988 2174 1170 2211 unum
1195 2158 1412 2213 habent
1432 2160 1489 2212 in
1514 2163 1693 2229 ore,et
1714 2158 1873 2214 aliud

220 2240 289 2293 in
316 2241 511 2305 corde,
534 2247 600 2295 ut
622 2243 901 2297 attentius
922 2260 1023 2299 eos
1047 2245 1249 2299 reddat
1269 2247 1341 2300 ad
1374 2247 1755 2316 audiendum,
1789 2249 1875 2301 di-

222 2326 346 2381 cit:
381 2330 457 2382 Et
484 2330 771 2384 meditatio
818 2332 996 2385 cordis
1046 2336 1155 2387 mei
1197 2334 1554 2403 prudentiam
1585 2334 1875 2406 loquetur.

226 2423 414 2485 Quasi
441 2425 632 2480 dicat:
658 2427 783 2481 Non
814 2427 1010 2484 dolose
1041 2430 1207 2486 vobis
1237 2431 1482 2501 praedico
1508 2450 1520 2486 :
1554 2432 1692 2503 quia
1722 2434 1877 2503 quod

222 2512 286 2565 in
314 2529 413 2566 ore
437 2518 625 2580 sonat,
660 2532 729 2569 ex
758 2518 929 2572 corde
961 2521 1259 2589 processit.
1293 2522 1573 2575 Inclinabo
1618 2524 1676 2575 in
1702 2539 1878 2592 para-

224 2601 411 2656 bolam
439 2618 635 2656 aurem
662 2620 863 2670 meam,
886 2606 941 2659 id
965 2612 1072 2675 est,
1100 2613 1163 2660 ut
1186 2625 1283 2662 cor
1310 2626 1502 2663 meum
1527 2611 1875 2680 sapientiam

219 2690 561 2755 meditetur,
595 2708 785 2746 aurem
815 2709 994 2747 meam
1042 2696 1375 2750 interiorem
1429 2697 1750 2752 humiliabo
1792 2698 1874 2752 illi

219 2779 331 2850 qui
364 2779 609 2835 interius
637 2782 873 2836 tandem
904 2783 1060 2837 videt
1089 2789 1146 2838 et
1177 2785 1434 2849 instruit,
1486 2793 1541 2839 et
1583 2792 1777 2841 tamen
1813 2789 1872 2841 in

208 2869 547 2939 parabolam
567 2886 585 2922 :
601 2869 738 2940 quia
762 2876 1284 2943 quantumcunque
1314 2872 1406 2927 hic
1438 2873 1568 2943 quis
1603 2874 1876 2931 humilia-

210 2960 322 3010 tur
340 2957 412 3011 ad
438 2957 880 3029 audiendum,et
900 2966 1421 3033 quantumcunque
1440 2964 1687 3033 perfecte
1702 2964 1869 3019 intel-

208 3044 363 3117 ligat
386 3061 486 3116 per
508 3046 867 3117 parabolam,
894 3048 1046 3103 idem
1070 3050 1235 3119 quasi
1262 3067 1363 3121 per
1384 3052 1633 3123 aenigma
1656 3052 1868 3107 intelli-

211 3134 341 3206 git;
368 3135 506 3203 quia
527 3136 786 3205 quandiu
812 3137 870 3190 in
892 3136 1864 3211 hocgtabernaculoingemiscimus,

212 3223 395 3294 quasi
412 3222 471 3277 in
490 3224 925 3293 imperfectione
947 3226 1334 3298 suspiramus.
1354 3228 1613 3298 Aperiam
1636 3232 1689 3282 in
1714 3231 1867 3299 psal-

215 3314 369 3367 terio
421 3315 846 3383 propositionem
901 3332 1102 3379 meam,
1161 3316 1216 3368 id
1276 3320 1382 3381 est,
1444 3317 1501 3369 in
1542 3333 1711 3386 opere
1743 3334 1870 3371 meo

211 3402 392 3473 prius
413 3403 711 3456 ostendam
737 3404 887 3474 quod
915 3403 1181 3474 praedico.
1210 3404 1355 3457 Nam
1380 3405 1478 3473 qui
1506 3409 1660 3458 recto
1683 3405 1870 3458 ordini

209 3489 654 3560 praedicationis
680 3490 801 3543 vult
824 3490 1110 3559 insistere,
1137 3490 1483 3544 conveniens
1504 3494 1592 3543 est
1624 3494 1685 3543 ut
1716 3491 1866 3558 quod

211 3576 352 3631 aliis
374 3577 667 3648 prasdicat,
686 3577 747 3632 iu
766 3578 958 3648 seipse
981 3595 1081 3648 per
1098 3580 1249 3632 bona
1274 3594 1446 3648 Opera
1468 3584 1863 3649 recognoscat.

212 3666 385 3722 Unde
403 3665 545 3721 illud
572 3684 584 3720 :
611 3667 739 3734 Quae
768 3670 929 3736 coepit
958 3668 1110 3722 Jesus
1135 3669 1315 3737 facere
1344 3672 1393 3721 et
1421 3666 1605 3722 docere
1635 3668 1768 3737 (Act.
1804 3668 1865 3738 ι),

212 3760 270 3811 et
308 3755 420 3809 hoc
453 3761 542 3810 est
572 3757 725 3825 quod
759 3757 921 3821 dicit,
958 3756 1013 3810 id
1044 3762 1150 3821 est,
1202 3756 1311 3811 iste
1364 3756 1457 3811 hic
1514 3763 1696 3822 notat,
1730 3775 1863 3812 cum

213 3844 360 3898 dicit
380 3861 442 3899 se
463 3843 744 3899 inclinare
763 3862 963 3899 aurem
984 3844 1041 3899 in
1076 3844 1431 3914 parabolam,
1466 3850 1521 3901 et
1552 3847 1774 3917 aperire
1804 3848 1862 3901 in

213 3932 500 4003 psalterio
532 3934 991 4005 prepositionem
1026 3938 1287 3999 suam,ut
1309 3934 1438 3989 aliis
1463 3936 1865 4007 possitpraadi-

212 4037 387 4077 care:
422 4026 478 4075 et
510 4038 639 4076 ecce
698 4022 1084 4093 prepositum,
1146 4023 1300 4093 quod
1359 4023 1483 4077 vult
1538 4026 1759 4095 aperire
1802 4025 1861 4080 in

212 4110 522 4183 psalterio.
550 4112 658 4165 Cur
677 4114 877 4166 timebo
896 4113 954 4165 in
974 4112 1063 4165 die
1082 4112 1230 4165 mala
1250 4116 1275 4164 .9
1299 4113 1395 4166 llic
1416 4113 1475 4165 in
1499 4130 1559 4167 se
1586 4115 1864 4169 transfert

210 4217 534 4272 personam
565 4200 623 4255 in
657 4200 885 4255 Christo
918 4201 1010 4271 pie
1048 4202 1236 4255 vivere
1292 4200 1632 4255 volentium.
1686 4202 1862 4268 Quasi

210 4289 659 4361 dicat:Curego
681 4295 736 4344 et
757 4289 854 4344 alii
878 4289 1296 4343 timebimusin
1330 4288 1649 4359 diejudicii
1679 4307 1691 4356 ;
1726 4307 1859 4346 cum

208 4379 267 4434 in
302 4378 451 4432 libro
476 4384 672 4433 nostro
695 4379 1016 4433 habeamus
1034 4377 1309 4449 illud,per
1325 4380 1475 4449 quod
1501 4379 1861 4435 vitaretimo-

206 4484 338 4523 rem
374 4484 692 4538 possumus
718 4466 745 4520 ?
772 4466 916 4521 Nam
952 4467 1046 4520 ubi
1081 4466 1255 4520 homo
1279 4484 1393 4520 non
1415 4466 1728 4521 offenditur
1749 4468 1860 4523 nisi

1983 1884 2269 1951 Christus,
2295 1886 2465 1955 cujus
2486 1887 2691 1939 fratres
2712 1903 2937 1958 sumus,
2961 1888 3100 1959 quia
3119 1892 3247 1959 ejus
3268 1892 3621 1960 cobzeredes,

1984 1990 2089 2028 non
2119 1974 2362 2043 redimit,
2396 1979 2450 2028 et
2480 1975 2618 2045 quia
2646 1976 2768 2046 ipse
2800 1993 2913 2030 non
2948 1977 3213 2044 redemit,
3263 1984 3491 2037 redimet
3519 1999 3622 2037 au-

1982 2067 2099 2117 tem
2118 2064 2273 2118 homo
2292 2063 2319 2116 ?
2349 2081 2457 2117 non
2477 2082 2494 2116 :
2514 2069 2569 2117 et
2590 2064 2729 2134 quia
2750 2064 3012 2120 Christus
3044 2083 3156 2121 non
3193 2069 3456 2140 redemit,
3490 2072 3627 2127 sub-

1976 2152 2266 2222 jungitur,
2299 2169 2409 2206 non
2438 2152 2589 2206 dabit
2640 2152 3014 2221 placationem
3064 2172 3243 2222 suam,
3276 2156 3332 2211 id
3373 2167 3478 2229 est,
3511 2176 3627 2215 non

1985 2240 2267 2294 satisfecit
2296 2241 2410 2294 Deo
2434 2258 2537 2311 pro
2566 2241 2690 2295 suis
2722 2242 2995 2312 peccatis,
3030 2248 3095 2297 ut
3124 2243 3338 2316 dignus
3361 2252 3517 2301 esset
3537 2264 3626 2303 re-

1987 2328 2131 2383 dimi
2172 2345 2203 2382 a
2240 2328 2431 2382 fratre.
2466 2328 2612 2383 Nam
2644 2346 2757 2383 non
2790 2336 2880 2385 est
2910 2330 3261 2402 dispositum
3310 2351 3343 2389 a
3395 2334 3529 2404 Deo,
3563 2341 3629 2393 ut

1986 2416 2117 2472 aliis
2150 2418 2335 2487 prosit
2364 2416 2464 2471 illa
2521 2419 2867 2489 redemptio,
2929 2420 3043 2474 nisi
3090 2420 3206 2475 illis
3259 2422 3359 2493 qui
3392 2425 3629 2481 student

1986 2506 2283 2562 Christum
2316 2505 2531 2560 imitari
2560 2524 2571 2561 :
2608 2508 2759 2577 quod
2790 2525 2905 2562 non
2939 2508 3161 2563 faciunt
3216 2509 3321 2580 illi,
3376 2513 3477 2582 qui
3508 2514 3626 2570 Deo

1986 2612 2099 2648 non
2163 2594 2303 2647 dant
2356 2594 2741 2664 placationem
2797 2613 2963 2651 suam
3022 2614 3127 2667 pro
3185 2601 3436 2668 peccatis
3476 2603 3622 2659 suis.

1984 2691 2369 2746 Placationem
2403 2693 2539 2745 dare
2572 2696 2683 2746 Deo
2744 2709 2845 2763 pro
2904 2694 3154 2764 peccatis
3211 2701 3298 2750 est
3335 2696 3626 2771 lacrymas

1982 2781 2293 2849 effundere,
2316 2779 2715 2852 eleemosynas
2745 2782 2903 2846 dare,
2935 2788 3044 2837 etc.
3080 2788 3147 2838 Et
3175 2783 3284 2840 hac
3331 2788 3402 2842 de
3447 2804 3628 2844 causa

1979 2870 2155 2923 etiam
2188 2885 2302 2923 non
2360 2869 2607 2923 redemit
2664 2870 2840 2925 frater
2896 2888 3051 2937 eum,
3113 2874 3247 2942 quia
3307 2892 3424 2930 non
3465 2877 3625 2931 dedit

1978 2958 2216 3028 pretium
2236 2957 2631 3027 redemptionis
2647 2961 2857 3015 anima:
2876 2974 3014 3023 suae,
3039 2960 3096 3014 id
3120 2965 3228 3031 est,
3253 2979 3366 3017 non
3402 2965 3627 3020 confes-

1979 3062 2080 3100 sus
2103 3050 2191 3100 est
2221 3046 2291 3099 ad
2322 3045 2573 3100 salutem
2607 3047 2812 3100 animae
2836 3064 2973 3117 suae,
3006 3053 3062 3102 et
3091 3049 3217 3104 ideo
3262 3052 3534 3106 laborabit
3566 3054 3626 3107 in

1978 3139 2269 3199 aeternum,
2301 3135 2357 3187 id
2391 3140 2479 3188 est
2511 3134 2725 3204 duplici
2758 3136 3104 3191 contritione
3156 3145 3485 3196 conteretur
3517 3160 3529 3197 :
3571 3149 3627 3198 et

1980 3227 2174 3277 tamen
2192 3224 2356 3291 vivet,
2384 3223 2441 3276 id
2466 3228 2553 3276 est
2586 3223 2770 3288 ﬂoret,
2806 3225 3003 3289 adhuc,
3036 3226 3090 3279 id
3126 3232 3214 3281 est
3242 3245 3310 3282 ex
3340 3234 3621 3302 tempore,

1979 3321 2039 3372 in
2060 3320 2226 3387 ﬁnem
2255 3322 2470 3372 tamen.
2505 3318 2648 3372 Nam
2681 3319 2779 3389 qui
2812 3320 2869 3373 in
2894 3320 2999 3375 hac
3025 3322 3141 3375 vita
3167 3322 3392 3393 ﬂorent,
3418 3341 3621 3381 eorum

1981 3405 2144 3459 labor
2173 3405 2282 3458 erit
2303 3404 2359 3458 in
2391 3410 2692 3458 mternum.
2728 3407 2832 3468 Qui
2869 3413 3063 3461 autem
3098 3408 3386 3479 laborant,
3418 3428 3619 3469 eorum

1978 3494 2097 3547 vita
2118 3493 2225 3546 erit
2252 3494 2309 3546 in
2334 3498 2633 3545 internum.
2666 3495 2783 3548 Non
2812 3496 3021 3550 videbit
3044 3498 3349 3567 interitum,
3381 3517 3507 3556 eum
3540 3504 3622 3558 vi-

1978 3583 2121 3637 derit
2149 3584 2414 3652 sapientes
2446 3582 2757 3645 morientes,
2792 3585 2959 3637 simul
3016 3587 3287 3656 insipiens
3333 3596 3386 3644 et
3423 3592 3621 3647 stultus

1973 3674 2249 3741 peribunt.
2285 3671 2427 3724 Ecce
2459 3686 2639 3741 quare
2672 3673 2731 3725 in
2757 3673 2924 3741 ﬁnem
2954 3675 3114 3738 vivet,
3173 3678 3452 3744 quoniam
3503 3696 3620 3736 non

1976 3761 2225 3815 attendit
2248 3761 2528 3814 interitum
2555 3776 2751 3825 suum,
2786 3761 2842 3814 id
2876 3766 2965 3816 est
3012 3767 3256 3816 mortem
3287 3765 3619 3822 interiorem

1974 3867 2140 3905 suam
2164 3866 2290 3905 cum
2312 3850 2510 3904 viderit
2522 3850 2790 3919 sapientes
2806 3850 2951 3904 mori
2976 3851 3261 3907 exterius:
3284 3858 3449 3923 putat
3461 3854 3618 3910 enim

1973 3956 2088 3994 non
2112 3955 2317 3994 nocere
2340 3939 2449 3994 sibi
2474 3938 2582 3993 hoc
2605 3940 2758 4009 quod
2787 3938 2939 3993 male
2959 3940 3114 4006 vivit,
3150 3956 3282 3995 cum
3307 3959 3619 4000 commune

1973 4027 2049 4082 sit
2065 4028 2112 4081 ei
2139 4045 2271 4082 cum
2298 4028 2465 4082 bonis
2489 4028 2635 4080 mori
2660 4029 2933 4097 exterius,
2958 4034 3014 4083 et
3034 4030 3161 4084 ideo
3182 4032 3435 4087 simulad
3460 4037 3619 4089 aeter-

1972 4132 2112 4169 num
2144 4114 2443 4170 interitum
2474 4116 2763 4186 insipiens,
2798 4116 2897 4187 qui
2929 4118 3117 4174 nescit
3173 4120 3284 4174 sibi
3327 4138 3526 4179 cavere
3555 4123 3615 4178 in

1974 4208 2294 4275 posterum,
2327 4210 2383 4258 et
2410 4204 2605 4259 stultus
2637 4205 2737 4276 qui
2770 4223 2883 4260 non
2917 4207 3166 4263 attendit
3213 4209 3357 4265 nihil
3399 4228 3527 4267 esse
3553 4212 3615 4267 in

1972 4293 2081 4347 hac
2111 4293 2227 4346 vita
2258 4298 2465 4363 praeter
2497 4294 2793 4349 miseriam
2847 4300 3105 4367 peribunt
3130 4316 3149 4351 :
3205 4309 3257 4352 et
3296 4301 3614 4370 relinquent

1970 4382 2175 4435 alienis
2205 4382 2427 4435 divitias
2456 4399 2588 4436 suas
2610 4384 2787 4454 :quia
2816 4383 2951 4439 licet
2983 4385 3119 4439 {iliis
3150 4386 3505 4456 relinquant,
3529 4391 3618 4441 ta-

1974 4487 2104 4524 men
2129 4469 2495 4536 alienis,cum
2519 4471 2588 4524 ad
2614 4471 2865 4525 salutem
2888 4489 3090 4527 eorum
3117 4489 3215 4526 eas
3238 4490 3352 4527 non
3375 4475 3611 4545 dispen-

202 4555 489 4621 voluerit,
512 4556 710 4610 curibi
744 4555 1009 4610 timebit:
1040 4557 1308 4625 Iniquitas
1336 4554 1587 4610 calcanei
1618 4558 1724 4610 mei
1751 4559 1859 4611 cir-
1891 4555 1938 4618 D
1970 4560 2137 4613 dunt.
2168 4559 2278 4614 Sed
2316 4558 2442 4612 licet
2472 4559 2641 4628 quasi
2674 4558 2846 4613 alieni
2872 4559 3009 4623 sint,
3043 4560 3182 4630 quia
3211 4560 3281 4615 de
3311 4563 3500 4617 salute
3522 4579 3619 4634 pa-

205 4646 495 4701 cumdabit
542 4662 647 4700 me.
682 4647 759 4699 Ac
790 4645 838 4699 si
870 4645 1059 4699 dicat:
1109 4645 1209 4697 Est
1240 4645 1632 4699 necessarium
1666 4651 1731 4700 ut
1755 4662 1859 4718 ego

204 4740 267 4790 et
298 4734 402 4790 alii
428 4734 644 4789 carnali
678 4734 988 4806 iniquitate
1034 4734 1483 4788 circumdemur.
1544 4733 1860 4790 Calcaneus

206 4824 436 4878 dicitur
458 4840 591 4893 pars
623 4823 723 4877 illa
752 4822 1031 4893 corporis,
1058 4838 1183 4891 quae
1206 4827 1371 4876 terrae
1396 4840 1626 4894 semper
1667 4825 1859 4878 adhae-

204 4912 431 4976 ret,ubi
454 4913 658 4966 merito
673 4912 914 4966 ambitio
933 4916 987 4965 et
1004 4916 1217 4964 caetera:
1233 4910 1496 4966 carnales
1520 4912 1859 4983 iniquitates

204 5001 649 5072 intelliguntur,
674 5001 807 5072 quia
842 5017 1070 5071 semper
1101 4999 1253 5053 circa
1272 5004 1500 5055 terrena
1523 5007 1853 5057 versantur:

201 5098 294 5155 vel
332 5101 602 5169 iniquitas
651 5098 912 5153 calcanei
965 5100 1073 5152 mei
1102 5098 1465 5153 circumdabit
1521 5116 1625 5166 me,
1660 5099 1712 5153 id
1748 5104 1858 5166 est,

204 5187 410 5242 ﬁnalis
433 5188 738 5259 iniquitas,
764 5205 889 5258 quae
912 5188 970 5240 in
992 5187 1314 5241 benefactis
1345 5190 1599 5242 cavenda
1621 5193 1728 5254 est,
1752 5191 1859 5244 cir-

200 5276 493 5331 cumdabit
522 5292 607 5330 me
638 5294 704 5331 ex
736 5277 1097 5330 necessitate.
1152 5275 1277 5328 Haec
1336 5276 1615 5346 iniquitas
1670 5281 1860 5347 potest

202 5364 463 5436 intelligi
495 5366 790 5437 superbia,
824 5364 948 5419 sine
967 5380 1080 5434 qua
1103 5362 1267 5433 pauci
1294 5363 1685 5434 reperiuntur.
1713 5365 1857 5419 Nam

200 5470 325 5509 non
352 5460 495 5508 sunt
526 5454 721 5525 plures
747 5452 847 5523 qui
874 5453 929 5506 in
951 5450 1264 5506 benefactis
1283 5452 1405 5505 suis
1429 5452 1483 5504 in
1509 5469 1569 5506 se
1593 5469 1705 5505 non
1728 5452 1856 5523 glo-

196 5543 475 5599 riantur:
512 5543 649 5614 quia
680 5543 797 5597 hac
836 5547 925 5597 est
954 5541 1236 5612 iniquitas
1263 5557 1388 5611 qua:
1410 5557 1471 5596 se
1488 5541 1743 5611 primum
1766 5541 1857 5596 iu-

194 5631 395 5719 gessit
424 5631 856 5694 recedentibus.
888 5634 967 5688 De
1012 5629 1121 5691 hac
1151 5628 1459 5711 iniquitate
1491 5629 1712 5691 dictum
1743 5635 1851 5692 est.

1970 4652 2126 4701 trum
2161 4664 2274 4701 non
2308 4645 2538 4701 solliciti
2573 4652 2731 4717 sunt,
2764 4652 2959 4701 tamen
2993 4648 3051 4701 in
3084 4648 3193 4703 hoc
3224 4665 3285 4704 se
3318 4649 3470 4707 filios
3515 4668 3619 4709 vo-

1969 4736 2100 4790 lunt
2129 4736 2454 4801 ostendere,
2508 4734 2645 4805 quia
2699 4736 2953 4805 sepulcra
3008 4752 3195 4792 eorum
3252 4744 3460 4809 putant
3488 4758 3618 4799 esse

1970 4826 2175 4880 domos
2194 4827 2425 4879 illorum
2448 4825 2504 4878 in
2528 4833 2823 4891 aeternum,
2845 4826 2996 4895 quod
3022 4831 3218 4882 tamen
3233 4845 3348 4883 non
3363 4832 3619 4902 est,quia

1970 4913 2018 4968 si
2051 4915 2108 4968 in
2134 4914 2604 4984 sepulcrishomo
2631 4930 2863 4984 semper
2886 4920 3167 4982 maneret,
3213 4918 3410 4972 anima
3442 4916 3501 4971 in
3524 4918 3615 4972 in-

1970 5003 2130 5056 ferno
2170 5003 2495 5056 cruciatum
2540 5018 2653 5055 non
2701 5003 2960 5058 sentiret.
3007 5006 3135 5059 Ι]ωο
3174 5004 3313 5059 talia
3348 5004 3616 5076 sepulcra

1967 5104 2297 5155 vocaverunt
2320 5102 2543 5153 nomina
2562 5116 2679 5168 sua,
2706 5101 2760 5154 id
2786 5105 2874 5155 est
2894 5118 3094 5156 vocare
3122 5101 3342 5155 faciunt
3364 5103 3423 5155 in
3454 5106 3613 5157 terris

1966 5193 2103 5257 suis,
2128 5188 2185 5242 id
2209 5194 2298 5242 est
2318 5188 2376 5241 in
2401 5189 2633 5259 praediis
2658 5190 2801 5243 suis.
2838 5189 3126 5244 lnvocatio
3158 5190 3414 5243 nominis
3461 5190 3613 5246 sole-

1969 5280 2066 5333 bat
2097 5277 2218 5332 ﬁeri
2253 5278 2311 5331 in
2344 5277 2634 5347 sepulcro,
2667 5278 2806 5347 quia
2835 5276 3102 5331 solebant
3151 5277 3324 5331 amici
3356 5282 3614 5334 mortuo-

1968 5384 2098 5422 rum
2132 5367 2390 5436 accipere
2420 5383 2632 5436 panem
2663 5372 2717 5421 et
2748 5365 2948 5419 vinum
2978 5386 2992 5429 ς
3026 5370 3083 5419 et
3112 5366 3381 5421 sedentes
3423 5366 3483 5421 in
3517 5383 3609 5423 se-

1968 5456 2187 5528 pulcro,
2223 5455 2489 5509 invocare
2522 5454 2761 5508 nomina
2818 5460 3207 5520 mortuorum,
3266 5472 3372 5510 suo
3422 5455 3610 5513 ventri

1966 5546 2301 5612 servientes,
2332 5560 2446 5597 non
2479 5543 2783 5614 spiritibus
2815 5548 3214 5599 mortuorum:
3241 5544 3381 5615 quia
3405 5544 3454 5599 si
3478 5561 3608 5617 pro-

1964 5634 2159 5698 desset
2186 5632 2494 5695 inebriatio
2524 5632 2834 5695 hominum
2863 5631 2923 5693 in
2948 5631 3234 5710 sepulcris
3280 5632 3455 5710 facta,
3485 5650 3609 5727 non
