4014 6194
408 322 519 403 391

971 340 1272 406 REMIGII
1314 341 2061 408 ANTISSIODOBENSIS
2106 337 2281 404 OP'P.
2327 345 2530 406 PARS
2574 343 2622 405 Ι.
2655 377 2734 388 ——
2764 340 3241 405 EXEGETICA.‘

415 475 502 529 sic
533 471 774 528 arsisset
801 471 1000 542 lingua
1023 472 1218 530 divitis
1249 475 1309 531 in
1340 475 1605 533 inferno:
1642 477 1778 549 quia
1828 493 1894 532 ex
1919 476 2052 530 vino
2083 477 2136 541 Α
2169 475 2278 531 bus
2312 475 2777 546 constitutis,sed
2797 475 2994 531 tamen
3014 474 3254 531 redimet
3275 474 3531 529 animam
3549 487 3730 529 meam
3749 459 3824 530 de

405 564 466 620 in
497 580 603 618 suo
637 561 904 634 sepulcro
936 569 1304 635 consumpto,
1340 583 1444 620 nec
1503 584 1620 621 una
1677 571 1841 638 gutta
1878 582 2054 636 super

405 653 594 726 ipsius
607 653 906 707 ardentem
922 651 1184 724 linguam
1201 655 1590 711 descendebat
1606 657 1754 727 (Luc.
1770 656 1906 724 xw).
1925 654 2053 708 Haec

403 740 689 797 invocatio
713 757 827 794 non
848 745 1074 794 tantum
1108 742 1172 795 fit
1204 743 1262 796 in
1297 743 1603 815 sepulcris,
1637 745 1736 799 sed
1772 744 1828 797 in
1872 744 2050 798 laber-

403 831 624 895 nacula,
658 829 714 883 id
739 833 827 884 est
845 829 1048 884 domos
1075 829 1128 883 in
1156 831 1372 902 quibus
1397 831 1794 903 temporaliter
1816 832 2051 886 luerunt

403 919 461 974 in
491 919 746 990 progenie
774 916 882 971 hac
932 918 1224 988 prasenti,
1274 924 1332 974 et
1387 921 1720 992 progeniem
1771 922 2045 986 futuram,

401 1017 751 1080 vocaverunt,
785 1014 841 1068 id
876 1018 962 1069 est
996 1031 1200 1070 vocare
1237 1017 1457 1071 faciunt
1485 1021 1711 1074 nomina
1755 1034 1874 1083 sua,
1911 1016 2050 1088 quia

402 1104 462 1158 in
487 1101 899 1158 anniversariis
921 1102 1189 1158 solebant
1212 1106 1519 1161 convenire
1536 1108 1606 1161 ad
1629 1108 1856 1173 domos,
1882 1113 1945 1160 ut
1966 1105 2046 1160 ibi

402 1191 671 1247 inebriati
693 1193 933 1246 nomina
958 1198 1324 1248 mortuorum
1348 1195 1702 1250 invocarent.
1738 1198 1906 1250 Homo
1923 1212 2048 1250 cum

401 1283 461 1337 in
492 1282 696 1336 honore
737 1291 896 1348 esset,
945 1297 1056 1336 non
1103 1284 1398 1338 intellexit.
1451 1285 1593 1340 Ecce
1643 1301 1817 1340 causa
1865 1301 2046 1355 quare

402 1370 622 1427 stultus
643 1374 700 1425 et
720 1370 1003 1440 insipiens
1026 1372 1256 1442 peribit,
1287 1373 1426 1444 quia
1456 1390 1588 1428 cum
1621 1378 1819 1429 essent
1855 1375 1913 1428 in
1947 1373 2044 1429 ho-

397 1475 549 1527 nore,
573 1459 627 1512 id
649 1462 737 1514 est
757 1458 828 1513 ad
853 1459 1168 1531 imaginem
1194 1461 1293 1516 Dei
1316 1463 1514 1529 creati,
1545 1479 1659 1517 non
1683 1462 2044 1518 intellectua-

400 1549 535 1604 liter
565 1565 626 1604 se
649 1547 984 1602 habuerunt
1010 1553 1098 1604 :et
1129 1550 1258 1605 ideo
1287 1556 1635 1621 comparatus
1664 1555 1744 1607 est
1771 1553 2045 1624 jumentis

401 1637 789 1709 insipientibus
813 1654 832 1691 :
860 1642 912 1690 et
943 1637 1051 1692 hoc
1078 1655 1192 1692 non
1226 1637 1284 1692 in
1320 1640 1651 1710 majoritate
1699 1639 1915 1712 aliqua,
1946 1641 2044 1696 sed

399 1727 603 1782 similis
617 1727 887 1798 factusest
900 1725 1042 1793 illis,
1061 1727 1132 1781 de
1156 1732 1352 1783 ventre
1373 1733 1603 1784 tantum
1635 1728 1942 1786 sollicitus.
1975 1729 2046 1784 Et

401 1816 543 1888 quid
569 1816 638 1870 de
662 1815 786 1870 eis?
801 1816 928 1872 Haec
942 1817 1029 1870 via
1047 1815 1281 1871 illorum
1303 1817 1631 1873 scandalum
1662 1821 1820 1889 ipsis,
1843 1819 1901 1873 id
1933 1823 2040 1885 est,

396 1910 626 1960 tantum
649 1903 832 1958 Deum
862 1903 1174 1970 honorant,
1198 1911 1262 1960 ut
1283 1907 1402 1961 sint
1423 1907 1493 1961 de
1514 1906 1876 1978 illis,quibus
1899 1907 2041 1962 dici-

397 1999 530 2048 tur:
567 1993 807 2064 Populus
838 1992 927 2046 hic
957 1992 1120 2047 labiis
1167 2010 1254 2048 me
1298 1994 1551 2061 honorat,
1601 2011 1694 2050 cor
1737 2000 1924 2050 autem
1953 2011 2042 2051 eo-

398 2100 526 2139 rum
559 2082 717 2151 longe
745 2087 829 2137 est
884 2098 919 2136 a
974 2097 1062 2137 me
1088 2087 1212 2148 (lsa.
1245 2100 1420 2149 xxxx;
1454 2085 1640 2140 Matth.
1685 2086 1822 2156 xv):
1853 2089 1909 2140 et
1957 2084 2040 2140 sic

399 2174 528 2244 ejus
559 2172 880 2244 posteriora
910 2171 1108 2242 pejora
1163 2177 1303 2227 sunt
1358 2172 1688 2244 prioribus:
1735 2173 1875 2245 quia
1905 2189 2036 2228 cum

399 2260 563 2334 prius
593 2267 716 2316 erat
745 2265 984 2332 apertus
1015 2277 1299 2332 paganus,
1335 2261 1507 2316 modo
1540 2263 1649 2317 sub
1679 2261 1917 2317 nomine
1948 2278 2036 2317 re-

395 2349 629 2423 ligionis
650 2348 913 2405 occultus
934 2353 1022 2404 est
1040 2356 1097 2404 et
1114 2350 1400 2418 deterior;
1432 2355 1488 2406 et
1515 2360 1698 2422 postea
1727 2353 1788 2406 in
1820 2367 1912 2406 ore
1937 2367 2040 2407 suo

392 2439 836 2512 complacebunt:
861 2439 1000 2508 quia
1023 2438 1072 2493 si
1129 2439 1342 2510 aliquis
1391 2440 1830 2512 reprehenderit
1856 2441 2036 2496 vitam

395 2543 620 2591 eorum,
642 2534 699 2581 et
719 2527 927 2581 dixerit
949 2526 1069 2580 haec
1099 2532 1329 2582 terrena
1358 2545 1472 2583 non
1503 2545 1630 2584 esse
1663 2531 2035 2596 attendenda,

394 2623 506 2694 ipsi
529 2623 588 2676 in
610 2639 705 2677 ore
726 2639 832 2676 suo
855 2622 1210 2676 conﬁtentur
1227 2641 1428 2679 verum
1461 2641 1608 2691 esse,
1637 2625 1809 2680 corde
1839 2629 2033 2681 tamen

395 2727 508 2766 non
533 2709 1059 2781 imitantur.Usque
1073 2710 1106 2764 h
1119 2727 1188 2764 uc
1203 2711 1774 2783 descripsitSpiritus
1797 2719 2034 2770 sanctus

392 2798 539 2867 illos,
571 2799 668 2870 qui
702 2799 1062 2853 arbitrantur
1116 2815 1230 2852 non
1285 2815 1412 2854 esse
1460 2798 1789 2855 felicitatem
1829 2805 2036 2872 praeter

388 2889 672 2945 honorem
705 2887 940 2955 saeculi;
974 2892 1030 2942 et
1060 2893 1192 2959 post
1220 2889 1444 2944 obitum
1465 2906 1588 2946 non
1644 2891 2030 2960 attendentes,

391 2978 505 3034 nisi
538 2978 1036 3050 quemadmodum
1069 2977 1186 3032 illis
1218 2983 1604 3049 procurentur
1635 2980 1833 3034 funera
1863 2996 2034 3050 pom-

392 3083 556 3140 posa,
579 3073 634 3122 et
662 3065 743 3122 ibi
769 3083 968 3121 eorum
1002 3065 1240 3121 nomina
1260 3067 1626 3122 invocentur.
1650 3067 1813 3124 Nunc
1837 3074 2031 3124 autem

392 3155 531 3226 quid
565 3156 635 3211 de
665 3155 748 3210 eis
779 3159 1123 3210 eventurum
1184 3155 1261 3210 sit
1313 3156 1574 3226 praedicit
1625 3157 1708 3210 sic
1737 3173 1749 3212 :
1795 3158 1915 3212 Haec
1943 3159 2034 3212 via

389 3245 506 3300 illo;
523 3261 616 3300 um
634 3243 958 3300 scandalum
989 3245 1144 3314 ipsis,
1169 3251 1219 3298 et
1242 3247 1434 3316 postea
1465 3245 1524 3298 in
1553 3260 1645 3300 ore
1672 3261 1767 3300 suo
1796 3247 2031 3316 compla-

382 3335 575 3389 cebunt
595 3351 607 3389 :
631 3338 689 3388 et
717 3332 843 3387 ideo
861 3332 1004 3386 sicut
1031 3347 1151 3386 oves
1182 3333 1460 3400 devorati,
1535 3339 1594 3389 et
1625 3334 1768 3388 nulli
1800 3335 2037 3390 tribula-

382 3421 528 3477 tioni
557 3420 917 3486 resistentes,
947 3421 1122 3491 positi
1148 3424 1274 3474 sunt
1305 3423 1362 3475 in
1393 3423 1634 3491 inferno,
1659 3422 1714 3476 id
1744 3429 1832 3478 est
1855 3424 1912 3478 in
1935 3440 2032 3478 ex-

384 3511 694 3565 cecatione
719 3509 952 3578 mentis,
981 3515 1037 3564 et
1066 3525 1209 3564 mors
1238 3514 1480 3596 depascel
1509 3526 1616 3578 eos,
1670 3511 1728 3566 id
1785 3517 1874 3568 est
1902 3513 2032 3567 dia—

389 3598 560 3654 bolus
581 3596 681 3669 qui
705 3597 972 3652 minister
993 3598 1195 3653 mortis
1217 3604 1325 3665 est,
1357 3601 1468 3654 erit
1499 3605 1696 3671 pastor
1727 3616 1949 3668 eorum,
1981 3609 2036 3657 et

383 3687 619 3743 tandem
642 3685 867 3742 domina
877 3687 1084 3740 buntur
1103 3703 1297 3742 eorum
1318 3688 1453 3754 justi
1473 3691 1533 3742 in
1551 3690 1843 3754 matutino,
1869 3689 1924 3744 id
1947 3698 2034 3745 est

385 3776 445 3832 in
476 3776 574 3832 illo
605 3793 736 3832 vero
773 3792 962 3840 mane,
994 3776 1146 3848 quod
1181 3793 1297 3830 non
1331 3776 1566 3831 habebit
1622 3780 2030 3834 succedentem

382 3872 633 3921 noctem.
668 3865 816 3920 Nam
846 3865 1366 3936 tuncjudicabunt
1395 3867 1580 3920 sancti
1637 3867 1924 3932 nationes,
1974 3872 2033 3922 et

385 3955 848 4009 dominabuntur
869 3953 1123 4025 populis,
1150 3954 1236 4008 vel
1270 3954 1374 4019 sic,
1405 3969 1555 4009 mors
1583 3954 1825 4026 deposcet
1855 3955 2028 4019 eos,id

383 4047 473 4097 est
504 4041 736 4096 diabolo
769 4049 938 4095 erunt
960 4043 1212 4109 refectio,
1241 4043 1338 4114 qui
1359 4043 1417 4097 in
1438 4044 1806 4099 devoratione
1826 4061 2027 4100 eorum

382 4129 552 4201 quasi
581 4129 640 4184 in
667 4127 794 4184 cibo
825 4129 1167 4185 delectatur.
1202 4131 1365 4186 Unde
1395 4131 1618 4187 dictum
1637 4137 1726 4186 est
1741 4133 2024 4204 serpenti:

380 4221 554 4298 Super
610 4236 803 4299 pectus
862 4235 1018 4281 tuum
1073 4228 1368 4296 gradieris,
1427 4238 1478 4284 et
1523 4233 1729 4286 terram
1784 4230 2027 4287 comedes

380 4317 537 4389 (Gen.
574 4316 684 4389 In),
710 4321 766 4372 et
798 4315 1037 4388 sicjusti
1067 4315 1169 4388 qui
1193 4318 1488 4388 despectui
1523 4319 1614 4374 hic
1659 4318 2030 4375 habebantur

379 4406 451 4462 ab
473 4406 578 4472 eis,
605 4405 1039 4461 dominabuntur
1053 4422 1254 4461 eorum
1277 4407 1336 4461 in
1363 4409 1656 4472 maliluno,
1677 4412 1726 4464 et
1745 4411 2025 4464 auxilium

377 4501 566 4551 eorum
596 4511 845 4568 quorum
878 4511 1037 4550 mors
1081 4499 1170 4550 est
1223 4499 1441 4566 pastor,
1502 4501 1814 4564 veterascet,
1848 4498 1904 4552 id
1938 4501 2028 4553 est

2161 582 2334 620 manu
2361 566 2536 636 inferi
2562 582 2683 620 cum
2707 566 2973 636 acceperit
3002 581 3107 632 me,
3140 565 3198 619 int
3227 569 3334 632 est,
3387 579 3520 619 cum
3557 563 3818 620 Verbum

2165 671 2354 710 meam
2381 662 2651 710 naturam
2686 655 2796 709 sibi
2831 655 3194 709 invisendam
3221 654 3630 724 assumpserit.
3654 653 3734 708 Ne
3752 655 3803 708 ti

2160 746 2367 800 mueris
2395 762 2518 800 cum
2548 745 2698 799 dives
2716 746 2892 814 factus
2919 746 3089 814 luerit
3122 743 3359 804 homo.et
3385 759 3506 798 cum
3540 743 3819 814 multipli-

2157 842 2278 887 cata
2308 835 2478 902 fuerit
2510 833 2693 902 gloria
2726 835 2924 888 domus
2975 834 3116 902 ejus.
3175 832 3352 897 Quasi
3403 833 3605 886 dicat:
3667 832 3818 897 Quia

2159 922 2433 977 ﬂorentes
2457 922 2512 976 in
2538 922 2645 977 hoc
2661 923 2879 976 mundo
2897 921 2956 975 in
2972 922 3197 977 inferno
3212 920 3281 976 ad
3299 920 3573 976 ultimum
3595 936 3819 992 ponen-

2161 1013 2348 1076 tur,et
2376 1015 2434 1064 tu
2469 1009 2998 1081 dominaberis,qui
3031 1009 3124 1064 hic
3155 1010 3464 1081 despectus
3496 1007 3819 1065 videris.Ne

2156 1101 2407 1154 timueris
2419 1115 2556 1170 ergo
2568 1115 2800 1170 sperare
2815 1097 3012 1153 futura
3039 1101 3097 1152 et
3125 1103 3476 1170 postponere
3503 1098 3812 1165 praesentia

2154 1203 2278 1242 eum
2299 1187 2452 1243 dives
2471 1190 2650 1260 factus
2669 1189 2839 1258 fuerit
2856 1187 3089 1253 homo,et
3104 1204 3229 1242 cum
3247 1185 3622 1258 multiplicata
3636 1189 3816 1255 fuerit

2155 1275 2343 1345 gloria
2372 1277 2562 1331 domus
2591 1277 2732 1348 ejus,
2765 1275 2822 1331 id
2855 1281 2963 1346 est,
2999 1275 3117 1331 noli
3177 1276 3441 1331 mmulari
3498 1275 3558 1330 in
3606 1292 3676 1331 eo
3705 1277 3812 1348 qui

2155 1372 2535 1438 prosperatur
2560 1367 2618 1420 in
2654 1367 2744 1420 via
2773 1383 2902 1431 sua,
2934 1367 3199 1437 quoniam
3226 1381 3354 1422 cum
3372 1366 3669 1430 interierit,
3695 1382 3813 1422 non

2153 1463 2328 1510 sumet
2358 1457 2566 1522 omnia,
2600 1455 2740 1526 quia
2769 1454 2916 1509 nihil
2939 1471 3138 1511 secum
3165 1453 3420 1526 portabit
3450 1457 3659 1526 praeter
3673 1471 3811 1526 pee-

2153 1552 2294 1606 cata,
2325 1559 2497 1615 neque
2522 1543 2803 1599 descendet
2831 1559 2960 1599 eum
2985 1560 3049 1598 eo
3099 1544 3284 1614 gloria
3321 1544 3460 1614 eius,
3493 1560 3626 1615 qua
3656 1543 3808 1601 facta

2154 1636 2244 1688 est
2271 1633 2382 1687 sibi
2415 1649 2698 1705 pomposo
2727 1633 2950 1688 funere.
2985 1632 3051 1687 Et
3079 1648 3263 1704 quare
3317 1649 3431 1688 non
3475 1633 3808 1689 descendet?

2154 1722 2292 1790 Quia
2325 1723 2515 1777 anima
2543 1724 2658 1794 ejus
2689 1724 2751 1777 in
2779 1723 2870 1777 via
2898 1723 3096 1793 ipsius,
3126 1721 3183 1776 id
3243 1725 3350 1789 est,
3412 1721 3472 1776 in
3502 1720 3615 1776 hac
3662 1738 3808 1794 pra-

2155 1811 2329 1878 senti,
2354 1828 2531 1882 quam
2551 1811 2676 1882 ipse
2697 1815 2926 1866 tantum
2945 1811 3132 1866 credit
3150 1810 3715 1877 vitam,benedicetur
3732 1811 3809 1870 ab

2155 1899 2581 1966 adulatoribus,
2618 1900 2756 1972 quia
2785 1901 2857 1955 ad
2887 1899 3194 1955 cumulum
3247 1900 3496 1955 miseriae
3527 1917 3652 1956 suae
3683 1917 3800 1957 non

2152 1988 2368 2043 desunt
2396 1989 2506 2044 sibi
2540 1989 2890 2057 adulatores,
2923 1994 2980 2043 et
3009 1989 3131 2060 ipse
3161 1989 3516 2059 conﬁtebitur
3541 1989 3652 2044 tibi
3679 2006 3802 2046 cun

2152 2077 2475 2148 benefeeeris
2501 2081 2574 2141 ei,
2608 2078 2665 2132 id
2697 2083 2809 2142 est,
2843 2095 2976 2132 cum
3011 2078 3069 2132 in
3102 2077 3488 2150 prosperitate
3519 2083 3628 2146 est,
3656 2084 3800 2135 tunc

2149 2171 2379 2221 tantum
2403 2167 2669 2222 laudabit
2689 2173 2764 2222 te.
2790 2167 2858 2221 Et
2874 2166 2985 2222 sibi
3009 2165 3147 2238 quid
3168 2167 3343 2223 inde?
3361 2168 3798 2240 Introibilusque

2147 2257 2206 2310 in
2236 2259 2520 2327 progenies
2544 2260 2772 2327 patrum
2799 2272 3046 2322 suorum,
3074 2256 3131 2310 id
3164 2260 3272 2322 est,
3305 2257 3378 2312 ad
3412 2256 3572 2312 illam
3613 2257 3790 2313 mise-

2147 2343 2292 2399 riam
2318 2344 2711 2416 perveniet,ad
2740 2360 2919 2415 quam
2945 2343 3205 2416 pervenit
3224 2344 3530 2417 progenies
3553 2350 3790 2417 patrum

2145 2447 2410 2505 auorum,
2439 2433 2577 2489 Cain
2605 2432 2874 2489 videlicet
2902 2438 2960 2489 et
2989 2433 3179 2490 ceteri
3211 2437 3269 2490 et
3299 2434 3377 2490 ibi
3432 2450 3546 2491 non
3585 2434 3791 2492 videbit

2145 2521 2330 2578 lumen
2358 2524 2618 2592 usque'in
2647 2530 2939 2591 aeternum,
2972 2522 3028 2577 id
3087 2528 3176 2578 est
3231 2522 3494 2594 quandiu
3557 2523 3792 2581 durabit

2144 2611 2457 2667 aeternitas.
2492 2612 2559 2666 Et
2589 2611 2698 2667 boc
2728 2628 2905 2683 quare
2926 2611 2953 2665 Τ
2981 2611 3127 2676 Quia
3155 2628 3282 2668 cum
3313 2612 3438 2684 ipse
3465 2614 3596 2669 esset
3636 2613 3790 2670 homo

2142 2699 2203 2752 in
2231 2699 2432 2754 honore
2454 2700 2698 2770 positus,
2720 2717 2835 2754 non
2867 2700 3143 2754 intellexit
3164 2717 3184 2754 :
3211 2703 3562 2771 comparatus
3592 2704 3675 2756 at
3695 2702 3793 2771 fﬁr-

2140 2788 2335 2842 mentis
2365 2789 2774 2858 insipientibus,
2807 2793 2857 2844 et
2885 2787 3092 2844 similis
3113 2791 3294 2860 factus
3321 2798 3401 2845 est
3428 2789 3553 2846 illis
3586 2795 3655 2845 ut
3681 2806 3788 2846 su-

2144 2892 2366 2947 penus.

2685 2984 3016 3039 PSALMUS
3055 2983 3238 3040 XLIX.

2711 3089 2974 3128 PSALMUS
3011 3089 3216 3128 ASAPH.

2214 3200 2242 3226 «
2275 3177 2428 3233 Deus
2481 3178 2722 3234 deorum
2763 3179 3049 3236 Dominus
3077 3179 3296 3235 locutus
3325 3183 3430 3244 est,
3462 3182 3519 3234 et
3548 3180 3789 3236 vocavit

2157 3287 2185 3316 «
2217 3271 2453 3322 terram.
2489 3272 2534 3322 A
2561 3267 2700 3323 solis
2731 3274 2860 3324 ortu
2894 3286 3081 3340 usque
3109 3269 3178 3324 ad
3209 3283 3496 3334 occasum,
3540 3283 3609 3322 ex
3636 3266 3783 3323 Sion

2144 3379 2172 3405 «ι
2206 3356 2428 3428 species
2451 3355 2677 3411 decoris
2698 3357 2844 3428 ejus.
2879 3357 3034 3413 Deus
3066 3357 3371 3413 manifeste
3395 3355 3602 3426 veniet,
3626 3355 3786 3412 Deus

2143 3467 2170 3494 «
2205 3449 2401 3500 noster
2428 3449 2486 3500 et
2516 3462 2629 3500 non
2649 3445 2861 3500 silebit.
2883 3447 3037 3518 Ignis
3055 3446 3112 3500 in
3133 3449 3443 3516 conspectu
3476 3445 3604 3516 ejus
3623 3461 3788 3499 exar-

2147 3553 2173 3583 ι
2203 3533 2399 3588 descet
2427 3539 2482 3588 et
2512 3535 2570 3588 in
2601 3533 2845 3589 circuitu
2878 3536 3004 3606 ejus
3037 3539 3355 3605 tempestas
3380 3533 3790 3588 valida.Advo-

2141 3643 2170 3671 «
2195 3621 2342 3676 cavit
2363 3621 2570 3677 coelum
2594 3623 2991 3692 desursum,et
3010 3628 3223 3678 terram
3247 3623 3578 3676 discernere
3598 3637 3787 3693 popu-

2142 3733 2169 3759 «
2201 3708 2324 3764 lum
2357 3727 2552 3764 suum.
2587 3712 2944 3782 Congregate
2973 3709 3055 3764 illi
3083 3715 3318 3766 sanctos
3349 3710 3604 3781 ejus,qui
3633 3708 3790 3764 ordi-

2141 3819 2170 3846 ‹‹
2205 3803 2348 3852 nant
2369 3803 2785 3853 testamentum
2809 3801 2937 3870 ejus
2959 3797 3453 3870 supersacriﬁcia.
3478 3799 3547 3852 Et
3563 3814 3788 3853 annun-

2141 3909 2168 3936 «
2201 3887 2436 3940 tiabunt
2467 3888 2591 3941 αα)Ιί
2616 3887 2912 3958 justitiam
2941 3889 3091 3958 ejus,
3123 3889 3401 3959 quoniam
3440 3888 3786 3958 Deusjudex

2143 3997 2170 4024 «
2201 3981 2308 4030 est.
2340 3976 2512 4041 Audi,
2533 3975 2797 4048 pepulus
2831 3994 3018 4036 meus.
3043 3983 3099 4032 et
3129 3977 3333 4046 loquar
3357 3975 3529 4033 Israel
3551 3981 3609 4031 et
3633 3975 3788 4031 testi-

2139 4087 2167 4114 ‹‹
2201 4065 2417 4119 ficabor
2447 4065 2552 4119 tibi
2591 4065 2762 4132 Deus,
2804 4071 2952 4121 Deus
2973 4073 3110 4120 tuus
3134 4083 3238 4136 ego
3271 4082 3424 4120 sum.
3455 4065 3578 4120 Non
3615 4065 3673 4119 in
3692 4081 3785 4120 sa-

2138 4176 2166 4202 «
2202 4153 2438 4208 crificiis
2468 4153 2586 4208 tuis
2617 4171 2818 4226 argam
2850 4161 2926 4222 te,
2959 4155 3300 4216 holocausta
3347 4159 3544 4209 autem
3591 4160 3694 4208 tua
3725 4153 3782 4207 in

2137 4265 2163 4292 «
2186 4247 2501 4315 conspectu
2522 4258 2650 4298 meo
2665 4251 2804 4298 sunt
2815 4259 2935 4299 sem
2947 4261 3064 4315 per.
3083 4243 3203 4300 Non
3229 4243 3510 4316 accipiam
3527 4243 3599 4298 de
3611 4243 3782 4298 domo

2137 4353 2166 4382 ‹‹
2198 4336 2300 4386 tua
2318 4329 2748 4403 vitulos,neque
2765 4333 2836 4388 de
2848 4331 3252 4405 gregibustuis
3267 4331 3779 4394 hircos.Quoniam

2135 4442 2164 4469 «
2200 4435 2340 4474 meae
2371 4425 2509 4475 sunt
2538 4436 2741 4475 omnes
2771 4420 2902 4475 ferae
2934 4421 3510 4493 silvarumJumenta
3533 4420 3596 4475 in
3615 4435 3782 4475 mon-

2135 4531 2163 4558 ‹‹
2195 4509 2353 4563 tibus
2384 4513 2440 4564 et
2468 4509 2666 4564 boves.
2700 4509 2955 4580 Cognovi
3009 4510 3208 4565 omnia
3254 4507 3513 4564 volatilia
3544 4508 3697 4575 cmli,
3728 4510 3782 4562 et

379 4584 647 4640 interisse
671 4584 890 4656 patebit
917 4584 1220 4650 ;aua:ilium
1247 4583 1376 4638 dico
1411 4592 1830 4656 praesumptum
1860 4602 1894 4640 a
1912 4587 2024 4656 glo-

2146 4620 2160 4646 ‹
2189 4596 2563 4668 pulchritudo
2583 4597 2706 4668 agri
2728 4614 2955 4653 mecum
2982 4598 3153 4654 est.Si
3172 4597 3430 4653 esuriero
3449 4613 3564 4652 non
3591 4597 3780 4652 dicam

378 4672 472 4726 ria
493 4672 760 4740 eorum;id
786 4677 874 4728 est
897 4689 930 4727 a
951 4672 1090 4728 flore
1117 4689 1292 4744 quem
1315 4672 1647 4728 habuerunt
1667 4675 1724 4728 in
1753 4673 1861 4729 hac
1887 4675 2022 4744 vita,

380 4767 468 4824 Vel
499 4769 783 4822 auxilium
811 4785 998 4824 earum
1028 4774 1322 4844 veterascet
1378 4786 1411 4823 a
1459 4769 1648 4841 gloria
1702 4787 1903 4826 eorum
1942 4787 2029 4827 re-

381 4862 696 4924 motorum,
731 4855 818 4910 vel
854 4865 1090 4929 propter
1115 4857 1359 4928 gloriam
1417 4875 1594 4929 quam
1654 4858 1747 4913 hic
1803 4859 2024 4916 habue-

379 4941 537 5013 runt,
571 4945 709 5017 quia
740 4951 982 5001 eatenus
1013 4951 1184 5000 erunt
1209 4946 1460 5019 inglorii,
1485 4954 1774 5019 quatenus
1796 4949 1889 5004 hic
1911 4950 2026 5004 fue-

380 5040 520 5090 runt
549 5033 809 5107 gloriosi,
868 5038 1248 5090 verumtamen
1308 5037 1449 5091 Deus
1497 5037 1722 5092 redimet
1768 5041 2025 5093 animam

378 5140 577 5178 meam.
596 5123 773 5188 Quasi
794 5124 949 5180 dicat
975 5139 986 5178 :
1011 5122 1163 5178 Justi
1185 5123 1242 5178 in
1268 5125 1462 5180 futuro
1477 5125 2026 5195 dominabuntur,et

379 5212 613 5268 interim
638 5213 776 5284 quid
799 5212 826 5267 ?
849 5211 1170 5268 Tribulatio
1193 5219 1250 5268 et
1279 5213 1470 5268 omnis
1499 5213 1734 5270 miseria
1755 5217 1866 5270 erit
1887 5233 2025 5270 san-

380 5301 510 5358 ctis.
539 5301 651 5357 Sed
676 5319 799 5374 quae
826 5302 1013 5357 cura?
1043 5303 1188 5366 Quia
1239 5298 1372 5357 licet
1401 5302 1756 5359 tribulentur
1788 5303 1901 5373 hic,
1934 5309 2020 5360 ta-

380 5405 514 5447 men
533 5392 760 5447 redimet
784 5407 881 5446 eos
903 5391 966 5447 de
992 5408 1161 5447 manu
1191 5393 1380 5463 inferi,
1413 5391 1468 5446 id
1502 5397 1609 5462 est,
1637 5393 1706 5447 de
1738 5398 2022 5464 potestate

380 5481 775 5544 tenebrarum,
794 5497 919 5535 cum
942 5484 1209 5553 acceperit
1236 5498 1338 5549 me,
1365 5482 1846 5537 sibiconformem
1876 5483 2022 5538 fece-

381 5569 475 5628 rit.
511 5569 612 5626 Vel
644 5565 1076 5628 dominabunturi
1118 5572 1260 5643 justi
1288 5573 1349 5626 in
1402 5571 1704 5642 matutino,
1739 5575 1796 5627 et
1824 5576 2020 5627 tamen

382 5655 500 5742 pou
531 5659 640 5721 erit
665 5659 729 5719 in
757 5659 974 5731 medio,
998 5675 1119 5720 non
1147 5659 1208 5719 in
1236 5661 1450 5720 umbra
1464 5660 1738 5722 videlicet
1758 5659 2025 5740 otlegalt-

2135 4709 2163 4735 «
2199 4685 2301 4740 tibi
2332 4701 2344 4740 :
2381 4703 2548 4742 meus
2569 4691 2657 4741 est
2677 4685 2832 4742 enim
2857 4687 3014 4743 orbis
3034 4692 3199 4742 terrae
3215 4691 3273 4741 et
3303 4685 3609 4759 plenitudo
3632 4686 3778 4758 ejus.

2137 4775 2452 4847 «Nunquid
2474 4775 2840 4830 manducabo
2862 4792 3065 4831 carnes
3087 4779 3524 4840 taurorum,aut
3545 4773 3782 4846 sangui-

2134 4888 2160 4915 ‹‹
2193 4881 2323 4918 nem
2360 4863 2652 4918 hircorum
2689 4865 2900 4935 potabo
2925 4867 2953 4918 ?
2978 4864 3219 4919 immola
3249 4863 3363 4918 Deo
3421 4862 3779 4918 sacriﬁcium

2133 4976 2160 5001 «
2188 4951 2397 5016 laudis,
2431 4959 2486 5006 et
2518 4953 2692 5006 redde
2725 4952 3024 5007 Altissimo
3055 4957 3186 5007 vota
3212 4957 3330 5006 tua.
3368 4952 3431 5006 Et
3455 4951 3662 5005 invoca
3693 4964 3783 5004 me

2135 5061 2164 5092 «
2197 5042 2253 5094 in
2288 5041 2378 5095 die
2411 5039 2823 5108 tribulationis,
2846 5057 3046 5095 eruam
3074 5046 3128 5095 te
3147 5039 3637 5095 etbonorificabis
3667 5053 3776 5094 me.

2132 5152 2160 5180 »
2195 5129 2483 5183 Peccatori
2515 5135 2711 5183 autem
2743 5129 2884 5183 dixit
2910 5129 3063 5184 Deus
3089 5145 3101 5182 :
3125 5130 3311 5192 Quare
3333 5135 3392 5183 tu
3422 5128 3777 5198 enarrasju-

2131 5240 2160 5267 «
2194 5217 2384 5271 stitias
2405 5224 2647 5280 meas,et
2669 5218 2926 5273 assumis
2943 5223 3360 5273 testamentum
3383 5233 3579 5273 meum
3599 5228 3782 5287 peros

2135 5327 2163 5356 «
2193 5311 2360 5360 tuum
2382 5305 2410 5359 ‘l
2437 5305 2522 5359 Tu
2554 5323 2686 5361 vero
2712 5306 2887 5362 odisti
2947 5307 3316 5378 disciplinam
3376 5311 3432 5362 et
3480 5303 3781 5378 projecisti

2133 5417 2160 5446 ‹‹
2193 5411 2492 5451 sermones
2516 5412 2675 5450 meos
2708 5401 3051 5451 retrorsum.
3077 5396 3135 5451 Si
3159 5396 3396 5451 videbas
3420 5395 3632 5461 furem,
3657 5410 3784 5451 cur-

2133 5505 2162 5534 «
2191 5485 2359 5539 rebas
2391 5501 2522 5538 cum
2547 5500 2633 5549 eo,
2669 5490 2725 5539 et
2755 5501 2887 5540 cum
2916 5485 3200 5541 adulteris
3257 5485 3583 5556 portionem
3616 5489 3777 5539 tuam

2136 5597 2157 5623 α
2186 5574 2461 5646 ponebas.
2489 5573 2565 5629 Os
2587 5580 2753 5628 tuum
2778 5574 3098 5630 abundavit
3129 5572 3435 5644 malitia,et
3456 5573 3659 5647 lingua
3677 5578 3778 5629 tua

2131 5683 2162 5718 α
2193 5662 2581 5724 concinnabat
2599 5663 2782 5724 dolos.
2814 5663 3324 5726 Bedensadvems
3345 5663 3588 5724 tamen
3608 5667 3786 5734 tuam
