4014 6194
309 311 425 372 398

1439 317 2047 381 ENA'RR'ATIONES
2095 319 2169 380 IN
2217 320 2597 383 PSALMOS.

3599 327 3716 391 394

310 467 337 494 ‹‹
369 444 1104 517 loqmbaris,et:adversus
1132 449 1951 524 ﬁliummatristuteponebas
1983 458 2035 523 Α
2067 456 2174 516 est,
2209 454 2518 525 ﬂagrantia
2569 456 2872 510 charitatis
2903 457 3218 512 incendens
3265 461 3320 511 te
3373 462 3581 523 totum,
3630 467 3717 516 est

308 558 334 584 «
367 535 717 592 scandalum
740 554 752 592 :
775 535 894 592 haec
909 536 1095 594 fecisti
1112 543 1168 594 et
1195 540 1744 597 tacui.Existimasti
1759 542 1959 613 inique

307 645 338 674 «
365 625 524 696 quod
537 640 635 681 cro
665 626 751 681 tui
773 626 987 683 similis
1014 644 1290 701 :arguam
1309 634 1386 700 te,
1401 634 1460 685 et
1481 634 1736 686 statuam
1761 636 1960 687 contra

305 734 330 762 ι
365 712 572 770 faciem
612 717 798 770 tuam.
853 716 1164 789 lntelligite
1220 718 1343 774 haec
1389 719 1489 791 qui
1539 719 1953 776 obliviscimini

304 824 332 852 ‹‹
351 806 890 876 -Deum,-nequando
913 806 1106 877 rapiat
1129 810 1186 862 et
1218 824 1331 863 non
1355 808 1432 863 sit
1461 809 1560 880 qui
1597 809 1826 880 eripiat.
1857 809 1958 864 Sa-

305 912 333 942 u
367 891 656 948 oriﬁcium
701 892 894 949 laudis
933 894 1469 968 honoriﬁcabitme,
1489 901 1546 952 et
1572 896 1808 952 illiciter
1844 913 1958 969 quo

304 981 674 1038 «.ostendam
714 981 799 1038 illi
837 982 1095 1041 salutare
1136 985 1255 1040 Dei.
1289 1007 1316 1036 ››

937 1109 1336 1165 ENARRATIO.

374 1192 660 1258 Quoniam
696 1212 812 1251 non
843 1197 1160 1254 defuerunt
1185 1198 1244 1252 in
1278 1197 1455 1270 priori
1483 1196 1722 1272 populo,
1747 1201 1847 1271 qui
1872 1198 1956 1253 in-

299 1279 634 1356 telligerent
662 1285 1017 1341 sacriﬁcium
1040 1287 1427 1343 constitutum
1453 1287 1773 1343 secundum
1797 1288 1952 1344 ordi-

299 1387 437 1427 nem
458 1379 668 1432 Aaron.
686 1389 813 1429 esse
834 1375 1268 1431 immutandum
1295 1376 1352 1431 in
1369 1377 1720 1432 sacriﬁcium
1744 1394 1952 1432 secun-

300 1461 443 1515 dum
475 1461 741 1517 ordinem
773 1463 1197 1520 Melchisedech
1249 1466 1634 1521 constitutum
1664 1485 1675 1521 :
1736 1466 1956 1538 placuit

297 1549 544 1621 Spiritui
576 1555 800 1620 sancto,
835 1553 892 1608 in
925 1571 1173 1625 persona
1198 1554 1430 1610 illorum
1465 1572 1566 1627 per
1605 1555 1952 1627 Prophetam

298 1637 462 1694 hunc
491 1640 806 1710 przenotari
837 1642 1225 1714 psalmum,ut
1256 1644 1312 1698 in
1335 1643 1444 1698 hoc
1463 1643 1690 1716 psalmo
1718 1643 1950 1716 collige-

297 1732 432 1784 rent
463 1743 665 1784 secum
689 1747 828 1786 suos
860 1736 1381 1805 contemporaneos
1404 1737 1459 1789 et
1481 1738 1746 1806 posteros
1779 1734 1848 1788 ad
1871 1733 1954 1789 in-

2072 541 2214 596 mihi
2247 542 2572 613 placabilis.
2609 544 2942 600 Incenditur
2964 545 3135 601 homo
3165 547 3342 613 totus,
3368 548 3602 616 quando
3630 550 3713 602 in-

2070 631 2247 686 terior
2277 632 2449 686 homo
2482 634 3104 704 tlagrantiacharitatis
3132 636 3425 704 incensus,
3451 637 3715 692 membra

2069 721 2328 791 corporis
2359 721 2429 775 ad
2463 737 2637 776 usum
2662 740 2837 778 suum
2865 725 2948 779 sic
2971 725 3140 797 rapit,
3173 725 3318 780 utad
3337 724 3540 780 illicita
3562 742 3712 779 nun-

2069 826 2244 880 quam
2281 814 2602 879 rcsurgant.
2637 813 2742 867 Nec
2773 816 3043 882 accipiam
3069 815 3135 870 de
3178 814 3330 870 domo
3363 819 3462 870 tua
3488 816 3708 870 vitulos.

2068 906 2280 970 Quasi:
2333 909 2472 962 Ecce
2505 909 2792 964 sacriﬁcia
2821 911 2891 964 de
2947 912 3162 983 quibus
3204 929 3312 967 non
3363 929 3608 985 arguam
3640 920 3708 976 te,

2070 1012 2205 1051 nam
2236 997 2437 1052 vitulos
2463 997 2528 1051 de
2563 996 2722 1053 domo
2771 1003 2885 1065 tua,
2917 1008 2969 1055 et
3014 1000 3192 1056 hircos
3219 1002 3286 1056 de
3313 1002 3563 1073 gregibus
3596 1018 3710 1057 non

2068 1085 2363 1156 requiram
2402 1102 2435 1140 a
2462 1091 2550 1153 te;
2607 1087 2886 1157 quoniam
2919 1088 2969 1142 si
3017 1089 3224 1144 vellem
3254 1089 3412 1161 talia,
3446 1108 3478 1146 a
3509 1096 3563 1147 te
3594 1108 3708 1146 non

2066 1175 2445 1245 requirerem,
2477 1191 2777 1232 cummeae
2798 1176 2917 1230 sint
2957 1193 3142 1232 omnes
3173 1180 3310 1248 fera:
3336 1181 3624 1248 silvarum,
3655 1184 3712 1236 et

2056 1263 2310 1333 jumenta
2343 1265 2402 1318 in
2448 1266 2724 1320 montibus
2753 1271 2808 1320 et
2857 1266 3027 1321 boves.
3062 1267 3128 1320 Et
3175 1284 3246 1322 ne
3277 1268 3406 1323 istis
3447 1271 3708 1341 remotis,

2063 1351 2278 1423 aliquis
2306 1352 2477 1408 vellet
2516 1354 2625 1409 sibi
2658 1355 2860 1409 offerre
2911 1354 3164 1410 volatilia
3194 1361 3250 1409 et
3295 1356 3514 1411 fructus
3560 1360 3708 1430 agri,

2064 1447 2320 1497 removet
2350 1447 2406 1497 et
2436 1443 2567 1510 ista,
2601 1444 2710 1498 sic:
2749 1444 2986 1515 Cognovi
3014 1447 3199 1499 omnia
3230 1445 3483 1501 volatilia
3513 1451 3709 1512 carti,et

2059 1530 2412 1600 pulchritudo
2437 1533 2563 1599 agri
2591 1548 2802 1586 mecum
2822 1537 2896 1588 est
2924 1552 2935 1599 ;
2971 1539 3027 1588 et
3050 1534 3174 1588 ideo
3202 1552 3213 1588 :
3239 1537 3290 1588 si
3317 1538 3710 1602 esuriero,non

2061 1619 2243 1674 dicam
2271 1620 2538 1692 tibi,quia
2555 1637 2706 1676 meus
2727 1630 2804 1677 est
2833 1624 2976 1679 orbis
2995 1627 3160 1679 terra:
3187 1632 3240 1678 et
3269 1624 3548 1694 plenitudo
3570 1627 3706 1696 ejus.

2062 1709 2174 1763 Sed
2203 1709 2456 1780 nunquid
2504 1711 2843 1767 manducabo
2883 1728 3073 1768 carnes
3101 1717 3412 1780 taurorum,
3453 1719 3547 1769 aut
3578 1732 3706 1770 san-

290 1815 674 1890 telligendum
690 1821 842 1892 quod
859 1799 1500 1878 carnalis.observantia
1511 1824 1568 1878 in
1587 1822 1954 1895 spiritualem
1984 1829 2031 1895 B
2060 1799 2283 1895 θῖδίηθηδ
2312 1800 2589 1895 corﬁm
2626 1801 2824 1895 Patf‘bo
2844 1801 3020 1895 ,Νοη
3046 1819 3058 1855 ³
3094 1804 3332 1895 ίητηιρέα,
3369 1804 3474 1895 De?
3502 1805 3708 1895 §“c”iﬁ‘

289 1906 652 1963 intellectum
688 1915 845 1965 esset
876 1910 1267 1982 immutanda,
1292 1916 1348 1967 et
1377 1913 1532 1983 quod
1562 1911 1683 1968 haec
1703 1911 1948 1968 mutatio

292 2000 448 2052 esset
477 1996 674 2052 futura
714 2014 816 2070 per
876 1999 1071 2072 ipsum
1131 1999 1447 2056 Dominum
1509 2006 1796 2057 nostrum.
1834 2001 1949 2058 Hoc

293 2083 471 2140 etiam
503 2085 596 2140 hic
618 2090 952 2156 notatur,nc
976 2087 1193 2144 Judaeis
1213 2089 1361 2144 mira
1387 2089 1650 2145 videatur
1668 2090 1812 2163 legis
1829 2107 1948 2146 suae

295 2171 652 2229 destructio:
686 2174 826 2246 quia
856 2175 981 2246 ipse
1009 2175 1293 2232 Dominus
1324 2178 1501 2246 venit,
1535 2183 1592 2232 et
1621 2195 1827 2234 novam
1860 2184 1950 2234 at-

295 2259 455 2314 tulit.
490 2261 642 2316 Dicit
670 2267 868 2318 autem
897 2264 979 2320 sic
1009 2265 1201 2336 Asaph
1226 2281 1238 2318 :

371 2349 511 2404 Deus
537 2351 760 2406 deorum
803 2353 1068 2408 Dominus
1117 2357 1328 2408 locutus
1356 2358 1455 2421 est,
1499 2355 1555 2410 id
1587 2359 1692 2425 est,
1734 2356 1886 2412 Deus
1919 2374 1952 2412 a

291 2429 414 2506 quo
447 2452 651 2492 omnes
673 2439 774 2509 qui
799 2438 879 2493 dii
899 2439 1320 2505 sunt,deiﬁcati
1348 2446 1628 2509 sunt,non
1648 2457 1715 2496 ex
1746 2459 1949 2514 super-

287 2523 392 2578 bia
420 2524 626 2596 geniti,
649 2525 749 2580 sed
783 2529 1150 2599 pergratiam
1167 2529 1298 2598 ejus
1319 2529 1652 2598 justiﬁcati,
1689 2536 1743 2586 et
1763 2534 1846 2585 sic
1869 2531 1947 2586 dii

283 2612 428 2667 facti
456 2630 468 2668 :
501 2613 625 2684 ipse
659 2614 812 2680 dico,
845 2615 942 2682 qui
981 2616 1150 2671 nobis
1172 2633 1277 2688 per
1296 2621 1528 2690 Moysen
1553 2618 1737 2690 legem
1764 2619 1944 2685 dedit,

282 2701 394 2773 qui
426 2702 486 2756 in
518 2701 812 2774 prioribus
835 2704 1199 2775 temporibus
1232 2721 1334 2777 per
1354 2723 1551 2761 servos
1583 2705 1813 2762 locutus
1835 2711 1942 2776 est,

278 2789 415 2864 ipse
436 2807 594 2846 nunc
637 2790 869 2847 locutus
901 2797 990 2848 est
1028 2794 1218 2858 nobis,
1272 2811 1387 2848 non
1419 2811 1522 2865 per
1553 2794 1825 2868 angelum
1855 2795 1942 2851 vel

276 2895 392 2951 per
431 2879 812 2952 prophetam,
846 2881 948 2936 sed
997 2897 1102 2953 per
1125 2882 1391 2953 seipsum
1423 2883 1605 2955 (Hebr.
1639 2885 1701 2955 ιι)
1737 2901 1751 2952 ;
1788 2885 1941 2940 unde

276 2967 436 3023 illud
465 2983 477 3024 :
538 2969 667 3024 Ecce
694 2984 790 3040 ego
818 2973 918 3042 qui
965 2971 1240 3042 loquebar,
1290 2973 1410 3042 ipse
1439 2972 1635 3027 adsum
1666 2973 1792 3044 (lsa.
1822 2975 1939 3044 ιιι).

272 3058 350 3114 Et
385 3056 676 3130 loquendo
706 3059 848 3130 quid
879 3059 1098 3132 elegit?
1127 3063 1343 3117 vocavit
1382 3069 1584 3117 terram
1612 3063 1795 3117 asolis
1819 3067 1944 3117 ortu

273 3163 461 3219 usque
488 3147 559 3204 ad
600 3163 868 3215 occasum,
901 3165 1016 3204 non
1066 3149 1262 3204 solum
1293 3151 1567 3218 Africam,
1600 3154 1666 3205 ut
1697 3151 1938 3221 quidam
1974 3191 2016 3256 Ο

273 3237 517 3308 dicunt,
531 3241 759 3305 vocavit,
780 3237 882 3294 sed
923 3243 1148 3294 tantam
1185 3239 1430 3306 vocavit,
1456 3243 1738 3309 quantam
1764 3238 1941 3293 fabri-

274 3326 396 3382 vit.
431 3326 495 3380 In
527 3324 634 3381 hac
664 3329 862 3382 tamen
889 3327 1193 3382 vocatione
1217 3343 1331 3381 non
1353 3327 1642 3397 separavit
1673 3325 1959 3380 Africam..

274 3414 562 3472 Gaudeat
587 3431 723 3487 ergo
753 3415 948 3471 Africa
999 3415 1072 3470 de
1102 3415 1347 3485 unitate,
1395 3432 1510 3470 non
1545 3414 1848 3485 superbiat
1876 3415 1946 3469 de

277 3502 598 3560 divisione.
629 3507 714 3560 Ex
740 3506 878 3561 Sion
901 3506 1106 3576 species
1135 3504 1342 3559 decoris
1379 3505 1516 3576 ejus.
1549 3503 1724 3568 Quasi
1757 3502 1944 3558 dicat:

275 3593 455 3648 Licet
486 3595 639 3648 terra
668 3593 742 3648 ab
770 3597 901 3648 ortu
933 3592 1074 3648 solis
1105 3609 1294 3664 usque
1323 3593 1396 3648 ad
1427 3609 1697 3648 occasum
1748 3595 1948 3648 vocata

277 3681 394 3746 sit,
425 3683 625 3736 tamen
644 3683 848 3752 species
878 3681 1088 3738 decoris
1115 3682 1254 3753 ejus,
1289 3681 1345 3737 id
1379 3686 1486 3749 est,
1522 3681 1624 3753 qui
1651 3679 1944 3753 Evangelii

274 3772 422 3842 ejus
443 3768 820 3840 pulchritudo
842 3770 1142 3837 dicuntur,
1167 3771 1400 3826 venient
1421 3787 1490 3826 ex
1508 3771 1667 3837 Sion,
1693 3771 1750 3824 id
1772 3775 1860 3826 est
1879 3787 1947 3825 ex

271 3858 535 3926 Judaeis,
571 3859 724 3931 quia
752 3859 1024 3932 apostoli,
1058 3860 1157 3932 qui
1205 3861 1428 3931 species
1459 3859 1736 3915 dicuntur
1763 3864 1944 3914 Evan-

271 3947 450 4022 gelii,
485 3948 793 4005 reddentes
823 3947 1018 4020 ipsum
1041 3949 1418 4021 Evangelium
1436 3948 1565 4004 aliis
1589 3948 1941 4020 speciosum,

269 4054 352 4093 ex
389 4037 606 4092 Iudaeis
638 4038 757 4093 nati
789 4041 948 4094 sunt.
965 4037 1068 4092 Vel
1096 4037 1216 4093 sic:
1247 4039 1288 4092 A
1319 4038 1453 4092 solis
1483 4043 1629 4103 ortu,
1659 4037 1717 4092 id
1743 4041 1851 4106 est,
1871 4037 1944 4092 ab

272 4125 412 4181 illis
444 4125 508 4180 in
531 4124 747 4196 quibus
769 4124 968 4195 aliquo
981 4125 1154 4180 modo
1169 4142 1271 4196 per
1288 4124 1678 4197 cognitionem
1700 4124 1844 4197 legis
1858 4124 1944 4180 sol

269 4229 466 4271 verus
495 4212 878 4286 resplenduit,
913 4229 1102 4284 usque
1131 4213 1203 4270 ad
1225 4213 1356 4270 illos
1386 4213 1442 4268 in
1478 4213 1692 4284 quibus
1713 4214 1946 4285 penitus

271 4301 506 4362 cecidit
534 4301 642 4359 sol.
671 4302 1140 4370 Vocavitterram,
1191 4302 1293 4358 sed
1322 4306 1518 4357 tamen
1547 4319 1617 4358 ea:
1646 4303 1775 4358 Sion
1809 4319 1945 4374 pro-

271 4390 472 4451 cessit
489 4390 651 4462 prius
672 4407 874 4463 spectes
898 4391 1106 4448 decoris
1119 4392 1237 4461 eius
1251 4391 1430 4453 ;unde
1457 4390 1602 4447 illud
1625 4409 1638 4446 :
1666 4392 1948 4461 Conﬁrma

270 4480 418 4544 hac,
449 4485 618 4549 Deus,
650 4480 791 4552 quod
819 4490 1070 4552 operatus
1089 4497 1152 4537 es
1177 4482 1234 4537 in
1267 4479 1446 4547 nobis,
1470 4497 1503 4534 a
1533 4481 1732 4552 templo
1761 4489 1946 4536 sancto

2059 1888 2207 1941 cium
2237 1887 2438 1943 laudis.
2491 1888 2571 1943 Ne
2621 1889 2734 1961 ipsi
2765 1891 2980 1960 quibus
3012 1892 3384 1960 contradixit,
3435 1893 3708 1964 deinceps

2059 1974 2270 2030 vellent
2298 1978 2460 2031 vacui
2481 1994 2766 2049 apparere
2784 1979 2845 2033 in
2878 1984 3192 2051 conspectu
3211 1982 3602 2046 suo,ostendit
3623 1983 3708 2038 eis

2059 2063 2413 2119 sacriﬁcium
2445 2083 2560 2136 quo
2593 2066 2714 2136 ipse
2758 2067 3040 2138 placatur,
3075 2068 3192 2123 sic:
3253 2071 3479 2124 l-mmola
3511 2071 3638 2137 Deo,
3675 2088 3708 2124 a

2061 2167 2175 2223 quo
2207 2151 2387 2208 habes
2417 2153 2703 2226 quidquid
2735 2155 2871 2210 boni
2905 2156 3102 2226 habes,
3144 2159 3478 2226 sacriﬁcium
3509 2158 3708 2223 laudis,

2060 2240 2214 2295 bona
2246 2257 2420 2311 opera
2450 2247 2572 2309 tua,
2594 2241 2879 2309 videlicet,
2905 2249 2968 2298 ut
2997 2243 3105 2299 hoc
3136 2245 3400 2300 videntes
3422 2245 3518 2300 alii
3541 2247 3709 2316 glori-

2059 2327 2225 2397 ﬁcent
2255 2334 2479 2385 Patrem
2525 2339 2762 2386 vestrum
2792 2335 2890 2403 qui
2922 2335 2981 2388 in
3011 2335 3161 2388 cadis
3190 2339 3270 2389 est
3301 2335 3506 2404 (Matth.
3541 2336 3625 2404 v):
3659 2338 3710 2390 et

2060 2417 2222 2473 redde
2242 2419 2526 2474 Altissimo
2549 2427 2674 2476 vota
2703 2426 2818 2490 tua,
2835 2423 3090 2493 teipsum
3113 2424 3555 2478 videlicet.Nam
3576 2425 3709 2494 quis

2060 2506 2192 2576 quis
2225 2507 2369 2562 bene
2400 2508 2618 2579 cogitat
2638 2509 2781 2580 quid
2805 2511 3128 2564 vovendum
3153 2511 3230 2565 sit
3262 2512 3396 2575 Deo,
3423 2511 3568 2565 nihil
3589 2511 3704 2566 Deo

2059 2595 2474 2666 acceptabilius
2489 2602 2674 2667 potest
2687 2599 2944 2654 invenire
2959 2615 3134 2669 quam
3152 2604 3217 2654 ut
3230 2600 3490 2671 seipsum
3503 2605 3708 2656 voveat

2055 2688 2111 2740 et
2140 2684 2364 2738 reddat.
2383 2686 2450 2739 Et
2478 2687 2669 2746 iiwoca
2697 2703 2782 2742 me
2807 2690 2866 2741 in
2897 2687 2986 2741 die
3008 2687 3403 2744 tribulationis.
3427 2689 3706 2751 Quasidi-

2055 2776 2146 2828 cat
2174 2789 2185 2825 :
2227 2771 2343 2828 Hoc
2375 2773 2566 2829 fructu
2591 2774 2718 2830 dico
2751 2780 2816 2830 ut
2847 2775 2991 2830 mihi
3025 2775 3294 2832 immoles
3344 2778 3699 2833 sacriﬁcium

2053 2859 2266 2928 laudis,
2301 2861 2438 2932 quia
2478 2863 2528 2918 si
2571 2863 2991 2930 immolaveris,
3025 2869 3081 2919 et
3111 2869 3311 2935 postea
3340 2865 3701 2921 invocaveris

2051 2966 2145 3006 me
2167 2951 2228 3004 in
2259 2950 2354 3005 die
2383 2951 2802 3022 tribulationis,
2829 2969 2935 3023 ego
2967 2969 3163 3009 eruam
3195 2959 3248 3008 te
3267 2955 3339 3009 ab
3371 2954 3499 3025 ipsa
3518 2954 3703 3009 tribu-

2051 3037 2286 3103 latione,
2319 3040 2706 3109 honoriﬁcabis
2743 3057 2848 3107 me,
2884 3040 3030 3096 nihil
3085 3043 3491 3112 prmsumendo
3522 3042 3594 3096 de
3625 3046 3699 3097 te.

2054 3136 2331 3190 Peccatori
2359 3140 2543 3192 autem
2590 3137 2725 3192 dicit
2757 3139 2930 3192 Deus:
2966 3141 3144 3206 Quare
3190 3148 3248 3195 tu
3277 3157 3503 3194 enarras
3541 3141 3703 3210 justi-

2053 3226 2160 3277 tias
2188 3226 2379 3278 meas?
2428 3225 2605 3287 Quasi
2645 3227 2842 3282 dicat:
2878 3228 2972 3282 Sic
3014 3227 3240 3283 loculus
3281 3233 3371 3282 est
3418 3227 3702 3282 Dominus

2055 3312 2268 3382 populo
2290 3329 2417 3379 suo,
2446 3330 2559 3367 non
2584 3330 2691 3368 suo
2717 3320 2936 3380 autem,
2955 3316 3226 3370 videlicet
3247 3316 3534 3386 peccaturi,
3559 3315 3699 3368 dixit

2055 3401 2223 3454 Deus:
2286 3400 2462 3465 Quare
2494 3405 2554 3454 tu
2595 3418 2824 3456 enarras
2863 3405 3113 3473 justitias
3158 3420 3324 3469 meas,
3360 3412 3414 3459 et
3471 3419 3701 3458 assumis

2053 3491 2438 3542 testamentum
2456 3505 2637 3544 meum
2654 3505 2753 3559 per
2777 3507 2833 3545 os
2853 3499 3007 3546 tuum
3029 3495 3053 3544 .9
3073 3493 3216 3547 Cum
3237 3509 3346 3548 non
3369 3493 3446 3549 sit
3464 3495 3704 3565 speciosa

2060 3576 2181 3632 laus
2211 3578 2269 3631 in
2291 3592 2384 3632 ore
2409 3580 2708 3649 peccatoris
2741 3579 3066 3651 (Eccli.xv),
3104 3581 3310 3652 quihic
3335 3582 3497 3636 audit
3517 3583 3702 3637 Deum

2056 3667 2549 3723 contradicentem
2565 3669 2850 3738 peccatori
2871 3686 2939 3724 ne
2959 3670 3250 3740 praedicet,
3267 3669 3701 3741 intelligateum

2054 3754 2194 3811 alibi
2228 3755 2556 3812 dicentem:
2605 3757 2739 3820 Quae
2771 3756 2994 3822 dicunt,
3017 3758 3235 3813 .facite:
3307 3774 3431 3828 qua:
3465 3755 3703 3827 faciunt,

2055 3852 2232 3909 nolite
2261 3854 2447 3910 facere
2477 3854 2697 3925 (Matth.
2731 3859 2916 3922 χχιιι).
2949 3855 3236 3928 Intelligat
3266 3861 3322 3911 et
3338 3853 3586 3910 Paulum
3618 3853 3705 3907 di-

2054 3946 2280 3998 centem
2307 3943 2460 3998 :Sive
2481 3945 2750 4009 veritate,
2765 3947 2881 4000 sive
2893 3945 3194 4001 occasione
3217 3945 3462 4000 Christus
3482 3961 3704 3998 annun-

2055 4032 2220 4086 tietur
2248 4031 2478 4102 (Philip.
2515 4032 2575 4102 ι),
2611 4037 2666 4086 et
2696 4037 2920 4089 caetera.
2954 4035 3064 4089 Sed
3100 4034 3219 4089 haec
3261 4035 3416 4089 dicta
3443 4038 3602 4099 sunt,
3635 4050 3706 4089 ne

2053 4120 2300 4174 timeant
2322 4120 2426 4191 qui
2453 4120 2723 4186 audiunt,
2757 4139 2829 4178 ne
2857 4123 2966 4180 vile
2995 4124 3072 4180 sit
3093 4124 3337 4180 verbum
3374 4124 3469 4178 Dei
3505 4142 3538 4179 a
3559 4139 3703 4193 quo-

2055 4224 2285 4279 cunque
2303 4209 2870 4267 audiunt.Peccatori
2883 4218 3076 4268 autem
3094 4214 3460 4268 interdicitur
3476 4229 3547 4266 ne
3561 4229 3703 4281 prae-

2056 4298 2229 4362 dicet,
2262 4303 2326 4352 ut
2355 4297 2436 4352 sic
2453 4315 2564 4352 non
2597 4301 2920 4356 sintsecuri
2947 4303 3047 4373 qui
3079 4302 3231 4356 bona
3253 4301 3456 4354 dicunt
3477 4304 3533 4353 et
3551 4297 3706 4352 mala

2057 4386 2294 4442 faciunt.
2329 4385 2473 4440 Nam
2493 4393 2631 4443 sunt
2654 4390 2752 4460 qui
2775 4390 3012 4444 dicunt:
3045 4390 3168 4443 Non
3183 4389 3383 4458 perdet
3400 4403 3506 4441 nos
3534 4391 3703 4451 Deus,

2054 4492 2159 4547 per
2186 4491 2437 4547 quorum
2468 4493 2533 4530 os
2564 4481 2728 4530 tanta
2757 4478 2911 4532 bona
2940 4476 3125 4533 voluit
3165 4476 3277 4530 dici
3310 4473 3524 4545 populo
3574 4489 3700 4544 suo,

271 4578 388 4626 tuo
424 4568 568 4640 quod
591 4571 756 4638 estin
786 4570 1094 4626 Jerusalem
1113 4570 1288 4638 (Psal.
1324 4569 1518 4639 vau).
1556 4574 1706 4624 Deus
1724 4569 1949 4626 deorum
1976 4558 2022 4622 D
2055 4581 2201 4636 quos
2223 4564 2367 4620 tales
2390 4564 2581 4635 arguit
2607 4565 2912 4630 Dominus,
2937 4565 3019 4620 sic
3045 4583 3057 4618 :
3094 4565 3282 4632 Quare
3298 4580 3528 4618 enarras
3547 4564 3710 4634 justi-

266 4659 562 4716 Dominus
592 4659 823 4725 locutus,
872 4660 1080 4715 vocavit
1109 4663 1336 4721 terram,
1371 4657 1571 4714 dicens
1599 4675 1611 4711 :
1663 4659 1824 4724 Audi,
1852 4675 1953 4731 po-

266 4749 460 4820 pulus
489 4761 665 4814 meus,
694 4751 747 4803 et
778 4748 973 4818 loquar
1003 4748 1190 4814 Israel,
1228 4747 1366 4819 quia
1396 4747 1446 4801 si
1478 4763 1591 4802 non
1627 4748 1816 4814 audis,
1845 4747 1954 4803 etsi

272 4837 528 4910 loquar,
559 4837 670 4892 tibi
702 4853 815 4892 non
846 4835 1071 4908 loquar,
1099 4841 1151 4892 et
1173 4835 1502 4905 testiﬁcabor
1522 4836 1644 4901 tibi,
1677 4837 1830 4906 quod
1861 4852 1954 4907 ego

276 4929 440 4984 Deus
470 4925 766 4983 Abraham
798 4930 855 4981 et
887 4927 1061 4992 lssac,
1093 4927 1230 4982 Deus
1260 4929 1387 4980 tuus
1413 4940 1558 4995 sum,
1595 4925 1642 4978 si
1675 4924 1864 4994 audis,
1896 4929 1954 4978 et

277 5016 340 5072 si
378 5031 500 5070 non
533 5014 727 5082 audis,
753 5031 858 5086 ego
881 5014 1032 5070 bono
1065 5030 1191 5070 meo
1218 5013 1370 5069 Deus
1384 5031 1542 5081 sum,
1574 5011 1728 5068 malo
1759 5017 1954 5069 autem

276 5109 404 5162 tuo
434 5108 587 5161 Deus
619 5108 758 5159 tuus
789 5120 905 5159 non
936 5119 1090 5158 sum.
1145 5103 1262 5158 Non
1291 5104 1353 5158 in
1379 5102 1668 5172 sacriﬁciis
1707 5104 1828 5162 tuis
1855 5119 1954 5158 ar-

280 5209 470 5266 guam
499 5197 570 5248 te.
605 5192 747 5248 Ecce
777 5193 932 5264 quod
966 5192 1311 5249 testiﬁcatur
1341 5208 1404 5248 se
1436 5209 1551 5248 non
1579 5191 1833 5264 amplius
1865 5209 1953 5248 re-

282 5281 539 5354 quirere.
565 5281 920 5338 sacriﬁcium
945 5281 1270 5337 secundum
1303 5279 1514 5352 legalia
1544 5281 1814 5337 instituta
1844 5282 1958 5336 fac-

280 5377 456 5438 tum,
477 5370 634 5442 quod
653 5369 810 5426 dicit.
819 5370 937 5426 Non
949 5386 1182 5438 arguam
1198 5370 1320 5424 tein
1335 5370 1625 5438 sacriﬁciis
1637 5370 1832 5436 tuis,id
1846 5374 1956 5439 est,

279 5476 425 5516 non
457 5458 755 5530 requiram
787 5475 822 5513 a
878 5464 957 5524 te,
989 5457 1099 5514 etsi
1131 5458 1378 5530 pingues
1426 5462 1626 5514 tauros
1657 5463 1714 5514 et
1751 5464 1959 5516 caetera

278 5546 589 5608 animalia
619 5548 765 5604 mihi
790 5548 1152 5616 mactaveris,
1184 5547 1325 5619 quid
1357 5551 1553 5603 autem
1587 5547 1769 5603 tunc?
1790 5551 1955 5606 Hoto-

271 5645 502 5708 caulta
529 5641 843 5702 autemtua
872 5640 932 5696 in
980 5645 1264 5711 conspectu
1289 5653 1410 5695 meo
1457 5640 1590 5696 sunt
1617 5653 1847 5716 semper,
1883 5641 1958 5698 id

641 5767 906 5837 PATROL.
951 5764 1211 5836 CXXXI.

2059 4657 2167 4709 tias
2195 4671 2366 4721 meas,
2389 4656 2444 4708 et
2471 4655 2705 4708 assumis
2730 4658 3115 4708 testamentum
3134 4670 3314 4708 meum
3333 4669 3432 4722 per
3451 4671 3507 4709 os
3529 4652 3711 4708 tuum?

2066 4753 2138 4806 Tu
2171 4769 2293 4808 vero
2328 4752 2492 4809 odisti
2518 4751 2893 4822 disciplinam.
2929 4751 3103 4816 Quasi
3145 4750 3335 4806 dicat:
3369 4752 3494 4807 Non
3533 4752 3709 4806 debes

2063 4857 2364 4896 assumere
2395 4843 2807 4895 testamentum
2833 4854 3030 4893 meum
3063 4854 3166 4910 per
3187 4854 3251 4895 os
3280 4843 3470 4904 tuum,
3496 4838 3634 4907 quia
3657 4844 3713 4889 tu

2063 4928 2222 4983 odisti
2249 4928 2688 4999 disciplinam,id
2718 4928 3218 4994 est,eruditionem
3243 4924 3714 4998 paternam,quia

2065 5017 2298 5088 quando
2313 5021 2718 5087 parco,cantas
2730 5022 2787 5072 et
2808 5018 3029 5072 laudas:
3050 5017 3285 5087 quando
3308 5014 3712 5084 castigo,mur-

2067 5106 2461 5177 muras,quasi
2494 5123 2647 5160 nunc
2661 5111 2892 5161 tantum
2916 5123 3107 5161 essem
3131 5105 3283 5160 Deus
3309 5118 3442 5158 cum
3458 5104 3714 5172 parco,et

2066 5213 2182 5251 non
2212 5195 2364 5250 Deus
2396 5199 2533 5249 tuus
2560 5211 2691 5250 cum
2710 5195 2952 5266 castigo,
2970 5211 3102 5249 cum
3125 5199 3320 5248 tamen
3344 5207 3550 5246 omnes
3567 5205 3712 5260 quos

2065 5288 2284 5349 amo,et
2309 5282 2527 5354 castigo
2549 5288 2604 5338 et
2633 5300 2813 5354 arguo
2837 5284 3020 5353 (Prov.
3047 5300 3110 5336 ιιι
3133 5301 3145 5348 ;
3170 5283 3327 5351 Apoc.
3352 5279 3714 5350 111).Etproje-

2064 5376 2190 5429 cisti
2208 5389 2481 5429 sermones
2500 5388 2644 5428 meos
2661 5377 2980 5435 retrorsum,
3008 5371 3107 5426 ubi
3130 5388 3244 5425 non
3268 5370 3573 5424 videantur
3589 5385 3621 5422 a
3636 5373 3714 5437 te,

2067 5463 2166 5518 sed
2188 5463 2475 5517 honorent
2499 5465 2574 5517 te.
2599 5461 2666 5516 Et
2689 5460 2797 5516 hoc
2819 5461 3152 5531 quomodo?
3175 5459 3378 5525 Quiasi
3397 5458 3612 5512 videbas
3629 5459 3718 5526 fu-

2066 5569 2204 5618 rem,
2237 5553 2491 5607 currebas
2519 5569 2646 5606 cum
2674 5567 2753 5618 eo,
2778 5549 2862 5605 illi
2899 5548 3336 5614 consentiendo,
3360 5546 3491 5602 licet
3512 5561 3714 5617 corpo-

2067 5641 2266 5703 raliter
2295 5640 2429 5700 talis
2459 5657 2576 5700 non
2622 5657 2803 5716 esses,
2853 5646 3059 5703 etcum
3110 5637 3383 5700 atulteris
3410 5635 3716 5711 portionem

3323 5767 3400 5850 .93
