4014 6194
322 345 438 409 395

891 342 1194 407 REMIGII
1237 339 1982 406 ANTISSIODORENSIS
2027 341 2198 405 OPP.
2245 342 2447 404 PARS
2491 341 2540 401 Ι.
2573 370 2652 387 -
2679 337 3138 402 EXEGETICA.

3600 337 3720 397 396

322 485 474 535 tuam
497 478 762 552 ponebas,
796 477 1211 534 consentiendo
1262 478 1473 533 iterum
1506 476 1611 544 eis,
1643 481 1701 532 et
1756 479 1964 548 praeter
1993 490 2045 556 Α
2078 476 2137 531 in
2160 475 2304 547 ipsis
2333 476 2593 546 populum
2614 491 2776 529 suum
2804 491 2838 529 a
2867 472 3080 545 populo
3103 487 3217 526 non
3232 485 3358 525 suo.
3384 469 3449 524 Et
3468 469 3721 540 quiavos

317 569 434 626 ista
465 574 722 642 peccata,
755 585 814 624 os
845 573 1001 623 tuum
1031 567 1332 622 abundavit
1369 569 1606 638 malitia,
1659 566 1716 620 id
1749 570 1836 621 est
1865 567 1964 621 de-

317 659 598 716 tractione
629 658 898 731 proximi,
930 662 981 714 et
1024 659 1217 726 lingua
1245 651 1366 712 tua‘
1389 656 1760 712 concinnabat
1789 655 1962 719 dolos,

318 749 376 803 id
407 753 511 817 est,
545 747 764 805 ornatis
788 747 978 803 verbis
998 745 1241 817 protulit
1263 745 1427 802 dolos
1449 762 1587 818 erga
1610 745 1962 816 proximum.

320 851 388 902 Et
419 847 710 919 quomodo
730 846 758 900 ’ἲ
785 846 930 908 Quia
957 845 1169 911 sedens,
1201 845 1257 898 id
1291 849 1400 912 est,
1428 845 1774 898 immoratus
1805 859 1866 897 es
1907 841 1965 896 in

322 935 741 992 deliberatione
772 934 894 1002 illa,
951 935 1104 1005 quod
1141 938 1378 988 notatur
1429 950 1532 1005 per
1563 933 1794 987 sedens.
1818 931 1964 985 Nam

323 1025 424 1096 qui
450 1033 612 1080 stans
630 1023 717 1079 vel
736 1023 1031 1079 transiens
1057 1023 1194 1078 facit
1216 1021 1460 1093 aliquid,
1483 1039 1597 1076 non
1620 1021 1847 1075 videtur
1863 1019 1966 1074 ad-

321 1115 522 1170 hibere
550 1112 904 1170 voluntatem
965 1113 1136 1182 facto,
1182 1113 1280 1184 qui
1313 1117 1506 1167 autem
1563 1111 1745 1181 sedet,
1779 1110 1965 1164 otium

323 1203 624 1276 quaeritnt
667 1202 859 1258 faciat.
894 1202 1055 1266 Quod
1106 1201 1202 1256 hic
1233 1201 1408 1256 dicit:
1457 1199 1655 1255 Sedens
1711 1199 1968 1254 adversus

321 1295 553 1364 fratrem
571 1295 728 1347 tuum
767 1291 1095 1364 loquebaris,
1128 1290 1485 1345 detrahendo
1511 1288 1623 1344 sibi
1654 1292 1710 1343 et
1757 1288 1839 1342 sic
1869 1287 1969 1342 ad-

320 1398 505 1438 versus
532 1383 714 1453 ﬁlium
740 1383 936 1436 matris
965 1388 1072 1435 tua:
1096 1379 1336 1450 ponebas
1364 1377 1707 1434 scandalum.
1743 1378 1970 1432 Fratres

325 1472 604 1528 dicuntur
631 1469 1006 1542 perfectiores
1037 1468 1097 1524 in
1126 1469 1376 1540 ﬁde,qui
1409 1472 1548 1522 sunt
1573 1467 1675 1521 ﬁlii
1714 1470 1971 1537 patrum,

325 1561 552 1616 habiles
582 1558 768 1614 solido
800 1558 928 1614 cibo
961 1558 1142 1625 reﬁci,
1189 1558 1406 1629 quibus
1439 1573 1573 1612 cum
1622 1555 1972 1619 detrahitur,

327 1655 800 1713 scandalizentur
821 1655 926 1711 ﬁlii
958 1655 1188 1722 matris,
1223 1655 1322 1726 qui
1351 1656 1540 1710 adhuc
1557 1653 1724 1726 quasi
1747 1653 1892 1708 lacte
1917 1655 1980 1706 et

339 1763 455 1802 non
488 1745 674 1802 solido
705 1745 832 1800 cibo
864 1745 1226 1801 nutriuntur.
1251 1749 1397 1798 Nam
1421 1761 1601 1799 cuma
1621 1743 1976 1815 quibusdam

331 1834 550 1890 Paulus
580 1834 1013 1902 detrahebatur,
1046 1832 1408 1888 dicentibus:
1446 1833 1710 1904 Epistolae
1757 1830 1978 1901 quidem

329 1941 520 1994 graves
542 1931 669 1979 sunt
698 1933 749 1979 et
787 1924 972 1993 fortes,
1007 1925 1305 1986 prmsentia
1333 1929 1515 1977 autem
1543 1923 1782 1992 corporis
1815 1920 1975 1988 infir-

326 2031 438 2084 ma,
469 2019 521 2068 et
547 2028 722 2068 sermo
751 2012 1178 2092 contemptibilis
1211 2011 1285 2082 (II
1314 2011 1434 2066 Cor.
1461 2011 1516 2081 x)
1543 2025 1555 2063 :
1615 2008 1697 2062 illi
1733 2010 1833 2080 qui
1865 2008 1976 2062 mi-

328 2119 438 2158 nus
468 2101 706 2174 perfecti
766 2100 1019 2157 erantin
1073 2101 1207 2170 ﬁde,
1241 2099 1801 2155 scandalizabantur.
1853 2100 1977 2154 Haec

327 2193 527 2262 fecisti,
559 2190 827 2247 videlicet
858 2189 1168 2245 cucurristi
1187 2205 1321 2244 eum
1344 2189 1490 2259 fure,
1516 2187 1841 2260 portionem
1873 2203 1974 2258 po-

329 2283 508 2338 nebas
541 2298 676 2337 cum
710 2279 992 2351 adultera,
1028 2285 1082 2336 et
1110 2281 1284 2347 tacui,
1317 2295 1350 2334 a
1371 2278 1676 2334 severitate
1709 2275 1974 2343 mea,dif—

329 2371 564 2426 ferendo
592 2369 909 2425 vindictam
941 2374 1006 2424 ut
1036 2369 1254 2424 faceres
1285 2367 1708 2440 paenitentiam,
1749 2370 1805 2420 et
1844 2365 1973 2419 ideo

335 2459 666 2514 existimasti
709 2461 898 2529 inique
921 2457 1059 2530 quod
1088 2474 1182 2513 ero
1212 2457 1317 2512 tibi
1345 2457 1572 2522 similis,
1624 2452 1973 2509 dimittendo

325 2545 596 2602 videlicet
643 2551 943 2617 peccatum
975 2550 1144 2600 tuum
1202 2545 1582 2614 impunitum,
1623 2546 1680 2597 et
1710 2542 1838 2597 ideo
1881 2558 1974 2595 ar-

324 2651 490 2706 guam
519 2639 570 2690 te
599 2635 670 2689 de
700 2639 932 2705 peccato
981 2638 1104 2699 tuo,
1137 2637 1188 2687 et
1243 2641 1483 2688 statuam
1537 2639 1726 2686 contra
1776 2631 1976 2701 faciem

328 2728 504 2791 tuam,
537 2726 604 2777 ut
623 2722 861 2777 tandem
883 2721 968 2778 sic
997 2737 1316 2794 cognoscas
1343 2719 1596 2774 multum
1618 2734 1746 2773 esse
1772 2733 1975 2788 pecca-

325 2817 455 2869 tum
485 2817 678 2881 tuum,
711 2811 864 2883 quod
888 2827 1002 2866 non
1034 2810 1301 2876 facerem,
1336 2810 1385 2865 si
1411 2808 1516 2863 tibi
1534 2805 1786 2863 multum
1810 2805 1974 2878 prius

326 2907 498 2960 esset.
559 2901 706 2958 Nam
757 2901 848 2956 cui
880 2899 1132 2956 multum
1187 2902 1277 2954 est
1325 2901 1647 2970 peccatum,
1699 2895 1750 2951 ei
1810 2895 1974 2968 igno-

329 2993 440 3049 scit
468 2993 644 3048 Deus.
677 2991 840 3046 Unde
896 2989 1073 3045 illud:
1129 2991 1195 3045 Si
1222 2992 1578 3059 nosmetipsos
1631 2985 1972 3057 dijudieare-

327 3098 472 3148 mus,
503 3097 614 3137 non
635 3081 822 3150 utique
849 3096 881 3134 a
906 3079 1011 3134 Deo
1029 3078 1463 3149 dijudiearemur
1487 3076 1531 3144 (Ι
1548 3075 1672 3130 Cor.
1696 3073 1797 3144 x1).
1823 3074 1973 3129 Huc-

330 3187 521 3242 usque
552 3172 961 3242 praeposteram
993 3167 1196 3223 ordine
1233 3165 1554 3221 introduxit
1581 3163 1779 3235 Asaph
1811 3161 1972 3218 Chri-

2074 565 2199 620 eoeli
2232 565 2479 620 vocandi
2507 565 2648 619 estis
2681 565 2748 618 ad
2783 563 2890 618 hoc
2925 560 3305 632 utjudieetis.
3339 563 3394 614 et
3418 576 3573 614 nunc
3594 576 3723 614 eon-

2072 663 2289 725 gregate
2319 655 2408 708 illi
2451 659 2668 708 sanctos
2715 655 2850 724 ejus,
2893 653 2988 722 qui
3033 651 3299 705 ordinant
3346 652 3729 704 testamentum

2075 747 2190 814 ejus
2221 759 2388 813 super
2415 743 2709 810 sacrificia,
2731 742 2798 795 id
2847 745 2954 804 est,
2984 741 3083 810 qui
3142 738 3566 810 promissiones
3597 740 3727 809 ejus

2078 832 2372 904 digniores
2406 831 2631 886 faciunt
2659 830 2964 885 sacriﬁciis
2996 829 3141 894 snis,
3175 827 3585 883 existimantes
3609 845 3725 882 non

2078 938 2206 977 esse
2222 921 2542 990 condignas
2558 920 2858 991 passiones
2883 919 3060 986 hujus
3079 918 3358 989 temporis
3380 918 3449 972 ad
3468 918 3729 972 futuram

2077 1009 2323 1082 gloriam
2359 1011 2533 1078 (Rom.
2567 1010 2716 1078 vni),
2747 1008 2833 1062 vel
2867 1007 2965 1078 qui
2998 1005 3272 1061 ordinant
3303 1011 3728 1064 testamentum

2078 1099 2204 1167 ejus
2235 1115 2412 1169 super
2443 1098 2747 1164 sacriﬁcia,
2795 1097 2849 1150 id
2885 1101 2991 1161 est,
3045 1096 3143 1167 qui
3180 1101 3407 1164 ponunt
3437 1097 3566 1167 ejus
3594 1113 3734 1168 pro-

2079 1186 2390 1242 missiones
2419 1203 2598 1257 super
2613 1188 2763 1241 bona
2795 1202 2970 1256 opera
2989 1203 3115 1248 sua,
3151 1185 3221 1240 de
3241 1185 3455 1240 virtute
3479 1186 3536 1239 in
3555 1185 3737 1240 virtu-

2079 1280 2197 1330 tem
2230 1280 2434 1331 euntes
2465 1276 2633 1347 (Psal.
2668 1275 2918 1345 LXXXIII),
2953 1282 3001 1329 et
3029 1273 3191 1329 vobis
3240 1275 3736 1347 congregantibus

2079 1367 2493 1420 annuntiabunt
2549 1364 2680 1419 coeli
2726 1365 3005 1435 justitiam
3061 1363 3199 1432 ejus,
3233 1363 3381 1419 hanc
3436 1364 3731 1434 videlicet,

2082 1456 2344 1526 quoniam
2373 1456 2515 1509 Deus
2552 1452 2728 1524 judex
2754 1456 2854 1517 est,
2897 1457 2956 1508 et
3006 1453 3258 1508 reddens
3289 1453 3607 1525 unicuique
3637 1472 3725 1510 se-

2083 1543 2341 1598 cundum
2374 1559 2550 1616 opera
2579 1560 2705 1597 sua.
2737 1541 2840 1598 Vel
2873 1543 2954 1596 sic
2977 1542 3261 1598 advocavit
3293 1547 3505 1598 terram
3534 1543 3738 1599 discer-

2084 1649 2213 1688 nere
2255 1633 2520 1704 populum
2566 1649 2745 1700 suum,
2778 1636 2835 1687 et
2891 1633 3037 1686 bene
3070 1636 3281 1704 potest,
3310 1633 3569 1702 quoniam
3598 1635 3738 1689 Deus

2078 1723 2260 1793 judea:
2279 1731 2376 1788 est,
2412 1722 2610 1776 omnia
2637 1721 2696 1775 in
2720 1721 2964 1775 veritate
2991 1720 3349 1776 discernens.
3383 1726 3449 1776 Et
3467 1724 3737 1793 quando-

2089 1811 2325 1882 quidem
2358 1812 2499 1865 Deus
2529 1809 2792 1865 occultus
2814 1809 2872 1864 in
2906 1809 3096 1880 primo
3120 1810 3369 1865 adventu
3395 1812 3594 1877 veniet,
3620 1828 3745 1867 ma-

2086 1900 2335 1954 nifestus
2357 1900 2414 1954 in
2441 1900 2716 1967 secundo,
2733 1899 3027 1966 intelligite
3052 1898 3169 1956 lare
3193 1901 3366 1954 verba
3384 1897 3743 1972 Domini,qui

2085 1989 2413 2043 obliviseimi
2449 1989 2622 2042 Deum
2665 1987 2994 2043 dicentem:
3048 1989 3398 2058 Sacriﬁcium
3441 1989 3645 2060 laudis,
3681 1990 3736 2045 id

2084 2081 2191 2146 est,
2227 2093 2399 2148 opera
2418 2076 2572 2131 bona
2594 2093 2708 2131 non
2733 2081 3220 2148 praesumptuose,
3245 2079 3345 2131 sed
3367 2077 3424 2131 in
3447 2077 3620 2136 laude
3637 2079 3733 2133 Dei

2085 2166 2255 2231 facta,
2285 2167 2666 2236 honoriﬁeabit
2697 2181 2801 2232 me,
2833 2174 2883 2219 et
2923 2167 3060 2231 illic,
3112 2165 3170 2220 id
3204 2171 3311 2231 est,
3345 2167 3403 2220 in
3448 2167 3732 2222 sacriﬁcio

2081 2253 2293 2320 laudis,
2327 2261 2415 2310 est
2446 2256 2551 2309 iter
2575 2270 2679 2325 quo
2709 2254 2987 2309 ostendam
3017 2256 3108 2309 illi
3134 2256 3380 2310 salutare
3408 2257 3524 2324 Dei,
3567 2257 3623 2311 id
3647 2261 3736 2312 est

2082 2343 2286 2398 Jesum
2318 2344 2636 2399 Christum.
2670 2343 2770 2397 Vel
2801 2344 3079 2398 ostendam
3100 2346 3192 2399 illi
3210 2347 3454 2401 salutare
3475 2347 3736 2418 l)ei,quia

2084 2432 2324 2504 diligam
2358 2438 2577 2501 eum,et
2600 2433 2984 2488 manifestabo
3000 2434 3292 2504 meipsum
3307 2436 3445 2502 ei,et
3461 2437 3590 2492 ideo
3608 2437 3729 2492 haec

2083 2523 2410 2594 intelligile,
2435 2539 2504 2577 ne
2530 2522 2752 2593 quando
2780 2524 2965 2594 rapiat
2995 2540 3116 2591 vos,
3151 2525 3435 2580 mittendo
3468 2525 3528 2581 in
3571 2531 3730 2582 tene-

2084 2610 2220 2665 bras
2249 2611 2588 2678 exteriores,
2620 2620 2800 2667 etnon
2832 2614 2902 2666 sit
2933 2614 3030 2682 qui
3055 2613 3282 2683 eripiat,
3333 2615 3473 2686 quia
3502 2633 3620 2672 non
3643 2621 3731 2672 est

2075 2699 2367 2768 judicium
2400 2704 2601 2754 contra
2631 2699 2967 2756 Dominum.

2685 2825 3008 2881 PSALMUS
3050 2826 3092 2881 L

2093 2929 2151 2966 ΙΝ
2173 2929 2349 2966 FINEM
2369 2929 2632 2968 PSALMUS
2651 2932 2838 2980 DAVID,
2862 2932 3089 2976 QUANDO
3110 2933 3211 2972 VEN
3223 2935 3276 2972 IT
3292 2936 3363 2974 AD
3377 2911 3490 2975 EUM
3507 2938 3731 2978 ΝΑΤΗΔΝ

2148 3024 2156 3034 .
2228 3001 2540 3054 PROPHETA,
2584 3002 2814 3048 QUANDO
2847 3005 3100 3042 INTBAVIT
3127 3007 3200 3044 AD
3242 3007 3580 3048 BETHSABEE.

2153 3112 2180 3139 «
2218 3090 2488 3147 Miserere
2510 3093 2621 3148 mei
2654 3093 2828 3164 Deus,
2852 3095 3171 3150 secundum
3197 3113 3461 3166 magnam
3490 3099 3730 3154 miseri-

2087 3203 2115 3229 «
2140 3181 2397 3235 cordiam
2415 3187 2670 3237 tuam.Et
2687 3184 3007 3238 secundum
3035 3183 3456 3239 multitudinem
3483 3187 3728 3242 misera-

330 3232 512 3328 stuin,
533 3232 870 3330 loquentem
892 3273 1009 3312 non
1042 3254 1370 3322 manifeste,
1403 3254 1503 3310 sed
1534 3252 1791 3308 occulte:
1837 3251 1969 3323 quia

2087 3291 2115 3317 «
2149 3268 2375 3324 tionum
2402 3275 2657 3336 tuarum,
2681 3270 2807 3326 dele
2834 3271 3202 3343 iniquitatem
3225 3289 3429 3344 meam.
3450 3273 3721 3346 Amplius

331 3349 460 3421 ipse
489 3363 624 3403 cum
655 3347 716 3400 in
747 3361 809 3401 se
848 3349 1002 3400 esset
1034 3345 1220 3411 fortis,
1253 3343 1526 3398 inﬁrmus
1555 3342 1616 3397 in
1668 3357 1840 3397 carne
1873 3358 1974 3412 ap-

333 3436 546 3510 paruit.
580 3436 726 3492 Nam
745 3434 1048 3506 oportebat
1065 3449 1200 3488 eum
1222 3432 1426 3503 videri,
1452 3436 1517 3487 ut
1547 3449 1664 3487 non
1688 3430 1975 3502 intellige-

332 3530 530 3582 retur:
586 3523 987 3591 contemni,ut
1043 3521 1441 3588 occideretur;
1499 3526 1557 3576 et
1596 3521 1680 3576 sic
1711 3519 1974 3575 occultus

331 3615 485 3670 inter
502 3613 734 3670 Judzeos
755 3611 1096 3682 ambulavit,
1117 3611 1267 3667 mira
1278 3611 1516 3679 faciens,
1534 3610 1691 3666 mala
1717 3609 1970 3681 patiens,

333 3713 520 3770 donec
548 3713 608 3767 in
636 3711 796 3785 ligno
829 3709 1384 3782 suspenderetur.Et
1412 3710 1552 3764 Deus
1581 3707 1892 3779 noster,qui
1912 3707 1972 3761 in

327 3803 518 3875 primo
549 3802 797 3858 adventu
830 3798 914 3856 sic
944 3798 1209 3856 occultus
1250 3799 1426 3865 venit,
1458 3799 1635 3852 veniet
1685 3798 1974 3866 manifeste

327 3901 500 3948 etnon
514 3888 1028 3960 silebitjudicando
1059 3887 1159 3958 qui
1182 3891 1321 3941 tunc
1334 3902 1450 3940 non
1472 3885 1639 3940 siluit
1657 3885 1968 3954 monendo,

327 3985 514 4036 etnon
535 3977 730 4033 silebit
759 3976 1078 4047 injudicio,
1105 3969 1206 4047 qui
1234 3979 1375 4030 tunc
1407 3991 1521 4030 non
1540 3973 1703 4029 siluit
1729 3974 1788 4027 in
1822 3990 1971 4044 pra:-

329 4070 515 4138 cepto.
546 4066 695 4136 Ignis
726 4067 787 4119 in
801 4071 1088 4136 conspectu
1115 4066 1234 4136 ejus
1264 4065 1510 4121 ardebit.
1546 4063 1704 4136 Ignis
1734 4063 1842 4119 iste
1874 4081 1970 4135 pa-

327 4155 482 4210 leam
512 4153 818 4218 incinerat,
877 4169 1084 4208 aurum
1118 4157 1351 4225 purgat,
1409 4153 1510 4208 sed
1541 4157 1838 4208 mutemus
1886 4153 1968 4207 vi-

328 4249 472 4311 tam,
504 4247 571 4299 ut
598 4259 714 4298 non
743 4241 1060 4297 timeamus
1087 4257 1342 4313 poenam,
1372 4246 1428 4297 et
1484 4242 1543 4295 in
1571 4241 1678 4296 hoc
1717 4242 1970 4314 quisque

326 4334 578 4405 studeat,
612 4332 754 4405 quia
781 4336 839 4388 et
867 4331 917 4386 si
947 4329 1073 4386 ﬁeri
1122 4333 1322 4402 posset
1349 4333 1414 4384 ut
1465 4329 1588 4386 dies
1610 4330 1820 4400 judicii
1852 4348 1968 4388 non

326 4424 513 4492 ﬁeret,
538 4427 735 4478 tamen
784 4438 900 4477 non
954 4422 1108 4476 esset
1134 4417 1285 4474 male
1340 4418 1688 4474 vivendum:
1750 4421 1890 4491 quia
1919 4422 1969 4476 si

326 4510 492 4568 nulla
511 4511 622 4567 alia
642 4509 1159 4583 pcenaimmineret
1179 4507 1582 4579 peccatoribus
1599 4507 1709 4564 nisi
1733 4525 1967 4581 separa-

2093 3377 2114 3405 α
2148 3356 2277 3413 lava
2323 3375 2416 3414 me
2465 3361 2535 3414 ab
2585 3359 2892 3432 iniquitate
2939 3379 3090 3428 mea,
3140 3367 3198 3416 et
3227 3379 3260 3417 a
3309 3367 3539 3434 peccato
3590 3381 3725 3420 meo

2086 3470 2113 3496 «
2140 3449 2360 3502 munda
2389 3465 2502 3506 me;
2536 3450 2822 3514 Quoniam
2845 3450 3215 3521 iniquitatem
3257 3468 3445 3507 meam
3477 3469 3581 3524 ego
3630 3471 3729 3510 co-

2089 3559 2109 3584 ε
2144 3551 2379 3607 gnosco,
2411 3542 2469 3592 et
2497 3543 2798 3609 peccatum
2819 3557 3016 3594 meum
3043 3545 3244 3595 contra
3259 3558 3350 3596 me
3369 3546 3456 3597 est
3476 3560 3729 3615 semper.

2083 3648 2109 3673 ‹‹
2144 3625 2270 3680 Tibi
2299 3625 2670 3697 solipeccavi,
2697 3632 2753 3682 et
2774 3628 2992 3684 malum
3015 3646 3213 3684 coram
3243 3634 3297 3685 te
3316 3631 3446 3700 feci,
3471 3633 3728 3702 utjusti-

2082 3737 2109 3762 ‹‹
2145 3716 2335 3770 ﬁceris
2356 3715 2414 3769 in
2431 3717 2796 3773 sermonibus
2819 3718 2957 3784 tuis,
2981 3720 3246 3775 etvincas
3265 3737 3399 3775 cum
3417 3722 3726 3791 judicaris.

2081 3825 2108 3853 ‹‹
2142 3805 2282 3859 Ecce
2312 3803 2467 3858 enim
2501 3805 2558 3858 in
2592 3805 3001 3877 iniquitatibus
3045 3815 3361 3879 conceptus
3391 3826 3547 3877 sum,
3576 3817 3634 3864 et
3663 3809 3726 3864 in

2085 3915 2111 3942 ‹‹
2142 3893 2394 3964 peccatis
2426 3896 2687 3967 concepit
2717 3912 2809 3950 me
2839 3901 3027 3952 mater
3058 3914 3203 3952 mea.
3228 3899 3370 3954 Ecce
3401 3897 3555 3953 enim
3581 3900 3729 3953 veri-

2087 4000 2108 4028 α
2143 3985 2322 4036 tatem
2353 3981 2622 4052 dilexisti,
2674 3984 2894 4039 incerta
2923 3989 2979 4039 et
3025 3985 3254 4040 occulta
3283 3987 3578 4058 sapientiae
3611 3992 3724 4042 tuae

2080 4093 2107 4118 «
2133 4071 2489 4126 manifestati
2513 4071 2676 4126 mihi.
2700 4075 2985 4145 Asperges
3014 4090 3125 4143 me,
3154 4075 3418 4141 Domine,
3447 4076 3725 4149 hyssopo,

2081 4182 2108 4208 ‹‹
2142 4164 2198 4214 et
2213 4177 2307 4215 mu
2319 4161 2785 4231 ndabor,lavabis
2800 4167 2962 4218 meet
2981 4180 3160 4235 super
3175 4164 3362 4220 nivem
3385 4165 3724 4221 dealbabor.

2079 4272 2106 4297 ‹‹
2142 4249 2374 4304 Auditui
2389 4267 2516 4306 meo
2534 4250 2700 4306 dabis
2720 4252 3001 4323 gaudium
3025 4258 3083 4308 et
3101 4253 3444 4320 ltetitiam,et
3463 4253 3733 4309 exsulta-

2080 4361 2106 4386 «
2142 4338 2290 4393 bunt
2305 4356 2439 4395 ossa
2451 4339 2778 4395 humiliata.
2799 4342 3001 4397 Averte
3017 4343 3221 4397 faciem
3237 4348 3400 4397 tuam
3415 4360 3448 4398 a
3469 4344 3728 4415 peccatis

2080 4451 2106 4476 ‹‹
2128 4429 2356 4499 meis,et
2387 4445 2590 4484 omnes
2608 4429 2949 4501 iniquitates
2971 4447 3131 4486 meas
3153 4431 3414 4487 dele.Cor
3431 4433 3730 4488 mundum

2082 4539 2108 4566 «
2139 4533 2270 4572 crea
2301 4519 2357 4571 in
2411 4534 2502 4572 me
2534 4523 2705 4589 Deus,
2756 4523 2812 4573 et
2841 4519 3116 4590 spiritum
3145 4525 3367 4576 rectum
3417 4522 3631 4577 innova
3662 4523 3728 4579 in
3759 4548 3775 4560 ν

324 4600 406 4655 tio
441 4617 475 4655 a
497 4599 642 4655 facie
661 4600 782 4665 Dei,
813 4604 1008 4654 tamen
1040 4599 1099 4652 in
1121 4595 1485 4670 quantalibet
1505 4601 1702 4651 essent
1727 4599 1967 4654 affluen-
2000 4599 2047 4664 D
2079 4629 2106 4655 ‹‹
2132 4607 2454 4661 visceribus
2486 4607 2651 4662 meis.
2703 4608 2784 4662 Ne
2818 4609 3088 4679 projicias
3123 4625 3216 4664 me
3265 4629 3297 4665 a
3328 4611 3471 4666 facie
3512 4616 3634 4681 tua,
3665 4617 3734 4666 et

325 4690 409 4744 tia
437 4688 915 4758 divitiarum,uon
929 4688 1193 4743 videntes
1225 4705 1258 4741 a
1287 4703 1402 4758 quo
1434 4687 1609 4741 creati
1642 4692 1860 4755 sunt,et
1885 4704 1971 4744 se-

323 4776 512 4848 parati
543 4776 616 4830 ab
649 4775 748 4830 illa
777 4776 1083 4832 dulcedine
1113 4776 1374 4831 veritatis
1421 4775 1569 4845 ejus,
1604 4792 1666 4830 se
1695 4775 1967 4849 plangere

324 4866 632 4922 deberent:
671 4865 827 4936 quod
841 4870 1123 4920 noverunt
1147 4863 1251 4930 illi,
1287 4865 1699 4936 quiutcunque
1713 4866 1970 4923 veritatis

320 4964 482 5021 illius
537 4963 909 5019 dulcedinem
959 4964 1174 5018 sentire
1231 4967 1550 5034 coeperunt.
1609 4963 1714 5028 Qui
1770 4968 1964 5020 autem

321 5071 439 5110 non
469 5053 767 5109 desiderat
801 5052 1029 5119 faciem,
1063 5052 1268 5107 timeat
1299 5050 1383 5107 vel
1438 5052 1654 5124 ignem,
1689 5058 1744 5108 et
1791 5071 1963 5126 quem

321 5160 437 5198 non
468 5141 717 5196 invitant
768 5141 1028 5212 praemia,
1061 5144 1317 5194 terreant
1365 5139 1672 5212 supplicia.
1725 5141 1848 5197 Vile
1879 5147 1968 5198 est

319 5232 426 5287 tibi
457 5231 612 5303 quod
635 5229 990 5302 pollicetur?
1019 5229 1403 5285 contremisce
1435 5229 1641 5285 saltem
1666 5232 1820 5301 quod
1856 5231 1962 5286 mi-

318 5325 510 5377 natur.
543 5323 608 5375 Et
635 5322 696 5374 in
715 5321 1086 5392 eireuituejus
1115 5322 1402 5391 tempestas
1418 5319 1623 5386 valida,
1647 5337 1773 5391 qua:
1805 5337 1966 5393 sepa-

319 5409 475 5466 rabit
503 5424 686 5481 agnos
716 5409 788 5464 ab
808 5409 1150 5479 baedis,quae
1178 5407 1486 5464 ventilabit
1513 5424 1684 5462 omne
1715 5425 1963 5479 granum

317 5517 352 5556 a
380 5497 564 5570 paleis
593 5497 916 5569 separando
947 5497 1165 5564 (Matth.
1197 5515 1327 5568 xxv,
1361 5498 1468 5568 ni).
1491 5497 1557 5550 Et
1579 5495 1829 5567 qualiter
1858 5497 1965 5553 hoc

317 5586 462 5644 ﬁet?
490 5585 778 5642 Advoeavit
807 5586 1005 5641 caelum
1040 5585 1344 5653 desursum,
1379 5586 1437 5640 id
1469 5589 1578 5652 est,
1605 5586 1964 5656 judicatores

317 5691 457 5738 suos
483 5692 496 5735 :
527 5683 579 5735 et
596 5678 825 5747 terram,
856 5675 916 5736 id
937 5678 1044 5748 est,
1067 5675 1229 5750 ipsos
1253 5674 1635 5748 judicandos,
1658 5675 1873 5737 diseem
1905 5693 1936 5736 r

2081 4720 2107 4745 ‹‹
2143 4695 2426 4766 Spiritum
2461 4701 2733 4751 sanctum
2765 4701 2932 4751 tuum
2967 4714 3039 4752 ne
3065 4700 3295 4754 auferas
3328 4717 3361 4754 a
3390 4716 3502 4754 me.
3529 4701 3732 4757 Redde

2079 4808 2106 4835 «
2140 4784 2286 4839 mihi
2342 4784 2604 4840 laetitiam
2655 4785 2934 4840 salutaris
2984 4787 3090 4852 tui,
3152 4793 3209 4840 et
3239 4787 3449 4858 spiritu
3511 4787 3737 4859 princi-

2077 4897 2105 4923 «
2140 4874 2255 4946 pali
2287 4876 2569 4930 conﬁrma
2599 4891 2710 4940 me,
2761 4875 2985 4929 Docebo
3014 4875 3249 4947 iniquos
3297 4877 3421 4932 vias
3469 4881 3622 4940 tuas,
3664 4883 3734 4932 et

2080 4964 2295 5036 «impii
2349 4965 2417 5018 ad
2453 4970 2507 5027 te
2535 4968 2962 5019 convertentur.
3019 4965 3216 5019 Libera
3245 4980 3338 5019 me
3385 4966 3456 5020 de
3487 4967 3737 5037 sangui-

2077 5077 2104 5103 «
2137 5054 2331 5117 nibus,
2365 5059 2515 5108 Deus
2545 5054 2698 5108 Deus
2721 5052 2928 5108 salutis
2952 5069 3113 5120 mete,
3145 5052 3500 5110 etexultabit
3521 5055 3735 5126 lingua

2077 5167 2102 5192 ‹‹
2130 5159 2260 5197 mea
2282 5142 2573 5212 justitiam
2597 5147 2781 5196 tuam.
2810 5142 3046 5197 Domine
3068 5142 3222 5197 labia
3251 5160 3380 5199 mea
3411 5145 3735 5215 aperies,et

2079 5249 2197 5286 «os
2228 5247 2421 5285 meum
2455 5230 2829 5286 annuntiabit
2858 5230 3089 5285 laudem
3115 5236 3299 5286 tuam.
3342 5232 3626 5295 Quoniam
3672 5235 3734 5288 si

2077 5320 2404 5376 «voluisses
2418 5320 2770 5374 sacriﬁcium
2784 5320 3333 5393 ,dedissemzutique
3357 5321 3729 5378 holocaustis

2077 5436 2102 5462 ‹‹
2133 5429 2247 5466 non
2279 5409 2677 5465 delectaberis.
2711 5409 3070 5464 Sacriﬁcium
3093 5410 3208 5465 Deo
3234 5411 3478 5482 spiritus
3508 5410 3734 5466 contri-

2079 5523 2106 5549 «
2138 5500 2395 5570 bulatus,
2430 5516 2528 5554 cor
2557 5499 2870 5554 contritum
2905 5504 2962 5553 et
3011 5499 3386 5555 humiliatum
3422 5505 3575 5555 Deus
3608 5517 3729 5556 non

2078 5612 2106 5637 ‹‹
2135 5589 2438 5660 despicies.
2464 5588 2716 5660 Benigne
2747 5588 2857 5654 fac,
2886 5587 3148 5653 Domine,
3174 5588 3233 5643 in
3254 5589 3409 5644 bona
3425 5587 3730 5644 voluntate

2073 5701 2104 5737 cc
2137 5681 2240 5736 tua
2266 5677 2424 5749 Sion,
2476 5681 2542 5736 ut
2569 5675 2927 5735 aediﬁcentur
2955 5677 3110 5735 muri
3151 5676 3502 5738 Jerusalem.
3556 5678 3742 5742 Tunc
