4014 6194
288 321 410 388 409

855 464 1191 522 PSALMUS
1225 465 1371 523 LIII.

284 562 348 603 ηε
377 563 557 605 ΙῚΝΒΚ
612 566 673 606 IN
728 568 1109 621 CARMINIBUS,
1169 573 1542 613 INTELLECTUS
1592 575 1783 625 DAVID,
1816 576 1937 616 CUM

354 635 667 678 VENISSENT
718 641 921 692 ZIPHEI,
980 644 1048 682 ΕΤ
1095 644 1478 685 NUNTIASSEN’I‘
1507 647 1712 687 SAULIZ
1748 648 1937 687 NONNE

355 706 524 746 DAVID
554 710 938 753 aescoxnrrus
968 716 1067 755 ss'r
1096 716 1242 755 APUD
1275 718 1380 756 NOS
1401 701 1428 755 Ἰ

348 836 376 864 ‹‹
411 819 584 881 Deus,
616 817 673 873 in
707 821 945 878 nomine
967 826 1070 879 tuo
1114 823 1343 881 salvum
1367 842 1461 880 me
1502 826 1609 895 fac,
1657 831 1713 881 et
1734 827 1792 882 in
1821 828 1936 883 vir-

275 906 459 958 «tute
514 909 618 960 tua
663 909 867 977 judica
924 928 1036 966 me.
1100 913 1275 980 Deus,
1337 914 1545 969 exaudi
1614 916 1934 972 orationem

275 1013 315 1042 at
343 1008 536 1048 meam
561 1012 574 1060 ;
597 996 838 1053 auribus
862 1001 1093 1072 percipe
1114 1003 1293 1057 verba
1329 1004 1447 1059 oris
1490 1004 1623 1059 mei.
1649 1004 1933 1068 Quoniam

277 1100 310 1129 α
348 1080 522 1137 alieni
543 1082 987 1143 insurrexerunt
1009 1091 1319 1147 adversum
1344 1110 1457 1163 me,
1481 1099 1540 1149 et
1582 1094 1759 1149 fortes
1777 1112 1932 1167 quaa-

278 1190 313 1219 α
344 1169 571 1225 sierunt
588 1173 847 1231 animam
870 1194 1084 1245 meam,
1104 1185 1161 1235 et
1176 1198 1290 1236 non
1312 1188 1739 1254 proposuerunt
1753 1189 1933 1241 Deum

281 1280 321 1309 α-
345 1263 483 1315 ante
514 1270 894 1335 conspectum
926 1284 1121 1324 suum.
1165 1270 1306 1326 Ecce
1328 1270 1482 1327 enim
1513 1276 1664 1328 Deus
1698 1274 1935 1344 adjuvat

278 1364 312 1396 ‹‹
344 1363 457 1415 me,
482 1353 540 1405 et
563 1353 849 1410 Dominus
868 1361 1174 1429 susceptor
1198 1364 1287 1414 est
1309 1360 1519 1415 animae
1539 1377 1699 1417 metu.
1724 1368 1932 1419 Averte

272 1457 306 1489 α
338 1436 493 1493 mala
510 1437 769 1499 inimicis
793 1444 960 1515 meis,
985 1446 1046 1501 in
1068 1447 1309 1504 veritate
1342 1452 1444 1505 tua
1483 1450 1756 1521 disperde
1775 1450 1927 1508 illos.

272 1546 303 1574 «ς
338 1524 678 1584 Voluntaria
706 1532 1045 1589 sacriﬁcabo
1091 1535 1222 1601 tibi,
1253 1540 1310 1591 et
1355 1538 1679 1593 conﬁtebor
1706 1540 1926 1595 nomini

273 1634 304 1665 α
336 1617 459 1682 tuo,
492 1615 759 1687 Domine,
793 1622 1075 1692 quoniam
1118 1623 1341 1680 bonum
1396 1631 1503 1681 est.
1546 1628 1831 1692 Quoniam
1863 1646 1931 1685 ex

269 1724 300 1751 κ
332 1704 492 1759 omni
523 1706 901 1766 tribulatione
930 1711 1201 1784 eripuisti
1236 1731 1348 1781 me,
1382 1719 1439 1771 et
1460 1732 1639 1788 super
1657 1716 1929 1774 inimicos

268 1812 300 1841 α
333 1807 494 1849 meos
526 1794 791 1868 despexit
827 1798 1035 1857 oculus
1067 1818 1257 1859 meus.
1294 1824 1321 1853 ››

888 1924 1154 1982 ENARRA
1168 1926 1289 1981 T10.

340 2004 440 2061 Hic
460 2006 673 2062 titulus
694 2026 763 2064 ex
784 2010 1031 2069 historia
1078 2019 1167 2069 est
1213 2020 1487 2088 sumptus
1510 2019 1555 2089 (l
1587 2020 1717 2093 Reg.
1746 2022 1920 2093 xxvr)

268 2092 448 2148 David
474 2094 704 2167 fugiens
726 2098 985 2168 Saulem,
1015 2100 1185 2157 latuit
1205 2103 1265 2158 in
1306 2105 1560 2161 Hebron.
1606 2092 1791 2172 Quam
1818 2092 1939 2165 rem

270 2181 525 2237 scientes
547 2184 765 2257 Ziphei,
794 2188 933 2243 dicti
956 2207 989 2244 a
1009 2191 1134 2246 vico
1158 2192 1323 2263 Zipb,
1356 2202 1777 2252 accusaverunt
1796 2214 1930 2254 eum

272 2269 430 2338 apud
457 2269 716 2339 Saulem,
768 2275 1065 2334 dicentes:
1118 2282 1253 2335 Ecce
1282 2282 1455 2336 David
1488 2283 1839 2342 absconditus
1864 2291 1943 2342 est

272 2357 425 2426 apud
450 2374 569 2414 nos.
607 2360 743 2416 Saul
770 2368 1232 2436 persequebatur
1250 2369 1451 2436 David,
1476 2376 1531 2426 et
1551 2389 1795 2445 regnum
1818 2380 1937 2431 ter-

282 2459 495 2503 renum
523 2450 902 2521 persequitur
929 2453 1081 2511 ﬁlios
1115 2458 1277 2529 regni
1317 2459 1589 2516 ccelestis.
1615 2462 1757 2533 Ziph
1779 2464 1940 2521 vicus

280 2536 390 2600 est,
423 2538 480 2588 et
536 2535 957 2608 interpretatur
1012 2546 1129 2614 ﬂos,
1190 2546 1327 2602 inde
1388 2548 1606 2619 Zipbei,
1662 2553 1935 2621 ﬂorentes,

281 2622 435 2693 quod
457 2621 517 2677 in
539 2622 653 2681 isto
678 2628 899 2683 mundo
916 2633 1320 2701 peccatoribus
1342 2637 1543 2691 datum
1567 2642 1687 2703 est;
1708 2642 1821 2695 vita
1840 2658 1937 2696 no-

280 2713 421 2777 stra,
453 2710 648 2782 inquit
698 2716 1037 2787 Apostolus,
1097 2723 1413 2778 abscondita
1460 2728 1538 2780 est
1567 2742 1691 2781 eum
1716 2728 1935 2785 Christo

278 2798 469 2857 i1er
500 2799 636 2871 (σοι.
682 2804 791 2875 in),
850 2804 995 2863 latet
1043 2808 1309 2865 Christus
1367 2811 1483 2880 hic,
1538 2822 1825 2884 quantum
1859 2818 1932 2873 ad

277 2888 669 2958 majestatem,
700 2891 760 2947 in
791 2908 907 2964 qua
929 2896 1307 2966 judicaturus
1326 2904 1417 2956 est
1441 2918 1453 2955 :
1483 2900 1623 2957 latet
1643 2910 1932 2974 quantum

275 2976 348 3033 ad
368 2975 630 3035 laborem
652 2980 883 3051 piorum
901 2988 957 3039 et
975 2985 1175 3042 ﬂorem
1193 2986 1508 3060 impiorum
1522 2992 1686 3061 ,quia
1704 2994 1935 3049 malunt

272 3065 464 3123 sancti
517 3068 579 3123 in
627 3068 737 3126 hoc
770 3073 991 3129 mundo
1021 3091 1282 3133 arescere
1313 3083 1369 3132 et
1400 3095 1689 3151 pauperes
1720 3098 1847 3139 esse
1876 3089 1936 3139 et

273 3154 530 3223 obscuri,
562 3163 848 3227 quantum
893 3163 964 3218 ad
1015 3163 1263 3235 gloriam
1312 3167 1715 3239 temporalem,
1749 3188 1931 3241 quam

267 3241 366 3303 hic
386 3244 613 3302 ﬂorere.
666 3248 794 3305 Non
815 3256 1013 3309 autem
1057 3252 1197 3309 latet
1221 3254 1490 3312 Christus
1536 3263 1824 3327 quantum
1856 3263 1929 3317 ad

265 3347 487 3389 nomen
513 3349 711 3405 suum,
745 3339 903 3410 quod
936 3340 1113 3396 etiam
1144 3341 1234 3396 illi
1288 3344 1627 3413 praedicant,
1661 3346 1762 3417 qui
1794 3364 1928 3404 eum

263 3420 441 3481 factis
464 3430 697 3493 negant.
720 3426 941 3498 Zipbei,
974 3429 1030 3484 id
1056 3433 1164 3499 est,
1215 3436 1482 3487 amantes
1522 3432 1723 3489 ﬂorem
1748 3435 1929 3506 hujus

264 3510 419 3579 vitae,
439 3519 721 3572 accusant
745 3516 926 3573 David
957 3515 1256 3585 latentem,
1302 3519 1530 3577 scilicet
1566 3522 1928 3581 Christianos

258 3598 527 3657 volentes
548 3601 607 3657 in
628 3603 738 3663 hac
749 3604 869 3661 vita
881 3606 1057 3663 latere
1072 3611 1512 3667 contemnentes
1525 3610 1625 3682 huj
1635 3628 1668 3665 u
1678 3629 1705 3666 s
1720 3614 1926 3669 mundi

261 3702 478 3744 vanam
501 3689 768 3762 gloriam,
786 3694 973 3751 ethoc
995 3696 1218 3752 faciunt
1264 3697 1518 3755 maxime
1564 3701 1720 3771 apud
1743 3717 1924 3758 saecu-

258 3773 418 3834 lares
448 3783 785 3853 potestates,
818 3799 1070 3854 quarum
1104 3786 1394 3857 potentias
1445 3792 1503 3843 et
1551 3789 1802 3849 honores
1824 3791 1922 3847 isti

259 3868 672 3925 contemnunt.
698 3869 823 3929 ilco
850 3871 1183 3928 referuntur
1198 3875 1256 3931 in
1281 3875 1468 3944 ﬁnem,
1492 3876 1549 3931 id
1574 3882 1680 3945 est,
1706 3879 1765 3934 in
1789 3895 1922 3936 con-

254 3954 691 4013 summationes
711 3962 1068 4030 temporum,
1090 3962 1185 4018 ubi
1208 3963 1265 4017 in
1286 3963 1494 4033 spiritu
1514 3964 1629 4021 Deo
1647 3968 1918 4036 servitur,

253 4045 479 4099 etsunt
499 4045 805 4104 intellectus
831 4049 1019 4119 David,
1044 4049 1104 4105 id
1155 4055 1264 4121 est,
1316 4051 1506 4108 ﬁdelis
1554 4057 1782 4125 animai,
1816 4073 1915 4113 cu-

257 4129 479 4201 pientis
499 4133 559 4189 in
586 4134 761 4193 David
784 4151 913 4195 esse
934 4138 1117 4195 David
1142 4140 1229 4195 vel
1255 4140 1492 4210 Christi,
1512 4146 1569 4198 et
1600 4144 1672 4199 ab
1694 4160 1760 4201 eo
1784 4162 1915 4217 pro-

252 4220 493 4291 positus
520 4221 674 4295 aliis,
704 4226 1015 4284 intellectus
1046 4228 1197 4297 dico,
1232 4228 1541 4287 habendus
1574 4233 1634 4287 in
1655 4236 1918 4291 earn-imi-

256 4309 380 4376 ὸω,
406 4308 577 4371 idest
592 4313 1001 4373 exsultatione.
1022 4316 1143 4373 Hoc
1164 4317 1322 4373 enim
1370 4318 1591 4376 habent
1608 4323 1794 4378 sancti
1818 4324 1914 4379 in-

250 4397 537 4469 telligere,
561 4400 656 4458 hic
676 4418 803 4463 esse
824 4405 1200 4476 gaudendum
1238 4407 1295 4461 in
1344 4407 1740 4479 tribulatione,
1774 4413 1913 4484 quia

1420 333 1570 397 EN'A
1582 334 2033 401 RR‘ATIONEB
2073 336 2159 401 IN
2197 340 2579 412 PSALMOS.

1968 470 2031 538 Α
2055 489 2186 530 sum
2218 475 2279 530 in
2310 480 2547 537 nomine
2575 485 2698 549 tuo,
2729 481 3126 556 gloriﬁcando,
3160 484 3210 541 si
3266 485 3339 542 ad
3385 492 3580 561 caput,
3605 488 3695 547 vel

3576 354 3699 420 M0

2047 564 2515 637 me'gloriantem
2546 572 2607 627 in
2638 575 2875 630 nomine
2903 580 3024 643 tuo,
3059 576 3108 631 si
3161 577 3233 631 ad
3265 578 3549 634 membra.
3582 579 3697 636 Alii

2046 661 2317 725 quaerunt
2347 657 2597 716 salutem
2632 663 2693 717 in
2726 681 2832 719 suo
2865 666 3121 734 nomine,
3156 667 3214 721 in
3246 666 3485 735 divitiis,
3518 668 3576 723 in
3600 669 3698 725 ho-

2046 744 2309 815 noribus,
2337 746 2394 801 in
2420 751 2734 818 potenttis:
2760 755 2859 808 sed
2880 760 2943 809 tu
2961 756 3176 811 salvum
3198 774 3285 811 me
3304 758 3411 827 fac,
3433 774 3521 814 me
3542 758 3693 829 dico,

2045 828 2468 903 intelligentem
2499 835 2636 891 alibi
2670 855 2783 894 non
2817 857 2946 897 esse
2979 844 3230 900 salutem
3256 844 3368 901 nisi
3391 848 3448 901 in
3470 849 3699 903 nomine

2045 928 2159 986 tuo,
2183 920 2282 976 illo
2304 923 2524 979 scilicet
2545 927 2701 997 quod
2737 930 2892 999 apud
2930 933 3125 987 seaculi
3152 934 3424 991 ﬂorentes
3454 937 3692 1007 probro-

2045 1025 2178 1064 sum
2210 1014 2265 1065 et
2296 1011 2755 1083 ignominiosum
2788 1018 3042 1090 ducitur,
3075 1022 3133 1076 id
3167 1027 3277 1090 est,
3311 1025 3653 1083 cruciﬁxum
3681 1045 3693 1083 :

2042 1105 2181 1161 Mihi
2197 1116 2382 1163 autem
2403 1111 2545 1165 absit
2564 1112 2817 1185 gloriari,
2841 1118 2964 1171 nisi
2985 1119 3042 1172 in
3087 1136 3248 1177 cruce
3287 1124 3507 1178 Domini
3523 1127 3701 1181 nostri

2040 1194 2164 1249 Iesu
2197 1196 2404 1253 Christi
2433 1199 2575 1269 (Gal.
2634 1203 2734 1271 v1).
2797 1203 2900 1260 Illo
2951 1208 3189 1265 nomine
3242 1211 3565 1280 salvantur,
3598 1216 3698 1286 qui

2041 1283 2256 1340 Christi
2280 1303 2513 1343 crucem
2538 1308 2650 1346 non
2667 1294 3039 1361 erubescunt,
3064 1298 3279 1368 quibus
3295 1303 3553 1358 mundus
3572 1320 3698 1359 cru-
3794 1324 3797 1329 λ

2041 1372 2245 1428 ciﬁxus
2275 1381 2383 1441 est,
2415 1382 2473 1432 et
2528 1379 2640 1451 ipsi
2699 1384 2919 1439 mundo
2976 1384 3183 1457 (Ibid).
3249 1389 3354 1456 Qui
3383 1390 3540 1445 enim
3572 1398 3699 1448 sunt

2042 1460 2270 1533 Christi,
2303 1481 2532 1521 carnem
2561 1485 2717 1524 suam
2748 1473 3148 1541 m'uciﬁxerunt
3171 1491 3294 1530 cum
3326 1479 3475 1533 vitiis
3500 1488 3553 1535 et
3569 1496 3697 1537 con-

2039 1553 2389 1622 cupiscentiis
2411 1557 2553 1626 (Gal.
2576 1558 2651 1628 v).
2674 1558 2836 1615 Unde
2856 1562 3168 1633 Apostolus
3190 1565 3261 1619 ad
3284 1565 3691 1625 Timotheum:

2037 1641 2170 1696 Noli
2187 1644 2496 1701 erubescere
2516 1646 2810 1704 Christum
2836 1651 3201 1721 cruciﬁxum,
3254 1658 3311 1709 et
3349 1672 3435 1711 me
3454 1657 3700 1714 vinetum

2037 1730 2155 1801 ejus
2180 1731 2255 1802 (II
2280 1734 2413 1787 Tim.
2441 1736 2501 1806 1).
2528 1736 2672 1791 Malo
2703 1755 2807 1793 suo
2840 1738 3121 1811 gloriatus
3162 1747 3251 1799 est
3285 1744 3476 1800 Adam
3500 1745 3560 1802 in
3592 1763 3699 1803 suo

1955 1842 2005 1909 B
2038 1819 2294 1909 nomine,
2318 1823 2417 1892 qui
2443 1823 2554 1878 sibi
2572 1825 2755 1880 voluit
2779 1827 2901 1882 fieri
2928 1832 3100 1895 Deus,
3150 1833 3219 1886 Et
3264 1834 3326 1888 in
3375 1835 3577 1890 virtute
3606 1842 3700 1891 tua

1924 1951 1933 1960 .
1955 1906 1994 1909 ”
2049 1906 2233 1963 libera
2255 1926 2366 1964 me.
2393 1912 2509 1983 Ipsi
2530 1912 2737 1969 volunt
2758 1932 2851 1971 me
2871 1915 2929 1971 in
2955 1917 3295 1976 inﬁrmitate
3317 1923 3578 1992 perdere,
3598 1925 3699 1996 qui

2048 1996 2107 2051 in
2132 2014 2239 2054 suo
2270 2002 2509 2058 nomine
2543 2002 2889 2076 gloriantur,
2942 2008 3042 2062 sed
3066 2012 3130 2063 tu
3156 2008 3341 2066 libera
3370 2028 3463 2067 me
3492 2014 3554 2067 in
3582 2015 3699 2069 vir-

2048 2092 2182 2153 tute,
2214 2086 2271 2142 id
2302 2094 2410 2154 est,
2443 2091 2501 2146 in
2535 2092 2838 2149 divinitate
2870 2095 3015 2151 mihi
3065 2097 3250 2166 unita,
3300 2099 3348 2154 si
3380 2102 3451 2156 ad
3485 2106 3696 2173 caput:

2049 2181 2098 2237 si
2129 2184 2201 2237 ad
2236 2188 2522 2256 membra,
2568 2191 2770 2261 judico
2824 2209 2929 2259 me,
2964 2211 3099 2250 cum
3130 2197 3357 2251 veneris
3386 2199 3445 2251 in
3476 2200 3699 2269 virtute,

2050 2271 2149 2341 qui
2180 2274 2352 2330 modo
2385 2278 2708 2348 apparuisti
2735 2281 3063 2352 despectus.
3093 2284 3264 2340 Modo
3287 2287 3537 2341 concreti
3564 2293 3703 2344 snnt

2047 2360 2246 2431 Ziphei
2278 2365 2349 2418 ad
2386 2366 2582 2437 David,
2615 2368 2671 2422 id
2704 2374 2814 2434 est,
2861 2375 3149 2428 amatores
3198 2374 3380 2445 hujus
3411 2376 3609 2432 saeculi
3647 2382 3704 2433 et

2050 2454 2339 2507 amatores
2360 2453 2459 2508 Dei
2486 2498 2499 2521 ,
2524 2456 2624 2510 sed
2650 2461 2732 2525 tu,
2787 2460 3188 2532 Deus,judica,
3216 2463 3272 2517 id
3301 2468 3408 2533 est,
3435 2464 3701 2522 discerne

2046 2552 2229 2608 grana
2259 2557 2292 2593 a
2322 2541 2524 2612 paleis,
2560 2543 2762 2600 ﬂorem
2794 2546 3028 2604 illorum
3074 2567 3107 2604 a
3156 2554 3375 2606 nostro.
3410 2552 3698 2610 Praesum-

2046 2630 2257 2697 ptuosa
2289 2630 2466 2686 nimis
2496 2632 2641 2687 foret
2670 2633 2790 2689 haec
2819 2636 3019 2706 petitio
3051 2654 3085 2693 a
3105 2642 3268 2695 tanto
3281 2640 3483 2710 judice
3504 2648 3699 2714 petere

2037 2714 2429 2785 judicium,in
2453 2721 2622 2791 cujus
2644 2728 2959 2795 conspectu
2998 2742 3103 2781 nec
3138 2727 3266 2783 coeli
3315 2731 3521 2786 mundi
3560 2737 3701 2789 sunt

2044 2803 2181 2875 (Job.
2214 2808 2326 2877 xv),
2352 2808 2399 2863 si
2426 2825 2536 2864 non
2562 2812 2912 2881 przncederet
2950 2816 3375 2873 misericordia.
3418 2820 3593 2885 Quasi
3610 2822 3698 2877 di-

2043 2896 2135 2947 cat
2159 2910 2170 2948 :
2196 2894 2402 2951 Postea
2424 2914 2538 2953 non
2557 2900 3085 2973 timebojudicium
3110 2909 3301 2973 tuum,
3328 2907 3489 2963 sime
3512 2910 3567 2963 in
3594 2927 3696 2967 no-

2042 2981 2201 3038 mine
2223 2988 2325 3039 tuo
2343 2985 2569 3042 salvum
2589 2988 2812 3060 feceris,
2829 2992 3280 3062 quodjudicium
3299 2995 3442 3051 mihi
3459 2998 3694 3055 eritnon

2042 3071 2112 3124 ad
2139 3088 2370 3142 pmnarn
2408 3076 2508 3130 sed
2562 3077 2631 3131 ad
2683 3078 3115 3136 discretionem.
3161 3084 3301 3140 Deus
3328 3086 3540 3143 exaudi
3566 3104 3696 3144 ora-

2041 3161 2247 3214 tionem
2274 3178 2456 3217 meam
2487 3164 2699 3221 factam
2724 3184 2826 3238 pro
2849 3173 3283 3241 perseverantia
3324 3191 3615 3243 meorum,
3645 3178 3695 3233 si

2042 3252 2219 3316 caput
2238 3265 2251 3302 :
2272 3248 2321 3303 si
2345 3252 2627 3317 membra,
2652 3256 2862 3310 exaudi
2879 3260 3186 3314 orationem
3205 3261 3399 3316 cordis
3425 3280 3437 3316 :
3466 3265 3695 3320 auribus

2035 3337 2255 3406 percipe
2284 3338 2447 3391 verba
2473 3341 2584 3393 oris
2612 3343 2746 3405 mei,
2780 3359 2907 3413 quas
2950 3344 3009 3397 in
3060 3361 3156 3400 ore
3204 3349 3457 3417 profero,
3490 3350 3548 3404 id
3580 3357 3688 3422 est,

2039 3421 2099 3476 in
2131 3422 2417 3478 evidentia
2447 3426 2528 3481 rei
2575 3430 2814 3485 ostende
2873 3435 2927 3486 te
2983 3435 3351 3506 percepisse;
3408 3438 3456 3492 si
3489 3445 3687 3512 caput,

2036 3510 2202 3565 verba
2233 3511 2383 3566 facta
2431 3528 2533 3583 pro
2582 3515 2746 3571 meis.
2784 3518 2852 3571 Et
2872 3535 3021 3590 opus
3043 3525 3132 3576 est
3154 3528 3217 3577 ut
3236 3523 3461 3581 salvum
3486 3510 3687 3602 facias,

2036 3602 2298 3671 quoniam
2326 3602 2518 3672 alieni,
2552 3619 2665 3660 non
2701 3607 3065 3679 cognatione,
3102 3612 3203 3665 sed
3238 3613 3396 3683 ﬂore,
3420 3619 3478 3670 et
3503 3616 3553 3671 si
3572 3616 3688 3675 illis

2034 3693 2202 3745 sonet
2222 3689 2405 3747 oratio
2422 3707 2572 3760 mea,
2594 3709 2709 3748 non
2732 3695 2998 3764 audiunt,
3024 3697 3164 3767 quia
3184 3716 3300 3756 non
3319 3700 3686 3775 intelligunt;

2031 3778 2456 3849 temporalibus
2469 3781 2622 3837 enim
2639 3783 2982 3855 gaudentes,
3000 3802 3115 3842 non
3144 3792 3430 3844 noverunt
3444 3793 3683 3848 interna:

2032 3874 2081 3931 si
2111 3880 2305 3948 caput,
2337 3878 2510 3935 alicui
2544 3880 2701 3952 facti,
2751 3881 2852 3953 qui
2903 3881 3007 3937 ﬁlii
3056 3899 3185 3940 esse
3214 3884 3562 3945 debuerunt.
3593 3891 3684 3945 In-

2028 3976 2389 4023 surrexerunt
2410 3984 2524 4024 non
2552 3970 2625 4025 ad
2653 3986 2746 4025 me
2774 3971 3229 4040 defendendum,
3259 3976 3361 4034 sed
3396 3976 3684 4037 aduersum

2028 4069 2150 4109 me:
2182 4063 2240 4109 et
2267 4056 2456 4123 fortes,
2490 4062 2780 4128 quantum
2813 4060 2884 4115 ad
2917 4078 3087 4119 suam
3121 4065 3571 4137 reputationem,
3592 4070 3681 4127 vel

2027 4141 2099 4197 de
2130 4157 2191 4197 se
2222 4149 2662 4215 praesumentes,
2714 4150 3051 4218 quaesierunt
3106 4156 3358 4212 animum
3390 4173 3594 4226 meam,
3617 4158 3677 4215 id

2023 4233 2131 4296 est,
2164 4230 2343 4286 vitam
2374 4236 2438 4288 ut
2468 4236 2795 4305 perderent,
2830 4238 2879 4297 si
2922 4246 3129 4312 caput:
3165 4241 3215 4297 si
3250 4245 3535 4310 membra,
3560 4250 3678 4302 ani-

2022 4333 2171 4373 mam
2183 4334 2367 4375 meam
2390 4323 2461 4377 ad
2487 4324 2965 4397 subvertendum.
3003 4331 3068 4385 Et
3097 4329 3206 4387 hoc
3226 4330 3376 4397 ideo,
3403 4333 3543 4402 quia
3560 4349 3677 4389 non

2016 4418 2414 4479 proposuerunt
2443 4412 2611 4469 Deum
2653 4422 2786 4471 ante
2829 4425 3172 4487 conspectum
3222 4434 3405 4485 suum,
3437 4435 3553 4474 non
3582 4420 3669 4475 in-

253 4487 499 4551 tendam
521 4488 641 4547 haec
658 4492 896 4551 tristitia
917 4498 1172 4552 vertetur
1192 4496 1253 4551 in
1272 4497 1590 4569 gaudium:
1602 4501 1911 4558 intellectus
1941 4575 1956 4578 Α
2018 4495 2367 4555 tellexerunt
2396 4515 2572 4571 super
2593 4517 2843 4573 egenum
2865 4507 2923 4559 et
2943 4520 3281 4575 pauperem,
3302 4506 3354 4561 si
3376 4511 3551 4578 caput
3578 4525 3591 4563 :
3615 4509 3669 4565 si

246 4575 389 4641 dico
408 4577 778 4650 signiﬁcatus
798 4586 940 4641 tunc
960 4600 1085 4645 cum
1098 4595 1363 4641 aenea-unt
1378 4588 1572 4659 Ziphei
1586 4596 1637 4645 et
1649 4588 1913 4647 dixerunt
1938 4575 1987 4643 0
2017 4586 2301 4657 membra,
2358 4604 2470 4642 non
2522 4599 2939 4659 praposuerunt~
2976 4593 3147 4648 Deum
3177 4600 3304 4650 ante
3330 4575 3670 4666 conspectum

251 4664 517 4727 “Sed:
542 4668 731 4731 Judaei
751 4671 825 4727 de
842 4671 1074 4729 Christo
1098 4673 1172 4729 ad
1222 4691 1362 4731 suos
1406 4677 1700 4750 principes
1729 4680 1906 4751 (Joan.

246 4754 391 4825 ut),
414 4759 474 4813 et
492 4755 592 4829 alii
614 4758 883 4819 inﬁdeles
927 4762 999 4818 de
1043 4778 1285 4834 corpore
1300 4765 1522 4822 Christi
1546 4768 1617 4823 ad
1649 4772 1908 4827 terrenos

244 4842 551 4916 μίηοιὶρθε
569 4851 657 4907 :et
669 4853 761 4905 est
781 4863 889 4905 vox
905 4850 1173 4908 Ecclesia
1184 4851 1564 4927 intelligentis
1576 4856 1779 4913 ﬂorem
1798 4858 1832 4913 h
1842 4876 1907 4914 u-

238 4930 347 5000 jns
376 4932 511 4989 vitae
541 4936 830 4997 caducum
860 4943 920 4995 et
947 4938 1063 4996 cito
1092 4944 1497 4999 transeuntem
1522 4960 1536 4999 :
1570 4946 1708 5016 quia
1728 4950 1907 5003 amis

238 5035 381 5081 atro
390 5023 588 5091 fenum
599 5033 661 5083 et
674 5027 857 5085 mis
874 5028 1063 5098 gloria
1084 5030 1201 5101 eius
1216 5034 1377 5103 quasi
1392 5034 1491 5103 flos
1505 5035 1630 5104 agri
1640 5036 1768 5102 (Isa.
1784 5036 1904 5108 xu)

244 5113 432 5181 meo
461 5110 590 5173 ideo
616 5113 678 5175 in
702 5114 817 5177 hac
845 5116 962 5175 vita
986 5117 1194 5175 ﬂorere
1218 5122 1546 5177 contemnit
1569 5124 1709 5190 ;sed
1730 5124 1905 5197 elegit

245 5198 448 5270 potius
467 5200 568 5259 hic
582 5218 749 5265 arere
777 5205 918 5265 dum
960 5206 1149 5265 hians
1168 5213 1283 5274 est,
1316 5214 1373 5266 et
1403 5210 1603 5267 ﬂorem
1630 5229 1808 5269 suum
1840 5215 1901 5269 in

246 5290 447 5351 radice
464 5292 781 5365 occultare,
809 5301 873 5352 ut
895 5297 1132 5354 tandem
1148 5314 1263 5353 suo
1300 5303 1565 5371 tempore
1588 5301 1807 5357 ﬂoreat.
1832 5304 1903 5358 Et

240 5382 641 5451 proptel’mb
654 5384 1239 5443 amatoribusmundi
1254 5386 1470 5443 multas
1482 5405 1789 5459 pressurae
1802 5407 1900 5461 pa-

240 5469 351 5529 titu
360 5485 409 5541 ιτ,
432 5469 731 5542 inquibus
748 5474 1041 5544 pressuris
1059 5475 1200 5547 quid
1217 5476 1510 5549 agendum
1527 5477 1606 5532 sit
1621 5479 1896 5550 ostendit,

234 5558 477 5621 ωξιὶωι
492 5561 780 5623 orandum
798 5567 859 5621 et
876 5564 1030 5623 bono
1052 5564 1347 5638 proposito
1382 5567 1892 5637 perseverandum.

308 5650 1170 5715 Minitemur“)va
1212 5670 1300 5712 me
1338 5656 1458 5725 fac,
1506 5655 1596 5713 vel
1628 5658 1894 5716 memis-

2016 4691 2199 4745 suum,
2224 4676 2362 4748 quia
2383 4677 2661 4734 saeculum
2684 4678 2827 4735 illud
2846 4680 3180 4737 habuerunt
3195 4685 3668 4757 anteconspectum

2018 4765 2231 4832 cordis,
2253 4769 2438 4839 magis
2456 4767 2775 4825 dilexerunt
2816 4770 3062 4826 tenebras
3108 4788 3273 4844 quam
3293 4776 3662 4846 tuoemann.

2016 4857 2124 4923 in).
2158 4854 2275 4926 Ipsi
2305 4855 2770 4924 insurrexerunt,
2811 4858 2913 4915 sed
2967 4876 3093 4931 quae
3147 4863 3335 4918 cura?
3365 4864 3494 4919 Ecce
3515 4866 3665 4920 enim

2014 4950 2153 5005 Deus
2209 4951 2435 5022 adjuvat
2484 4969 2590 5009 me.
2649 4957 2769 5010 Hoc
2824 4957 3030 5011 modo:
3089 4958 3176 5013 vel
3231 4962 3288 5013 et
3332 4959 3527 5015 sinon
3556 4977 3660 5032 ap-

2014 5042 2179 5111 paret
2202 5039 2363 5108 foris,
2396 5045 2594 5097 tamen
2624 5042 2785 5099 intus
2822 5046 3103 5116 adjuvat:
3149 5051 3203 5101 et
3250 5048 3512 5102 Dominus
3538 5063 3661 5104 sus-

2010 5131 2192 5198 ceptor
2218 5133 2300 5184 est
2329 5131 2536 5188 mima:
2589 5147 2729 5189 meae
2784 5134 3211 5199 resuscitando,
3269 5134 3319 5188 si
3363 5138 3577 5206 caput:
3606 5136 3660 5191 si

2012 5218 2298 5285 membra,
2334 5219 2594 5290 suscepit
2622 5221 2881 5277 animam
2903 5239 3117 5289 meam,
3140 5225 3207 5276 ut
3223 5238 3340 5277 non
3362 5223 3662 5279 devocare-

2007 5310 2124 5373 tur,
2146 5305 2237 5361 vel
2260 5308 2519 5379 suscepit
2538 5308 2806 5365 Christus
2848 5327 3084 5366 causam
3136 5327 3326 5366 meam
3347 5312 3654 5384 agendam.

2006 5395 2203 5449 Averte
2230 5394 2389 5450 mala
2416 5397 2663 5453 inimicis
2691 5401 2849 5454 meis.
2882 5400 3079 5455 Averte
3105 5417 3139 5455 a
3161 5416 3274 5465 me,
3303 5404 3361 5456 et
3389 5406 3658 5458 converte

2004 5480 2064 5536 in
2088 5481 2225 5537 illos
2250 5499 2263 5538 :
2289 5483 2426 5553 quia
2442 5485 2733 5542 timebant
2752 5482 3040 5543 interﬁcia
3062 5489 3361 5555 Romanis,
3406 5493 3465 5544 et
3482 5490 3654 5544 amit-

2004 5573 2124 5626 tere
2150 5569 2345 5626 locum
2378 5577 2435 5628 et
2457 5579 2688 5645 gentem
2715 5581 2950 5647 propter
2986 5592 3099 5643 me,
3132 5576 3534 5646 cogitaverunt
3558 5594 3654 5636 me

2001 5659 2362 5731 interﬁcere;
2396 5663 2496 5718 sed
2524 5662 2955 5720 interﬁciantur
2985 5680 3020 5721 a
3056 5663 3359 5735 Romanis,
3388 5669 3451 5722 et
3470 5667 3650 5725 amit-
