4014 6194
420 361 535 426 «Hi

992 356 1297 425 REMIGII
1338 351 2093 423 ANTISSIODORENSIS
2136 350 2312 417 OPP.
2360 350 2564 417 PARS
2607 349 2766 415 1.-
2792 346 3263 417 EXEGETIGA.

3702 347 3843 415 “2

419 499 549 555 tant
569 495 765 553 locum
786 497 844 551 et
860 498 1096 568 gentem
1118 512 1130 549 :
1156 511 1272 550 non
1297 495 1536 566 optatio,
1559 493 1661 549 sed
1680 489 2064 564 prophetatio.
2098 492 2151 556 Α
2182 510 2210 537 ‹‹
2242 487 2366 543 mul
2399 504 2628 543 mecum
2660 488 2860 544 dulces
2892 487 3162 559 capiebas
3208 486 3368 543 cibos
3415 484 3479 541 in
3519 483 3694 541 domo
3725 484 3845 541 Dei

419 590 484 645 In
505 587 731 644 veritate
750 594 867 655 tua,
907 584 965 639 id
998 588 1106 652 est,
1140 585 1200 639 in
1238 601 1372 639 vero
1387 582 1610 655 judicio
1654 580 1902 651 disperde
1922 579 2066 645 illos,

420 677 480 733 id
509 682 618 743 est,
644 674 870 746 dissipa
891 672 1159 729 etdivide
1180 689 1281 744 per
1298 678 1488 736 totum
1522 671 1831 732 mundum,
1865 669 1966 740 qui
2009 667 2066 721 in

420 765 674 822 falsitate
696 781 804 819 sua
826 780 917 818 me
939 764 1179 834 perdere
1199 762 1507 817 voluerunt
1536 779 1548 829 ;
1584 760 1631 815 si
1652 759 1935 821 membra,
1955 756 2067 828 ipsi

420 856 567 912 mihi
624 859 873 909 mortem
927 856 1279 924 paraverunt
1332 849 1735 921 temporalem,
1768 848 2070 902 incurrant

420 952 695 1001 aeternam
717 961 735 997 :
754 948 809 998 et
830 943 936 997 hoc
959 959 1069 997 non
1101 957 1170 995 ex
1191 939 1557 1004 crudelitate,
1609 938 1708 993 sed
1732 954 1800 992 ex
1821 937 2066 1005 veroju-

417 1032 715 1102 dicio;vel
749 1032 806 1086 in
843 1032 1061 1086 bonum
1102 1030 1507 1101 compatieudo
1549 1027 1791 1082 dictum.
1817 1026 1859 1081 Ο
1895 1030 2065 1090 Deus,

417 1124 573 1180 mala
593 1139 719 1194 quae
744 1120 855 1192 ipsi
880 1124 1091 1191 putant
1110 1135 1237 1173 esse
1259 1120 1430 1185 bona,
1456 1117 1676 1172 scilicet
1697 1116 1894 1169 ﬂorem
1924 1130 2066 1183 prte-

417 1212 601 1270 sentis
620 1211 768 1276 vitae,
792 1214 976 1266 averte
999 1225 1031 1263 a
1056 1208 1228 1262 corde
1251 1223 1450 1261 eorum
1478 1222 1490 1259 :
1519 1211 1573 1260 et
1605 1205 1661 1259 in
1706 1205 1917 1258 virtute
1946 1207 2063 1271 tua,

416 1302 475 1358 id
497 1306 607 1369 est,
623 1302 685 1355 in
704 1300 933 1355 veritate
955 1300 1373 1369 praceptorum
1394 1300 1629 1349 tuorum
1644 1293 1899 1364 disperde
1917 1291 2065 1346 illos.

418 1392 573 1447 Verte
595 1391 793 1456 impios
814 1396 865 1443 et
884 1403 993 1442 non
1016 1386 1384 1453 erunt(Prov.
1412 1385 1516 1455 xn)
1542 1402 1553 1438 :
1585 1398 1925 1454 quanquam
1951 1397 2067 1434 non

417 1478 757 1548 meruerint,
792 1481 851 1531 tu
884 1486 1080 1531 tamen
1114 1490 1184 1529 ex
1232 1474 1494 1529 bonitate
1542 1480 1645 1528 tua
1687 1472 1795 1527 hoc
1825 1472 1947 1525 fac:
1980 1468 2068 1524 vel

416 1571 595 1625 averte
618 1566 774 1622 mata
795 1566 1037 1621 inimicis
1056 1564 1210 1618 meis.
1232 1563 1400 1617 Modo
1425 1562 1654 1627 ﬂorent,
1686 1561 1783 1615 sed
1814 1560 1933 1630 igni
1953 1575 2070 1613 ser-

415 1662 646 1715 vantur.
672 1658 736 1711 Et
755 1657 814 1709 in
836 1656 1071 1709 veritate
1098 1656 1193 1707 tua
1211 1652 1457 1723 disperde
1477 1651 1619 1717 illos,
1645 1665 1791 1718 quos
1819 1648 1878 1702 in
1901 1647 2069 1702 inﬁr-

417 1747 619 1802 mitate
648 1748 750 1799 tua
776 1742 1059 1798 tolerasti.
1126 1742 1443 1797 Voluntarie
1497 1738 1822 1807 sacriﬁcabo
1849 1737 1978 1791 tibi.
2011 1736 2069 1789 Si

2185 599 2206 629 ι
2240 576 2677 632 ambulavimus
2708 594 2841 632 cum
2872 593 3181 632 consensu.
3214 575 3418 631 Veniat
3460 591 3620 631 mors
3651 592 3842 646 super

2178 689 2205 716 ‹‹
2239 666 2371 721 illos
2388 685 2400 733 ;
2416 666 3214 721 etdescendantininfernum
3236 665 3517 720 viventes.
3542 665 3842 730 Quoniam

2179 778 2207 805 «
2241 756 2513 826 nequitiae
2548 756 2605 811 in
2637 755 2990 810 habitaculis
3019 772 3241 822 eorum,
3276 755 3335 808 in
3374 754 3566 809 medio
3598 770 3834 809 eorum.

2182 868 2203 894 ι
2241 846 2355 913 Εμο
2378 850 2571 899 autem
2599 846 2669 899 ad
2696 851 2872 899 Deum
2895 844 3160 913 clamavi,
3184 847 3241 898 et
3263 843 3548 898 Dominus
3582 843 3841 898 salvabit

2178 955 2207 982 «
2242 950 2353 988 me.
2376 935 2617 1005 Vespere
2639 939 2696 988 et
2718 951 2887 988 mane
2908 938 2965 987 et
2987 933 3229 988 meridie
3252 932 3499 987 narrabo
3523 937 3580 986 et
3596 948 3831 987 annun-

2178 1044 2206 1071 ‹‹
2238 1022 2415 1090 tiabo,
2449 1027 2505 1078 et
2533 1023 2803 1077 exaudiet
2833 1039 3033 1077 vocem
3065 1038 3276 1076 meam.
3313 1021 3583 1075 Redimet
3608 1021 3670 1074 in
3695 1037 3838 1091 pace

2178 1134 2206 1160 «
2240 1112 2497 1166 animam
2516 1129 2701 1166 meam
2716 1113 2786 1166 ab
2802 1111 2893 1165 his
2907 1111 3007 1182 qui
3021 1109 3678 1182 apprOpinquantmihi,
3693 1127 3840 1181 quo-

2178 1225 2205 1251 ‹‹
2236 1202 2395 1256 niam
2418 1201 2569 1255 inter
2592 1201 2806 1256 multos
2828 1206 2993 1256 erant.
3014 1217 3265 1255 mecum.
3292 1199 3578 1254 Exaudiet
3600 1198 3762 1255 Deus
3783 1204 3838 1255 et

2178 1313 2204 1339 «
2240 1290 2577 1345 humiliabit
2597 1290 2747 1360 illos,
2776 1291 2877 1362 qui
2898 1295 2987 1345 est
3007 1294 3140 1344 ante
3165 1288 3393 1344 saecula.
3417 1288 3543 1343 Non
3561 1288 3725 1344 enim
3749 1295 3839 1345 est

2181 1401 2209 1429 ‹‹
2242 1379 2358 1433 illis
2381 1380 2781 1449 commutatio,
2807 1384 2991 1433 etnon
3008 1377 3527 1433 timueruntDeum
3546 1378 3837 1433 :extendit

2181 1490 2209 1517 ‹‹
2241 1486 2481 1523 manum
2507 1486 2676 1523 suam
2694 1470 2751 1523 in
2767 1467 3160 1523 retribuendo.
3177 1466 3833 1523 Contaminaveruntte-

2178 1581 2205 1606 ‹‹
2241 1562 2597 1613 stamentum
2632 1560 2782 1627 ejus,
2806 1556 2976 1611 divisi
2999 1560 3140 1611 sunt
3157 1556 3231 1611 ab
3262 1556 3350 1610 ira
3378 1555 3580 1611 vultus
3602 1557 3758 1628 ejus,
3778 1562 3832 1612 et

2178 1670 2207 1697 ι(
2223 1648 2818 1720 apprOpinquavitoor
2834 1644 3225 1701 illius.Molliti
3239 1648 3697 1701 suntsermones
3709 1647 3832 1716 ejus

2177 1758 2207 1786 «
2243 1754 2420 1809 super
2439 1736 2651 1803 oleum,
2676 1734 3257 1806 etipsisuntjacula.
3300 1736 3468 1789 Jacta
3505 1750 3692 1804 super
3720 1734 3832 1790 Do-

417 1840 613 1908 caput,
646 1834 758 1906 ipsi
789 1832 1130 1904 quaesierunt
1158 1833 1407 1884 animam
1444 1845 1626 1883 meam
1669 1826 1837 1899 quasi
1868 1824 2065 1881 nolen-
2098 1861 2147 1926 Β
2180 1846 2209 1875 ‹‹
2244 1826 2468 1880 minum
2491 1841 2692 1880 curam
2729 1829 2915 1889 tuam,
2940 1823 3141 1894 etipse
3175 1828 3232 1879 te
3257 1823 3543 1890 enutriet;
3587 1839 3706 1878 non
3733 1824 3832 1879 da-

416 1929 560 1991 tem,
579 1923 680 1981 sed
702 1938 807 1995 ego
830 1924 1035 1993 sponte
1056 1918 1242 1975 obtuli
1264 1918 1369 1972 tibi
1406 1917 1552 1972 illud
1594 1916 1946 1973 sacrificium
1971 1933 1983 1970 :
2018 1914 2069 1969 si

418 2015 704 2079 membra,
728 2011 932 2067 merito
958 2011 1216 2065 Dominus
1235 2016 1513 2078 susceptor
1552 2014 1629 2061 est
1682 2008 1878 2060 animx
1896 2020 2028 2059 mex
2048 2022 2066 2057 :

419 2104 577 2177 quia,
600 2119 633 2158 o
659 2100 922 2170 Domine,
944 2099 1273 2163 voluntarie,
1299 2096 1356 2151 id
1388 2100 1477 2151 est
1516 2095 1721 2167 gratis,
1774 2094 1904 2150 sine
1926 2110 2070 2165 prae-

420 2193 538 2249 mio
588 2187 916 2261 temporali,
949 2184 1817 2257 sacriﬁcabotibi,cruciﬁgendo
1835 2198 2069 2238 carnem

419 2298 554 2339 cum
576 2278 731 2335 vitiis
753 2283 808 2334 et
828 2275 1339 2349 concupiscentiis.
1362 2276 1427 2329 Et
1446 2274 1555 2330 hoc
1590 2290 1707 2328 non
1736 2271 1880 2326 mihi
1909 2269 2071 2325 attri-

421 2371 623 2440 buam,
647 2369 747 2425 sed
771 2368 1059 2438 conﬁtebor
1073 2367 1289 2421 nomini
1298 2369 1412 2431 tuo,
1426 2368 1615 2419 totum
1630 2362 1735 2417 tibi
1752 2361 2071 2417 attribuam

426 2458 581 2531 quod
621 2456 760 2512 boni
806 2472 975 2528 agam
1001 2455 1130 2510 ideo
1168 2454 1384 2509 nomini
1412 2461 1525 2519 tuo,
1554 2456 1611 2506 et
1639 2468 1756 2506 non
1786 2448 1907 2512 alii,
1940 2465 2071 2519 quo-

421 2548 579 2601 niam
620 2546 818 2599 bonum
853 2548 953 2613 est,
995 2543 1133 2612 quia
1163 2541 1309 2597 nihil
1339 2540 1571 2595 invenio
1604 2540 1825 2594 bonum
1858 2554 1960 2609 per
1990 2553 2070 2591 se.

422 2634 493 2688 Et
521 2648 652 2688 vere
681 2635 889 2704 praeter
916 2630 1064 2684 illud
1102 2629 1211 2684 tibi
1254 2630 1491 2683 tandem
1537 2631 1669 2699 post
1716 2625 2073 2681 sacrificium

425 2720 679 2776 laudabo
710 2724 789 2786 te,
847 2734 980 2773 cum
1010 2718 1124 2772 eris
1183 2717 1381 2771 omnia
1433 2715 1492 2769 in
1538 2714 1834 2769 omnibus.
1868 2715 1935 2767 Et
1965 2713 2074 2767 hoc

426 2809 583 2883 quod
636 2809 858 2864 bonum
916 2805 1014 2873 sit,
1073 2804 1215 2859 mihi
1269 2809 1501 2875 experto
1558 2803 1912 2858 credendum
1946 2806 2073 2857 est:

424 2900 689 2973 quoniam
718 2914 787 2954 ex
818 2896 971 2952 omni
989 2895 1343 2950 tribulatione
1362 2894 1621 2962 eripuisti
1641 2908 1742 2959 me,
1777 2908 1872 2946 me
1900 2894 2078 2962 caput

423 2986 826 3046 resuscitando
857 2983 1134 3050 exterius,
1168 2982 1434 3037 membra
1464 2980 1706 3036 interius
1733 2981 1792 3035 in
1816 2997 1899 3048 re,
1921 2983 2073 3035 exte-

432 3076 557 3134 rius
605 3077 666 3132 in
707 3090 829 3146 spe.
880 3071 945 3129 Et
972 3089 1135 3144 super
1160 3073 1417 3127 mimicas
1447 3086 1588 3125 meos
1617 3069 1865 3141 despexit
1888 3069 2076 3123 oculus

424 3165 853 3233 meus,tandem
876 3162 1201 3234 injudicio,
1223 3178 1356 3215 cum
1379 3160 1562 3232 judex
1600 3159 1827 3231 positus
1849 3175 1945 3214 ero
1977 3174 2074 3212 su-

433 3273 538 3330 per
552 3230 672 3312 eos.
692 3254 825 3309 Ideo
845 3230 1110 3324 despexit,
1133 3250 1271 3323 quia
1291 3230 1513 3305 cer—tum
1537 3230 1627 3305 est
1659 3248 1829 3320 quasi
1842 3249 1969 3319 jarn
1994 3247 2077 3302 fa-
2107 3230 2151 3297 C

431 3349 590 3402 ctum
605 3342 734 3399 tibi.
751 3341 853 3398 Hic
865 3340 1176 3397 altitudine
1189 3339 1381 3394 cordis
1394 3339 1465 3393 ad
1482 3343 1538 3393 te
1556 3337 1925 3410 perveniens:
1942 3335 2077 3390 inde

430 3450 609 3507 super
630 3431 761 3487 illos
781 3429 1039 3503 despexi,
1062 3434 1119 3484 et
1145 3428 1261 3483 vidi
1285 3428 1441 3500 quod
1485 3426 1676 3483 omnis
1697 3443 1829 3481 caro
1853 3426 2073 3495 fenum,

427 3522 593 3578 Unde
623 3520 763 3575 alibi
788 3536 802 3576 :
840 3519 1115 3585 Transivi,
1147 3520 1199 3572 et
1227 3533 1345 3572 ecce
1374 3532 1484 3572 non
1511 3520 1630 3572 erat
1661 3515 1838 3587 (Psat.
1871 3514 1984 3584 36).

1002 3640 1332 3697 PSALMUS
1365 3640 1500 3696 LIV.

569 3749 629 3788 IN
662 3748 840 3788 PINBM
872 3747 932 3786 ιη
960 3746 1315 3786 CARMINIBUS
1355 3744 1733 3785 INTELLECI‘US
1761 3743 1952 3782 DAVID.

507 3842 536 3873 ιι
569 3820 812 3888 Exaudi,
832 3820 986 3876 Deus
1007 3819 1330 3875 orationem
1370 3832 1584 3882 meam,
1624 3821 1683 3871 et
1702 3832 1774 3871 ne
1802 3816 2079 3886 despexe-

435 3934 464 3963 ‹‹
498 3910 580 3967 ris
600 3910 1069 3983 deprecationem
1092 3924 1284 3965 meam
1308 3924 1322 3963 :
1347 3907 1581 3962 intende
1606 3906 1771 3973 mihi,
1797 3910 1854 3961 et
1871 3907 2079 3987 exaudi

433 4021 462 4050 ‹‹
498 4014 611 4054 me.
641 3998 1030 4054 Contristatus
1088 4014 1224 4054 sum
1273 3996 1335 4051 in
1390 3994 1798 4053 exercitatione
1846 4011 1996 4060 mea,
2023 4000 2082 4051 et

432 4109 462 4139 α
493 4087 876 4143 conturbatus
907 4102 1039 4140 sum
1096 4103 1132 4142 a
1185 4101 1320 4140 voce
1376 4084 1622 4152 inimici,
1683 4088 1739 4139 et
1766 4101 1801 4139 a
1828 4083 2080 4139 tribula-

434 4199 464 4227 «
494 4176 652 4232 tione
697 4173 1040 4247 peccatoris.
1098 4173 1383 4236 Quoniam
1442 4173 1877 4229 declinaverunt
1905 4174 1963 4227 in
1989 4189 2082 4228 me

434 4264 856 4338 «iniquitates,
918 4266 975 4317 et
1006 4264 1086 4317 -in
1144 4262 1233 4316 ira
1291 4260 1521 4317 molesti
1577 4266 1743 4317 erant
1772 4261 1939 4317 mihi.
1972 4262 2084 4317 Cor

433 4376 464 4407 «
496 4369 695 4410 meum
725 4351 1142 4408 conturbatum
1173 4353 1262 4406 est
1290 4351 1350 4405 in
1381 4366 1494 4419 me,
1526 4354 1583 4405 et
1604 4350 1854 4407 formido
1875 4350 2082 4406 mortis

436 4465 458 4494 ι
494 4442 704 4499 cecidit
723 4457 901 4513 super
922 4456 1033 4496 me.
1057 4440 1259 4496 Timor
1279 4443 1336 4495 et
1350 4442 1569 4494 tremor
1596 4444 1880 4495 venerunt
1907 4456 2084 4510 super

437 4553 460 4584 ι
502 4548 596 4588 me
617 4535 674 4586 et
688 4532 1067 4586 contexerant
1088 4544 1181 4584 me
1202 4528 1475 4583 tenebrx.
1499 4527 1566 4582 Et
1589 4527 1707 4582 dixi
1734 4528 1903 4592 :Quis
1923 4526 2085 4583 dabit

439 4639 462 4669 ι
497 4620 643 4697 mihi
680 4636 903 4691 pennas
960 4618 1113 4674 sicut
1169 4617 1476 4684 columbae,
1538 4621 1595 4672 et
1649 4615 1876 4682 volabo,
1908 4621 1965 4671 et
1993 4632 2081 4672 re-
2112 4594 2161 4663 D

435 4730 465 4759 ‹‹
499 4707 841 4780 quiescam?
869 4708 1013 4763 Ecce
1043 4705 1308 4778 elongavi
1340 4705 1570 4777 fugiens
1598 4708 1656 4760 et
1677 4705 1867 4759 mansi
1908 4705 1966 4760 in
1994 4722 2083 4760 so-

436 4817 467 4846 ‹‹
505 4794 773 4851 litudine.
804 4794 1225 4866 Exspectabam
1257 4811 1393 4849 eum
1424 4794 1524 4864 qui
1557 4791 1782 4847 salvum
1814 4809 1906 4848 me
1929 4793 2079 4863 fecit,

329 4878 337 4887 ”
440 4907 462 4935 ι
498 4901 533 4940 a
549 4882 823 4957 pusillani
835 4883 1033 4938 mitate
1050 4883 1293 4954 spiritus
1306 4888 1365 4937 et
1379 4885 1741 4954 tempestate.
1762 4881 1931 4937 Praeci
1942 4883 2080 4954 pita,

434 4995 463 5025 α
496 4972 760 5039 Domine,
783 4970 976 5026 divide
1000 4970 1235 5043 linguas
1260 4986 1484 5037 eorum,
1528 4969 1807 5041 quoniam
1830 4969 1949 5025 vidi
1970 4970 2081 5025 ini-

440 5085 462 5113 ι
497 5062 785 5134 quitatem
815 5064 872 5116 et
912 5059 1427 5115 contradictionem
1483 5058 1542 5114 in
1600 5058 1849 5115 civitate.
1885 5060 1987 5114 Die
2016 5077 2083 5115 ac

438 5172 469 5203 ‹‹
496 5155 667 5207 nocte
686 5148 1076 5206 circumdadit
1093 5164 1223 5204 eam
1245 5164 1422 5218 super
1441 5162 1642 5203 muros
1659 5148 1788 5218 ejus
1804 5147 2084 5219 iniquitas

435 5261 465 5291 α
493 5243 554 5295 et
572 5238 737 5294 labor
759 5238 819 5292 in
844 5237 1037 5293 medio
1057 5238 1187 5308 ejus
1209 5239 1266 5291 et
1312 5235 1627 5305 injustitia.
1654 5236 1723 5290 Et
1744 5252 1857 5291 non
1878 5237 2087 5292 defecit

435 5350 465 5381 ι(
497 5328 569 5384 de
599 5325 806 5398 plateis
835 5327 966 5397 ejus
996 5342 1179 5381 usura
1206 5329 1263 5380 et
1294 5323 1485 5379 dolus.
1510 5324 1795 5387 Quoniam
1820 5325 1870 5379 si
1893 5325 2086 5380 inimi-

442 5435 465 5465 ι
495 5432 599 5472 ous
620 5431 787 5471 meus
809 5414 1207 5470 maledixisset
1229 5413 1396 5480 mihi,
1420 5412 1838 5469 sustinuissem
1861 5413 2080 5485 utique.

438 5526 467 5554 ‹‹
511 5504 581 5559 Et
608 5503 656 5558 si
691 5503 741 5559 is
772 5502 871 5574 qui
902 5503 1105 5558 oderat
1133 5500 1227 5558 me
1256 5518 1434 5574 super
1471 5518 1565 5557 me
1613 5518 1828 5574 magna
1857 5502 2087 5560 locutus

438 5614 469 5645 α
496 5591 726 5661 fuisset,
759 5592 1200 5648 abscondissem
1231 5607 1324 5647 me
1355 5591 1595 5647 forsitan
1628 5591 1701 5647 ab
1733 5608 1821 5648 eo.
1846 5594 1932 5648 Tu
1955 5610 2087 5649 vero

416 5713 433 5725 ρ
449 5700 477 5734 ι
503 5680 680 5738 homo
700 5679 1022 5751 unanimis,
1044 5681 1163 5738 dux
1187 5695 1357 5738 meus
1397 5683 1454 5735 et
1471 5683 1646 5737 notus
1670 5696 1859 5739 meus.
1884 5682 1992 5750 Qui
2013 5682 2089 5741 si-

2180 1937 2208 1963 «
2240 1915 2327 1969 bit
2349 1915 2405 1968 in
2428 1919 2711 1969 aeternum
2734 1913 3374 1984 ﬂuctuationemjusto.
3396 1912 3482 1967 Tu
3519 1928 3655 1968 vero
3679 1913 3831 1968 Deus

2180 2026 2207 2053 ‹‹
2238 2004 2489 2059 deduces
2520 2020 2618 2058 eos
2650 2002 2707 2056 in
2742 2007 2982 2074 puteum
3015 2000 3443 2057 interitus.Viri
3473 2002 3829 2073 sanguinum

2181 2116 2209 2143 ‹‹
2243 2098 2299 2149 et
2328 2091 2513 2149 dolosi
2545 2109 2659 2147 non
2692 2090 3090 2147 dimidiabunt
3120 2091 3245 2146 dies
3290 2106 3451 2163 suos,
3500 2106 3606 2164 ego
3634 2096 3829 2146 autem

2181 2206 2209 2233 ‹‹
2243 2182 2488 2255 sperabo
2518 2182 2578 2236 in
2608 2186 2683 2247 te,
2729 2181 2986 2237 Domine.
3023 2203 3051 2230 »

2803 2305 3067 2360 ENARRA
3081 2305 3203 2360 T10.

2251 2396 2311 2451 In
2343 2396 2527 2466 ﬁnem,
2560 2394 2617 2449 id
2650 2399 2758 2464 est,
2792 2394 2851 2448 in
2891 2393 3209 2449 Christum.
3269 2395 3424 2448 Finis
3478 2381 3636 2465 tégis.
3673 2394 3827 2449 Clu-i-

2179 2490 2313 2541 stus.
2344 2487 2405 2541 In
2428 2485 2667 2556 hymnis,
2693 2484 2749 2537 id
2784 2487 2892 2548 est,
2918 2483 2977 2537 in
3002 2482 3295 2537 laudibus.
3321 2482 3450 2539 Sive
3474 2483 3629 2539 enim
3653 2484 3828 2539 tribu-

2182 2576 2391 2642 lemur,
2415 2573 2535 2628 sive
2557 2572 2841 2642 laetemur,
2864 2571 2961 2626 ille
2982 2570 3315 2627 laudandus
3337 2576 3428 2627 est
3451 2573 3552 2644 qui
3575 2573 3632 2626 in
3653 2572 3831 2627 tribu-

2181 2664 2501 2719 lationibus
2532 2662 2728 2717 erudit
2756 2666 2815 2717 et
2841 2660 2903 2716 in
2933 2660 3134 2715 laetitia
3164 2660 3519 2716 consolatur.
3553 2662 3669 2717 Nos
3697 2678 3832 2717 cum

2183 2752 2409 2809 Christo
2441 2751 2498 2805 in
2532 2750 2675 2806 ccelo
2707 2767 2811 2823 per
2838 2766 3025 2821 spem,
3056 2748 3184 2820 ipse
3231 2750 3543 2805 nobiscum
3591 2750 3650 2805 in
3681 2756 3835 2805 terra

2184 2857 2288 2913 per
2316 2840 2683 2896 cbaritatem.
2717 2841 2865 2911 Ergo
2905 2855 3037 2894 cum
3072 2838 3352 2894 audimus
3382 2839 3690 2895 intellectus
3719 2838 3836 2912 ipsi

2183 2929 2374 2996 David,
2409 2930 2834 2983 admoneamur
2879 2931 2936 2982 et
2991 2926 3284 3000 intelligat
3340 2927 3597 2983 Ecclesia
3626 2929 3689 2983 in
3719 2943 3838 3000 quo

2185 3018 2340 3073 malo
2372 3035 2527 3073 nunc
2550 3034 2783 3085 sumus,
2806 3020 2864 3072 et
2884 3016 2955 3071 de
2977 3033 3092 3089 quo
3117 3020 3181 3071 ut
3203 3015 3520 3071 liberemur
3539 3022 3838 3089 optamus.

2184 3106 2509 3179 Inlelligere
2531 3107 2813 3162 debemus
2836 3104 3230 3178 adimaginem
3244 3104 3341 3158 Dei
3358 3120 3464 3159 nos
3477 3120 3608 3160 esse
3620 3106 3840 3173 factos,

2187 3196 2513 3267 intelligere
2533 3196 2815 3250 debemus
2837 3194 3123 3250 honorem
3144 3196 3423 3248 nostrum.
3447 3192 3505 3248 Si
3530 3191 3638 3247 hoc
3658 3192 3845 3249 intel-

2189 3285 2451 3358 ligimus,
2482 3283 2749 3339 videmus
2780 3284 2953 3339 istam
2988 3283 3285 3355 regionem
3314 3298 3427 3337 non
3453 3297 3580 3337 esse
3600 3281 3836 3353 gaudii,

2185 3377 2287 3431 sed
2322 3374 2606 3430 mceroris.
2640 3372 2925 3428 Dominus
2954 3381 3154 3427 noster
3182 3372 3354 3427 Jesus
3374 3370 3635 3426 Christus
3656 3375 3844 3443 caput

2185 3470 2453 3521 nostrum
2478 3463 2578 3535 qui
2613 3478 2729 3517 non
2769 3466 2858 3517 est
2886 3460 3239 3534 dedignatus
3270 3461 3517 3516 formam
3550 3463 3840 3528 nostram,

2184 3553 2245 3609 id
2273 3557 2381 3619 est,
2442 3553 2690 3607 formam
2750 3548 2899 3605 servi
2957 3550 3277 3622 suscipere,
3336 3549 3615 3621 dignatur
3668 3548 3841 3606 nobis

2186 3642 2370 3699 servis
2402 3640 2527 3697 suis
2558 3645 2617 3696 et
2646 3639 2897 3695 formam
2928 3638 3135 3694 orandi
3159 3643 3218 3694 et
3246 3637 3579 3711 exemplum
3609 3638 3840 3693 vivendi

2186 3732 2346 3801 dare,
2379 3735 2444 3785 ut
2471 3729 2641 3785 nobis
2670 3729 2780 3783 iste
2811 3727 3077 3800 psalmus
3108 3728 3385 3783 declarat.

2260 3820 2497 3887 Exaudi,
2535 3824 2680 3873 Deus
2710 3820 3016 3873 orationem
3047 3833 3229 3873 meam
3260 3817 3471 3873 factam
3513 3833 3616 3889 pro
3642 3832 3840 3888 perse-

2185 3907 2448 3964 verantia
2477 3923 2743 3962 meorum
2775 3908 2875 3978 qui
2901 3908 3027 3977 jam
3051 3906 3266 3961 initiati
3289 3910 3431 3962 sunt
3456 3906 3840 3962 sacramentis

2188 3997 2344 4053 ﬁdei.
2368 4002 2442 4053 Et
2470 4012 2539 4050 ne
2567 3996 2879 4067 despexeris
2913 3994 3355 4064 deprecationem
3392 4011 3579 4050 meam
3598 4014 3620 4050 :
3650 3995 3843 4050 Potest

2188 4088 2345 4145 enim
2378 4085 2501 4141 ﬁeri
2533 4091 2598 4139 ut
2627 4084 2974 4139 exaudiatur
3003 4084 3137 4155 quis
3166 4089 3224 4139 et
3249 4085 3627 4157 postmodum
3655 4084 3842 4156 despi-

2189 4178 2395 4243 ciatur,
2430 4174 2586 4246 quod
2615 4172 2807 4228 evenit
2835 4172 2920 4228 eis
2951 4173 3051 4244 qui
3080 4174 3288 4229 mundi
3331 4173 3506 4229 istius
3554 4175 3708 4228 bona
3737 4172 3843 4227 de-

2190 4268 2491 4337 sperantes
2512 4261 2807 4333 accipiunt
2818 4265 2875 4316 et
2888 4266 3018 4333 post
3034 4261 3459 4333 despiciuntur,
3477 4262 3617 4333 quia
3629 4277 3843 4333 nequa-

2191 4370 2369 4425 quam
2400 4357 2615 4407 aaterna
2671 4349 3059 4421 appetierunt.
3121 4350 3341 4406 Exaudi
3395 4350 3845 4419 deprecationem

2189 4442 2404 4497 factam
2426 4456 2529 4512 pro
2552 4439 2645 4494 his
2666 4438 2768 4509 qui
2808 4438 3201 4510 pradestinati
3250 4440 3321 4494 ad
3371 4439 3547 4495 fidem
3579 4439 3845 4495 nondum

2189 4534 2493 4595 venerunt,
2526 4533 2591 4583 ut
2622 4530 3035 4582 convertantur
3083 4528 3155 4583 ab
3209 4544 3401 4584 errore
3458 4544 3589 4595 suo,
3621 4526 3708 4583 vel
3740 4543 3846 4599 pro

2191 4618 2400 4675 iisdem
2431 4616 2706 4671 ﬁdelibus
2746 4617 3077 4685 orationem,
3112 4622 3176 4671 ut
3206 4621 3576 4689 perseverent
3604 4616 3667 4672 in
3694 4617 3847 4673 bono

2191 4707 2512 4781 proposito,
2538 4706 2998 4777 deprecationem,
3018 4709 3084 4760 ut
3099 4706 3399 4762 auferatur
3419 4705 3620 4762 saeculi
3644 4720 3814 4762 amor
3834 4722 3848 4773 ;

2191 4797 2303 4852 hoc
2332 4796 2503 4851 modo
2534 4794 2775 4849 exaudi:
2818 4793 3047 4851 Intende
3090 4794 3235 4850 mihi
3279 4803 3332 4851 et
3384 4795 3601 4857 exaudi
3623 4810 3747 4857 me;
3777 4793 3851 4849 ad

2195 4883 2645 4941 similitudinem
2669 4899 2682 4938 :
2708 4883 2853 4938 Cum
2875 4882 3031 4937 enim
3054 4882 3442 4955 tranquillum
3467 4884 3604 4957 quis
3627 4899 3857 4939 accom-

2198 4974 2396 5029 modat
2420 4972 2649 5028 vultum
2680 4970 3002 5043 benignum
3035 4972 3255 5043 praebet
3275 4973 3564 5029 auditum.
3586 4972 3743 5037 Quia
3761 4988 3856 5028 me

2193 5061 2563 5118 irremissum
2596 5061 2742 5116 facio
2771 5060 2832 5115 in
2863 5060 3144 5128 oratione,
3176 5066 3235 5117 et
3262 5066 3319 5117 te
3357 5062 3732 5118 irremissum
3763 5062 3857 5117 fac

2195 5151 2256 5206 in
2288 5148 2605 5204 auditione.
2638 5149 2710 5204 Et
2737 5165 2887 5221 opus
2916 5153 3009 5204 est
3037 5150 3429 5218 exauditione,
3470 5150 3615 5222 quia
3641 5152 3857 5207 contri-

2195 5243 2373 5296 status
2426 5253 2550 5292 sum
2597 5238 2658 5292 in
2713 5239 3105 5294 exercitatione
3155 5257 3300 5296 mea.
3361 5239 3707 5295 Exercitatio
3766 5245 3858 5297 est

2197 5325 2428 5384 honesti
2457 5325 2674 5382 laboris
2704 5326 3086 5383 continuatio.
3120 5329 3227 5385 Hic
3270 5328 3557 5385 Dominici
3590 5328 3858 5384 hominis

2197 5415 2325 5471 vita:
2355 5431 2567 5470 cursus
2597 5415 2847 5471 breviter
2889 5415 3263 5475 describitur.
3315 5417 3664 5473 Exercitatio
3692 5418 3858 5474 enim

2198 5506 2328 5575 eius
2359 5503 2469 5559 fuit
2495 5503 2745 5577 insignis
2776 5506 2835 5562 in
2880 5506 3205 5574 miraculis,
3236 5507 3296 5562 in
3344 5506 3633 5563 doctrina.
3666 5508 3858 5573 Quam

2197 5593 2667 5650 exercitationem
2698 5595 2839 5667 quia
2867 5595 3010 5652 vidit
3030 5613 3143 5653 non
3168 5597 3449 5670 proﬁcere
3466 5597 3862 5653 contristatae

2178 5686 2286 5740 est
2304 5699 2422 5740 non
2469 5699 2574 5755 pro
2595 5699 2679 5755 se,
2704 5685 2828 5756 sed,
2860 5701 2965 5758 pro
2995 5685 3186 5747 salute
3206 5682 3445 5748 illorum
3483 5700 3636 5760 quos
3662 5685 3867 5759 perire
