4014 6194
240 339 357 405 H3

1384 336 1993 407 ENARRA'PIONES
2037 340 2114 404 ΙΝ
2163 341 2546 405 PSALMOS.

3528 344 3648 406 414

233 476 489 545 videbat,
521 475 592 532 ad
624 474 1075 534 similitudinem
1105 478 1243 534 boni
1277 479 1487 534 medici
1510 478 1612 550 qui
1671 478 1730 532 in
1792 476 1887 531 his
1919 490 1973 555 Α
2003 474 2295 546 Spiritus:
2326 474 2724 547 plateaeﬁmpii
2750 493 2762 531 :
2784 473 2841 530 in
2870 473 3087 548 quibus
3104 472 3356 546 compita
3379 476 3645 532 omnium

236 585 383 639 quos
409 584 612 622 curare
639 566 761 622 vult
776 569 1127 624 videtartem
1151 587 1318 624 suam
1346 585 1553 641 parum
1588 568 1883 639 proficere.

236 658 308 712 Et
338 674 409 712 ne
436 657 555 711 haec
586 656 820 711 tristitia
842 657 1206 729 intelligatur
1229 675 1511 731 manens,
1539 655 1847 727 subjungit
1873 671 1884 708 :

240 746 602 801 Conturbalus
621 761 742 800 sum
772 764 805 800 a
838 762 958 801 vace
989 749 1249 801 inimici:
1282 747 1387 812 Qui
1422 746 1646 801 amicus
1688 743 1889 799 debuit

237 851 368 891 esse
401 834 586 889 factus
617 834 997 890 estinimicus
1030 837 1199 907 cujus
1230 854 1337 890 vox
1368 837 1426 890 in
1450 835 1724 889 omnibus
1748 831 1890 887 mihi

238 922 606 979 contradicit.
637 924 976 978 Dlemonium
1015 925 1173 979 habes
1193 927 1369 991 (Joan.
1420 925 1565 995 vm).
1608 925 1702 977 Hic
1736 924 1891 975 homo

244 1029 361 1067 non
418 1015 496 1067 est
544 1029 577 1065 a
609 1013 711 1065 Deo
772 1012 947 1083 (Joan.
983 1014 1078 1083 1x).
1137 1015 1399 1068 Nolumus
1473 1014 1614 1067 hunc
1670 1027 1897 1081 regnare

250 1118 416 1173 super
469 1118 565 1156 nos
605 1102 758 1172 (Luc.
810 1105 946 1173 xix).
984 1104 1051 1156 Et
1098 1120 1131 1156 a
1175 1103 1531 1157 tribulatione
1563 1101 1888 1173 peccatoris:

242 1216 382 1256 cum
412 1204 679 1271 peccator
709 1199 783 1253 sit
808 1204 863 1254 et
893 1199 1151 1270 indigeat
1182 1217 1312 1254 mea
1359 1200 1571 1268 salute,
1612 1196 1896 1253 tribulant

246 1304 340 1344 me
368 1288 747 1357 verberando,
812 1288 1249 1359 colaphizando,
1294 1291 1607 1359 peccatoris,
1670 1288 1726 1340 id
1785 1291 1891 1353 est,

242 1378 723 1449 transgressoris.
756 1380 889 1442 Quae
921 1377 1217 1432 tribulatio
1251 1377 1443 1449 potius
1504 1377 1751 1431 dicenda
1809 1380 1897 1429 est

237 1468 547 1540 peccatoris
577 1483 755 1536 quam
791 1483 939 1530 mea,
974 1467 1112 1537 quia
1143 1483 1276 1521 cum
1310 1484 1401 1520 me
1438 1465 1896 1538 parattrihulare

245 1555 501 1611 exterius
530 1554 844 1610 tribulatur
866 1555 1132 1609 interius.
1158 1558 1341 1620 Quare
1364 1572 1502 1611 voco
1527 1573 1695 1611 suam
1715 1556 1895 1623 ?Qu0-

244 1647 404 1700 niam
425 1644 840 1700 declinaverunt
866 1648 922 1699 in
950 1662 1036 1699 me
1071 1647 1410 1717 iniquitates,
1445 1646 1583 1717 quia
1608 1644 1900 1700 declinare

244 1734 561 1791 voluerunt
592 1739 860 1802 mortem,
893 1738 951 1789 et
982 1734 1359 1790 amissionem
1383 1735 1493 1790 loci
1520 1740 1575 1789 et
1590 1735 1781 1807 gentis
1800 1750 1901 1806 per

248 1840 445 1879 meam
480 1828 749 1892 mortem,
788 1841 965 1895 quam
998 1824 1193 1896 potius
1251 1841 1353 1895 per
1400 1829 1647 1879 mortem
1708 1840 1896 1879 meam

247 1913 627 1968 incurrerunt
651 1912 785 1979 :vel,
811 1930 948 1967 suas
973 1913 1313 1984 iniquitates
1337 1913 1902 1984 imposueruntmihi

247 2001 534 2057 facientes
566 2018 656 2056 me
688 2001 941 2057 hostiam
974 2019 1077 2072 pro
1109 2003 1361 2073 peccatis
1383 2003 1527 2068 suis,
1564 2007 1626 2057 ut
1652 2003 1907 2057 Numan-

244 2090 362 2145 tini
395 2089 495 2160 qui
527 2090 819 2161 captivum
847 2090 1011 2160 prius
1042 2090 1186 2144 bene
1216 2092 1563 2159 tractabant,
1599 2097 1653 2145 et
1706 2096 1908 2162 postea

246 2184 419 2233 extra
451 2178 742 2233 civitatem
774 2179 1053 2233 ducentes
1083 2183 1138 2232 et
1169 2179 1536 2250 imponentes
1566 2180 1677 2250 ipsi
1711 2178 1909 2234 omnia

249 2270 498 2337 peccata
528 2282 635 2319 sua
665 2265 1027 2337 lapidabant,
1063 2271 1335 2337 putantes
1364 2285 1465 2338 per
1496 2268 1604 2322 hoc
1649 2269 1906 2339 purgari.

246 2362 616 2416 Putavcrunt
646 2362 801 2417 enim
832 2362 1017 2417 Judaei
1047 2364 1198 2433 quod
1218 2363 1276 2418 in
1312 2370 1496 2419 morte
1526 2365 1739 2419 Christi
1772 2383 1907 2437 pur-

262 2454 504 2523 garetur
533 2449 699 2505 locus
722 2456 778 2505 et
799 2466 964 2521 gens.
999 2454 1065 2506 Et
1084 2454 1143 2505 in
1174 2455 1259 2506 ira
1274 2470 1449 2525 quam
1465 2453 1912 2525 habueruntpro

263 2537 582 2593 amissione
598 2537 706 2592 loci
731 2544 787 2591 et
807 2541 998 2609 gentis
1020 2543 1403 2596 molestierant
1422 2542 1579 2595 mihi.
1606 2543 1740 2597 Irati
1767 2543 1911 2596 mihi

263 2626 418 2681 unde
450 2625 560 2681 sibi
584 2625 756 2680 irasci
790 2628 1150 2682 debuerunt:
1186 2646 1293 2683 suo
1324 2631 1481 2684 enim
1517 2634 1769 2700 peccato,
1795 2648 1911 2685 non

262 2730 394 2770 meo
419 2714 690 2786 captivati
720 2719 877 2783 sunt,
903 2720 1255 2786 putaverunt
1274 2717 1598 2788 enim,quia
1620 2736 1815 2787 regem
1849 2735 1911 2773 se

266 2804 614 2872 nominavit,
642 2804 789 2858 iram
824 2804 1217 2859 Romanorum
1253 2806 1583 2877 principum
1616 2806 1913 2862 incurrere

260 2909 398 2947 cum
429 2892 666 2947 Judasus
708 2896 881 2955 esset,
916 2898 975 2947 ct
1022 2892 1150 2948 ideo
1204 2893 1287 2946 illi
1322 2894 1451 2948 irati
1480 2900 1662 2949 erant.
1730 2895 1908 2961 Unde,

261 2981 403 3053 quia
430 2982 645 3037 molesti
673 2982 991 3051 eranl‘quia
1013 2983 1432 3037 declinaverunt
1460 2984 1620 3038 inme
1652 2985 1914 3055 iniquita-

260 3075 364 3137 tes,
397 3087 495 3126 cor
522 3086 704 3126 meum
750 3071 1135 3125 conturbatum
1181 3080 1259 3126 est
1288 3073 1347 3126 in
1382 3089 1485 3127 me.
1522 3072 1915 3128 Conturbatum

258 3162 428 3216 estad
452 3160 784 3225 horam,sed
818 3160 999 3227 inme,
1036 3177 1152 3214 non
1175 3167 1337 3215 extra
1369 3177 1478 3216 me.
1532 3162 1649 3216 Hoc
1705 3162 1909 3217 volun-

2005 563 2635 635 concupiscentiarum,
2669 570 2725 619 et
2756 566 2944 621 forum
2967 564 3330 620 tumultuum
3381 566 3646 621 omnium

1998 670 2193 708 rerum
2224 670 2235 705 :
2269 656 2325 707 et
2360 653 2527 723 quasi
2550 660 2832 709 occurret.
2862 655 2918 708 Si
2961 656 3039 710 ita
3062 659 3150 710 est
3176 656 3234 709 in
3259 655 3488 709 civitate
3520 673 3648 727 qum

1999 746 2086 798 est
2114 746 2275 796 extra
2304 742 2623 807 Christum,
2657 745 2956 815 requiesce
2998 750 3061 799 tu
3092 745 3252 799 intus
3286 746 3341 798 in
3402 745 3495 799 his
3543 744 3645 815 qui

1998 832 2060 885 in
2091 832 2335 895 Christo,
2364 847 2434 885 ne
2466 848 2657 902 quaere
2688 832 3089 888 solitudinem.
3114 835 3273 897 Quod
3299 851 3525 905 queror,
3559 835 3649 889 in—

2001 919 2147 991 quit,
2182 920 2415 991 attingit
2435 919 2653 975 scilicet
2685 920 2861 976 falsos
2894 924 3100 979 fratres
3122 941 3178 978 ll]
3220 924 3435 994 quibus
3492 925 3653 981 intus

2000 1018 2199 1072 laboro
2226 1018 2499 1088 quoniam
2515 1019 2825 1073 exteriores
2848 1018 3177 1075 tolerarem.
3199 1044 3225 1071 ››
3243 1027 3495 1078 Possunt
3512 1028 3567 1078 et
3581 1025 3651 1079 ad

2004 1107 2269 1161 membra
2300 1106 2509 1160 Christi
2542 1107 2660 1160 haec
2693 1108 2913 1171 referri,
2947 1112 3008 1161 ut
3032 1108 3297 1164 Christus
3329 1128 3432 1182 pro
3468 1130 3651 1167 mem-

2004 1195 2125 1249 bris
2158 1196 2281 1250 suis
2304 1197 2385 1249 sic
2426 1194 2628 1249 dicat?
2651 1196 3015 1250 Contristatus
3036 1214 3157 1251 sum
3192 1201 3251 1252 in
3265 1202 3656 1257 exercitatione

2002 1300 2142 1348 mea,
2167 1284 2224 1337 id
2256 1290 2363 1345 est,
2396 1285 2818 1338 contristantur
2848 1285 2959 1339 mei
3008 1286 3263 1341 multum
3321 1288 3655 1347 laborantes

2004 1372 2063 1426 in
2091 1374 2354 1427 doctrina
2374 1374 2793 1439 meimitando,
2830 1382 2885 1427 et
2935 1374 3081 1428 nihil
3141 1376 3510 1446 proﬁcientes
3567 1380 3653 1435 vel

2006 1479 2214 1533 parum
2242 1480 2254 1517 :
2288 1461 2395 1531 vel,
2430 1464 2487 1516 in
2519 1465 2913 1518 exercitatione
2966 1480 3113 1528 mea,
3146 1465 3283 1536 quia
3333 1467 3470 1520 mali
3520 1486 3653 1523 cum

2009 1549 2146 1605 mali
2180 1551 2299 1605 sint
2328 1556 2595 1605 exercent
2628 1552 2842 1607 bonos:
2878 1553 2925 1607 si
2958 1553 3148 1607 bonus
3194 1571 3276 1619 es,
3311 1572 3425 1609 non
3476 1555 3657 1612 habes

2008 1639 2313 1694 inimicum
2348 1641 2460 1694 nisi
2493 1640 3033 1696 malum.Porrotibi
3064 1660 3131 1697 ea
3153 1643 3431 1699 bonitatis
3458 1645 3657 1717 regula

2011 1730 2246 1800 praefixa
2275 1734 2364 1783 est
2394 1734 2457 1783 ut
2487 1730 2733 1785 imiteris
2764 1731 3083 1786 bonitatem
3142 1733 3329 1788 Patris
3387 1733 3494 1802 tui,
3558 1736 3658 1806 qui

2010 1818 2191 1872 solem
2225 1835 2400 1872 suum
2433 1819 2570 1873 oriri
2604 1820 2740 1873 facit
2770 1837 2948 1891 super
2975 1822 3159 1877 bonos
3190 1825 3245 1877 et
3293 1823 3498 1878 malos.
3549 1824 3657 1878 Sed

2013 1907 2149 1961 talis
2181 1923 2313 1960 cum
2346 1908 2605 1963 extendit
2635 1908 3001 1964 dilectionem
3032 1914 3095 1964 ut
3125 1910 3297 1965 etiam
3322 1911 3527 1983 diligat
3557 1912 3661 1967 ini-

2016 1997 2219 2062 micos,
2277 1996 2597 2052 multorum
2663 1999 2823 2052 rabie
2875 1998 3352 2054 circumvallatus
3409 2002 3663 2071 quadam

2016 2086 2279 2139 humana
2308 2086 2647 2141 inﬁrmitate
2689 2087 3019 2155 succubuit,
3050 2089 3197 2143 vidit
3254 2106 3316 2143 se
3375 2091 3665 2161 penetrari

2020 2173 2175 2227 mala
2206 2176 2585 2244 persuasione
2606 2176 2987 2241 diabolicamt
3007 2176 3432 2233 odiuminduat
3466 2179 3666 2233 adver-

2020 2263 2484 2319 suminimicos:
2519 2264 2812 2319 reluctans
2864 2265 2995 2319 odio
3052 2271 3117 2319 ut
3173 2268 3473 2337 perliceret
3521 2266 3668 2337 dile-

2020 2350 2272 2405 ctionem
2296 2352 2357 2405 in
2388 2353 2515 2424 ipsa
2543 2352 2700 2408 lucta
2721 2355 2993 2409 turbatus
3015 2360 3124 2420 est,
3148 2354 3256 2410 hoc
3280 2356 3451 2411 modo
3472 2358 3671 2411 contri-

2020 2443 2225 2494 status.
2261 2441 2630 2496 Conturbatus
2657 2459 2779 2496 sum
2807 2442 3074 2507 interius,
3114 2444 3255 2498 dum
3282 2444 3389 2499 hac
3448 2450 3672 2517 pugnat

2023 2528 2411 2596 charitas,hac
2434 2532 2655 2584 odium.
2678 2533 2714 2585 A
2742 2546 2888 2597 voce,
2916 2532 3093 2601 idest,
3128 2549 3158 2586 a
3190 2534 3667 2606 contradictione,

2022 2630 2080 2678 et
2103 2642 2215 2679 non
2240 2626 2429 2680 solum
2455 2644 2487 2681 a
2509 2628 2986 2699 contradictione,
3020 2630 3119 2684 sed
3152 2631 3329 2684 etiam
3353 2648 3385 2685 a
3428 2632 3667 2687 tribula-

2022 2714 2505 2785 tionepcccatoris.
2542 2716 2664 2770 Duo
2688 2721 2825 2771 sunt
2855 2733 3067 2789 genera
3086 2718 3459 2775 inimicorum
3485 2737 3669 2777 :unus

2022 2802 2308 2868 occultus,
2343 2807 2399 2857 et
2456 2803 2600 2858 alter
2656 2811 2932 2876 apertus;
2994 2823 3150 2861 unus
3208 2807 3473 2875 interior,
3525 2810 3671 2865 alter

2021 2891 2306 2946 exterior:
2332 2898 2577 2963 uterque
2609 2894 2837 2948 auferre
2869 2899 3115 2949 conatur
3143 2912 3174 2949 a
3206 2896 3377 2951 nobis
3424 2898 3481 2950 id
3517 2898 3671 2953 unde

2022 2979 2285 3050 superari
2318 2987 2525 3051 potest.
2557 2981 2819 3036 Exterior
2848 2981 3295 3039 nititurauferre
3314 2984 3668 3052 facultatem,

2023 3067 2264 3122 interior
2296 3086 2428 3123 vero
2459 3068 2826 3124 charitatem.
2870 3072 3013 3125 Cum
3069 3073 3227 3127 enim
3286 3073 3382 3129 ille
3428 3075 3674 3132 interior

2022 3154 2209 3211 hostis
2240 3158 2549 3211 adversum
2585 3175 2690 3212 nos
2720 3158 2933 3213 excitat
2979 3160 3315 3221 exteriorem
3377 3180 3491 3217 non
3548 3169 3669 3220 tam

256 3254 381 3304 tate
414 3266 564 3315 mea,
598 3248 737 3320 quia
766 3248 1110 3314 voluntarie,
1138 3266 1251 3303 non
1285 3250 1829 3314 coactus,transtu1i
1851 3251 1909 3304 in
1942 3220 1984 3285 Ο
2026 3244 2161 3297 facit
2191 3250 2255 3297 ut
2278 3245 2501 3298 auferat
2528 3246 2859 3300 facultatem
2884 3264 3060 3317 quam
3081 3249 3409 3304 utinterius
3430 3251 3670 3307 innubis

258 3355 356 3393 me
391 3338 899 3393 conturbationem
921 3339 1279 3392 meorum.Et
1310 3337 1446 3407 quia
1466 3338 1761 3393 voluntate
1784 3339 1913 3392 veni

256 3427 332 3482 ad
395 3426 750 3499 passionem,
808 3444 925 3481 non
1009 3426 1376 3489 necessitate,
1451 3426 1686 3494 formido
1764 3441 1912 3480 mor-

254 3518 353 3583 tis,
383 3516 440 3569 id
469 3519 578 3582 est,
610 3531 769 3569 mors
801 3514 931 3569 aliis
980 3513 1371 3569 formidabilis
1424 3514 1636 3579 cecidit,
1688 3515 1745 3568 id
1805 3519 1912 3580 est,

254 3608 497 3660 mortua
517 3608 624 3670 est,
647 3620 810 3674 super
831 3620 917 3658 me
940 3603 1162 3659 scilicet
1184 3603 1362 3657 etiam
1377 3604 1631 3658 veniens.
1658 3604 1717 3658 Id
1754 3603 1910 3659 enim

247 3693 653 3764 jurisquodin
674 3692 1069 3748 aliishabebat
1091 3692 1343 3764 perdidit
1360 3692 1595 3747 veniens
1619 3694 1687 3747 ad
1746 3692 1912 3748 illum

254 3782 317 3837 in
354 3798 529 3853 quem
557 3780 878 3851 nihiljuris
904 3780 1130 3836 habuit.
1166 3782 1205 3836 0
1252 3798 1424 3851 mors,
1456 3798 1546 3836 ero
1593 3799 1737 3837 mors
1795 3790 1909 3853 tua,

254 3887 471 3926 morsus
499 3886 590 3925 ero
620 3870 841 3941 inferne
901 3870 1045 3941 (Ose.
1098 3871 1242 3940 VIII).
1294 3869 1561 3925 Ostensio
1619 3872 1911 3942 quomodo

254 3976 437 4031 super
457 3975 589 4013 eum
605 3958 762 4013 venit
780 3975 956 4013 mors.
996 3959 1175 4013 Timor
1204 3957 1427 4012 scilicet
1441 3960 1529 4012 ani
1543 3960 1619 4013 mi
1643 3965 1692 4014 et
1713 3969 1913 4015 tremor

253 4047 518 4119 corporis
553 4051 813 4102 venerunt
835 4064 1001 4117 super
1022 4063 1125 4101 me.
1156 4050 1305 4100 Vera
1329 4048 1534 4101 mortis
1572 4048 1907 4119 descriptio.

257 4148 321 4200 Et
346 4150 483 4217 post
499 4148 749 4199 mortem
765 4148 1144 4199 ettremorem
1160 4150 1518 4198 contexerant
1538 4159 1624 4197 me
1657 4146 1909 4215 tenebrte,

254 4233 399 4305 quia
423 4237 692 4289 mortuus
715 4233 859 4288 nihil
892 4233 1039 4288 lucis
1062 4233 1238 4287 habet
1266 4251 1277 4288 :
1311 4232 1397 4287 vel
1431 4234 1690 4299 tenebrae,
1726 4234 1778 4288 id
1827 4238 1916 4289 est

253 4321 574 4387 tenebrosi,
609 4323 738 4377 caeci
780 4326 835 4377 et
884 4322 1223 4394 ignorantes
1285 4321 1425 4392 quid
1481 4322 1755 4387 facerent,
1784 4340 1909 4377 con-

254 4414 515 4467 texerant
542 4428 632 4465 me
659 4412 921 4483 undique
954 4427 1040 4465 me
1069 4410 1268 4465 lumen
1303 4410 1505 4464 mundi
1531 4414 1721 4482 tegere
1746 4418 1910 4482 puta-

252 4503 465 4555 verunt
510 4504 793 4569 ponentes
825 4500 884 4553 in
927 4516 1181 4565 crucem,
1206 4499 1276 4553 de
1307 4515 1473 4554 cruce
1505 4499 1563 4552 in
1621 4500 1910 4571 sepulcro,

2024 3332 2191 3386 feriat
2224 3332 2587 3387 charitatem.
2616 3338 2922 3389 Amandus
2944 3341 3182 3408 estergo
3202 3336 3385 3391 hostis
3404 3339 3668 3407 exterior,

2024 3424 2088 3474 ut
2114 3419 2197 3474 sic
2229 3419 2562 3474 vindicatur
2582 3421 2986 3478 interior.ldeo
3008 3424 3283 3479 turbatus
3309 3425 3671 3483 sumtimens

2024 3508 2295 3562 amittere
2321 3507 2665 3562 charitatem
2714 3514 2767 3563 et
2798 3512 2941 3564 verti
3004 3512 3063 3565 in
3123 3512 3344 3567 odium.
3407 3516 3677 3582 Quoniam

2022 3597 2437 3652 declinaverunt
2468 3598 2529 3651 in
2559 3613 2646 3651 me
2670 3599 3014 3670 iniquitates,
3035 3600 3091 3654 id
3125 3604 3234 3666 est,
3268 3603 3533 3672 proprias
3562 3604 3674 3660 ini-

2022 3686 2277 3757 quitates
2310 3685 2454 3740 mihi
2478 3685 2890 3758 imposuerunt
2914 3704 3067 3754 ;cum
3090 3688 3200 3759 ipsi
3217 3694 3413 3744 essent
3432 3690 3597 3762 impii
3620 3698 3678 3747 et

2021 3774 2371 3847 blasphemi,
2408 3775 2678 3831 dixerunt
2710 3793 2801 3832 me
2832 3777 3080 3848 impium
3135 3781 3192 3832 et
3238 3777 3672 3849 blasphemum.

2019 3880 2083 3933 Et
2114 3881 2173 3933 in
2205 3881 2312 3942 ira,
2345 3879 2400 3932 id
2436 3885 2544 3945 est,
2576 3881 2632 3935 in
2666 3882 2887 3951 injuste
2943 3883 3155 3950 furore,
3213 3900 3327 3939 non
3400 3884 3457 3939 in
3507 3885 3674 3956 justa

2020 3983 2198 4021 causa
2226 3968 2442 4021 molesti
2465 3978 2621 4023 erant
2644 3971 2823 4022 mihi:
2843 3974 2898 4024 et
2928 3969 3056 4026 ideo
3087 3987 3182 4027 cor
3236 3989 3418 4027 meum
3459 3979 3672 4030 contur—

2022 4056 2215 4109 batum
2244 4065 2323 4110 est
2350 4058 2409 4109 in
2439 4073 2547 4123 me,
2576 4057 2634 4111 id
2667 4058 2943 4123 est,intus
2968 4061 3362 4128 aestuavi.Qua
3384 4063 3453 4118 de
3471 4080 3670 4134 causa,

2021 4144 2354 4215 subjungit:
2389 4149 2453 4199 Et
2480 4147 2723 4215 formido
2746 4151 2934 4203 mortis
2980 4151 3175 4205 cecidit
3230 4167 3396 4223 super
3446 4170 3552 4219 me,
3613 4154 3670 4208 id

2021 4238 2129 4298 est,
2163 4232 2333 4286 timui
2366 4250 2435 4288 ne
2466 4251 2533 4289 ex
2564 4252 2764 4290 eorum
2794 4237 2975 4293 nimia
3027 4240 3395 4310 perversione
3448 4258 3481 4295 a
3535 4241 3671 4295 cha-

2022 4321 2192 4375 ritate
2222 4325 2475 4375 vertercr
2507 4322 2563 4376 in
2623 4325 2844 4380 odium.
2908 4328 3069 4391 Quod
3122 4328 3323 4382 odium
3373 4332 3463 4381 est
3514 4345 3671 4383 mors

2023 4410 2251 4475 animae,
2306 4411 2457 4465 sicut
2511 4428 2540 4465 e
2600 4415 2887 4468 contrario
2948 4414 3179 4469 dilectio
3230 4416 3368 4469 vita.
3427 4416 3675 4486 Exponit

2023 4499 2315 4570 quomodo
2348 4498 2595 4553 formido
2627 4502 2832 4555 mortis
2862 4502 3017 4555 venit
3072 4519 3247 4572 super
3275 4518 3430 4557 eum.
3492 4504 3673 4558 Timor

254 4587 601 4643 claudentes
633 4588 809 4643 etiam
841 4589 1196 4660 sepulcrum.
1222 4588 1349 4642 Erat
1371 4588 1469 4641 lux
1490 4604 1617 4643 vera
1645 4606 1761 4660 quae
1787 4590 1915 4644 zllu-
1944 4587 1994 4652 D
2025 4598 2075 4645 et
2098 4599 2300 4644 tremor
2328 4591 2595 4643 venerunt
2624 4604 2786 4658 super
2818 4606 2925 4658 me,
2953 4593 3018 4644 ut
3048 4606 3244 4661 supra.
3300 4590 3367 4645 Et
3413 4608 3527 4646 non
3558 4592 3669 4647 mi-

252 4678 436 4731 minat
456 4692 677 4731 omnem
708 4676 987 4732 hominem
1014 4678 1317 4731 venientem
1345 4678 1405 4731 in
1434 4678 1577 4731 hunc
1617 4679 1906 4745 mundum,

252 4774 303 4820 et
336 4766 574 4821 mundus
602 4782 726 4821 eum
784 4783 894 4820 non
948 4767 1214 4837 cognovit.
1266 4768 1327 4821 In
1382 4769 1607 4837 prapria
1666 4770 1811 4823 venit
1861 4778 1913 4823 et

251 4855 346 4908 sui
373 4869 503 4908 eum
530 4871 641 4910 non
671 4858 985 4927 receperunt
1014 4857 1190 4923 (Joan.
1226 4856 1287 4924 ι).
1321 4854 1688 4925 Augustinus
1714 4872 1727 4910 :
1755 4879 1781 4905 ‹‹
1807 4858 1911 4911 Est

253 4946 454 4997 autem
487 4944 756 5014 quaedam
803 4944 1010 4999 civitas
1033 4943 1308 4998 omnibus
1338 4944 1584 4998 confusa
1637 4946 1908 5016 gentibus

253 5030 407 5085 nihil
431 5030 654 5087 habens
686 5049 801 5088 non
826 5033 1072 5105 dignum
1096 5031 1906 5104 confusione.Civitasautem,

255 5127 397 5199 quia
423 5126 523 5199 qui
557 5128 617 5182 in
650 5145 717 5184 ea
749 5133 889 5184 sunt
919 5129 1027 5184 hoc
1085 5144 1200 5199 quo
1254 5128 1531 5182 confundi
1586 5130 1908 5185 debuerant

254 5215 693 5272 munimentum
727 5219 839 5272 sibi
863 5219 1103 5285 ducunt,
1155 5217 1617 5272 contradicentes
1675 5219 1905 5275 Christo

256 5310 379 5360 tam
414 5322 534 5360 non
569 5308 856 5363 credendo
888 5323 1064 5378 quam
1090 5306 1240 5359 male
1256 5305 1537 5360 vivendo:
1580 5309 1731 5361 muri
1764 5325 1904 5363 con-

250 5394 511 5449 fusionis
542 5394 835 5464 humanae,
870 5395 1242 5452 sublimiores
1273 5394 1427 5448 factu
1457 5394 1795 5464 impietatis,
1835 5397 1905 5451 de

250 5483 473 5555 quibus
507 5500 659 5556 saepe
681 5486 894 5541 dicitur
918 5502 930 5540 :
962 5484 1019 5539 Si
1040 5484 1133 5538 hic
1157 5484 1322 5538 fieret
1343 5482 1728 5551 Christianus,
1763 5485 1901 5556 quid

248 5577 587 5647 remaneret
610 5575 915 5648 paganus?
934 5574 1133 5629 Casuri
1188 5575 1327 5627 sunt
1358 5570 1415 5625 hi
1450 5571 1601 5625 muri
1653 5575 1902 5645 septimo

252 5676 401 5718 arcae
432 5660 681 5719 circuitu
730 5664 855 5736 (.Ios.
904 5665 1003 5735 v1),
1062 5662 1119 5717 id
1178 5664 1285 5731 est,
1319 5676 1510 5732 opere,
1545 5661 1901 5735 septiformis

2020 4696 2171 4749 rum,
2203 4677 2340 4750 quia
2370 4686 2727 4732 contexerant
2756 4694 2841 4732 me
2869 4678 3120 4749 tenebrw,
3156 4677 3212 4732 id
3245 4682 3351 4745 est,
3384 4680 3553 4736 timui
3607 4686 3670 4737 ut

2020 4769 2271 4823 tenebras
2302 4767 2563 4837 undique
2596 4782 2686 4820 me
2736 4765 3123 4821 involverunt.
3181 4767 3285 4835 Qui
3340 4769 3494 4824 enim
3553 4771 3668 4826 od.t

2015 4857 2250 4928 fratrem
2276 4873 2435 4910 suum
2469 4858 2529 4909 in
2560 4855 2795 4909 tenebris
2842 4859 2919 4909 est
2976 4856 3021 4927 (ῐ
3079 4858 3235 4911 Joan.
3270 4858 3352 4929 ιι).
3387 4861 3462 4912 Et
3501 4859 3663 4914 dixi:

2018 4947 2146 5014 Quis
2176 4946 2326 4999 dabit
2350 4945 2491 4997 mihi
2514 4960 2725 5014 pennas
2746 4946 2887 4998 sicut
2908 4945 3172 4999 columba:
3194 4946 3221 5000 ‘t
3249 4945 3425 5009 Quasi
3464 4946 3618 5001 dicat
3651 4965 3663 5002 :

2015 5042 2403 5099 Contristatus
2421 5045 2477 5095 et
2502 5042 2885 5096 conturbatus
2934 5043 3231 5115 arguendo
3278 5042 3445 5097 illum
3481 5060 3665 5114 popu-

2013 5130 3209 5202 lum,obsecrando,increpando,etparum
3226 5130 3670 5200 proficiendodi-

2014 5220 2236 5287 xizQuis
2266 5218 2417 5272 dabit
2446 5218 2589 5272 mihi
2608 5236 2834 5289 pennas,
2862 5219 3083 5274 scilicet
3107 5218 3592 5274 resurrectionem
3611 5224 3667 5275 et

2012 5305 2548 5378 impassihilitatem
2581 5308 2889 5371 mihidico,
2920 5310 3059 5361 sicut
3088 5308 3374 5373 columbae,
3406 5308 3466 5361 in
3522 5307 3665 5363 sim-

2016 5396 2269 5461 plicitate
2299 5400 2355 5449 et
2382 5396 2717 5449 innocentia
2746 5396 2831 5450 vel
2868 5397 2923 5449 in
2954 5396 3058 5450 hoc
3093 5395 3292 5461 simili,
3329 5395 3466 5466 quia
3513 5396 3666 5452 sicut

2013 5484 2360 5539 illaturbata
2378 5482 2574 5553 aliqua
2601 5483 2867 5539 molestia
2896 5483 3083 5538 avolat
3108 5502 3140 5538 ει
3163 5483 3443 5552 nido,non
3465 5489 3660 5541 tamen

2010 5574 2182 5644 longe
2232 5572 2526 5638 recedens,
2588 5573 2687 5627 sed
2749 5572 3177 5628 circumvolans
3234 5572 3314 5627 ita
3370 5588 3498 5644 ego,
3548 5576 3655 5630 etsi

2013 5676 2225 5734 corpus
2282 5659 2367 5715 eis
2424 5660 2788 5733 subtraham,
2850 5677 2966 5717 non
3014 5665 3212 5718 tamen
3259 5660 3651 5735 affectionem;
