4014 6194
456 343 577 416 Μέῦ

1035 341 1343 408 REMIGII
1389 337 2148 410 ANTISSIODORENSIS
2193 339 2367 408 OPP.
2412 340 2614 406 PARS
2655 340 2704 405 Ῑ.
2736 371 2815 391 --
2843 337 3311 406 EXEGETIGA.

3757 337 3896 430 ate

453 476 543 536 vel
571 478 714 536 sicut
749 477 1033 548 columba,
1067 482 1132 533 ut
1161 479 1272 533 sim
1303 477 1518 534 similis
1540 477 1622 533 illi
1669 477 1954 534 columbae
1977 492 2104 547 qua:
2135 477 2189 543 Α
2219 478 2281 532 in
2322 479 2718 550 captivitatem
2750 482 2808 533 et
2855 478 2913 533 in
2979 477 3318 540 servitutem
3375 472 3666 548 gentium.
3702 473 3772 530 Et
3794 475 3894 530 di-

456 567 676 628 emissa
715 568 786 623 de
842 584 976 623 arca
1033 567 1220 622 noluit
1277 568 1492 623 morari
1553 567 1612 622 in
1671 566 1881 622 lutosis
1941 565 2104 632 locis,

452 656 554 718 sed
589 655 852 711 rediitad
883 673 1077 711 arcam
1132 657 1284 724 (Gen.
1348 659 1433 729 in)
1467 657 1565 711 ubi
1635 657 1893 728 quietem
1953 656 2107 710 inve-

450 745 557 812 nit,
601 745 680 800 ita
711 761 816 816 ego
849 746 1055 800 nolens
1087 763 1322 801 manere
1353 746 1411 800 in
1445 745 1656 800 lutosis
1689 744 1966 799 cordibus
1997 744 2104 798 Ju-

445 835 706 892 daorum
736 834 995 890 transibo
1029 835 1100 890 ad
1134 841 1338 907 gentes
1374 836 1430 890 in
1468 835 1682 907 quibus
1716 833 2103 905 requiescam,

443 923 584 996 quia
612 923 692 977 ibi
720 923 1014 978 inveniam
1051 923 1447 979 humilitatem
1476 928 1532 978 et
1561 923 2101 1000 mansuetudinem.

443 1020 616 1092 Super
634 1035 795 1090 quem
817 1022 1178 1090 requiescam,
1212 1023 1330 1076 nisi
1352 1037 1518 1089 super
1565 1021 1830 1075 humilem
1861 1023 1911 1072 et
1949 1035 2104 1072 man-

441 1118 660 1176 suetum
685 1115 736 1163 et
762 1111 1083 1165 trementem
1113 1111 1273 1164 verba
1303 1124 1432 1165 mea
1457 1112 1585 1177 (lsa.
1619 1110 1704 1178 Lx)
1729 1113 1752 1161 ?
1783 1113 1988 1162 Penna:
2013 1106 2103 1160 di-

443 1202 658 1256 cuntur
685 1215 719 1252 a
742 1197 1042 1267 pendendo,
1063 1198 1354 1268 columba,
1391 1198 1557 1270 quasi
1587 1199 1736 1252 cellae
1758 1198 2008 1257 alumna,
2042 1195 2098 1249 id

442 1290 531 1348 est
562 1286 904 1352 domestica,
929 1288 1252 1342 secundum
1288 1288 1596 1342 Isidoruin.
1653 1287 1720 1340 Et
1776 1283 2099 1355 assumptis

442 1374 652 1448 pennis
683 1375 868 1431 volabo
899 1384 949 1431 et
977 1378 1331 1448 requiescam.
1365 1376 1487 1445 Vel,
1523 1377 1580 1430 in
1633 1381 1842 1430 coelum
1901 1389 2099 1428 ascen-

444 1464 600 1530 dam,
626 1468 682 1520 et
709 1464 788 1518 ibi
810 1465 1022 1520 sedebo
1046 1467 1115 1520 ad
1138 1466 1401 1520 dextram
1429 1465 1640 1528 Patris,
1674 1463 1783 1528 vel,
1828 1462 2097 1518 recedam

443 1570 480 1610 a
505 1552 724 1608 Judaeis
757 1570 857 1626 per
888 1553 1294 1625 praedicatores
1321 1570 1502 1622 meos,
1537 1558 1592 1608 et
1625 1553 1988 1624 requiescam
2037 1550 2095 1604 in

440 1642 741 1715 gentibus,
767 1641 904 1714 quia
925 1642 1158 1698 immorl
1171 1643 1279 1698 alis
1295 1647 1352 1697 et
1375 1641 1758 1712 impassibilis
1781 1641 1967 1695 factus
1983 1654 2098 1694 me-

440 1730 556 1787 lius
571 1731 760 1803 potuit
773 1731 1037 1788 venirein
1052 1733 1317 1788 notitiam
1333 1731 1597 1804 gentium
1613 1747 1790 1802 quam
1806 1727 2092 1784 mortalis.

439 1829 580 1894 Quis
604 1829 750 1886 mihi
783 1829 890 1884 hoc
922 1830 1084 1886 dabit
1107 1830 1333 1885 scilicet
1364 1834 1572 1900 praeter
1589 1845 1679 1882 me
1701 1829 1728 1882 ?
1770 1826 2000 1882 Nullus.
2029 1827 2097 1880 Et
2126 1849 2172 1914 B

2221 567 2344 622 vide
2398 570 2617 638 linguas
2674 583 2882 636 eorum,
2932 567 2989 621 id
3047 571 3155 632 est,
3217 566 3275 621 in
3367 564 3567 620 varias
3639 563 3888 636 linguas

2215 656 2482 729 gentium
2512 657 2893 728 dissipentur,
2927 660 2992 712 ut
3014 673 3146 711 cum
3181 655 3353 710 modo
3386 654 3505 710 sint
3546 654 3728 708 unius
3767 653 3885 710 lin-

2215 763 2362 818 guze,
2398 747 2540 801 fiant
2574 746 2949 802 'multarum:
3009 745 3096 800 vel
3149 745 3335 799 divide
3399 742 3621 812 linguas
3667 760 3884 811 eorum,

2215 835 2482 890 exczncati
2513 833 2631 889 sint
2670 835 2832 890 intus
2856 839 2911 888 ct
2941 834 3128 888 divisi.
3166 832 3372 886 Dicant
3397 831 3495 884 alii
3542 834 3677 903 quia
3711 833 3887 887 bonus

2220 932 2296 978 est
2326 942 2343 977 :
2373 924 2482 978 alii
2502 940 2632 989 non,
2656 924 2747 977 sed
2766 922 2974 977 seducit
2997 922 3186 976 turbas
3210 922 3384 984 (Joan.
3403 920 3527 989 v11).
3555 919 3672 974 Hoc
3705 921 3883 975 modo

2212 1012 2414 1076 divide,
2441 1017 2502 1066 ut
2529 1012 2585 1065 in
2622 1011 2932 1083 promissis
2956 1009 3168 1065 salvari
3201 1009 3526 1075 credentes,
3569 1008 3624 1062 id
3676 1014 3792 1073 est,
3823 1010 3880 1064 in

2213 1102 2545 1156 carnalibus
2562 1100 3210 1166 observationibus,non
3231 1102 3466 1153 teneant
3493 1097 3877 1169 complentia:

2211 1201 2509 1254 credentes
2541 1199 2731 1254 solum
2769 1198 3164 1253 sacerdotium
3219 1195 3543 1251 secundum
3605 1195 3875 1251 ordinem

2209 1290 2398 1343 Aaron
2424 1288 2708 1358 recipiant
2730 1285 3126 1341 sacerdotium
3159 1289 3509 1356 permanens
3543 1285 3874 1341 secundum

2209 1377 2477 1431 ordinem
2507 1375 2950 1439 Melchisedech,
2985 1379 3040 1428 et
3071 1374 3154 1428 sic
3187 1373 3422 1428 tandem
3457 1379 3735 1428 neutrum
3773 1374 3874 1430 ha-

2210 1465 2402 1520 beant.
2440 1465 2766 1520 Nihilenim
2801 1465 2870 1518 de
2920 1463 3012 1518 his
3075 1463 3246 1516 modo
3305 1462 3628 1516 secundum
3686 1462 3870 1535 legem

2209 1559 2412 1626 agunt,
2443 1559 2633 1610 etnon
2668 1554 2909 1618 mirum,
2940 1552 3078 1623 quia
3109 1568 3222 1606 non
3249 1555 3619 1622 potestvetus
3646 1552 3866 1624 absque

2208 1660 2353 1698 novo
2387 1642 2636 1714 impleri,
2673 1642 2812 1714 quia
2844 1641 2901 1695 in
2935 1641 3032 1695 illo
3066 1646 3206 1696 sunt
3236 1639 3740 1710 promittentia,in
3765 1643 3870 1697 isto

2207 1731 2597 1804 complentia:
2631 1734 2688 1785 et
2717 1730 2776 1784 in
2810 1731 2920 1785 hoc
2953 1746 3067 1785 non
3099 1733 3188 1784 est
3214 1728 3578 1783 refundenda
3616 1729 3792 1801 culpa
3815 1731 3870 1784 in

2206 1825 2522 1876 auctorem.
2559 1820 2829 1888 Quoniam
2857 1819 2974 1874 vidi
3002 1820 3357 1889 iniquitatem
3385 1821 3434 1873 et
3483 1819 3871 1874 contradictio—

439 1917 872 1990 quiainﬁrmus
904 1935 1035 1974 sum
1067 1936 1136 1974 ex
1167 1919 1553 1980 humanitate.
1588 1918 1690 1972 sed
1722 1933 1855 1972 sum
1889 1920 2092 1987 potens
2126 1906 2168 1914 ⁷
2202 1910 2409 1964 nemin
2426 1911 2666 1964 civitate.
2693 1908 2860 1980 Digni
2885 1912 3024 1962 sunt
3048 1907 3157 1962 hac
3180 1923 3372 1978 poena,
3397 1906 3678 1978 quoniam
3719 1908 3866 1964 cives

437 2023 507 2070 ex
527 2006 850 2072 divinitate,
873 2009 1021 2063 Ecce.
1052 2008 1226 2072 Quasi
1254 2007 1441 2062 dicat:
1470 2008 1531 2060 In
1557 2005 1663 2062 hoc
1688 2005 2093 2076 apparet,quia

436 2112 505 2159 ex
525 2112 656 2151 mea
679 2095 888 2152 virtute
911 2113 1133 2167 pennas
1155 2095 1384 2168 sumpsi
1408 2112 1523 2150 non
1549 2095 1907 2166 aliena,quia
1948 2095 2094 2148 elon-

431 2187 578 2257 gavi,
610 2185 784 2257 longe
805 2185 1039 2252 recessi,
1073 2188 1294 2256 fugiens
1325 2183 1618 2240 lutulenta
1653 2185 1828 2238 corda
1859 2184 2090 2239 Judaeo-

435 2291 590 2340 rum,
617 2283 668 2329 et
687 2277 869 2330 mansi
886 2277 950 2352 in
973 2276 1289 2345 solitudine,
1316 2275 1373 2330 id
1407 2279 1513 2342 est,
1550 2275 1609 2328 in
1645 2274 1920 2329 cordibus
1951 2289 2091 2344 gen-

432 2362 628 2426 tilium
661 2364 760 2435 qui
791 2363 1145 2420 infructuosi
1176 2368 1343 2420 erant
1368 2369 1422 2419 et
1455 2362 1662 2419 inculti
1696 2362 1842 2436 lege,
1877 2366 1934 2418 et
1964 2378 2092 2434 pro-

433 2452 744 2524 phetarum
777 2453 1014 2524 scriptis
1045 2459 1101 2509 et
1132 2453 1602 2526 patriarcharum
1635 2451 1956 2522 exemplis;
2003 2448 2092 2505 vel

435 2557 556 2598 ecce
588 2542 693 2598 feci
726 2543 880 2614 quod
911 2541 1197 2598 volebam.
1235 2547 1299 2596 Et
1330 2542 1540 2596 merito
1563 2541 1672 2596 hoc
1695 2541 1859 2612 potui
1883 2540 2090 2605 facere,

395 2699 405 2710 η
441 2630 579 2706 quia
606 2633 982 2704 exspectabam
1013 2647 1139 2688 eum
1165 2635 1261 2702 qui
1278 2632 1494 2686 salvum
1518 2645 1603 2684 me
1631 2629 1763 2703 fecit
1792 2645 1826 2683 a
1853 2629 2090 2699 pusilla-

436 2723 693 2780 m'mitate
717 2722 951 2792 spiritus
981 2729 1033 2776 et
1065 2723 1420 2790 tempestate:
1457 2717 1594 2789 quia
1623 2734 1758 2772 cum
1809 2717 2093 2788 patientia

437 2809 832 2868 obedientiam
858 2808 1113 2881 implens
1135 2824 1240 2880 ego
1265 2807 1605 2862 Dominicus
1628 2807 1801 2861 homo
1830 2822 1944 2860 non
1968 2821 2096 2876 pro-

436 2902 706 2971 peranter
725 2897 946 2971 egi,sed
979 2897 1391 2969 exspectabam
1414 2894 1805 2960 eum,scilicet
1832 2895 2090 2949 Verbum

439 2985 586 3042 mihi
609 2985 993 3058 personaliter
1022 2987 1276 3052 unitum,
1302 2985 1404 3057 qui
1437 2986 1674 3040 tandem
1725 2983 1952 3039 salvum
1998 2999 2092 3038 me

439 3073 578 3136 {scit
603 3073 752 3140 ideo,
784 3074 924 3146 quia
943 3091 1078 3130 eum
1119 3074 1412 3147 expectavi
1435 3091 1470 3130 a
1503 3074 1966 3145 pusillaminitale
1980 3074 2090 3144 spi-

438 3163 601 3230 ritus,
627 3161 686 3216 id
711 3166 818 3232 est,
851 3161 1274 3229 imbecillitate,
1309 3167 1372 3217 ut
1394 3162 1452 3217 in
1485 3167 1654 3217 Petro
1685 3165 1743 3217 et
1763 3161 1976 3229 inhaliis
1998 3161 2088 3215 di-

438 3249 682 3323 scipulis
699 3251 819 3323 qui,
853 3250 1017 3323 prius
1037 3250 1235 3324 pusilli
1257 3251 1460 3316 animi,
1486 3250 1721 3305 fuerunt
1738 3249 2089 3321 postChristi
2120 3249 2128 3290 ‘

399 3392 404 3396 .
435 3339 820 3404 avolationem
854 3340 1092 3396 ﬁrmati.
1126 3343 1193 3397 Et
1225 3357 1258 3397 a
1287 3344 1633 3412 tempestate
1665 3356 1814 3406 mea,
1840 3339 1898 3394 id
1925 3343 2032 3406 est,
2059 3356 2092 3393 a

433 3429 760 3496 aevissima
789 3429 1217 3502 persecutione.
1252 3430 1321 3484 Et
1351 3430 1408 3483 in
1442 3429 1550 3484 hoc
1581 3427 1912 3500 exemplum
1961 3427 2091 3482 vitae

433 3517 636 3590 prebet
665 3517 936 3575 Christus
967 3523 1142 3589 caput
1174 3516 1456 3573 membris
1513 3517 1638 3573 suis
1682 3517 1836 3590 quod
1867 3515 1984 3570 illis
2017 3516 2094 3571 sit

435 3606 894 3679 ngendum,cum
911 3606 1163 3663 multum
1180 3607 1443 3663 laborent
1464 3607 1520 3661 in
1538 3606 1793 3662 subditis
1805 3610 1862 3661 et
1883 3621 2090 3677 parum

437 3689 768 3768 proﬁciant,
803 3695 1026 3752 scilicet
1047 3696 1508 3769 confugiendum
1532 3695 1619 3751 vel
1644 3710 1882 3766 corpore
1917 3693 1974 3748 in
1993 3694 2093 3748 ali-

437 3800 615 3858 quem
645 3789 937 3842 secretum
969 3783 1185 3850 locum,
1218 3784 1306 3840 vel
1351 3784 1512 3840 intus
1574 3784 1645 3838 ad
1710 3782 2091 3854 tranquillam

441 3873 658 3936 mentis
688 3873 926 3928 sedem:
962 3877 1028 3928 ut
1058 3873 1197 3945 quia
1252 3872 1572 3928 laborando
1605 3877 1661 3926 et
1718 3871 2089 3942 praedicando

443 3961 726 4034 proﬁcere
757 3978 872 4016 non
905 3966 1175 4034 possunt,
1215 3960 1443 4034 prosint
1474 3959 1555 4016 eis
1583 3959 1670 4016 vel
1719 3961 1959 4028 orando,
2022 3978 2093 4016 ne

448 4065 582 4110 cum
611 4047 826 4103 talibus
855 4051 1140 4106 versando
1164 4051 1364 4106 odium
1388 4049 1668 4115 incidant,
1702 4050 1857 4121 quod
1888 4049 2005 4104 illis
2037 4054 2094 4105 et

446 4135 978 4216 prohibitum,quid
1002 4138 1224 4196 dictum
1250 4139 1600 4210 est,Diligite
1616 4141 1871 4195 inimicos
1893 4148 2093 4196 vestros

443 4224 668 4298 (Matth.
690 4226 767 4296 v).
802 4225 868 4281 Et
896 4231 980 4297 tu,
1004 4229 1249 4294 Domine,
1301 4229 1399 4300 qui
1451 4228 1676 4284 salvum
1709 4245 1800 4284 me
1849 4227 2036 4284 fecisti
2063 4245 2097 4282 a

442 4317 792 4385 tempestate
819 4314 1180 4387 Judaaorum,
1214 4317 1354 4388 quia
1384 4317 1724 4388 iniquitates
1739 4334 1878 4373 suas
1910 4317 1967 4372 in
2002 4334 2094 4372 me

442 4402 1210 4477 declinaverunt,Prxcipita
1239 4423 1337 4462 eos
1359 4410 1408 4462 et
1430 4406 1616 4462 divide
1636 4407 1853 4478 linguas
1881 4422 2090 4462 eorum.

441 4503 582 4564 Tres
612 4501 888 4560 hisiorias
909 4502 1004 4560 hic
1021 4504 1214 4576 tangit
1234 4503 1702 4560 submersionem
1727 4505 1942 4560 factam
1982 4505 2091 4560 sub

2203 2004 2341 2054 sunt
2369 2003 2426 2053 et
2456 2015 2568 2054 non
2607 1997 2854 2052 civiliter
2881 1996 3103 2060 vivunt,
3131 2001 3188 2050 et
3217 1995 3346 2051 ideo
3373 1996 3605 2068 gravius
3658 1998 3868 2054 debent

2199 2087 2408 2160 perire.
2444 2087 2662 2142 Civitas
2693 2086 2851 2140 enim
2883 2089 2972 2141 est
3001 2085 3376 2158 congregatio
3410 2086 3722 2141 hominum
3791 2088 3857 2142 ad

2191 2193 2326 2263 jure
2349 2175 2758 2231 vivendum.Et
2779 2173 2965 2229 Judaei
2991 2175 3062 2228 ad
3081 2174 3575 2246 comparationem
3601 2177 3861 2247 gentium

2200 2266 2352 2321 cives
2381 2273 2563 2330 erant,
2599 2264 2736 2336 quia
2759 2263 2945 2336 legem
2971 2268 3312 2335 acceperent
3333 2281 3462 2335 quae
3477 2281 3575 2319 eos
3622 2282 3860 2338 congre-

2199 2372 2335 2428 gare
2356 2354 2559 2408 debuit
2589 2354 2660 2408 ad
2685 2355 2820 2423 jure
2853 2353 3185 2408 vivendum.
3225 2354 3287 2407 Iu
3318 2353 3425 2408 hac
3471 2353 3698 2409 cwitate
3756 2355 3858 2411 ini-

2201 2443 2396 2516 quitas
2437 2446 2559 2498 erat
2591 2442 2647 2496 in
2680 2458 2871 2513 opere,
2907 2442 2980 2496 ad
3011 2443 3118 2497 hoc
3150 2441 3306 2513 quod
3340 2443 3504 2509 dixit,
3526 2446 3850 2515 prtecipita:

2199 2541 2400 2598 omnia
2430 2557 2631 2595 eorum
2655 2557 2830 2612 opera
2856 2545 3022 2596 erant
3053 2544 3254 2594 contra
3275 2542 3609 2612 Dominum,
3635 2546 3854 2596 contra-

2200 2630 2377 2686 dictio
2410 2629 2468 2684 in
2508 2630 2722 2694 verbis,
2761 2629 2831 2683 ad
2861 2629 2970 2683 hoc
3003 2630 3158 2700 quod
3192 2627 3356 2695 dixit,
3389 2629 3594 2685 divide.
3631 2630 3696 2686 Et
3744 2648 3858 2686 non

2200 2717 2391 2773 solum
2416 2718 2535 2773 haec
2551 2723 2692 2774 sunt
2713 2717 2770 2772 in
2795 2716 2896 2773 illa
2918 2712 3282 2786 civitate,sed
3303 2717 3362 2772 in
3381 2719 3662 2773 omnibus
3685 2720 3862 2791 majo-

2199 2806 2364 2861 ribus
2385 2812 2441 2860 et
2480 2806 2844 2862 minoribus:
2881 2811 3073 2862 etnon
3108 2805 3181 2861 ad
3234 2811 3490 2880 tempus,
3554 2809 3655 2862 sed
3701 2809 3861 2864 dicta

2198 2904 2372 2961 nocte,
2403 2895 2461 2950 id
2503 2900 2610 2965 est,
2675 2896 2914 2951 assidue
2963 2895 3332 2951 circumdabit
3387 2913 3510 2952 eam
3566 2897 3859 2952 civitatem

2199 2985 2468 3054 iniquitas
2490 2984 2682 3039 omnis
2711 3001 2880 3053 super
2905 3001 3092 3040 muros
3131 2985 3264 3053 ejus,
3328 2984 3741 3048 circumdabit,
3803 2984 3861 3040 id

2201 3076 2308 3142 est,
2334 3072 2720 3144 amplectetur
2751 3073 3188 3128 multitudinem
3211 3073 3406 3143 pOpuli
3431 3072 3758 3145 illius,qua_3
3775 3078 3864 3130 est

2202 3160 2313 3217 sibi
2347 3161 2712 3216 munimento
2735 3161 2904 3232 quasi
2939 3160 3459 3230 murus,intantum
3482 3165 3545 3214 ut
3568 3161 3867 3232 iniquitas

2203 3249 2279 3308 sit
2307 3266 2483 3322 super
2515 3249 2646 3306 illos
2680 3267 2900 3319 muros,
2929 3255 2995 3306 ut
3026 3255 3255 3322 superet
3277 3254 3465 3322 caput,
3488 3249 3545 3304 id
3567 3254 3655 3304 est
3678 3267 3867 3308 men-

2203 3344 2319 3396 tem
2343 3356 2563 3395 eorum.
2604 3340 2698 3395 Sic
2731 3341 2863 3395 caeci
2897 3346 3036 3396 sunt
3068 3345 3131 3394 ut
3161 3338 3304 3394 nihil
3327 3343 3500 3411 agant
3520 3337 3749 3394 ratione
3769 3339 3864 3395 vel

2199 3429 2324 3502 lege
2350 3430 2502 3500 quod
2537 3428 2696 3484 alibi.
2730 3431 2796 3484 Et
2825 3432 2882 3484 in
2915 3431 3178 3484 verticem
3211 3431 3388 3498 ipsius
3419 3429 3686 3500 iniquitas
3742 3430 3862 3499 eius

2199 3519 2488 3574 descendet
2513 3519 2684 3590 (Psal.
2730 3520 2852 3590 vn).
2902 3521 2967 3573 Et
2996 3521 3055 3573 in
3112 3518 3293 3573 medio
3341 3519 3480 3590 ejus,
3527 3517 3585 3571 id
3627 3521 3736 3582 est,
3800 3515 3859 3573 in

2202 3608 2527 3678 majoribus
2560 3607 2662 3678 qui
2695 3613 2834 3662 sunt
2865 3605 3035 3679 quasi
3092 3624 3228 3662 ossa
3265 3607 3325 3662 in
3385 3605 3574 3661 medio
3642 3607 3853 3676 posita,

2203 3706 2373 3771 labor,
2408 3705 2465 3759 id
2498 3710 2607 3772 est,
2642 3705 2943 3777 oppressio
2975 3704 3372 3773 subditorum,
3405 3708 3455 3760 et
3498 3705 3746 3776 justitia,
3797 3703 3852 3760 id

2201 3797 2311 3859 est,
2338 3794 2559 3863 injuste
2580 3781 2912 3864 judicia.De
2928 3794 3145 3866 quibus
3175 3795 3395 3850 dicitur
3420 3811 3432 3849 :
3466 3795 3552 3850 Va?
3579 3792 3746 3848 vobis
3762 3794 3858 3865 qui

2193 3883 2506 3954 justiﬁcatis
2530 3884 2766 3954 impium
2802 3900 2904 3955 pro
2935 3883 3252 3939 muneribus
3283 3891 3333 3938 et
3375 3884 3678 3954 justitiam
3726 3883 3857 3946 iusti

2203 3972 2438 4041 aufertis
2469 3972 2534 4026 ab
2567 3987 2629 4026 eo
2657 3973 2785 4040 (Isa.
2818 3973 2896 4044 v),
2928 3973 3016 4027 vel
3049 3989 3215 4045 super
3242 3987 3430 4027 muros
3470 3975 3591 4043 ejus
3642 3972 3854 4043 iniqui-

2208 4062 2315 4128 tas,
2340 4060 2397 4114 id
2432 4067 2541 4128 est,
2571 4076 2749 4132 super
2794 4060 3064 4131 praelatos
3097 4061 3197 4133 qui
3219 4077 3348 4116 eam
3371 4059 3856 4131 muniunt,labor,

2201 4147 2258 4204 id
2281 4153 2372 4206 est
2401 4149 2643 4214 bellum,
2671 4149 2901 4218 seditio,
2935 4153 2992 4206 et
3024 4149 3131 4204 hoc
3163 4149 3311 4218 ideo,
3365 4149 3506 4220 quia
3551 4147 3632 4203 ibi
3679 4149 3855 4218 injus-

2200 4240 2348 4304 titia,
2373 4237 2462 4293 vel
2492 4254 2655 4310 super
2683 4255 2867 4292 muros
2897 4240 3014 4310 ejus
3071 4240 3365 4310 iniquitas,
3399 4238 3459 4292 id
3511 4240 3625 4302 est,
3678 4252 3859 4309 super

2206 4327 2534 4382 custodiam
2569 4326 2938 4400 angelorum,
2962 4332 3026 4382 ut
3056 4329 3244 4399 major
3272 4326 3347 4383 sit
3367 4326 3650 4397 iniquitas
3677 4341 3858 4399 quam

2203 4414 2546 4488 angelorum
2578 4415 2863 4472 custodia.
2897 4420 2961 4484 Ο,
2997 4416 3132 4472 boni
3162 4415 3381 4472 habent
3401 4413 3642 4487 angelos
3664 4418 3860 4472 custo-

2204 4505 2432 4575 des,sed
2458 4505 2596 4560 mali
2621 4521 3059 4577 quamcumque
3081 4504 3407 4561 custodiam
3423 4521 3457 4559 a
3473 4519 3536 4559 se
3549 4495 3860 4575 repellant:

443 4590 562 4648 Noe
608 4590 762 4661 (Gen.
793 4592 913 4662 νυ),
971 4591 1317 4650 divisionem
1371 4592 1707 4666 linguarum
1762 4593 1975 4648 factam
2028 4589 2165 4653 inD
2198 4596 2340 4650 etin
2371 4593 2545 4649 medio
2580 4595 2720 4665 ejus,
2783 4594 2975 4665 idest,
3035 4595 3094 4649 in
3151 4593 3448 4649 communi
3515 4597 3640 4647 tam
3699 4592 3860 4664 apud

443 4679 828 4744 iediflcatione
846 4682 1028 4738 turris
1050 4681 1839 4754 (Num.xvi),absorbitionem
1863 4682 2090 4738 Dathan

445 4769 504 4824 et
528 4767 766 4838 Abiron,
799 4769 897 4842 qui
931 4771 1046 4826 duo
1077 4775 1422 4843 spreverunt
1458 4774 1648 4826 Aaron
1699 4770 2088 4826 constitutum

441 4871 478 4918 ιι
508 4855 753 4912 Domino
783 4859 1145 4915 sacerdotem
1175 4878 1279 4932 per
1301 4876 1542 4916 manum
1575 4859 1756 4930 Moysi
1781 4860 1976 4916 fratris
1996 4860 2089 4916 sui

440 4947 499 5000 et
527 4949 762 5016 accepto
786 4945 1083 5004 thuribulo
1107 4953 1406 5020 cmperunt
1435 4947 1764 5005 sacriﬁcare
1787 4948 1844 5004 in
1896 4949 2087 5005 taber-

445 5033 657 5090 naculo
682 5058 696 5100 ;
730 5035 829 5091 sed
854 5041 1056 5108 aperta
1085 5042 1172 5091 est
1201 5043 1378 5104 terra,
1411 5042 1467 5092 et
1495 5037 1802 5110 deglutivit
1859 5038 2086 5094 Dathan

442 5126 500 5182 et
525 5122 740 5179 Abiron
772 5124 950 5181 duces
982 5126 1497 5198 impietatisillius.
1531 5126 2090 5184 Ceterammultitu-

445 5209 641 5265 dinem
675 5214 1135 5270 consentientem
1198 5215 1347 5283 istis,
1404 5214 1773 5287 consumpsit
1820 5217 1892 5272 de
1948 5216 2088 5273 coelo

439 5299 678 5362 veniens
711 5301 894 5371 (Num.
927 5304 1066 5374 xvx).
1103 5304 1226 5360 Non
1286 5303 1396 5359 hoc
1452 5304 1593 5359 dicit
1650 5305 1926 5375 optando,
1986 5308 2087 5361 sed

439 5385 844 5458 prophetando
903 5395 959 5445 et
1013 5391 1439 5464 aggratulando
1497 5391 1704 5448 divina:
1759 5394 2083 5449 sententiae.

441 5481 484 5545 Ο
509 5482 775 5552 Domine,
808 5487 947 5557 quia
979 5503 1040 5543 se
1069 5492 1378 5544 erexerunt
1420 5492 1622 5544 contra
1677 5493 1752 5551 te.
1797 5493 2090 5563 praecipita

430 5586 539 5632 eos
559 5571 630 5626 de
656 5572 941 5646 dignitate
970 5581 1026 5632 et
1064 5577 1372 5633 altitudine
1422 5578 1584 5649 regni
1643 5582 1700 5634 et
1757 5581 2088 5648 sacerdotii,

441 5658 846 5736 dimergantur
897 5664 960 5722 in
1013 5667 1375 5738 profundum
1434 5667 1703 5735 miseriae,
1791 5670 2088 5740 ducpntur

2200 4682 2498 4756 principes
2532 4699 2711 4755 quam
2745 4683 2899 4754 apud
2935 4677 3182 4754 plebem,
3219 4681 3376 4738 labor
3398 4685 3450 4737 et
3467 4682 3771 4752 iniustitia,
3804 4679 3862 4738 id

2199 4776 2306 4839 est,
2339 4771 2633 4827 laboriosa
2663 4770 2973 4841 injustitia.
3006 4771 3108 4826 Vel
3140 4770 3253 4842 ipsi
3284 4771 3526 4826 modum
3559 4769 3622 4826 in
3673 4763 3864 4828 ediﬁ-

2200 4860 2404 4917 candis
2437 4860 2623 4916 muris
2647 4859 2954 4926 excedunt,
2989 4863 3048 4916 et
3077 4859 3237 4931 ipsos
3268 4876 3471 4915 muros
3501 4858 3699 4914 studio
3736 4873 3868 4930 pra-

2196 4949 2394 5005 vitatis
2426 4953 2726 5021 superant.
2760 4947 3030 5004 Ostendit
3054 4964 3122 5004 ex
3155 4952 3316 5020 parte
3359 4965 3485 5020 qua;
3544 4946 3862 5018 injustilia.

2198 5049 2262 5104 Et
2289 5063 2401 5102 non
2419 5048 2617 5118 defecit
2635 5046 2700 5101 de
2713 5046 2913 5118 plateis
2949 5047 3067 5117 ejus
3097 5063 3290 5115 usura,
3326 5046 3385 5101 id
3408 5050 3520 5114 est,
3551 5045 3614 5103 in
3669 5044 3868 5102 mani-

2199 5136 2346 5192 festo
2368 5136 2585 5191 habent
2602 5151 2868 5202 usuram,
2895 5135 3048 5206 quod
3071 5135 3542 5208 perditissimum
3584 5139 3695 5191 est.
3731 5135 3868 5200 Om-

2200 5239 2272 5282 ne
2290 5223 2445 5279 enim
2466 5222 2689 5280 malum
2708 5223 3123 5281 exsecrabilius
3147 5224 3430 5292 redditur,
3463 5240 3600 5279 cum
3625 5221 3868 5296 publica

2198 5313 2658 5386 praesumptione
2685 5317 2990 5369 tractatur.
3041 5315 3105 5368 Et
3137 5312 3301 5368 dolus
3335 5313 3392 5368 id
3443 5317 3556 5380 est,
3608 5313 3868 5372 circum-

2196 5403 2390 5458 ventio
2416 5407 2473 5458 et
2504 5403 2683 5470 fraus,
2712 5401 2820 5469 vel,
2854 5401 2919 5457 de
2945 5401 3147 5474 plateis
3166 5404 3305 5474 ejus,
3358 5403 3415 5458 id
3443 5406 3532 5458 est
3580 5401 3862 5475 praelatis,

2199 5494 2270 5549 ad
2306 5493 2781 5559 similitudinem,
2805 5491 2944 5563 quia
2967 5491 3120 5546 sicut
3140 5509 3240 5563 per
3268 5491 3866 5565 plateasincedimus,

2197 5583 2283 5639 sic
2330 5583 2698 5656 praelatorem
2745 5581 2862 5637 vita
2913 5580 3178 5638 moribus
3217 5583 3291 5638 ad
3345 5583 3708 5639 imitandum
3769 5582 3875 5638 est

2197 5672 2515 5748 exemplar.
2536 5672 2614 5730 De
2625 5670 2742 5730 illis
2763 5669 2973 5744 plateis
3002 5687 3114 5728 non
3140 5671 3344 5744 defecit
3369 5688 3547 5732 usura
3596 5671 3701 5738 illa
3727 5685 3875 5755 pg;-
