4014 6194
246 302 358 361 421

839 436 1157 493 PSALMUS
1198 439 1306 493 LV.

251 557 308 594 ΙΝ
347 557 523 595 FINEM
566 558 675 596 PRO
716 560 954 609 POPULO,
998 563 1095 606 QUI
1136 564 1168 599 Α
1209 563 1436 601 SANC’I‘IS
1470 565 1651 602 LONGE
1688 565 1897 603 FACTUS

317 629 419 667 EST
458 631 515 667 ΙΝ
553 632 741 670 TtTULl
783 633 1176 671 INSCRIPTIOVE
1236 636 1347 672 IPSI
1389 636 1581 686 DAVID,
1622 637 1742 674 CUM
1798 638 1894 674 ΤΕ·-

319 701 545 739 NERENT
582 703 705 741 EUM
744 705 1049 743 ALLOPHYLI
1094 707 1149 743 IN
1190 706 1349 744 GETH.

318 814 345 841 ‹‹
382 792 656 848 Miserere
708 795 839 861 mei,
886 796 1060 859 Deus,
1094 798 1372 867 quoniam
1416 798 1777 853 conculcavit
1808 815 1898 853 me

250 903 276 929 ‹‹
307 879 522 935 homo:
558 887 680 937 tota
705 884 795 939 die
826 886 1179 956 impugnans
1206 887 1631 941 tribulavitme.
1657 888 1897 942 Concul-

251 991 279 1018 «
310 976 590 1025 caverunt
621 989 712 1026 me
745 973 965 1028 inimici
991 975 1105 1028 mei
1137 980 1258 1029 tota
1290 976 1696 1045 die,quoniam
1727 976 1898 1030 multi

254 1082 279 1109 ‹‹
312 1058 598 1115 bellantes
617 1061 923 1117 adversum
958 1064 1169 1119 me.sz
1192 1064 1499 1119 altitudine
1524 1064 1633 1119 diei
1658 1065 1896 1131 timebo,

249 1170 278 1197 «
310 1164 416 1219 ego
444 1164 579 1203 vero
611 1150 669 1204 in
703 1155 755 1205 te
783 1152 1047 1222 sperabo.
1082 1152 1143 1206 In
1179 1153 1293 1206 Deo
1326 1151 1574 1207 laudabo
1597 1170 1899 1208 sermones

257 1256 279 1285 α
314 1254 495 1303 meos,
523 1238 580 1291 in
604 1238 718 1294 Deo
743 1241 989 1312 speravi,
1010 1258 1122 1295 non
1150 1242 1364 1295 timebo
1389 1242 1529 1312 quid
1556 1243 1729 1296 faciat
1754 1243 1897 1297 mihi

249 1349 277 1376 «
312 1344 448 1382 caro
499 1332 621 1382 tota
670 1329 763 1383 die
810 1330 983 1383 verba
1014 1347 1143 1384 mea
1191 1331 1661 1395 exsecrabantur,
1697 1332 1897 1386 adver-

250 1440 277 1465 ‹‹
298 1421 446 1471 ‘sum
479 1433 570 1470 me
594 1434 795 1473 omnes
815 1418 1191 1488 cogitationes
1215 1437 1417 1474 eorum
1452 1420 1511 1472 in
1538 1420 1781 1474 malum.
1808 1420 1898 1474 In-

247 1528 277 1555 ‹‹
312 1504 666 1567 habitabant
696 1512 751 1561 et
780 1508 1139 1562 abscondent
1173 1509 1304 1580 ipsi,
1328 1507 1666 1564 calcaneum
1701 1526 1899 1564 meum

250 1617 279 1643 «
312 1594 724 1651 observabunt.
759 1597 916 1651 Sicut
956 1598 1365 1651 sustinuerunt
1396 1598 1653 1653 animam
1688 1616 1900 1666 meam,

255 1706 282 1733 α
316 1700 421 1755 pro
452 1684 636 1739 nihilo
668 1685 858 1741 salvos
890 1686 1064 1741 facies
1100 1686 1249 1755 illos,
1278 1688 1335 1740 in
1368 1686 1453 1741 ira
1484 1688 1730 1758 p0pulos
1763 1705 1901 1742 con—

255 1796 274 1821 σ
311 1772 556 1843 fringes.
593 1778 764 1839 Deus,
798 1776 974 1829 vitam
1028 1791 1215 1829 meam
1252 1776 1591 1830 annuntiavi
1638 1778 1763 1843 tibi,
1798 1795 1901 1847 po-

250 1882 279 1911 ‹‹
310 1863 482 1917 suisti
514 1862 802 1935 lacrymas
828 1881 990 1919 meas
1016 1864 1071 1918 in
1101 1870 1413 1936 conspectu
1441 1870 1561 1920 tuo.
1584 1866 1744 1919 Sicut
1764 1872 1820 1920 et
1840 1866 1899 1920 in

242 1973 273 2000 «
306 1952 696 2022 promissione
750 1958 870 2017 tua,
906 1958 1044 2008 tunc
1084 1959 1495 2009 convertentur
1538 1954 1755 2009 inimici
1791 1955 1902 2009 mei

247 2063 275 2089 «
311 2046 653 2096 retrorsum.
690 2042 750 2095 In
784 2059 1133 2113 quacunque
1166 2043 1258 2097 die
1293 2044 1630 2098 invocavero
1666 2048 1739 2107 te,
1776 2060 1906 2098 ecce

256 2130 553 2200 «cognovi
589 2130 863 2200 quoniam
903 2133 1051 2185 Deus
1098 2147 1265 2185 meus
1298 2148 1379 2185 es.
1416 2132 1477 2185 In
1510 2132 1623 2186 Deo
1656 2132 1906 2186 laudabo

253 2240 281 2266 α
317 2218 584 2281 verbum,
617 2219 674 2271 in
717 2218 964 2272 Domino
1016 2218 1267 2273 laudabo
1296 2236 1625 2275 sermonem
1662 2238 1672 2273 :
1708 2222 1763 2273 in
1797 2226 1907 2275 Deo

257 2326 285 2351 ‹‹
323 2303 573 2372 speravi,
596 2320 708 2358 non
735 2305 956 2359 timebo
981 2306 1118 2375 quid
1145 2306 1318 2360 faciat
1340 2308 1483 2361 mihi
1508 2308 1701 2363 homo.
1734 2312 1792 2363 In
1818 2325 1909 2364 me

259 2412 287 2439 ‹‹
325 2396 485 2459 sunt,
526 2396 697 2457 Deus,
740 2398 872 2447 vota
924 2399 1043 2459 tua,
1075 2412 1203 2464 qum
1258 2396 1497 2450 reddam
1547 2397 1911 2453 laudationes

263 2502 283 2527 ι
322 2478 451 2532 tibi.
488 2481 773 2542 Quoniam
801 2482 1067 2553 eripuisti
1099 2484 1355 2538 animam
1390 2502 1577 2540 meam
1610 2488 1679 2541 de
1703 2493 1909 2554 morte,

264 2589 289 2616 ‹‹
323 2573 379 2622 et
410 2568 585 2638 pedes
615 2586 774 2623 meos
799 2571 869 2623 de
900 2570 1090 2641 lapsu,
1116 2577 1180 2626 ut
1213 2572 1471 2643 placeam
1495 2592 1687 2631 coram
1713 2577 1827 2631 Deo
1852 2578 1908 2630 in

260 2676 285 2705 ι
321 2655 543 2711 lumine
571 2656 910 2712 viventium.
948 2682 974 2707 ››

885 2766 1013 2820 ENA
1024 2767 1283 2821 RRATIO.

330 2870 697 2925 Constructio
717 2871 1020 2926 tituli.Hzec
1046 2890 1173 2943 quae
1196 2881 1449 2945 aguntur
1469 2875 1525 2929 in
1550 2876 1658 2931 hoc
1680 2878 1906 2948 psalmo

259 2959 594 3014 referuntur
649 2960 707 3013 in
753 2960 927 3014 ﬁnem
961 2966 1313 3032 temporum,
1351 2968 1410 3017 ut
1453 2982 1566 3019 non
1618 2968 1685 3020 ad
1722 2968 1905 3023 histo-

258 3049 408 3103 riam
438 3049 819 3119 accipiantur,
847 3049 1023 3115 idest,
1049 3051 1105 3104 in
1130 3052 1549 3123 plenitudinem
1575 3062 1905 3127 temporum

258 3138 635 3192 attribuenda
665 3139 865 3208 David,
890 3141 1062 3211 capiti
1096 3146 1150 3194 et
1172 3144 1418 3212 corpori,
1453 3144 1505 3197 id
1542 3150 1647 3211 est,
1682 3147 1908 3201 Christo

257 3243 396 3281 vero
430 3227 629 3281 David.
665 3229 827 3282 Tunc
856 3245 979 3281 cum
1010 3231 1301 3299 allophyli,
1338 3232 1391 3284 id
1426 3237 1533 3301 est,
1570 3234 1906 3303 alienigene

252 3314 347 3370 vel
380 3316 611 3386 potione
632 3315 904 3371 cadentes
925 3318 1111 3371 Judaei
1136 3324 1190 3371 et
1212 3335 1411 3372 eorum
1436 3320 1911 3387 similes,scilicet

253 3404 568 3474 increduli,
590 3405 858 3460 inebriati
893 3406 1048 3459 dulci
1084 3409 1313 3461 fortuna
1336 3408 1513 3477 hujus
1543 3410 1690 3475 vitae,
1717 3414 1907 3465 tenue-

256 3502 391 3548 runt
422 3496 477 3547 in
512 3494 659 3561 Geth,
693 3494 749 3548 id
791 3500 879 3548 est
914 3495 970 3547 in
1004 3496 1298 3563 toreulari,
1335 3496 1554 3551 scilicet
1584 3499 1639 3551 in
1675 3516 1907 3569 pressu-

256 3600 346 3649 ra,
382 3599 452 3636 ne
482 3584 741 3638 mundus
775 3584 958 3639 abiret
990 3590 1119 3655 post
1150 3603 1303 3653 eum,
1331 3586 1480 3639 facta
1510 3592 1649 3641 tunc
1682 3606 1783 3658 pro
1808 3606 1907 3659 po-

257 3670 420 3743 pulo,
455 3672 511 3725 id
556 3677 665 3737 est,
698 3690 800 3744 pro
834 3674 1159 3729 eruditione
1211 3676 1430 3746 populi,
1460 3680 1528 3729 ut
1558 3677 1711 3732 Deus
1743 3684 1909 3733 eruat

258 3778 396 3815 eum
434 3762 502 3815 ab
536 3760 634 3815 illo
659 3764 861 3833 papula
890 3766 987 3832 qui
1025 3781 1057 3817 a
1088 3767 1291 3818 sanctis
1322 3766 1478 3833 longe
1505 3771 1683 3836 [actus
1712 3776 1787 3821 est
1822 3771 1906 3821 in-

254 3852 555 3921 scriptione
586 3852 751 3919 tituli,
787 3852 843 3904 id
901 3857 1006 3917 est,
1038 3857 1296 3906 remotus
1330 3854 1401 3907 ab
1450 3854 1541 3907 his
1573 3856 1671 3926 qui
1704 3857 1906 3911 inscri-

256 3938 519 4010 ptionem
552 3939 709 3994 tituli
742 3944 1101 4011 receperunt,
1133 3940 1229 4011 qui
1262 3942 1513 4012 scriptus
1545 3948 1632 3997 est
1662 3962 1693 3999 a
1726 3946 1906 4000 Pilato

256 4044 440 4099 super
470 4032 645 4097 caput
671 4029 1039 4095 Jesu,tribus
1072 4028 1289 4099 linguis
1320 4032 1779 4103 scriptus,quasi
1805 4034 1907 4088 tri-

257 4117 373 4171 bus
406 4116 656 4173 testibus
687 4119 1067 4172 conﬁrmatus
1100 4136 1112 4173 :
1146 4121 1296 4173 Iesus
1326 4122 1640 4175 Nat-arentis
1680 4140 1778 4176 rei:
1806 4126 1906 4177 Ju-

257 4206 533 4262 daE’orum.
568 4205 782 4262 Omnes
816 4207 914 4277 qui
944 4208 1149 4261 Jesum
1203 4225 1395 4279 regem
1430 4210 1730 4265 humiliter
1761 4214 1908 4267 reci-

256 4295 452 4367 piunt,
487 4300 542 4349 et
574 4296 683 4349 sub
728 4296 827 4351 illo
862 4313 994 4367 rege
1027 4298 1245 4363 vivunt,
1281 4298 1437 4351 hunc
1490 4298 1726 4354 titulum
1762 4302 1905 4356 rcci-

256 4384 473 4455 piunt;
510 4384 610 4455 qui
642 4389 835 4439 autem
890 4385 1184 4439 Christum
1233 4402 1426 4456 regem
1461 4387 1673 4442 habere
1705 4389 1909 4444 nolunt

256 4475 620 4543 inscriptione
637 4473 815 4543 hujus
836 4474 987 4527 tituli
1003 4476 1161 4544 longe
1177 4476 1322 4529 ﬁunt
1342 4493 1375 4529 a
1400 4477 1605 4530 sanctis
1627 4479 1724 4547 qui
1750 4480 1906 4533 dixe-

1377 306 1983 369 ENARRATIONES
2028 305 2106 367 ΙΝ
2148 306 2530 371 PSALMOS.

1923 442 1977 506 Α
2006 455 2217 509 corpus
2254 441 2402 509 ejus,
2436 441 2492 494 id
2542 446 2647 507 est,
2679 439 2993 497 Ecclesiam
3048 446 3497 512 persequuntur.
3532 446 3649 501 Nos

3530 319 3648 376 422

2005 546 2138 582 cum
2172 528 2396 582 Christo
2439 529 2496 583 in
2529 530 2669 584 coelo
2720 548 2819 601 per
2850 546 3037 601 spem,
3074 530 3195 601 ipse
3244 530 3551 585 nobiscum
3588 533 3647 587 in

2010 621 2162 670 terra
2198 634 2295 687 per
2325 617 2666 671 charitatem
2705 620 2803 689 qui
2830 619 2886 672 in
2922 619 3199 673 membris
3231 619 3355 674 suis
3388 620 3651 689 quotidie

2007 708 2231 776 paritur
2262 723 2447 776 usque
2481 708 2551 760 ad
2576 710 3142 763 consummationem
3176 709 3392 763 saeculi.
3417 711 3477 763 In
3510 709 3652 765 cmlo

2000 796 2123 865 jam
2159 796 2396 849 sedebat
2446 812 2576 849 cum
2632 797 2689 849 in
2736 803 2889 851 terra
2920 798 3133 852 diceret
3186 817 3197 853 :
3247 799 3433 867 Saule,
3468 800 3651 864 Saule,

2009 884 2138 953 quid
2168 901 2251 937 me
2277 887 2621 954 persequeris
2656 894 2668 953 (
2700 890 2807 939 πίει.
2844 888 2919 955 ix)
2943 888 2968 939 ’ἲ
2992 889 3145 950 Quos
3181 894 3575 959 persecutores
3596 889 3653 943 in

2010 971 2117 1025 hoc
2152 972 2374 1043 psalmo
2408 972 2649 1026 tolerare
2677 974 2954 1041 jubemur
2976 980 3033 1029 et
3062 978 3129 1030 ad
3163 978 3484 1034 orationem
3518 996 3654 1034 con-

2013 1064 2254 1131 fugere:
2292 1064 2519 1133 proprie
2569 1067 2761 1116 autem
2811 1063 2982 1133 longe
3036 1066 3183 1119 ﬁunt
3228 1084 3260 1119 a
3306 1068 3524 1123 sanctis
3557 1067 3657 1139 qui

2009 1152 2202 1217 corde,
2236 1168 2348 1204 non
2378 1168 2635 1222 corpore.
2674 1152 2907 1219 Legitur
2937 1159 3131 1207 autem
3166 1156 3362 1225 David,
3398 1174 3531 1211 cum
3566 1158 3657 1212 fu-

2008 1246 2165 1309 geret
2184 1239 2501 1310 Saul,apud
2528 1240 2867 1311 All0phylos
2880 1242 3423 1313 peregrinatus,n0n
3438 1251 3654 1301 tentus:

2011 1344 2115 1381 nec
2150 1327 2360 1397 legitur
2380 1330 2450 1381 de
2482 1330 2860 1399 inscriptione
2882 1329 3078 1400 aliqua
3104 1331 3256 1385 tituli
3280 1332 3439 1387 illius
3458 1335 3656 1402 David,

2011 1418 2165 1485 quod
2199 1433 2303 1469 nos
2335 1418 2404 1471 ad
2442 1419 2786 1488 mysterium
2839 1420 2909 1473 ab
2944 1418 3190 1474 historia
3222 1427 3469 1486 revocat,
3506 1427 3569 1477 ut
3598 1424 3657 1477 in

2012 1505 2187 1560 David
2222 1506 2517 1561 Christum
2568 1507 2928 1579 inlligamus,
2964 1525 3137 1579 quem
3185 1527 3299 1565 non
3352 1510 3543 1566 solum
3576 1517 3657 1566 te-

2013 1600 2288 1658 nuerunt,
2304 1596 2403 1649 sed
2434 1596 2625 1650 adhuc
2644 1602 2840 1651 tenent
2860 1597 3147 1669 Allophyli
3171 1600 3229 1653 in
3253 1600 3415 1653 Geth.
3437 1600 3660 1671 Corpus

2012 1685 2165 1740 enim
2208 1685 2442 1752 Christi,
2479 1686 2740 1756 quandiu
2793 1692 2883 1741 est
2914 1689 2969 1741 in
3022 1687 3129 1742 hac
3160 1688 3297 1756 vita,
3332 1690 3402 1743 ab
3434 1689 3528 1745 his
3560 1690 3659 1761 qui

2015 1776 2183 1845 longe
2216 1779 2354 1829 sunt
2387 1792 2418 1828 a
2449 1774 2678 1830 Christo
2712 1780 2939 1831 tenetur
2962 1777 3015 1829 in
3051 1777 3297 1845 Geth,id
3329 1783 3436 1841 est,
3462 1779 3517 1833 in
3544 1785 3660 1835 tor-

2016 1864 2219 1929 eulari,
2240 1864 2458 1918 scilicet
2480 1865 2537 1918 in
2572 1866 2959 1935 pressuris.ln
2980 1866 3251 1921 toreulari
3276 1874 3470 1923 autem
3500 1869 3661 1924 utilis

2017 1953 2079 2006 ﬁt
2108 1969 2399 2022 pressura,
2416 1954 2699 2023 quidquid
2726 1971 3133 2024 pressurarum
3153 1956 3455 2027 patiuntur
3474 1958 3660 2012 sancti

2017 2060 2049 2096 a
2080 2042 2324 2097 diversis
2375 2043 2516 2097 utile
2564 2049 2673 2107 est,
2706 2048 2979 2113 Operatur
3026 2045 3180 2098 enim
3233 2047 3660 2116 probationem.

2016 2141 2477 2211 Attendantergo
2507 2140 2663 2195 hunc
2681 2140 2974 2210 psalmum
2990 2143 3087 2212 qui
3116 2143 3172 2195 in
3192 2144 3483 2213 pressuris
3503 2151 3662 2212 sunt,

2019 2244 2131 2283 non
2164 2233 2357 2282 tamen
2374 2230 2721 2300 astringitur
2742 2247 2848 2283 vox
2871 2230 2985 2282 illis
3001 2230 3098 2300 qui
3123 2237 3283 2285 extra
3306 2231 3662 2301 passionem.

2021 2317 2120 2370 Est
2151 2322 2347 2372 autem
2382 2318 2733 2384 voxChristi,
2753 2322 3002 2372 maxime
3034 2319 3089 2373 in
3110 2337 3356 2390 persona
3380 2322 3670 2377 membro-

2022 2422 2173 2459 rum.
2211 2409 2469 2472 Attende,
2494 2425 2526 2461 o
2558 2407 3349 2479 Christiane,psalmum,qui
3381 2427 3515 2465 cum
3538 2427 3665 2481 pre-

2022 2496 2218 2565 meris,
2254 2496 2371 2549 noli
2422 2513 2687 2550 recusare
2718 2513 3073 2566 pressuram,
3108 2499 3208 2551 sed
3261 2504 3325 2552 ut
3356 2498 3459 2553 tibi
3504 2499 3665 2555 utilis

2022 2584 2141 2648 ﬁat,
2177 2585 2422 2653 confuge
2472 2585 2539 2637 ad
2588 2584 2930 2649 orationem,
2989 2603 3103 2639 una
3154 2586 3253 2653 sis,
3288 2590 3345 2642 et
3394 2588 3663 2642 manabis

2018 2671 2219 2726 vinum
2254 2672 2498 2743 dignum
2527 2673 2733 2743 poculo
2762 2674 2933 2744 regis.

2088 2780 2340 2834 Miserere
2381 2781 2506 2847 mei,
2541 2782 2699 2845 Deus,
2731 2782 2992 2851 oppressi
3044 2782 3101 2835 in
3152 2782 3320 2847 Geth,
3355 2784 3560 2855 capitis
3606 2789 3665 2841 et

2018 2870 2416 2923 membrorum
2451 2875 2514 2923 ut
2546 2870 2665 2923 haec
2698 2886 2974 2940 pressura
3004 2871 3072 2924 ad
3100 2872 3503 2941 probationem
3536 2874 3660 2940 ﬁat,

2018 2975 2132 3012 non
2166 2959 2235 3012 ad
2279 2958 2682 3029 perditionem.
2718 2960 2784 3012 Et
2830 2976 2979 3029 opus
3008 2966 3114 3027 est,
3148 2962 3409 3030 quoniam
3439 2961 3664 3016 concul-

2016 3049 2155 3101 cavit
2185 3063 2269 3101 me
2309 3046 2484 3109 homo,
2518 3047 2709 3100 omnis
2758 3048 2912 3117 longe
2940 3050 3117 3117 factus
3146 3066 3179 3102 a
3226 3052 3445 3104 sanctis.
3479 3052 3663 3115 Quam

2019 3135 2369 3204 gravissima
2389 3140 2443 3188 et
2476 3134 2866 3205 ignominiosa
2879 3151 3155 3205 pressura
3169 3134 3261 3192 uie
3275 3140 3510 3208 premit,
3526 3140 3666 3211 quia

2017 3224 2191 3276 etiam
2224 3224 2333 3276 sub
2365 3224 2612 3293 pedibus
2643 3223 2846 3277 calcat.
2890 3223 3109 3278 Alludit
3164 3227 3234 3279 ad
3268 3226 3528 3291 titulum,
3563 3228 3664 3281 ubi

2017 3312 2235 3364 dictum
2272 3315 2377 3374 est,
2412 3314 2469 3363 in
2502 3312 2781 3365 toreulari.
2818 3312 2949 3378 Mei,
2982 3314 3246 3367 membra
3286 3330 3437 3383 mea,
3471 3321 3526 3369 et
3556 3316 3666 3369 hoc

2019 3416 2133 3454 non
2167 3400 2237 3453 ad
2288 3403 2538 3467 tempus,
2573 3400 2671 3451 sed
2707 3402 2819 3451 tota
2863 3400 2969 3465 die,
3008 3401 3064 3454 id
3097 3406 3205 3467 est,
3240 3406 3362 3455 tota
3410 3402 3517 3456 hac
3551 3402 3668 3456 vita

2018 3490 2347 3557 impugnans
2379 3486 2528 3540 male
2550 3488 2809 3555 vivendo,
2836 3488 3164 3543 doctrinam
3191 3492 3539 3561 respuendo,
3561 3493 3667 3547 tri-

2020 3576 2227 3630 bulavit
2259 3591 2357 3628 me.
2391 3576 2499 3628 Sed
2528 3592 2559 3628 o
2591 3575 2938 3641 Christiane,
2960 3593 3028 3630 ne
3061 3578 3242 3632 deﬁce
3278 3578 3334 3632 in
3368 3580 3667 3636 conculca-

2022 3665 2191 3729 tione,
2228 3662 2459 3717 attende
2489 3680 2662 3733 quem
2698 3662 2947 3717 invoces.
2974 3666 3149 3729 Quasi
3173 3666 3326 3720 enim
3352 3667 3576 3737 primus
3602 3670 3665 3723 in

2020 3753 2291 3808 toreulari
2328 3754 2528 3807 botrus
2560 3753 2669 3805 fuit
2691 3754 2747 3806 in
2782 3752 3158 3808 tribulatione
3178 3754 3468 3825 Christus,
3494 3772 3527 3809 a
3549 3772 3665 3826 quo

2019 3844 2181 3899 botro
2214 3842 2361 3896 calix
2391 3842 2484 3895 ille
2518 3842 2815 3896 inebrians
2848 3842 3139 3913 proﬂuxit.
3179 3844 3301 3897 Tota
3332 3843 3438 3909 die,
3466 3844 3523 3899 id
3556 3849 3669 3914 est,

2018 3936 2135 3986 toto
2165 3936 2423 4001 tempore
2458 3949 2469 3985 :
2518 3931 2698 3985 Nemo
2748 3947 2885 3999 ergo
2917 3932 3091 3997 dicat,
3128 3932 3237 3987 fuit
3285 3934 3450 4004 prius
3481 3933 3668 3989 tribu-

2017 4020 2174 4087 latio,
2235 4035 2390 4072 nunc
2449 4036 2564 4072 non
2624 4024 2728 4073 est.
2787 4020 2844 4072 Si
2892 4037 3005 4074 non
3057 4020 3377 4089 tribularis,
3438 4040 3553 4078 non
3605 4040 3667 4079 es

2018 4108 2403 4162 Christianus.
2440 4109 2897 4162 Conculcaverunt
2928 4126 3013 4163 me
3037 4112 3255 4165 inimici
3285 4114 3392 4166 mei
3417 4116 3531 4168 tota
3554 4113 3664 4180 die,

2020 4197 2155 4269 quia
2184 4197 2347 4261 dixit,
2382 4198 2556 4262 homo,
2590 4214 2660 4251 ne
2710 4198 2841 4270 quis
2872 4200 2943 4253 de
2989 4217 3101 4255 uno
3134 4201 3381 4272 accipiat
3412 4207 3665 4268 tantum,

2018 4286 2367 4340 determinat
2394 4287 2531 4357 quid
2563 4304 2665 4358 per
2695 4288 2992 4343 hominem
3024 4290 3161 4345 velit
3205 4292 3412 4360 accipi,
3444 4291 3670 4346 scilicet

2018 4391 2220 4429 omnes
2255 4373 2382 4427 illos
2415 4374 2513 4444 qui
2544 4380 2681 4429 sunt
2712 4378 2976 4431 membra
3008 4377 3283 4440 hominis,
3310 4377 3367 4429 id
3398 4382 3505 4441 est,
3539 4376 3665 4429 dia-

2018 4464 2157 4528 boli,
2190 4464 2259 4517 de
2304 4480 2416 4533 quo
2462 4464 2683 4517 dictum
2734 4470 2822 4519 est
2856 4484 2867 4519 :
2900 4467 3168 4518 Inimicus
3217 4466 3373 4518 homo
3419 4465 3515 4519 hoc
3542 4464 3671 4534 fecit

256 4567 401 4615 runt
452 4562 635 4616 Pilato
670 4579 680 4615 :
714 4564 845 4617 Noli
887 4564 1082 4630 dicere,
1134 4580 1231 4617 rei:
1271 4565 1607 4632 JucL't’0rmn,
1639 4567 1731 4620 sed
1781 4570 1911 4638 quia
1942 4551 1987 4613 Ῑ)
2020 4555 2226 4623 (Malm-
2255 4553 2399 4621 Χιι¹)ο
2431 4553 2562 4614 Quae
2594 4554 2857 4606 membra
2882 4553 3121 4621 diabo“:
3148 4568 3377 4623 semper
3400 4553 3670 4607 nituntur

257 4651 378 4721 ipse
425 4651 572 4705 dixit
625 4668 819 4722 regem
871 4669 931 4707 se
988 4652 1299 4706 Judazorum
1355 4655 1534 4721 (Joan.
1589 4657 1723 4725 xxx).
1773 4657 1907 4719 Qui-

252 4738 371 4793 bus
405 4738 501 4793 ille
553 4740 890 4810 ignoranter
922 4742 1166 4811 praebuit
1196 4742 1596 4798 testimonium
1627 4746 1905 4813 veritatis,

256 4828 510 4883 dicens:
547 4830 697 4896 Quod
745 4832 959 4900 scripsi,
1020 4832 1233 4901 scripsi.
1269 4832 1441 4893 Quasi
1493 4834 1646 4888 dicat
1697 4852 1707 4888 :
1762 4837 1908 4900 Quid

256 4917 407 4971 mihi
442 4919 757 4989 suggeritis
792 4919 1149 4974 falsitatem?
1182 4921 1306 4975 Non
1357 4929 1652 4977 commuto
1702 4925 1908 4978 verita-

255 5010 403 5069 tem,
468 5009 702 5077 populus
789 5011 943 5078 longe
997 5013 1174 5079 factus
1246 5027 1280 5062 a
1348 5013 1569 5078 sanctis,
1628 5012 1910 5067 Judaicus

258 5096 669 5167 principaliter
701 5099 797 5168 qui
857 5115 917 5151 se
966 5098 1105 5152 dicit
1152 5115 1344 5169 regem
1379 5118 1490 5154 non
1525 5102 1738 5156 habere
1796 5103 1906 5157 nisi

257 5184 547 5239 Caesarem
594 5202 605 5239 :
652 5187 927 5257 secundo,
980 5186 1169 5240 omnis
1219 5188 1469 5257 populus
1520 5192 1616 5260 qui
1668 5209 1772 5261 pro
1821 5209 1910 5247 re-

257 5289 377 5345 gno
430 5278 658 5329 terreno
708 5276 891 5330 Deum
935 5274 997 5329 in
1058 5292 1118 5330 se
1167 5292 1407 5347 regnare
1447 5295 1561 5332 non
1603 5280 1906 5349 permittit.

255 5363 364 5417 Est
422 5368 618 5417 autem
677 5380 774 5418 rex
830 5365 899 5419 ad
979 5369 1207 5418 terrena
1262 5370 1549 5431 terrenus,
1612 5369 1683 5421 ad
1742 5370 1909 5423 cccle-

254 5452 380 5507 stia
430 5452 700 5519 cmlestis,
750 5471 852 5509 nec
906 5455 963 5509 in
1011 5453 1118 5508 hoc
1168 5460 1565 5525 peccaverunt,
1618 5458 1771 5526 quod
1822 5475 1909 5513 re-

253 5556 397 5613 gem
432 5540 869 5612 appellaverunt
886 5544 1190 5613 Caesarem,
1208 5542 1307 5597 sed
1337 5542 1395 5596 in
1420 5559 1485 5597 eo
1505 5545 1656 5613 quod
1681 5562 1911 5614 respue-

249 5633 401 5701 runt
432 5628 731 5697 Christum
762 5647 956 5707 regem
989 5648 1163 5707 quem
1203 5632 1415 5691 habere
1454 5648 1649 5710 regem
1682 5635 1911 5709 nolunt,

2019 4652 2357 4708 conculcare
2416 4651 2678 4704 membra
2717 4650 2951 4705 Christi.
2988 4652 3105 4705 Tota
3160 4650 3267 4715 die,
3300 4650 3358 4705 id
3407 4658 3515 4719 est,
3550 4656 3670 4707 tota

2020 4743 2128 4797 hac
2160 4741 2428 4813 prazsenti
2461 4740 2595 4793 vita.
2633 4740 2695 4793 Et
2738 4739 3373 4822 possunhconculcare,
3405 4744 3669 4812 quoniam

2018 4833 2181 4886 multi
2213 4831 2471 4884 bellantes
2500 4829 2787 4883 adversum
2816 4845 2917 4883 me.
2954 4829 3086 4883 Ideo
3120 4829 3401 4896 bellantes,
3436 4832 3572 4901 quia
3600 4830 3668 4884 ab

2019 4921 2313 4975 altitudine
2350 4920 2483 4978 diei.
2518 4918 2802 4972 subaudis
2849 4918 3148 4984 deﬁciunt,
3180 4919 3232 4972 id
3264 4923 3371 4983 est,
3408 4936 3441 4972 a
3468 4916 3669 4987 cogni-

2022 5012 2173 5065 tione
2192 5010 2515 5078 majestatis
2534 5006 3007 5077 illiusdieicujus
3029 5008 3339 5062 duodecim
3356 5006 3506 5059 horae
3530 5007 3670 5059 sunt

2021 5098 2325 5154 duodecim
2360 5097 2602 5167 apostoli
2629 5098 2803 5165 (Joan.
2829 5098 2928 5167 x1).
2964 5096 3069 5161 Qui
3100 5096 3224 5149 dies
3250 5097 3308 5148 in
3334 5094 3448 5149 alto
3480 5092 3667 5148 latens

2018 5206 2134 5243 non
2166 5192 2253 5241 est
2282 5187 2549 5257 cognitus
2581 5204 2611 5240 a
2638 5188 2855 5256 populo,
2890 5188 3037 5256 quia
3062 5187 3269 5239 sanctis
3302 5184 3460 5253 longe
3488 5185 3669 5251 [actus

2019 5286 2110 5332 est.
2145 5277 2254 5331 Sed
2291 5275 2554 5345 nunquid
2589 5277 2659 5329 ab
2692 5276 2801 5329 hac
2832 5274 3123 5329 altitudine
3151 5274 3367 5342 timebo,
3402 5276 3466 5326 ut
3496 5272 3569 5326 ab
3600 5287 3669 5326 ea

2014 5367 2245 5437 judicer
2270 5365 2453 5427 ?Non,
2482 5363 2673 5434 potius
2694 5363 2773 5416 illi
2799 5362 3439 5431 timebunt,secundum
3460 5376 3666 5430 quam-

2021 5458 2155 5511 dam
2190 5452 2631 5508 translationem
2678 5458 2735 5507 et
2768 5470 2881 5506 non
2916 5469 3043 5523 ego,
3076 5453 3213 5522 quia
3246 5454 3303 5505 in
3336 5456 3387 5503 te
3416 5450 3664 5520 Sperabo,

2022 5545 2241 5599 scilicet
2272 5544 2327 5595 in
2360 5542 2661 5595 altitudine
2684 5540 2847 5605 illius~
2874 5544 2993 5596 diei
3023 5540 3109 5595 vel
3140 5540 3207 5594 ab
3238 5537 3537 5593 altitudine
3555 5537 3668 5594 diei

2018 5639 2130 5693 tute
2156 5634 2178 5690 Ρ
2206 5630 2376 5701 Quasi
2411 5630 2567 5689 dicat
2599 5648 2612 5688 :
2644 5630 2858 5692 inimici
2880 5632 2992 5689 mei
3020 5634 3077 5690 et
3106 5628 3278 5689 multi
3310 5630 3449 5693 sunt
3476 5629 3533 5689 et
3561 5624 3667 5707 alti,
