4014 6194
958 307 1263 372 REMIGII
1307 297 2279 370 ANTISSIDDORENSISOPP.
2325 302 2524 366 rans
2569 303 2618 366 1.
2651 337 2728 349 —
2759 267 3224 367 EXEGETICA.

3673 297 3802 362 ια

381 441 445 497 id
469 445 576 508 est,
608 440 1001 512 potentes,sed
1016 439 1614 513 nunquideostimebo
1636 436 2035 511 proptermul-
2071 443 2122 508 Α
2149 453 2285 492 vera
2317 436 2375 490 in
2408 435 3050 508 malum,quia.malum
3071 431 3804 502 intestimum,vulnusin-

385 529 696 586 titudinem
731 529 816 585 vel
844 534 1077 603 propter
1098 529 1630 597 altitudinem,cum
1654 527 1753 583 illa
1780 525 2037 599 potentia

386 621 466 677 sit
493 620 623 689 diei,
657 619 715 674 id
747 624 854 688 est,
882 619 1224 691 temporalis
1255 625 1312 676 et
1342 619 1455 675 cito
1477 617 1830 685 transiloria,
1866 615 2035 687 quasi

385 709 564 766 unius
593 708 759 765 diei?
791 709 1172 776 Subauditur,
1206 726 1342 765 non.
1379 710 1446 764 Et
1472 706 1752 780 supponit
1771 722 2032 761 causam.

382 813 496 880 Ego
541 822 666 863 vero
715 806 886 879 quasi
923 808 1151 876 justus,
1187 811 1530 862 mansuetus
1575 810 1632 860 et
1684 805 1817 876 pius
1864 819 2034 875 spero

384 897 444 952 in
477 901 530 952 te
546 897 732 968 justo,
766 899 1073 951 mansueto
1096 901 1154 951 et
1182 896 1296 968 pio.
1318 895 1440 963 Vel,
1467 895 1666 951 timebo
1695 909 1791 964 ego
1819 895 1888 947 ab
1909 893 2037 948 alti-

380 986 575 1041 tudine
601 985 732 1050 diei,
767 989 833 1039 ut
865 984 1132 1039 deliciam
1164 985 1275 1040 sub
1308 1001 1482 1040 onere
1506 985 1563 1039 in
1595 982 1859 1049 meridie,
1883 982 2038 1037 sicut

380 1074 466 1130 illi
500 1072 600 1146 qui
631 1089 804 1129 mane
832 1077 1083 1145 portant,
1109 1079 1166 1129 et
1194 1078 1395 1146 postea
1417 1073 1715 1128 deﬁciunt.
1741 1071 1880 1143 Ego,
1897 1087 2035 1153 non,

382 1163 483 1218 sed
515 1161 709 1235 potius
739 1161 824 1217 illi
854 1162 1151 1217 timebunt
1181 1165 1248 1218 ab
1281 1162 1575 1218 altitudine
1604 1162 1739 1230 diei,
1772 1161 1830 1215 id
1862 1163 1971 1225 est,
2005 1176 2039 1214 a

379 1266 513 1307 vero
544 1250 666 1306 sole
710 1250 976 1307 veniente
1023 1251 1094 1306 ad
1118 1251 1434 1321 judicium.
1470 1252 1534 1306 Et
1585 1255 1650 1305 ut
1677 1266 1782 1322 ego
1813 1248 2036 1320 possim

381 1355 636 1412 sperare,
686 1341 746 1394 in
796 1344 907 1395 Deo
961 1339 1195 1396 laudabo
1248 1340 1526 1410 Verbum,
1559 1339 1616 1394 id
1671 1343 1788 1408 est,
1824 1337 2037 1393 Filium

383 1428 537 1484 Patri
590 1433 965 1483 comternum.
998 1429 1283 1496 Laudabo,
1317 1445 1430 1485 non
1489 1445 1586 1484 ero
1636 1426 1754 1482 illis
1803 1425 2035 1496 similis,

385 1517 486 1588 qui
518 1532 653 1572 eum
683 1532 881 1588 regem
912 1516 1124 1573 habere
1151 1517 1379 1583 nolunt,
1405 1518 1506 1573 sed
1539 1515 1708 1588 quasi
1741 1515 2036 1571 hominem

383 1610 786 1662 contemnunt.
826 1606 887 1661 In
939 1607 1187 1663 Domino
1238 1607 1471 1662 laudabo
1515 1621 1806 1671 sermones,
1838 1605 1895 1660 id
1927 1609 2035 1671 est,

383 1695 856 1767 praedicationem
919 1695 990 1750 de
1054 1711 1120 1750 eo
1190 1697 1427 1762 factam,
1489 1694 1578 1750 vel
1645 1711 1850 1750 omnes
1915 1710 2037 1749 ser-

382 1800 606 1840 mones.
661 1789 972 1840 Sermones
1031 1783 1188 1839 enim
1237 1789 1370 1840 tuos
1420 1789 1523 1838 aut
1578 1784 1890 1839 mendaces
1939 1783 2115 1881 ha-B

380 1873 565 1942 bebis,
621 1877 678 1929 et
721 1873 850 1928 ideo
902 1877 1057 1938 tuos,
1103 1878 1203 1927 aut
1256 1874 1305 1928 si
1360 1889 1596 1928 veraces
1646 1876 1838 1938 erunt,
1885 1876 1944 1926 et
1987 1871 2037 1927 si

379 1977 478 2018 eos
507 1979 542 2018 a
572 1962 706 2030 Deo,
743 1979 858 2017 non
889 1979 924 2017 a
953 1966 1009 2017 te
1043 1961 1280 2032 putabis
1304 1962 1544 2029 habere;
1579 1977 1810 2016 veraces
1842 1965 2032 2027 erunt,

383 2061 483 2115 sed
517 2063 576 2114 tu
627 2061 898 2114 mendax.
931 2059 1117 2114 Aliter
1150 2075 1162 2114 :
1197 2058 1514 2114 Timebunt
1543 2062 1736 2114 autem
1770 2058 2034 2129 quando-

383 2165 497 2220 que
521 2147 620 2220 qui
653 2148 826 2203 modo
861 2147 1231 2219 superbiunt,
1267 2148 1368 2219 qui
1400 2148 1571 2202 modo
1603 2147 1700 2202 alti
1735 2153 1892 2203 sunt.
1930 2149 2036 2218 Ego

303 2273 312 2278 ς
389 2253 514 2293 vero
545 2237 776 2293 interim
809 2236 1013 2293 timere
1045 2236 1409 2309 praeeligo,ut
1438 2254 1552 2292 non
1593 2237 1900 2309 deeperare
1927 2235 2033 2291 tibi

384 2343 578 2399 cogar.
613 2331 678 2381 Et
730 2327 790 2382 in
821 2326 920 2382 illa
951 2343 1053 2399 spe
1105 2343 1220 2382 non
1269 2342 1365 2382 ero
1411 2326 1655 2393 otiosus,
1687 2328 1787 2382 sed
1825 2326 2033 2380 faciam

383 2415 640 2471 ofﬁcium
664 2416 978 2487 sperantis,
1002 2415 1143 2486 quia
1165 2418 1225 2471 in
1247 2417 1350 2471 Deo
1374 2415 1592 2472 scilicet
1617 2416 1894 2479 existens,
1916 2415 2036 2470 lau-

381 2503 521 2558 dabo
549 2519 826 2558 sermoncs
861 2520 1029 2571 meos,
1063 2504 1121 2558 id
1151 2509 1240 2560 est
1283 2503 1610 2560 laudabiles
1645 2504 1873 2572 faciam,
1905 2508 2033 2558 tum

381 2590 666 2661 dignitate
705 2591 872 2646 bonae
901 2592 1050 2658 vitae,
1085 2595 1211 2646 tum
1260 2592 1520 2647 veritate.
1555 2591 1656 2647 Ille
1708 2591 2034 2646 laudabiles

383 2677 520 2734 facit
548 2695 849 2734 sermones
871 2679 971 2750 qui
995 2679 1157 2750 prius
1182 2680 1328 2734 bene
1350 2680 1866 2750 operatur,deinde
1889 2697 2033 2750 prte-

383 2768 555 2836 dicat,
580 2767 750 2839 juxta
789 2765 937 2823 illud
971 2785 984 2822 :
1020 2769 1155 2836 Quae
1182 2771 1339 2839 coepit
1379 2771 1533 2825 Iesus
1561 2771 1743 2839 facere
1771 2778 1820 2823 et
1849 2768 2036 2823 docere

382 2857 520 2928 (Aet.
554 2857 615 2929 ι).
651 2856 716 2911 Et
743 2857 875 2913 ideo
907 2873 1023 2912 non
1050 2857 1178 2912 dico
1207 2853 1460 2927 tantum,
1495 2858 1740 2928 sperabo
1773 2857 1876 2912 sed
1908 2873 2034 2928 spe-

381 2948 505 3002 ravi
533 2961 766 3018 semper
801 2948 859 3000 in
891 2947 1021 3012 Deo,
1055 2950 1111 3001 et
1158 2946 1288 3001 ideo
1319 2962 1428 3001 non
1477 2947 1672 3001 timebo
1704 2945 1835 3016 quid
1863 2947 2037 3016 faciat

382 3035 527 3090 mihi
554 3050 701 3101 caro,
733 3034 791 3090 id
821 3039 911 3090 est
935 3034 1209 3100 carnalis,
1233 3035 1346 3090 cito
1377 3035 1692 3103 transiens,
1718 3035 1831 3090 cito
1854 3035 2032 3090 inter-

382 3124 595 3178 iturus.
630 3122 736 3188 Qui
767 3126 938 3178 antea
969 3123 1229 3178 dixerat:
1262 3124 1514 3178 Miserere
1543 3125 1671 3189 mei,
1705 3124 1867 3189 Deus,
1899 3139 2030 3195 quo-

381 3213 540 3267 niam
563 3212 898 3268 concuteavit
917 3229 1005 3267 me
1044 3213 1219 3280 homo,
1238 3213 1528 3283 quomodo
1550 3229 1706 3268 nunc
1741 3212 1901 3281 dicit,
1919 3227 2029 3268 non

385 3301 585 3356 timebo
615 3301 744 3371 quid
769 3301 943 3371 faciat
972 3301 1115 3355 mihi
1141 3317 1268 3356 caro
1288 3299 1316 3355 ‘I
1349 3302 1433 3356 Ibi
1466 3302 1716 3373 respexit
1744 3302 1812 3356 ad
1837 3301 2030 3357 cultu-

385 3406 530 3457 ram,
569 3389 666 3444 hic
701 3393 895 3445 autem
925 3388 1208 3461 prospicit
1232 3390 1303 3444 ad
1333 3390 1531 3444 vinum
1556 3391 1710 3459 quod
1742 3390 1877 3445 inde
1908 3407 2031 3446 ma-

385 3483 506 3533 nat.
535 3478 606 3532 Et
634 3478 796 3533 ideo:
829 3480 949 3533 Non
970 3480 1168 3533 timebo
1197 3479 1336 3550 quid
1361 3481 1534 3549 faciat
1565 3479 1871 3544 mihicaro,
1895 3478 2034 3552 quia

386 3582 520 3622 caro
546 3564 691 3621 nihil
713 3571 904 3637 potest
935 3567 1046 3622 nisi
1079 3568 1137 3622 in
1169 3584 1424 3623 carnem.
1453 3568 1521 3622 Et
1543 3568 1679 3639 quid
1706 3569 1843 3624 facit
1859 3568 2035 3625 caro?

386 3665 510 3721 Tota
530 3665 644 3735 die,
659 3664 716 3720 id
740 3668 847 3735 est,
871 3664 1107 3721 assidue
1122 3665 1284 3720 verba
1298 3681 1421 3720 mea
1441 3668 1888 3722 exsecrabantur.
1930 3666 2035 3721 Hic

385 3758 628 3827 apparet
655 3755 813 3825 quod
836 3771 990 3809 unus
1022 3753 1301 3826 loquitur.
1325 3756 1500 3809 Verba
1513 3770 1634 3809 mea
1667 3755 1724 3808 in
1747 3759 1804 3809 te
1834 3753 2036 3810 lauda-

385 3842 526 3899 bilia
550 3841 966 3914 blasphemant
996 3860 1009 3898 :
1039 3860 1168 3914 quae
1200 3843 1330 3898 dico
1359 3842 1588 3909 mea,ita
1616 3847 1906 3911 tamen,ut
1927 3862 1960 3898 a
1981 3848 2037 3900 te

387 3932 546 3997 data,
563 3932 926 4002 Augustinus
951 3948 964 3985 :
987 3954 1014 3982 «
1046 3933 1289 4004 Roga,et
1306 3949 1419 3987 non
1445 3931 1560 3987 eris
1582 3949 1798 3987 vacuus
1824 3951 1837 4000 ;
1860 3933 2038 3988 confl-

389 4022 510 4074 tere
526 4021 715 4085 tuum,
736 4021 792 4072 et
813 4035 927 4074 non
948 4019 1062 4075 eris
1084 4020 1405 4091 ingratus.»
1431 4021 1732 4076 Adversum
1751 4037 1836 4076 me
1855 4038 2041 4077 omnes

389 4105 740 4175 cogitationes
767 4121 959 4160 eorum
977 4123 997 4168 ;
1029 4109 1198 4179 quasi
1253 4109 1408 4164 dicat
1440 4126 1452 4166 :
1488 4127 1602 4165 non
1636 4109 1830 4164 solum
1870 4126 2040 4166 voces

392 4199 534 4254 sunt
551 4193 839 4250 adversum
863 4211 967 4262 me,
991 4197 1092 4251 sed
1115 4197 1292 4252 etiam
1319 4215 1505 4254 omnes
1524 4199 1902 4272 cogitationes.
1929 4200 2039 4255 Sed

391 4283 530 4354 quia
557 4284 866 4340 adversum
897 4300 1033 4340 eum
1063 4290 1306 4356 possent
1335 4303 1482 4354 esse,
1517 4292 1573 4342 et
1617 4293 1811 4344 tamen
1844 4288 1904 4344 in
1933 4289 2044 4344 bo-

393 4388 558 4441 num,
591 4372 719 4429 ideo
749 4373 1000 4440 dicit,iin
1029 4374 1268 4430 malum.
1302 4375 1566 4431 Ostendit
1607 4379 1899 4448 quomodo
1929 4394 2043 4434 om-

389 4477 486 4519 nes
514 4477 709 4519 eorum
732 4464 1092 4534 cogitationes
1113 4465 1175 4518 in
1202 4464 1437 4532 malum,
1463 4465 1742 4536 quoniam
1767 4467 2042 4522 inhabita-

2152 523 2430 591 sanabile,
2445 525 2583 596 quia
2605 526 2838 597 quando
2861 525 2993 598 plus
3008 525 3234 598 tegitur
3253 527 3416 580 tanto
3436 519 3804 594 ampliusvin-

2148 613 2723 684 curabiliputredine
2745 615 3062 670 sauciatur.
3085 612 3601 680 iNel,.seeun~dum
3626 609 3805 667 aliam

2146 702 2614 773 translationem,
2647 703 2922 759 Sustinuit
2950 705 3161 759 anima
3175 713 3321 770 mea,
3351 705 3527 758 etest
3552 716 3796 756 sensus:

2146 802 2422 857 Sustinuit
2467 800 2599 856 illos
2658 805 2849 857 anima
2881 818 3002 858 mea
3022 803 3207 858 "etiam
3240 799 3418 857 falsos
3449 798 3692 870 fratres,
3717 798 3812 854 ita

2149 890 2294 945 mihi
2326 889 2526 946 dicens
2563 907 2575 944 :
2610 892 2798 946 Suli'er
2843 891 2996 954 illos,
3029 907 3129 947 ora
3157 906 3264 962 pro
3293 888 3432 945 illis.
3464 889 3572 944 Pro
3616 888 3804 944 nihilo

2145 980 2320 1035 salvos
2349 982 2518 1050 ﬁm‘es
2547 981 2694 1045 illos,
2728 981 2783 1034 id
2815 985 2906 1036 est
2931 981 3058 1036 sine
3082 981 3280 1035 labore
3301 977 3398 1034 vel
3427 977 3635 1051 gratis,
3657 981 3722 1033 et
3745 977 3808 1034 in

2147 1068 2256 1124 hoc
2279 1069 2444 1124 docet
2464 1068 2754 1124 talesesse
2769 1069 3101 1124 tolerandos
3117 1067 3423 1124 :-undecim
3447 1065 3606 1123 enim
3623 1065 3806 1122 disci-

2148 1157 2317 1230 pulos
2342 1157 2518 1229 elegit
2537 1156 2692 1212 Deus
2719 1159 2788 1212 ad
2815 1157 3242 1229 probationem,
3260 1160 3325 1211 ut
3354 1155 3486 1212 illos
3512 1155 3805 1213 imitando

2147 1246 2219 1302 ad
2245 1247 2660 1319 perfectionem
2681 1247 2986 1316 ducamur,
3003 1247 3280 1302 undecim
3305 1245 3382 1301 ad
3412 1235 3802 1301 tentationem

2151 1352 2276 1407 quae
2310 1335 2766 1390 fidelibusutilis
2791 1339 2899 1405 est,
2922 1350 3024 1406 pro
3053 1335 3251 1405 nihilo,
3286 1333 3343 1389 id
3376 1337 3484 1401 est,
3503 1334 3633 1390 sine
3660 1345 3807 1406 pm-

2149 1424 2490 1480 cedentibus
2515 1425 2742 1480 meritis
2758 1424 2890 1480 suis
2909 1425 3085 1480 salvos
3106 1422 3805 1496 faciet,ut‘latronemqni

2148 1513 2218 1569 de
2245 1513 2549 1570 latrocinio
2579 1515 2650 1568 ad
2677 1512 2988 1584 judicium,
3015 1513 3088 1568 de
3101 1512 3325 1583 judicio
3354 1511 3807 1584 aderuoemﬁe

2148 1617 2316 1658 cruce
2344 1602 2404 1656 in
2437 1601 2934 1673 paradisum-ivit.
2965 1601 3152 1658 Aliter
3184 1618 3197 1658 :
3232 1602 3809 1658 Sicut-suamutrum!

2147 1693 2398 1747 animam
2447 1707 2642 1747 meam.
2689 1691 2798 1746 Sed
2851 1695 2911 1746 et
2940 1707 3045 1764 ego
3089 1691 3328 1747 orabam
3378 1706 3482 1762 pro
3513 1689 3659 1757 illis,
3693 1690 3806 1748 ine

2149 1781 2343 1838 sciens
2363 1781 2504 1852 quia
2518 1796 2620 1851 pro
2649 1781 2845 1848 nihilo,
2869 1780 2927 1836 id
2950 1785 3058 1848 est,
3083 1778 3250 1836 facile
3270 1781 3447 1836 salvos
3460 1781 3636 1851 facies
3658 1781 3806 1848 illos,

2145 1877 2258 1947 vel,
2293 1877 2412 1933 illis
2441 1878 2634 1951 gravis
2685 1882 2806 1934 erat
2849 1877 2970 1934 vita
2992 1882 3254 1945 -mea,-et
3281 1877 3392 1934 hoc
3439 1877 3568 1934 sine
3599 1894 3806 1935 eorum

2145 1967 2384 2036 damno,
2417 1966 2576 2038 quia,
2609 1984 2641 2023 ο
2676 1967 2847 2033 Deus,
2880 1975 2937 2022 tu
2967 1967 3144 2022 salvos
3169 1968 3344 2037 facies
3373 1967 3805 2037 ittos,id~,est-re—

2146 2055 2458 2111 suscitabis
2479 2073 2523 2111 Aa
2555 2059 2760 2126 morte,
2797 2057 2898 2110 sed
2925 2071 3028 2127 pro
3049 2055 3468 2123 nihilo,‘id'est
3495 2073 3598 2128 pro
3635 2056 3802 2114 nulla

2145 2161 2347 2201 eorum
2380 2145 2648 2200 utilitate.
2683 2145 2878 2200 Omnes
2908 2144 3126 2216 quidem
3169 2161 3538 2218 resurgemus,
3570 2145 3667 2201 sed
3691 2163 3804 2202 non

2143 2249 2326 2290 omnes
2356 2233 2777 2289 immutabimur
2797 2232 2998 2306 ~(I-Cor.
3032 2233 3148 2305 xv).
3181 2233 3250 2288 Et
3279 2249 3486 2290 revera
3506 2251 3612 2308 pro
3643 2234 3805 2292 nulla

2143 2339 2347 2378 eorum
2365 2321 2790 2394 ~utilitate,quia
2810 2323 2868 2378 in
2892 2323 3167 2394 iraquam
3186 2325 3802 2382 merueru‘ntconfrin-

2143 2427 2244 2483 ges
2266 2428 2364 2467 eos
2393 2411 2614 2484 duplici
2634 2410 3000 2467 contritione.
3015 2410 3117 2466 Vel
3133 2410 3461 2468 in'bonum.
3483 2417 3610 2469 Hoc
3630 2415 3800 2472 modo

2144 2499 2333 2556 salvos
2367 2500 2540 2556 facies
2576 2518 2588 2555 :
2622 2501 2682 2555 in
2726 2502 2815 2554 ira
2840 2500 3066 2571 populos
3099 2501 3432 2570 confr’inges,
3454 2504 3800 2560 ‘evacuando

2145 2589 2490 2660 nequitiam,
2523 2590 2794 2644 donando
2824 2589 3096 2661 gratiam,
3121 2589 3262 2661 quia
3292 2595 3464 2645 erunt
3488 2591 3549 2646 in
3583 2591 3673 2648 ira
3695 2598 3801 2650 ter-

2144 2677 2259 2743 riti,
2294 2676 2780 2734 tribulationibus
2805 2678 3016 2748 vexati,
3051 2678 3164 2733 fide
3195 2679 3434 2748 ﬁrmati,
3459 2680 3656 2752 gratia
3685 2681 3800 2738 sal-

2142 2767 2280 2822 vati.
2317 2766 2436 2821 Hoc
2466 2767 2638 2821 modo
2667 2765 3117 2838 confringeahoc
3139 2769 3322 2824 modo
3346 2768 3605 2826 salvebis
3627 2787 3640 2825 :
3661 2771 3800 2843 quia

2144 2871 2248 2928 ego
2277 2857 2540 2910 nuntiavi
2581 2855 2705 2912 illis
2757 2857 2927 2911 vitam
2955 2871 3155 2925 meam,
3178 2872 3367 2928 quam
3414 2858 3590 2923 feda,
3619 2875 3801 2933 quam

2143 2961 2321 3016 prava
2366 2943 2507 2999 olim
2566 2943 2677 2999 fuit
2727 2961 2740 2998 :
2793 2961 2948 3000 nunc
2977 2961 3318 3014 veroquam
3355 2947 3588 3018 pulcra,
3614 2965 3803 3021 quam

2142 3038 2341 3090 sancta
2367 3050 2468 3104 per
2497 3033 2744 3105 gratiam
2774 3038 3030 3100 tuam,et
3051 3034 3158 3090 hoc
3186 3035 3288 3089 tibi
3311 3035 3658 3092 .attribuens
3678 3054 3798 3096 non

2143 3121 2311 3187 mihi,
2344 3126 2408 3176 ut
2437 3121 2546 3177 sim
2580 3121 2698 3177 illis
2755 3123 2816 3177 in
2849 3123 3180 3195 exemplum
3216 3121 3803 3195 "respiciendi,.juxta

2143 3209 2512 3282 Apostolum,
2546 3212 2642 3282 qui
2687 3211 2846 3282 prius
2892 3213 2982 3282 fui
3026 3216 3351 3284 persecutor,
3377 3210 3734 3284 blasphemus
3769 3233 3792 3270 :

2142 3326 2296 3364 nunc
2326 3313 2522 3364 autem
2551 3309 2984 3365 misericordiam
3014 3319 3334 3367 con-secutus.
3354 3313 3589 3376 κωπίω
3607 3312 3682 3366 in
3707 3327 3801 3368 me

2138 3399 2439 3454 ostenderet
2461 3398 2694 3454 divitias
2725 3399 3144 3456 misericordia
3168 3417 3299 3456 suae.
3319 3402 3366 3469 (ι
3396 3401 3627 3468 Tim.-i).
3657 3401 3793 3457 Non

2144 3488 2272 3543 ideo
2303 3487 2726 3544 annuntiamus
2755 3488 2936 3544 vitam
2970 3494 3233 3545 nostram
3265 3489 3419 3554 :Deo,
3451 3493 3524 3544 nt
3541 3489 3804 3562 ipsezeo-

2143 3577 2537 3650 gnoscat,.sed
2571 3575 2963 3633 humilitatem
2994 3583 3258 3635 nostram
3281 3579 3602 3634 attendens
3632 3578 3801 3652 igno-

2145 3670 2287 3721 scat.
2321 3665 2436 3737 Ego
2482 3665 2746 3720 nuntiavi
2786 3664 2908 3720 illis
2959 3668 3129 3722 vitam
3173 3683 3372 3734 meam,
3401 3683 3586 3738 quam
3619 3667 3801 3724 vitam

2147 3753 2310 3826 prius
2340 3753 2444 3809 tibi
2473 3755 2746 3809 nuntiavi.
2770 3755 2840 3810 Et
2869 3759 2931 3810 tu
2961 3757 3202 3826 posuisti
3234 3754 3522 3828 lacrgmas
3543 3772 3714 3823 meas,
3739 3757 3802 3812 id

2148 3847 2238 3898 est
2269 3841 2628 3914 lacrymosas
2657 3859 2856 3913 preces
2878 3846 2936 3899 in
2970 3851 3258 3916 conspectu
3281 3851 3392 3911 tuo,
3416 3845 3475 3900 id
3506 3851 3598 3901 est
3627 3859 3804 3902 exan-

2149 3930 2286 3987 disti
2309 3931 2603 3988 eas.Sicut
2622 3932 2757 3986 etin
2781 3933 3170 4003 promissione
3183 3939 3312 3989 tua:
3337 3938 3400 3989 tu
3417 3934 3578 3989 enim
3589 3934 3807 4006 promi-

2149 4019 2373 4086 sisti,In
2391 4037 2744 4092 quacunque
2756 4022 2848 4078 die
2872 4027 3141 4094 peccator
3162 4037 3478 4080 conversus
3505 4023 3809 4096 ingemue-

2150 4110 2245 4176 rit,
2273 4109 2471 4165 salvus
2491 4109 3111 4182 erit(l§zech.xxxm).Si
3123 4116 3322 4168 autem
3349 4111 3495 4168 illud
3511 4112 3574 4168 in
3590 4113 3810 4169 malum

2150 4201 2456 4274 accipitur,
2481 4203 2543 4257 In
2576 4203 2663 4257 ira
2688 4203 2913 4273 populos
2932 4204 3262 4274 con/ringes,
3289 4207 3451 4268 tunc,
3473 4204 3621 4259 Deus
3641 4205 3812 4258 suam

2154 4307 2353 4359 meam,
2387 4290 2472 4346 sic
2492 4291 2566 4346 ad
2598 4291 2904 4362 superiora
2924 4291 3202 4364 jungitur
3232 4309 3246 4347 :
3280 4295 3398 4364 Ipsi
3422 4292 3816 4349 inhabitabant

2151 4387 2202 4436 et
2225 4379 2570 4436 abscondent.
2597 4383 2713 4452 Ego
2735 4385 2931 4436 tamen
2962 4383 3310 4438 annuntiavi
3329 4383 3503 4437 vitam
3527 4399 3737 4453 meam,
3753 4381 3812 4438 id

2155 4468 2548 4542 est,proposui
2571 4486 2663 4525 me
2685 4468 2803 4526 illis
2825 4470 3157 4542 exemplum
3180 4472 3341 4526 bona
3362 4470 3812 4528 vita.Si~autem

394 4551 548 4608 bunt.
583 4550 771 4623 Aliqui
815 4550 1051 4607 illorum
1087 4552 1414 4609 inhabitare
1443 4569 1506 4609 se
1532 4570 1763 4610 mecum
1795 4554 2042 4611 simula-
2075 4552 2118 4614 D
2151 4557 2208 4612 in
2233 4574 2485 4629 persona
2507 4558 2716 4630 capitis
2735 4557 2992 4630 legimus
3015 4559 3400 4625 dictum,Deus
3419 4562 3592 4616 vitam
3605 4575 3816 4632 vnum,

395 4639 565 4710 bunt,
587 4638 648 4694 in
670 4639 930 4696 Ecclesia
945 4641 1319 4714 suscipiendo
1344 4642 1822 4714 baptisma,susci
1831 4643 2044 4716 piendo

398 4743 612 4783 nomen
642 4727 1062 4797 Christianum,
1088 4729 1247 4786 velut
1294 4730 1478 4786 Judas
1510 4732 1610 4802 qui
1653 4731 1839 4788 falsus
1871 4733 2047 4788 frater

399 4820 544 4882 erat,
577 4815 677 4888 qui
704 4816 763 4870 in
817 4815 1072 4874 numero"
1094 4819 1516 4892 discipulorum
1548 4826 1693 4888 erat,
1723 4825 1774 4876 et
1815 4822 2047 4878 abscon-

399 4904 557 4971 dent,
584 4903 642 4959 id
675 4907 764 4961 est
803 4906 977 4961 corde
1007 4905 1172 4962 dolos
1217 4912 1436 4978 tegent,
1465 4907 1712 4965 insidias
1759 4911 2050 4981 parabunt

396 4999 681 5066 tanquam
713 4994 845 5050 falsi
875 4995 1084 5051 fratres
1115 4996 1216 5068 qui
1265 4997 1619 5054 introierunt
1649 4999 1947 5071 explorare
1979 5001 2046 5056 li-

400 5083 686 5140 bertatem
716 5089 983 5140 nostram
1018 5101 1030 5140 :
1065 5085 1323 5141 ostendit
1352 5087 1644 5157 quomodo
1677 5089 2002 5147 abscondent
2031 5110 2048 5146 :

398 5183 508 5252 ipsi
532 5182 851 5238 calcaneum
882 5199 1064 5240 meum
1083 5183 1468 5254 observabant,
1491 5183 1548 5240 id
1579 5189 1690 5253 est,
1723 5186 1954 5259 lapsum
1989 5190 2048 5245 in

402 5267 606 5342 lingua
633 5270 721 5326 vel
752 5287 940 5342 opere,
964 5277 1031 5328 ut
1061 5273 1314 5328 habeant
1337 5274 1493 5344 quod
1517 5281 1812 5344 accusent,
1845 5277 1926 5332 ita
1955 5279 2048 5334 ob-

400 5360 697 5416 servabant
725 5379 743 5415 :
774 5361 928 5418 Sicut
949 5364 1297 5418 sustinerunt
1323 5364 1576 5418 animam
1606 5380 1802 5432 meam,
1848 5364 1906 5421 id
1938 5371 2048 5435 est,

405 5449 904 5520 quemadmodum
935 5449 1018 5505 illi
1051 5452 1266 5523 quibus
1299 5451 1519 5522 anima,
1550 5451 1607 5506 id
1661 5456 1750 5509 est
1776 5453 1894 5510 vita
1924 5471 2054 5512 mea

405 5537 598 5611 gravis
629 5539 740 5595 fuit
769 5544 828 5595 et
857 5539 1105 5598 molesta
1129 5541 1222 5612 ad,
1245 5540 1584 5597 videndum.
1602 5542 1708 5610 Qui
1734 5545 1883 5600 enim
1903 5553 2056 5602 amat

402 5629 681 5708 umbras,
711 5627 829 5689 odit
855 5629 1033 5691 lucem
1061 5630 1240 5712 (Joan.
1271 5633 1381 5715 in).
1413 5631 1796 5692 Cassiodorus
1833 5651 1847 5694 :
1879 5655 1909 5692 ‹‹
1939 5634 2053 5696 Re-

2154 4647 2308 4702 sicut
2335 4651 2394 4703 et
2423 4651 2629 4703 caetera
2656 4647 2982 4720 hucusque,
3015 4647 3124 4704 etsi
3157 4649 3423 4720 quaedam
3473 4663 3598 4721 pro.
3629 4665 3816 4707 mem-

2154 4734 2296 4804 bris,
2343 4736 2548 4792 eodem
2599 4735 2772 4792 modo
2826 4736 3137 4792 dicemus:
3169 4737 3263 4792 Illi
3311 4737 3712 4794 inhabitabant
3737 4747 3818 4795 aet

2156 4825 2508 4881 abscondent.
2538 4829 2647 4896 Ego
2667 4829 2877 4896 autem,
2902 4841 2931 4880 ο
2951 4827 3116 4892 Deus,
3142 4827 3318 4882 vitam
3338 4843 3520 4883 meam
3535 4829 3819 4885 illisnun-

2158 4914 2315 4985 tiavi,
2329 4913 2388 4970 id
2418 4918 2529 4982 est,
2557 4914 2834 4986 proposui
2864 4913 2980 4970 illis
3004 4915 3074 4970 ad
3099 4914 3456 4971 imitandum
3479 4917 3601 4985 tibi,
3626 4917 3816 4989 idest,

2158 5003 2231 5059 ad
2264 5003 2546 5059 honorem
2577 5007 2767 5058 tuum.
2805 5008 2868 5060 Et
2897 5008 2960 5060 tu
2980 5005 3216 5076 posuisti
3248 5005 3526 5076 lacrymas
3555 5005 3818 5075 measr'id

2159 5096 2267 5160 est,
2304 5092 2658 5164 lacrymosas
2681 5109 2882 5164 preces
2905 5093 3090 5150 factas
3113 5110 3217 5166 pro
3249 5093 3421 5165 meis,
3433 5097 3500 5150 in
3527 5103 3819 5168 compeuu

2159 5185 2272 5248 tuo,
2303 5183 2446 5236 sicut
2473 5188 2524 5235 et
2553 5183 2615 5236 in
2639 5184 3004 5252 promissione
3041 5187 3158 5238 tua.
3192 5183 3278 5238 Tu
3309 5184 3471 5239 enim
3503 5184 3818 5254 dixisti”?!

2160 5272 2370 5326 semine
2416 5273 2508 5325 tuo
2559 5269 2945 5328 benedicentur
2994 5289 3186 5328 omnes
3233 5275 3420 5342 gentes
3469 5272 3636 5343 (Gens
3653 5273 3813 5337 nn).

2163 5366 2390 5435 Tune,id
2421 5371 2530 5434 est,
2553 5372 2788 5424 narrata
2815 5368 2935 5426 illis
2955 5369 3075 5425 vita
3102 5385 3250 5436 mea,
3280 5377 3673 5426 convertentur
3699 5372 3822 5426 ini-

2160 5459 2294 5514 mici
2321 5458 2432 5512 mei
2451 5460 2842 5526 retrorsum,ut
2863 5459 3169 5515 imitentur
3189 5458 3291 5531 qui
3315 5459 3482 5531 prius
3505 5461 3820 5532 procedere

2161 5545 2452 5603 volebant.
2476 5546 2544 5602 Et
2555 5563 2678 5603 ecce
2693 5546 2752 5602 in
2767 5548 2876 5604 illa
2895 5548 3532 5620 conversione'eognovi
3547 5550 3823 5620 quanta!

2159 5636 2308 5698 Deus
2331 5651 2488 5696 meus
2515 5652 2578 5695 es
2599 5640 2680 5712 tu,
2698 5637 2990 5698 omnium
3005 5638 3167 5700 θυαε
3193 5651 3305 5718 per
3327 5641 3828 5714 ιαωηωίωοιι
