4014 6194
275 317 385 384 με

1390 308 2004 381 ENARRATlONES
2044 306 2123 373 IN
2168 307 2557 374 PSALMOS.

3558 309 3679 376 44.6

275 455 383 526 nis,
416 456 652 530 quando
681 454 1006 530 ignominia
1021 459 1144 511 erat
1173 470 1299 510 esse
1321 449 1913 518 Christianum,scili-
1944 470 1997 536 Α
2028 445 2198 500 audis
2228 444 2517 515 exteriori,
2550 444 2609 500 id
2659 448 2768 511 est,
2801 442 2891 501 fac
2940 447 3000 499 ut
3030 459 3133 517 per
3184 440 3528 536 patientiam
3577 460 3680 500 no-

275 549 363 602 cet
390 562 594 602 omnes
625 546 987 602 confessores
1020 543 1135 600 mei
1165 548 1321 600 sunt.
1355 545 1421 599 Et
1462 543 1729 613 Ephraim
1757 542 1918 611 forti-

276 636 401 692 tudo
465 638 661 707 capitis
729 636 856 690 mei.
936 634 1235 707 Ephraim,
1303 632 1666 705 fructiﬁcans.
1734 630 1921 701 Caput

275 723 541 779 Ecclesia
573 723 1048 794 Christus,cujus
1069 722 1279 793 capitis
1306 722 1582 777 fortitudo
1610 724 1697 775 est
1720 718 1916 774 multi-

274 811 505 885 plicatio
536 812 817 868 ﬁdelium.
835 812 1055 868 Cecidit
1083 812 1351 867 Christus
1373 811 1432 865 in
1458 810 1748 882 passione,
1764 812 1819 863 et
1834 825 1920 862 se-

274 905 407 958 cuta
436 905 523 956 est
554 901 922 956 fructificatio
944 901 997 955 in
1034 899 1629 970 resurrectione,quia
1645 914 1916 970 granum,

275 990 387 1045 nisi
419 992 632 1045 cadens
666 991 720 1045 in
758 995 975 1045 terram
1009 993 1305 1045 mortuum
1350 989 1539 1054 fuerit,
1575 1004 1686 1042 non
1722 985 1919 1041 multi-

273 1078 587 1152 plicabitur
612 1080 790 1149 (Joan.
813 1081 934 1150 xu).
955 1079 1096 1136 Juda
1126 1095 1225 1134 rex
1245 1095 1415 1145 meus,
1442 1078 1497 1131 id
1521 1082 1610 1132 est
1628 1076 1917 1145 Christus,

275 1177 377 1251 qui
407 1177 477 1233 de
517 1177 671 1233 tribu
721 1178 896 1244 Juda,
930 1177 1027 1232 ille
1055 1182 1144 1233 est
1188 1177 1396 1232 horum
1429 1174 1692 1231 omnium
1746 1176 1923 1245 caput

273 1271 330 1324 et
360 1271 567 1323 rector.
617 1268 775 1323 Moab
822 1268 937 1322 olla
981 1268 1102 1339 spei
1149 1283 1305 1321 mem.
1340 1266 1652 1336 Hucusque
1696 1264 1923 1319 videtur

275 1372 651 1413 enumerasse
684 1372 821 1411 suos
841 1356 913 1411 de
942 1356 971 1411 J
983 1355 1185 1410 udaico
1206 1353 1442 1426 populo,
1459 1370 1611 1408 nunc
1632 1355 1704 1408 de
1732 1352 1920 1424 genti-

275 1446 408 1501 bus.
440 1447 612 1514 Moab,
646 1446 702 1500 id
734 1450 842 1514 est,
876 1445 1001 1501 sine
1031 1444 1157 1516 lege
1186 1444 1465 1512 viventes,
1490 1443 1735 1516 gentiles
1766 1440 1921 1497 scili-

276 1539 386 1590 cet.
423 1533 544 1589 Olla
590 1535 708 1605 spei
752 1550 910 1605 meae,
944 1535 1002 1588 id
1052 1539 1161 1597 est,
1212 1533 1326 1589 olla
1372 1534 1618 1599 fervens,
1670 1530 1924 1603 populus

276 1622 655 1680 tribulatione
686 1624 954 1695 affligens
985 1640 1097 1678 me.
1133 1623 1230 1678 Est
1260 1624 1369 1679 olla
1397 1624 1515 1694 spei
1540 1636 1700 1688 mese,
1734 1621 1792 1675 id
1814 1624 1922 1687 est,

276 1712 501 1768 fervens
532 1714 604 1768 ad
640 1730 830 1769 meam
862 1730 1025 1785 spem
1062 1729 1074 1766 :
1112 1713 1251 1784 quia
1282 1713 1565 1768 tribulatio
1595 1711 1923 1781 patientiam

276 1804 552 1873 aperatur,
580 1804 874 1873 patientia,
898 1804 1083 1856 autem
1111 1802 1501 1873 probationem,
1524 1800 1770 1872 probatio
1801 1813 1923 1853 vero

276 1906 424 1962 spem
473 1892 647 1962 (Rom.
697 1892 777 1961 v).
848 1892 910 1945 In
966 1890 1115 1945 Moab
1163 1890 1571 1962 intelliguntur
1619 1890 1929 1944 abutentes

278 1978 531 2034 naturali
563 1979 708 2051 lege,
743 1979 965 2035 scilicet
994 1979 1228 2051 gentilis
1268 1979 1540 2051 populus.
1576 1979 1723 2034 Moab
1753 1981 1929 2031 natus

278 2073 366 2124 est
413 2068 484 2123 de
544 2068 663 2123 ﬁlia
711 2068 881 2134 Loth,
931 2068 1087 2123 mala
1135 2072 1334 2124 utente
1382 2069 1565 2139 patris
1614 2066 1930 2123 concubitu

278 2159 433 2226 (Gen.
455 2158 598 2229 xxx),
620 2158 773 2213 unde
794 2158 1083 2225 Moabitae,
1109 2159 1387 2213 contracti
1410 2159 1481 2213 de
1503 2161 1758 2230 peccato.
1780 2160 1927 2210 Prae-

282 2246 500 2317 ﬁgurat
530 2250 724 2301 autem
755 2245 887 2301 illos
927 2246 1026 2317 qui
1058 2245 1214 2301 mala
1255 2251 1504 2301 utuntur
1534 2245 1678 2318 lege,
1707 2243 1805 2316 qui
1836 2260 1931 2315 ge-

279 2339 491 2389 nerant
522 2333 905 2402 Moabitas,id
938 2338 1027 2389 est
1054 2352 1231 2407 opera
1262 2335 1607 2407 mala,unde
1634 2333 1935 2390 tribulatio

286 2421 479 2476 bonis.
509 2426 578 2476 In
611 2422 918 2477 [dammam
948 2424 1237 2479 extendam
1266 2424 1703 2480 catceamentum
1729 2439 1931 2478 meum.

287 2523 406 2574 Hoc
439 2520 615 2574 modo
671 2520 971 2576 tribulatio
1022 2526 1111 2576 est
1154 2522 1265 2576 olla
1294 2524 1427 2592 spei,
1458 2523 1598 2593 quia
1643 2521 1935 2577 extendam

285 2609 718 2663 calceamentum
748 2625 951 2673 meum,
986 2609 1041 2663 id
1074 2614 1164 2664 est
1203 2610 1610 2681 praedicatores
1640 2626 1802 2665 meos
1833 2609 1934 2679 qui

288 2712 383 2753 me
410 2696 687 2751 muniunt
717 2701 781 2751 ut
809 2697 1404 2753 calceamentumzvel
1436 2699 1568 2762 fide,
1595 2716 1720 2769 quae
1743 2701 1937 2754 munit

286 2785 603 2841 Ecclesium
629 2803 663 2841 a
690 2785 812 2842 luto
839 2787 1018 2858 hujus
1046 2786 1242 2842 saeculi
1274 2791 1331 2841 et
1360 2786 1564 2857 spinis.
1588 2787 1689 2842 Vel
1720 2789 1935 2843 calcea-

286 2883 531 2930 mentum
586 2874 966 2947 Evangelium
1022 2876 1316 2931 extendam
1372 2879 1433 2931 in
1487 2876 1813 2941 Idumam,
1875 2877 1932 2932 id

286 2968 396 3031 est,
432 2964 824 3019 innocentiam
874 2965 1164 3030 Idumaeas,
1200 2966 1257 3020 id
1290 2970 1397 3030 est,
1430 2965 1773 3038 gentilitatis
1819 2971 1933 3021 ter-

285 3052 445 3109 renis
494 3053 722 3119 deditae,
758 3053 896 3125 quia
945 3055 1182 3110 Idumea
1229 3063 1447 3109 terrena
1494 3055 1931 3126 interpretatur.

285 3152 423 3207 Mihi
477 3151 828 3220 alienigena,
890 3152 947 3207 id
1015 3156 1104 3206 est
1158 3151 1437 3223 allophyli
1515 3152 1726 3206 subditi
1782 3161 1930 3216 sunt,

285 3240 389 3312 qui
446 3239 907 3312 interpretantur
940 3242 1165 3312 potione
1212 3244 1487 3308 cadentes,
1520 3240 1744 3294 scilicet
1792 3240 1935 3295 ebrii

284 3328 448 3385 dulci
481 3329 715 3385 fortuna
743 3329 923 3399 hujus
961 3329 1111 3383 vitae.
1148 3328 1336 3383 Etiam
1388 3327 1468 3381 illi
1495 3329 1707 3398 jugum
1742 3345 1937 3383 meum

284 3417 616 3488 recipient:
664 3416 753 3471 vel
798 3418 948 3473 Moab
998 3418 1109 3472 olla
1154 3418 1273 3487 spei
1321 3431 1460 3473 mea?
1490 3434 1508 3470 :
1541 3416 1609 3471 ad
1663 3414 1939 3470 similitu-

285 3506 511 3562 dinem.
545 3505 722 3568 Quasi
749 3506 908 3560 dicat
940 3524 952 3560 :
989 3504 1176 3561 Etiam
1206 3505 1590 3577 perditissimi
1622 3510 1761 3559 sunt
1794 3504 1937 3560 mihi

286 3594 429 3651 iacti
459 3610 594 3666 spes
624 3594 969 3661 saturitatis,
1005 3602 1069 3649 ut
1096 3593 1213 3650 olla
1244 3594 1393 3650 solet
1436 3610 1564 3648 esse
1592 3610 1711 3664 spes
1741 3593 1853 3649 cibi
1883 3598 1942 3649 et

287 3683 625 3739 refectionis
658 3700 672 3737 :
704 3681 793 3738 vel
824 3684 1082 3739 Idumeaa
1110 3685 1441 3752 sanguinea.
1470 3684 1646 3749 Quasi
1669 3682 1942 3739 dicatzEt

286 3773 411 3829 haec
444 3772 642 3829 omnia
671 3772 881 3827 faciam
914 3790 1028 3828 non
1058 3789 1186 3828 mea
1215 3788 1323 3844 ope
1350 3790 1361 3826 :
1404 3790 1539 3828 nam
1574 3774 1696 3844 quis
1722 3772 1941 3829 deducet

287 3879 393 3929 me,
430 3862 500 3917 de
531 3861 804 3934 angustia
831 3861 1061 3916 Judaici
1094 3861 1315 3933 populi,
1351 3864 1409 3916 in
1436 3863 1721 3916 civitatem
1749 3864 1939 3917 muni-

288 3957 424 4015 tam,
456 3950 515 4004 id
545 3954 655 4017 est,
690 3956 755 4005 ut
806 3951 941 4006 fiam
975 3950 1177 4004 civitas
1225 3966 1459 4021 magna,
1492 3950 1820 4021 frequentia
1848 3958 1941 4007 to—

288 4038 413 4093 tius
434 4038 592 4094 orbis
618 4038 848 4093 munita
872 4055 1027 4109 :quae
1048 4038 1221 4094 etiam
1249 4038 1463 4093 dicitur
1483 4038 1687 4093 civitas
1704 4041 1941 4094 circum—

286 4130 533 4199 stantiae,
557 4127 697 4199 quia
726 4128 1051 4183 circumdat
1078 4128 1385 4183 Judaicam
1409 4133 1625 4183 terram
1659 4134 1939 4198 tanquam

289 4216 351 4273 in
395 4216 589 4272 medio
634 4217 883 4289 positam
911 4217 938 4270 ?
969 4218 1103 4286 Quis
1154 4216 1375 4272 deducet
1415 4234 1504 4271 me
1535 4232 1700 4287 usque
1730 4218 1784 4270 in
1820 4217 1945 4272 Idu-

292 4321 522 4375 maeam,
574 4305 631 4361 id
677 4310 766 4362 est
811 4306 1221 4379 sanguineam,
1277 4306 1501 4387 scilicet
1556 4305 1943 4376 gentilitatem

289 4395 636 4451 fundentem
668 4395 1016 4468 sanguinem
1044 4394 1304 4466 corporis
1326 4379 1618 4450 etuanimae
1637 4394 1665 4447 ?
1695 4395 1824 4450 Haec
1853 4395 1943 4450 in-

288 4483 533 4557 quisitio
565 4500 680 4539 non
728 4483 1050 4539 dubitando
1082 4484 1168 4555 ﬁt,
1203 4483 1303 4539 sed
1344 4483 1715 4556 gratulando.
1750 4488 1947 4540 Potest

288 4579 349 4630 et
379 4573 465 4629 sic
498 4574 612 4629 dici
648 4592 661 4628 :
693 4574 827 4643 Quis
856 4573 1086 4628 deducet
1114 4588 1200 4628 me
1242 4575 1303 4627 in
1354 4573 1693 4637 Idumaeam,
1728 4579 1792 4628 ut
1823 4578 1945 4629 tam
1980 4568 2023 4633 Ι)

287 4661 491 4733 ampla
540 4661 698 4727 tiam,
742 4662 896 4736 quod
943 4661 1119 4716 etiam
1174 4661 1233 4715 in
1291 4661 1537 4717 terrenis
1585 4677 1839 4733 regnem,
1881 4666 1947 4717 ut

284 4752 468 4807 etiam
492 4749 577 4805 illi
595 4767 687 4806 me
707 4755 1081 4815 venerentur,
1106 4750 1206 4822 qui
1232 4749 1440 4805 nolunt
1469 4767 1501 4804 a
1525 4767 1617 4805 me
1635 4751 1942 4822 proﬁcere:

286 4840 448 4911 quia,
482 4843 547 4893 ut
575 4839 799 4895 dictum
830 4844 936 4910 est,
972 4840 1229 4894 Idumaea
1257 4839 1676 4910 interpretatur
1702 4842 1943 4895 terrena.

285 4941 488 4995 Nonne
536 4946 613 5008 tu,
666 4939 831 5005 Deus,
881 4938 1168 4993 subaudis
1223 4938 1499 5004 deduces,
1552 4939 1648 5008 qui
1692 4938 1948 5008 repulisti

286 5041 387 5083 nos
408 5024 437 5080 ‘t
467 5026 752 5082 subaudis
784 5026 841 5081 in
861 5028 1069 5095 Adam,
1090 5031 1147 5081 et
1176 5043 1331 5081 nunc
1362 5026 1538 5081 etiam
1563 5025 1839 5097 repellere
1866 5027 1946 5080 vi-

287 5113 455 5170 deris
483 5132 502 5168 :
534 5115 675 5186 quia
702 5131 813 5171 non
844 5115 1029 5171 exibis
1059 5117 1119 5170 in
1170 5116 1463 5171 virtutibus
1491 5119 1714 5183 nostris,
1747 5116 1801 5170 id
1834 5119 1945 5183 est,

286 5203 435 5277 quia
455 5208 652 5276 aperte
674 5220 789 5260 non
811 5205 937 5277 agis
960 5204 1289 5271 nobiscum,
1308 5209 1371 5258 ut
1397 5220 1530 5258 cum
1556 5205 1824 5275 patribus
1846 5222 1946 5260 no-

283 5293 436 5350 stris
456 5293 892 5366 egisti,quando
916 5311 1070 5349 unus
1091 5293 1549 5365 persequebatur
1571 5292 1814 5359 mille,et
1834 5293 1949 5347 duo

281 5382 580 5455 fugabant
597 5381 797 5438 decem
818 5382 1033 5450 millia;
1053 5382 1151 5438 sed
1176 5381 1370 5453 potius
1390 5381 1606 5451 pateris
1629 5398 1742 5435 non
1766 5380 1947 5453 afﬂigi

278 5472 570 5538 exterius,
608 5477 669 5526 ut
699 5471 912 5529 liberes
944 5472 1213 5528 interius.
1252 5474 1317 5527 Et
1345 5470 1487 5541 quia
1514 5486 1623 5524 non
1653 5470 1951 5540 egredieris

279 5563 347 5617 in
372 5561 672 5617 virtutibus
702 5563 928 5627 nostris,
954 5561 1095 5634 quia
1116 5561 1257 5617 foris
1282 5576 1396 5615 non
1425 5558 1752 5629 liberas,da
1772 5560 1949 5628 nobis,

287 5650 567 5721 interius,
602 5651 912 5719 subaudis,
946 5652 1245 5717 auxilium,
1279 5650 1347 5707 de
1391 5648 1777 5719 tribulatione,
1812 5650 1950 5706 sub-

2030 537 2214 588 stram
2239 536 2297 587 et
2335 533 2794 590 consolationem
2848 539 3031 600 tuam,
3067 532 3197 605 ipsa
3242 530 3545 587 tribulatio
3580 533 3681 587 fiat

2030 623 2199 679 nobis
2232 622 2303 676 ad
2338 622 2762 693 probationem.
2791 623 2922 678 Ideo
2954 639 3092 695 rogo
3124 621 3458 677 interiorem
3491 620 3679 676 salva-

2028 712 2247 766 tionem
2261 715 2318 765 ct
2334 727 2446 765 non
2462 712 2975 782 exteriorem,quia
2991 730 3131 768 vana
3148 712 3393 767 estsalus
3413 711 3670 778 hominis,

2028 800 2085 855 id
2109 804 2218 866 est,
2244 800 2382 871 quia
2409 801 2658 854 exterior
2684 800 2847 856 nulla
2866 807 2975 856 est.
3007 803 3073 856 Et
3096 802 3232 873 quia
3253 818 3395 856 vana
3417 804 3507 855 est
3529 801 3681 855 salus

2030 890 2285 958 hominis,
2308 892 2366 944 in
2387 891 2492 944 Deo
2502 891 2768 961 faciemus
2782 892 3053 959 virtutem,
3070 892 3125 946 id
3142 896 3247 958 est,
3267 891 3440 946 fortes
3456 889 3597 945 erim
3610 907 3677 945 us

2030 978 2325 1051 patiendo,
2361 980 2783 1050 perseverando
2815 978 2909 1034 hic
2941 998 2953 1045 ;
2986 985 3042 1035 et
3071 981 3305 1035 tandem
3340 983 3455 1051 ipse
3481 979 3553 1035 ad
3583 981 3681 1034 ni-

2031 1069 2207 1123 hilum
2237 1067 2464 1123 deducet
2494 1069 2817 1124 tribalantes
2845 1085 2942 1123 nos
2996 1071 3404 1133 convertendo,
3434 1068 3520 1125 vel
3550 1073 3678 1124 tan-

2031 1157 2162 1211 dem
2198 1156 2528 1212 inefﬁcaces
2560 1156 2989 1212 reddendo.Vel
3020 1159 3232 1212 salvum
3259 1163 3348 1228 [ac
3370 1175 3483 1213 non
3518 1159 3575 1212 in
3609 1156 3685 1214 si-

2031 1245 2217 1300 nistra
2248 1245 2437 1311 tua,id
2460 1249 2567 1311 est,
2594 1246 2649 1300 in
2674 1246 2767 1300 his
2789 1246 3233 1318 temporalibus,
3258 1248 3358 1302 sed
3381 1248 3439 1302 in
3458 1247 3684 1304 dextera

2030 1340 2150 1399 tua,
2184 1334 2242 1388 id
2275 1337 2382 1401 est,
2418 1333 2477 1388 in
2510 1334 2873 1389 beatitudine
2903 1337 3215 1391 mterna.Et
3246 1336 3384 1408 quia
3414 1335 3513 1392 illa
3546 1355 3684 1410 rogo

2033 1440 2157 1495 quea
2190 1423 2453 1495 roganda
2483 1428 2644 1489 sunt,
2675 1423 2883 1478 exaudi
2926 1440 3034 1479 me.
3070 1425 3231 1490 Quod
3286 1441 3484 1480 revera
3516 1426 3687 1481 faciet

2037 1517 2176 1568 Deus
2209 1512 2394 1575 Pater,
2431 1513 2570 1583 quia
2601 1513 2807 1567 locutus
2836 1518 2915 1568 est
2944 1513 3071 1579 hoc,
3106 1513 3163 1568 id
3194 1518 3284 1569 est
3315 1514 3588 1585 promisit
3618 1531 3681 1569 se

2035 1602 2117 1657 sic
2148 1603 2840 1672 petentes'exauditurum
2863 1604 2919 1656 in
2937 1608 3127 1658 sancto
3156 1618 3273 1667 suo,
3299 1603 3354 1656 id
3378 1608 3485 1673 est,
3511 1603 3568 1657 in
3596 1604 3685 1659 Fi-

2036 1689 2111 1744 lio
2141 1707 2269 1744 suo.
2289 1690 2657 1763 Quodcunque
2682 1692 2952 1762 petieritis
2984 1695 3207 1747 Patrem
3228 1694 3283 1746 in
3306 1694 3529 1747 nomine
3548 1710 3687 1760 meo,

2036 1779 2186 1834 dabit
2215 1780 2362 1834 vobis
2395 1781 2576 1851 (Joan.
2626 1784 2761 1847 xvr).
2814 1785 3013 1836 Potest
3043 1786 3099 1835 et
3145 1781 3229 1837 sic
3278 1781 3390 1836 dici
3426 1800 3439 1837 :
3473 1786 3691 1837 Revera

1960 1842 2005 1906 Β
2036 1867 2263 1922 salvum
2289 1842 2482 1929 faciet.
2510 1869 2647 1940 quia
2679 1842 2815 1925 Deus
2844 1874 3015 1925 Pater
3045 1872 3253 1925 locutus
3272 1876 3350 1925 est
3382 1871 3439 1925 in
3474 1870 3689 1941 Sancto,

2040 1957 2097 2012 id
2129 1961 2236 2026 est,
2262 1956 2647 2029 loquenturin
2671 1959 2812 2013 Filio
2836 1975 2961 2025 suo,
2987 1958 3070 2015 sic
3088 1959 3283 2015 dicens
3309 1975 3322 2018 :
3356 1960 3692 2027 Laetabor,id

2040 2049 2149 2117 est,
2183 2046 2443 2102 lmtanter
2473 2048 2775 2119 complebo
2807 2048 3219 2116 obedientiam,
3245 2054 3303 2105 et
3329 2049 3578 2120 partibor
3599 2050 3692 2103 Si-

2041 2135 2299 2200 ehimam,
2333 2137 2535 2191 eodem
2568 2138 2741 2193 modo
2773 2143 2835 2191 ut
2868 2155 3066 2209 supra.
3091 2139 3156 2192 Et
3182 2139 3488 2194 convallem
3518 2138 3698 2192 labere

2041 2226 2394 2291 naculorum,
2428 2225 2483 2280 id
2536 2230 2643 2295 est,
2676 2226 2986 2281 humiliter
3032 2226 3177 2281 mihi
3230 2227 3575 2293 militantes,
3609 2224 3695 2281 vel

2044 2313 2279 2368 Judaaos
2310 2313 2594 2370 habentes
2618 2319 2910 2386 pastorem
2937 2332 3262 2370 assumam.
3289 2319 3365 2371 Et
3388 2316 3693 2371 Manasses:

2045 2400 2103 2457 id
2137 2406 2241 2466 est,
2267 2402 2519 2473 populus
2545 2403 2890 2459 obliviscens
2921 2421 3048 2475 quae
3072 2410 3223 2459 retro
3247 2411 3404 2473 sunt,
3430 2413 3487 2463 et
3508 2409 3564 2464 in
3590 2428 3697 2467 an-

2046 2491 2261 2545 teriora
2309 2508 2370 2545 se
2418 2492 2754 2553 extendens,
2788 2510 2935 2547 meus
2988 2498 3086 2548 est.
3126 2494 3387 2564 Epitraim
3432 2500 3697 2568 fortitudo

2045 2579 2240 2649 capitis
2268 2582 2396 2650 mei,
2432 2580 2486 2634 id
2518 2585 2625 2647 est,
2661 2586 2836 2652 caput
2869 2598 3062 2636 meum
3100 2582 3262 2650 forte,
3288 2602 3392 2655 per
3412 2585 3521 2642 hoc
3537 2592 3691 2661 quod

2046 2673 2135 2722 est
2168 2668 2524 2724 fructificans
2579 2674 2711 2742 post
2760 2675 3029 2725 mortem.
3060 2672 3219 2739 Juda,
3252 2673 3312 2728 id
3363 2680 3469 2741 est,
3503 2681 3698 2735 omnis

2045 2755 2350 2826 confitens,
2382 2773 2481 2811 rex
2510 2774 2680 2827 meus,
2715 2759 2976 2813 contituo
3000 2776 3217 2832 regem.
3248 2763 3401 2818 Moab
3431 2766 3551 2821 olla
3578 2770 3700 2838 spei

2041 2859 2201 2912 mem,
2236 2844 2290 2898 id
2324 2849 2433 2911 est,
2465 2846 2700 2901 refectio
2733 2864 2881 2903 mea.
2916 2849 3221 2904 Extendam
3249 2850 3423 2906 etiam
3467 2856 3527 2909 in
3568 2856 3698 2911 Idu-

2043 2949 2249 2999 meam,
2277 2934 2333 2987 id
2357 2939 2445 2991 est
2467 2934 2524 2989 in
2555 2936 2931 3008 sanguineos,
2955 2938 3379 2995 calceamentum
3410 2959 3614 3010 meum,
3641 2946 3696 3001 id

2045 3026 2152 3088 est,
2185 3021 2646 3078 incarnationem
2680 3024 2765 3079 vel
2793 3026 3087 3095 apostolos
3109 3044 3292 3092 meos,
3315 3034 3370 3085 et
3392 3030 3473 3086 sic
3493 3035 3703 3091 subditi

2047 3113 2220 3163 erunt
2246 3111 2391 3165 mihi
2418 3113 2768 3179 alienigenis.
2802 3116 2923 3179 Quo
2955 3116 3100 3169 duce
3118 3116 3226 3171 hoc
3258 3118 3355 3172 fiet
3375 3118 3402 3171 ?
3422 3123 3507 3175 Me
3529 3123 3699 3187 duce,

1967 3205 2010 3271 ρ
2048 3213 2165 3250 non
2197 3197 2256 3250 in
2291 3204 2579 3267 quantum
2613 3200 2806 3263 homo,
2831 3203 2931 3256 sed
2965 3203 3021 3256 in
3055 3220 3121 3258 eo
3152 3205 3306 3273 quod
3339 3206 3514 3262 Deus.
3553 3210 3699 3267 Nam

2050 3285 2175 3355 quis
2225 3284 2455 3340 deducet
2503 3303 2608 3351 me,
2658 3294 2717 3341 et
2769 3293 2996 3344 caetera.
3050 3293 3239 3347 Nonne
3283 3296 3363 3359 tu,
3413 3296 3572 3365 Deus,
3606 3302 3704 3368 qui

2048 3373 2306 3443 repulisti
2342 3390 2444 3429 nos
2494 3373 2553 3428 in
2585 3377 2795 3442 Adam,
2828 3378 2915 3432 vel
2966 3379 3179 3435 videris
3211 3397 3367 3437 nunc
3414 3384 3701 3455 repulisse

2050 3466 2335 3533 quantum
2361 3463 2429 3517 ad
2455 3464 2747 3518 exterius?
2772 3466 2988 3522 Revera
3009 3469 3224 3524 videris
3249 3471 3703 3547 repulisse,quia

2048 3566 2164 3605 non
2198 3552 2301 3606 das
2335 3550 2448 3607 illis
2490 3551 2830 3609 exteriorem
2881 3555 3287 3626 salvationem,
3319 3565 3376 3615 et
3403 3566 3607 3618 caetera
3639 3570 3705 3619 ut

2050 3656 2249 3711 supra.

2635 3732 2964 3789 PSALMUS
3007 3733 3118 3787 LX.

2298 3820 2357 3856 ῙΝ
2397 3819 2569 3858 FINEM
2612 3821 2665 3858 IN
2705 3821 2921 3860 HYMNIS
2962 3822 3227 3862 PSALMUS
3268 3822 3461 3863 DAVID.

2123 3912 2148 3938 ‹‹
2180 3891 2425 3956 Exaudi,
2458 3892 2634 3959 Deus,
2667 3893 3137 3964 deprecationem
3185 3912 3375 3952 meam
3404 3916 3417 3964 ;
3465 3897 3705 3957 intende

2059 3999 2079 4026 ι
2113 3979 2360 4033 orationi
2396 3996 2557 4034 meae.
2582 3983 2625 4034 A
2652 3982 2869 4037 finibus
2897 3987 3062 4039 terrm
3088 3986 3155 4039 ad
3184 3990 3240 4040 te
3263 3986 3536 4055 clamavi;
3562 3990 3703 4045 dum

2056 4090 2083 4117 ‹‹
2117 4067 2452 4122 anxiaretur
2477 4086 2577 4123 cor
2607 4086 2827 4137 meum,
2863 4072 2919 4126 in
2956 4078 3116 4145 petra
3147 4075 3414 4131 exaltasti
3460 4094 3570 4133 me.
3597 4079 3704 4135 De-

2054 4179 2081 4206 ‹‹
2116 4156 2331 4210 duxisti
2362 4174 2473 4219 me,
2500 4158 2639 4229 quia
2659 4159 2846 4215 factus
2867 4179 2927 4217 es
2951 4180 3083 4236 spes
3107 4181 3253 4225 mea.
3281 4166 3461 4221 turris
3484 4167 3707 4221 fortitu-

2053 4268 2082 4295 ‹‹
2114 4244 2273 4299 dinis
2296 4261 2328 4299 a
2350 4245 3106 4307 facieinimici.lnhabitabo
3126 4253 3182 4305 in
3208 4253 3582 4308 tabernaculo
3604 4260 3705 4310 tuo

2054 4356 2083 4384 α
2116 4333 2174 4388 in
2209 4333 2416 4389 saecula
2438 4352 2450 4401 ;
2474 4340 2743 4408 protegar
2773 4338 2831 4392 in
2847 4341 3176 4395 velamento
3190 4340 3416 4394 alarum
3443 4347 3702 4396 tuarum.

2054 4445 2081 4472 ι(
2114 4421 2399 4486 Quoniam
2447 4427 2531 4487 tu,
2589 4426 2737 4479 Deus
2791 4442 2980 4492 meus,
3030 4426 3316 4482 exaudisti
3376 4428 3699 4484 orationem

2058 4534 2086 4561 ‹‹
2118 4528 2334 4577 meam,
2380 4511 2593 4567 dedisti
2645 4513 3042 4569 hareditatem
3090 4515 3436 4572 timentibus
3494 4534 3705 4575 nomen

2061 4623 2082 4650 ι
2118 4606 2307 4655 tuum.
2344 4599 2476 4655 Dies
2500 4617 2679 4671 super
2698 4601 2822 4655 dies
2844 4603 2997 4673 regis
3057 4603 3317 4673 adjicies,
3370 4623 3555 4663 annos
3578 4610 3707 4680 ejus

2057 4712 2083 4739 κ
2120 4706 2306 4761 usque
2336 4688 2395 4743 in
2428 4690 2581 4744 diem
2614 4690 3011 4762 generationis
3044 4698 3098 4747 et
3125 4695 3537 4765 generationis.
3574 4697 3706 4753 Per-

2060 4801 2081 4827 ι
2121 4783 2315 4833 manet
2342 4778 2399 4833 in
2452 4784 2734 4833 aeternum
2765 4778 2823 4834 in
2856 4788 3172 4853 conspectu
3218 4783 3337 4851 Dei,
3381 4791 3438 4840 et
3478 4785 3705 4840 miseri-

2054 4891 2081 4917 ‹‹
2117 4868 2354 4922 cordam
2376 4868 2743 4922 etveritatem
2772 4869 2900 4939 ejus
2931 4871 3064 4941 quis
3100 4873 3402 4943 requiret?
3426 4874 3521 4928 Sic
3544 4872 3699 4944 psal-

2062 4980 2082 5004 ι
2119 4972 2282 5010 mum
2316 4955 2504 5009 dicam
2540 4956 2765 5011 nomini
2799 4962 2897 5013 tuo
2922 4959 2978 5012 in
3014 4960 3290 5014 saeculum
3324 4960 3550 5028 seaculi;
3577 4962 3706 5015 red-

2058 5068 2085 5095 ‹‹
2118 5046 2253 5100 dam
2285 5049 2420 5098 vota
2449 5061 2581 5099 mea
2614 5045 2684 5100 de
2715 5046 2806 5100 die
2839 5047 2893 5099 in
2932 5048 3106 5102 diem.
3142 5070 3168 5098 ››

2676 5135 2804 5189 ENA
2816 5137 2853 5190 Il
2862 5137 2941 5190 ΗΑ
2954 5135 3075 5191 T10.

2129 5204 2319 5261 Verba
2347 5204 2530 5274 hujus
2559 5204 2773 5275 psalmi
2822 5208 3125 5262 referenda
3174 5213 3312 5263 sunt
3341 5211 3401 5263 in
3429 5208 3619 5277 ﬁnem,
3651 5209 3709 5265 id

2058 5300 2166 5361 est,
2200 5295 2260 5348 in
2291 5292 2459 5347 illum
2487 5292 2585 5364 qui
2610 5293 2744 5348 finis
2776 5300 3016 5363 est,non
3046 5296 3101 5349 in
3134 5296 3494 5352 historialem
3526 5297 3707 5353 David

2060 5382 2433 5439 attribuenda
2455 5381 2567 5452 ipsi
2593 5382 2849 5450 David,id
2872 5388 2979 5453 est,
3006 5384 3374 5456 dignioribus
3392 5386 3706 5442 membris:

2060 5472 2329 5527 habenda
2357 5473 2413 5525 in
2464 5471 2709 5541 hymnis,
2744 5471 2799 5525 id
2834 5477 2922 5527 est
2974 5473 3027 5526 in
3079 5472 3375 5530 laudibus.
3410 5475 3546 5548 Agit
3575 5492 3711 5547 ergo

2062 5559 2385 5616 Ecclesiain
2410 5559 2852 5631 perfectioribus
2876 5562 3157 5617 membris
3173 5564 3394 5636 gratias
3414 5565 3707 5636 Deo,quod

2062 5650 2195 5708 fecit
2224 5666 2322 5707 eos
2353 5650 2501 5708 ﬁnes
2532 5652 2719 5718 terrae,
2754 5651 2907 5722 quod
2940 5652 3001 5709 in
3032 5656 3195 5725 petra
3224 5652 3517 5727 exaltavit,
3552 5655 3709 5728 quod
