4014 6194
387 373 508 444 ‘m
953 377 1255 446 ammon
1299 375 2049 449 ANTISSIODORENSIS
2091 379 2266 450 ore.
2316 371 2540 451 PARS.
2585 377 2633 452 I.
2663 417 2742 438 -—
2767 387 3234 457 EXEGETIGA.
3665 395 3805 462 “ua

371 514 650 581 deduxit,
685 514 835 588 quod
871 515 1266 573 hereditatem
1305 518 1486 572 dabit.
1521 523 1717 574 Potest
1745 518 1919 574 etiam
1952 518 2032 575 le-
2063 524 2117 588 Α
2145 523 2320 592 fames
2356 522 2384 577 ?
2426 539 2499 578 an
2555 524 2822 580 auditas?
2879 544 2953 581 an
3005 526 3356 600 persecutio?
3403 536 3479 584 an
3522 522 3806 602 'giadius?

375 605 447 680 ἐἰ
476 605 537 662 in
561 621 697 662 voce
728 606 955 679 capitis,
989 607 1087 662 sed
1121 623 1224 678 pro
1257 607 1559 664 membris.
2143 609 2318 682 (Rom.
2351 613 2499 684 VIII.)
2539 629 2675 687 ergo
2725 614 3044 672 inhabitabo
3092 618 3153 672 in
3203 617 3564 675 tabernaculo
3594 623 3707 690 tuo,
3747 612 3805 677 id

459 713 697 779 Exaudi,
731 715 892 780 Deus,
947 713 1381 784 deprecationem
1426 732 1625 783 meum,
1659 715 1714 770 id
1766 722 1856 773 est
1903 734 2032 773 om-
2143 712 2251 777 est,
2300 705 2563 767 militabo
2615 711 2674 767 in
2724 711 2980 769 Ecclesia
3027 717 3148 780 tua,
3182 731 3296 771 non
3348 717 3485 774 inde
3540 719 3807 776 dimove-

383 802 605 860 tionem
639 803 846 859 factam
896 820 997 874 pro
1030 804 1281 875 peccatis
1313 804 1478 875 meis,
1512 821 1638 877 quae
1687 805 1945 861 contraxi

2224 815 2250 853 r
2303 816 2363 854 ιη
2417 799 2616 855 secula
2687 817 2872 873 usque
2921 803 3062 858 dum
3094 805 3165 859 ad
3196 805 3577 862 aeternitatem
3607 817 3809 881 perve-

387 893 648 967 quotidie
678 891 956 948 contraho
987 893 1332 949 necessitate
1361 893 1462 948 viae
1488 913 1500 962 ;
1524 893 1610 950 vel
1646 912 1747 967 pro
1781 901 1972 966 peccat

2222 903 2298 942 im
2333 905 2346 942 :
2380 887 2467 943 vel
2499 891 2561 943 in
2605 891 2828 955 saecula,
2862 889 2920 946 id
2966 896 3074 960 est,
3109 909 3210 964 per
3260 895 3459 950 omnia
3499 895 3619 952 haec
3650 902 3807 954 tern-

383 982 941 1048 commembrorum,
975 999 1103 1054 quas
1151 982 1477 1038 infirmiora
1524 987 1663 1038 sunt
1693 1001 1705 1038 :
1741 1001 1868 1055 qua:
1902 1001 2031 1041 mea
2141 993 2282 1048 pora
2313 994 2327 1032 :
2361 977 2562 1032 saeviat
2597 984 2796 1049 aperte
2826 979 2935 1047 leo,
2968 980 3165 1037 saeviat
3216 983 3442 1040 occulte
3472 985 3672 1054 draco,
3712 1005 3810 1042 ve-

382 1076 610 1144 reputo,
639 1071 778 1143 quia
806 1071 862 1125 in
897 1088 1012 1126 uno
1045 1089 1284 1143 corpore
1314 1072 1361 1128 si
1397 1071 1615 1144 patitur
1646 1091 1830 1129 unum
1852 1091 2030 1130 mem-
2139 1064 2302 1120 niant
2333 1067 2822 1137 perturbationes,
2855 1069 3093 1126 veniant
3123 1071 3424 1139 scandala,
3453 1076 3578 1143 Ego
3609 1077 3807 1133 tamen

370 1154 579 1226 brum,
611 1159 1049 1230 compatiuntur
1091 1164 1148 1214 et
1178 1159 1290 1214 alia
1343 1161 1607 1216 membra
1638 1163 1685 1233 (Ι
1731 1163 1859 1219 σον,
1900 1164 2024 1235 xu),
2136 1153 2460 1211 inhabitabo
2490 1157 2548 1211 in
2599 1157 2946 1214 taberna-cuto
2975 1167 3088 1226 tuo,
3120 1159 3180 1214 in
3220 1160 3354 1228 fide,
3388 1177 3492 1234 spe
3521 1168 3579 1218 et
3608 1164 3808 1220 chari-

378 1249 602 1308 Intende
624 1251 866 1304 orationi
893 1264 1051 1312 meae.
1086 1249 1246 1304 iactae
1279 1266 1379 1320 pro
1412 1251 1840 1321 perseverantia
1866 1253 2027 1308 bonae
2136 1246 2272 1298 ῐᾶῐϐ·
2307 1243 2425 1299 Hoc
2455 1249 2650 1300 tamen
2684 1263 2797 1301 non
2829 1263 2937 1318 Ope
2967 1263 3116 1314 mea,
3152 1249 3251 1304 sed
3280 1254 3545 1322 protegar
3584 1253 3659 1309 ab
3691 1253 3805 1310 ini-

375 1337 524 1394 vitze.
557 1337 625 1392 Et
657 1336 860 1392 merito
892 1337 1164 1409 cxaudies
1189 1355 1200 1392 :
1229 1338 1368 1410 quia
1397 1356 1430 1393 α
1461 1339 1663 1408 ﬁnibus
1688 1341 1855 1397 terrae
1879 1341 1950 1396 ad

2223 1329 2304 1387 cis
2339 1349 2352 1387 :
2382 1334 2444 1387 in
2485 1334 2789 1390 velamento
2836 1337 3060 1391 alarum
3107 1339 3352 1407 tuarum,
3385 1341 3621 1412 gemina
3651 1335 3800 1398 cha-

366 1424 612 1482 clamavi
644 1445 662 1481 :
686 1426 814 1481 ideo
848 1427 1151 1482 devotione
1181 1432 1237 1482 et
1267 1444 1437 1499 Opere
1467 1443 1701 1483 omnem
1748 1428 2023 1485 intentio-
2135 1419 2308 1477 ritate
2327 1421 2669 1493 amplectar.
2692 1440 2807 1495 qua
2831 1440 2947 1479 non
2973 1425 3256 1495 εοῙυῐηῑΘ»
3281 1429 3383 1484 88d
3407 1436 3460 1485 el
3480 1427 3800 1489 inimicum

376 1529 512 1571 nem
536 1532 727 1570 meam
750 1516 818 1570 ad
837 1520 891 1570 te
916 1516 1364 1587 promerendum
1384 1516 1565 1571 direxi
1581 1518 1961 1586 aﬁm'busterr.

2210 1509 2379 1582 ligam
2410 1515 2646 1583 propter
2674 1516 2748 1568 te.
2775 1513 2842 1567 Et
2875 1530 3072 1570 revera
3103 1523 3390 1590 prolegar,
3421 1522 3690 1591 quoniam
3713 1530 3795 1594 lu,

373 1605 432 1662 id
455 1608 774 1672 est,omnes
797 1609 1057 1660 terrenas
1082 1605 1663 1678 concupiscentiasin
1680 1623 1770 1662 me
1795 1607 2022 1679 ﬁniens,
2135 1600 2276 1654 Deus
2323 1615 2495 1669 meus.
2529 1617 2702 1671 quem
2751 1601 2943 1658 ΒοῙυῐῐι
2995 1602 3198 1677 diliSO,
3246 1607 3318 1661 ad
3351 1615 3526 1679 quem
3576 1607 3794 1683 clamo,

369 1692 408 1750 ἀ
438 1694 630 1750 medio
661 1698 848 1757 terrae,
882 1693 1082 1765 procul
1116 1711 1206 1749 me
1237 1711 1513 1750 amovens
1548 1714 1560 1750 :
1595 1695 1723 1750 dum
1752 1697 2023 1752 anxiam-
2133 1689 2415 1743 exaudiui
2441 1691 2749 1745 orationem
2797 1707 3004 1757 meum,
3037 1691 3095 1747 id
3147 1698 3237 1749 est
3266 1695 3541 1754 exaudies
3573 1696 3794 1757 factam

369 1790 463 1839 tur
490 1799 582 1838 cor
609 1799 812 1848 meum,
846 1782 901 1837 id
937 1791 1043 1852 est,
1075 1782 1216 1839 dum
1264 1783 1420 1838 nolui
1475 1783 1569 1839 hic
1622 1801 1750 1840 esse
1801 1787 1954 1858 absq‘

2210 1793 2238 1831 o
2270 1778 2700 1848 perseverantia
2738 1797 2750 1835 :
2785 1781 2939 1851 quod
2981 1780 3038 1835 in
3072 1780 3182 1838 hoc
3230 1789 3453 1840 certum
3483 1786 3619 1853 erit,
3653 1790 3795 1861 quia

370 1869 570 1928 labore
590 1877 646 1926 et
666 1870 1010 1927 tentatione.
1043 1870 1170 1926 Scio
1194 1873 1349 1927 enim
1383 1871 1522 1944 quia
1544 1889 1715 1928 nemo
1744 1891 1856 1928 non
1889 1878 2020 1929 ten-
2054 1895 2101 1960 Β
2131 1864 2348 1960 delius“:
2383 1864 2440 1920 id
2485 1870 2597 1960 est.
2634 1866 2799 1960 dabis
2830 1867 2916 1924 V61
2940 1870 3067 1960 .iiim
3114 1870 3322 1928 άϐἀίδεί
3347 1873 3577 1930 Christo
3613 1875 3675 1932 ίῐι
3709 1895 3791 1944 P6.

370 1961 550 2028 tatus,
579 1959 689 2016 sibi
713 1959 1070 2032 estagnitus.
1094 1960 1274 2015 Nemo
1297 1960 1670 2015 coronabitur
1689 1961 1800 2016 nisi
1822 1961 1955 2034 quit

2212 1953 2302 2008 bis
2325 1953 2383 2008 in
2408 1971 2530 2026 spe,
2557 1955 2955 2025 hereditatem,
2980 1956 3038 2012 id
3063 1962 3172 2027 est,
3200 1960 3710 2021 immortalitatem
3735 1959 3791 2024 et

369 2049 514 2105 cerit
543 2047 617 2122 (II
642 2050 773 2103 Tim.
809 2052 908 2118 n);
946 2064 1116 2104 nemo
1149 2048 1331 2104 victor
1359 2049 1469 2104 erit
1495 2048 1606 2104 nisi
1640 2049 1739 2122 qui
1772 2055 2022 2106 certave-
2132 2042 2813 2113 impassibilitatem,non
2829 2046 3234 2117 omnibus,sed
3257 2051 3788 2112 timentibusnomen

367 2137 473 2206 rit;
499 2155 670 2193 nemo
694 2141 887 2192 autem
911 2137 1155 2193 certabit
1177 2137 1286 2192 nisi
1311 2136 1540 2194 hostem
1564 2138 1854 2194 habuerit.
1877 2144 2021 2195 Dum
2131 2135 2309 2201 tuum,
2345 2146 2459 2186 τιοῐι
2491 2131 2683 2188 εοίυω
2715 2137 2790 2199 te,
2823 2134 2927 2189 sed
2957 2136 3136 2191 etiam
3167 2152 3364 2193 ηοηῑεη
3386 2147 3546 2196 illum
3574 2143 3785 2202 timore

366 2227 703 2283 αηπίανείιιν
732 2243 828 2283 εον
844 2244 1046 2294 meum,
1079 2227 1136 2281 id
1169 2230 1276 2295 est,
1307 2228 1448 2282 dum
1472 2228 2020 2300 augereturtimens
2131 2224 2293 2275 casto
2322 2237 2335 2275 :
2369 2220 2594 2277 scilicet
2623 2221 2971 2279 timentibus
3017 2226 3275 2297 separari
3307 2243 3342 2283 a
3367 2231 3444 2295 te,
3483 2231 3585 2302 qui
3619 2249 3683 2288 es
3712 2233 3784 2289 ti-

368 2315 484 2372 nOn
516 2316 708 2372 solam
739 2316 800 2371 in
829 2317 923 2372 his
955 2333 1080 2388 quae
1111 2315 1204 2371 hic
1234 2333 1456 2383 amara,
1489 2316 1588 2373 sed
1622 2316 1797 2372 etiam
1820 2317 1878 2372 in
1902 2317 2020 2373 illis
2129 2324 2278 2377 mOP,
2313 2309 2452 2381 (111ίᾶ
2473 2309 2666 2366 Graece
2698 2306 2839 2378 δέος,
2877 2313 3032 2369 unde
3060 2319 3118 2370 et
3146 2315 3300 2372 Deus
3325 2315 3549 2386 Latine.
3582 2320 3779 2378 timor.

363 2419 497 2487 quae
528 2414 797 2469 videntur
826 2413 1019 2469 dulcia
1055 2431 1066 2468 :
1101 2417 1441 2470 anxiarelur
1488 2414 1637 2486 dico,
1674 2432 1788 2470 non
1820 2419 2019 2471 tamen
2125 2405 2330 2463 Solent
2353 2410 2631 2464 mortales
2657 2407 2762 2463 filii
2794 2411 3044 2466 mortuis
3076 2413 3420 2484 parentibus
3450 2417 3509 2472 in
3541 2417 3785 2478 haeredi-

359 2498 746 2574 ‘guperaretur
778 2520 790 2557 ε
824 2501 953 2558 ideo
1003 2507 1199 2558 autem
1244 2520 1359 2558 non
1403 2503 1752 2571 vinceretur,
1788 2504 1928 2576 quia
1960 2505 2019 2560 in
2126 2499 2306 2551 tatem
2337 2497 2668 2568 succedere,
2700 2498 2801 2554 86d
2833 2498 3089 2556 viventes
3119 2500 3224 2575 ﬁlii
3257 2501 3361 2557 tibi
3392 2501 3606 2562 viventi
3639 2512 3696 2564 οἱ
3726 2509 3780 2565 in

361 2598 518 2664 pelro
540 2592 804 2646 exaltasti
830 2608 933 2661 me,
958 2590 1041 2645 vel
1064 2591 1326 2662 exemplo
1348 2591 1706 2646 humilitatis
1726 2597 1781 2646 et
1801 2592 1946 2662 patie

2188 2591 2411 2640 :ernum
2443 2585 2710 2658 regnanti
2740 2589 3085 2644 succedunt.
3120 2589 3251 2645 Haec
3283 2597 3371 2647 est
3401 2591 3502 2649 illa
3531 2591 3773 2653 hmredi-

365 2678 462 2735 tiae
485 2679 699 2735 Christi
726 2675 854 2734 Filii
886 2679 970 2735 tui
994 2679 1413 2735 coni'ormando
1445 2678 1736 2746 solidasti,
1765 2687 1831 2735 ut
1862 2679 1946 2735 sic

2197 2689 2236 2736 ε,
2269 2672 2490 2729 scilicet
2520 2665 2832 2747 aeternitas,
2865 2694 3042 2750 quam
3073 2678 3192 2735 tuis
3240 2680 3430 2738 dabis.
3463 2683 3593 2741 Dies
3622 2703 3782 2760 super

364 2761 462 2824 ille
492 2771 752 2824 tentatus
785 2773 872 2823 est
903 2771 960 2823 et
993 2784 1224 2838 passus,
1258 2773 1315 2822 et
1345 2784 1458 2822 non
1489 2773 1579 2823 est
1613 2772 1827 2840 motus,
1855 2769 1937 2824 ita

2194 2777 2240 2816 es
2267 2763 2414 2831 regis
2460 2763 2704 2834 adjicies.
2738 2767 2821 2820 Ad
2856 2765 2971 2822 dies
3029 2765 3209 2840 hujus
3259 2769 3422 2844 regni
3465 2769 3779 2842 ﬁniendos,

364 2857 470 2932 ego
500 2856 658 2912 illius
688 2854 934 2928 vestigia
965 2871 1237 2927 sequens.
1267 2856 1537 2911 Exaltasti
1567 2856 1695 2912 dico
1720 2873 1752 2911 a
1782 2856 2016 2913 turbine
2124 2849 2346 2920 adﬁcies
2377 2851 2495 2923 regi
2530 2858 2730 2908 nostro
2759 2854 2874 2910 dies
2904 2857 3149 2912 aeternos
3182 2873 3194 2912 :
3228 2859 3301 2913 ad
3335 2859 3448 2916 dies
3480 2863 3580 2933 qui
3613 2871 3778 2922 nocte

360 2945 542 3018 hujUs
566 2944 896 3017 procellosaa
937 2949 994 2999 et
1017 2961 1356 2999 aerumnosa;
1383 2943 1526 3000 vitae.
1552 2945 1621 3000 Et
1655 2944 1925 3000 exultavit
1954 2945 2014 3002 in
2124 2935 2500 3008 Claudum”,
2553 2941 2795 3011 adjiCies
2847 2943 2972 2999 dies
3019 2945 3119 3017 (ἶυί
3168 2945 3331 3003 "una
3397 2956 3567 3007 Ποοδθ
3627 2952 3781 3011 Clau'

355 3039 557 3110 petra:
582 3034 1083 3105 deduxistimeper
1113 3033 1668 3104 semitamjustitias,
1694 3041 1758 3088 ut
1789 3050 1890 3106 per
1915 3050 2011 3090 eas
2121 3026 2354 3083 dentur.
2411 3029 2527 3083 Etsi
2573 3045 2672 3085 rex
2718 3030 2777 3086 in
2833 3037 3116 3090 aeternum
3166 3037 3449 3109 regnabit.
3499 3043 3558 3095 et
3607 3044 3776 3114 regni

362 3124 434 3181 ad
468 3119 718 3196 patriam
739 3122 1102 3178 redirem.Tu
1127 3121 1581 3194 deduxisti,quia
1601 3123 1719 3178 dux
1739 3123 1798 3178 in
1825 3123 2012 3196 teipso
2121 3116 2249 3185 ejus
2280 3133 2396 3172 non
2429 3118 2538 3173 erit
2567 3118 2724 3184 finis.
2757 3120 2857 3192 qui
2889 3127 3029 3178 sunt
3057 3123 3141 3188 illi
3180 3123 3275 3196 qui
3305 3124 3515 3181 timent
3546 3135 3769 3186 numen

359 3212 526 3287 prius
556 3215 834 3278 tentatus,
860 3211 1027 3284 prius
1049 3212 1359 3284 passus.Et
1381 3211 1438 3267 in
1458 3217 1514 3267 te
1536 3212 1923 3285 duxisti,quia
1944 3217 2006 3268 tu
2041 3261 2082 3287 η
2121 3204 2242 3261 Πϐίο
2276 3205 2346 3261 Et
2375 3207 2517 3278 quia
2548 3206 2747 3263 minus
2794 3209 3027 3266 videtur
3056 3213 3297 3282 dictum,
3341 3214 3472 3281 dies,
3505 3211 3637 3272 ideo
3667 3233 3766 3274 au-

358 3261 454 3359 ;ia
476 3328 490 3371 ;
513 3303 685 3374 juxta
723 3261 917 3357 illudi:
951 3261 1086 3369 Qua-2
1131 3303 1272 3372 cepit
1315 3302 1467 3358 Iesus
1511 3304 1692 3373 facere
1737 3261 2010 3358 eytjdocere
2040 3261 2082 3328 Ο
2122 3299 2220 3367 get
2250 3311 2262 3349 ε
2297 3303 2476 3350 annos
2495 3298 2632 3368 ejuS,
2657 3298 2943 3356 subaudis
2964 3301 3220 3374 adjiciat,
3247 3261 3414 3376 uiquc
3437 3261 3656 3362 {adiam
3681 3311 3771 3380 ge-

359 3393 493 3458 (Act.
528 3391 587 3461 1).
622 3391 740 3445 Hec
771 3389 944 3445 modo
976 3388 1195 3460 docuit,
1227 3406 1328 3461 per
1359 3407 1537 3461 quam
1570 3390 1724 3446 viam
1756 3392 1834 3446 sit
1873 3409 1943 3447 eu

2189 3387 2424 3441 rationis
2448 3394 2502 3441 et
2530 3387 2924 3456 generationis,
2956 3390 3012 3446 id
3063 3395 3180 3462 est,
3212 3401 3404 3466 iisque
3449 3389 3508 3450 in
3538 3383 3774 3469 tempus

358 3477 516 3546 dam,
543 3477 765 3535 scilicet
783 3479 947 3551 prius
969 3478 1300 3534 faciendum
1325 3483 1382 3534 et
1413 3484 1613 3552 postea
1634 3481 1964 3538 docendum
1995 3501 2007 3538 :
2119 3474 2515 3546 generationis
2547 3491 2675 3546 quae
2708 3492 2864 3532 nunc
2895 3481 3001 3546 est,
3035 3483 3093 3535 et
3116 3480 3348 3537 futura.
3373 3482 3484 3539 Sed
3511 3483 3632 3540 sive
3660 3483 3775 3542 dies

360 3567 420 3626 et
439 3570 511 3625 ad
527 3585 589 3625 se
609 3567 791 3633 ducit,
816 3567 955 3642 quia
976 3567 1100 3638 ipse
1121 3567 1308 3640 patria
1329 3572 1437 3624 est.
1466 3569 1647 3624 Nemo
1669 3569 1825 3624 enim
1849 3574 2011 3627 extra
2119 3561 2407 3630 dicantur,
2433 3562 2553 3618 sive
2576 3565 2733 3635 anni,
2760 3565 2958 3622 minus
2989 3566 3210 3624 dicitur
3231 3585 3411 3643 quam
3434 3575 3542 3628 est.
3567 3572 3772 3631 Osten-

355 3643 529 3715 ‘illum
562 3659 633 3714 ad
667 3655 916 3730 patriam
939 3656 1260 3728 perveniet:
1295 3657 1424 3712 ideo
1454 3661 1517 3712 tu
1551 3674 1613 3713 es
1635 3658 1844 3714 ductor
1863 3659 2007 3715 mihi
2119 3650 2205 3706 dit
2233 3667 2360 3723 quas
2391 3651 2592 3708 sitilla
2611 3652 2811 3710 futura
2838 3657 3137 3727 generatio
3171 3674 3184 3713 :
3213 3659 3774 3733 permaneiinaster-

364 3747 630 3806 tendenti
661 3747 733 3801 ad
757 3745 1029 3818 patriam,
1053 3747 1184 3818 quia
1212 3747 1388 3817 factus
1409 3762 1465 3801 es
1482 3763 1600 3818 spes
1626 3763 1768 3802 mea.
1794 3741 2006 3819 Despe-
2116 3743 2252 3794 "um
2281 3742 2342 3794 ίη
2369 3747 2654 3810 Con-Wet“
2682 3744 2782 3799 Πδέ
2810 3742 2946 3800 talis
2993 3749 3051 3800 θῐ
3097 3749 3321 3814 tantus.
3354 3753 3418 3804 ut
3447 3749 3664 3824 dignus
3695 3752 3769 3808 sit

359 3853 549 3892 rarem
577 3835 718 3892 illuc
749 3831 1070 3908 pervenire,
1095 3833 1206 3889 nisi
1233 3838 1297 3889 tu
1331 3834 1685 3906 pracederes
1715 3850 1818 3907 per
1837 3835 2004 3903 dura,
2115 3831 2430 3902 conspectu
2462 3830 2586 3886 Dei.
2619 3835 2689 3887 Et
2715 3833 2858 3905 quia
2885 3837 3087 3890 tantus
3115 3839 3208 3891 est
3236 3852 3335 3893 rex
3363 3835 3485 3906 ille,
3516 3841 3576 3895 et
3605 3839 3765 3913 regni

361 3942 466 3999 per
495 3941 724 3997 aspera,
747 3923 1048 3979 moriendo
1079 3927 1136 3978 et
1165 3923 1525 3994 resurgendo
1559 3939 1571 3976 :
1606 3922 1860 3979 ostendit
1881 3941 2003 3980 mo-
2113 3917 2243 3988 ejus
2273 3934 2388 3974 non
2419 3918 2530 3974 erit
2559 3919 2716 3987 ﬁnis,
2747 3937 2952 3978 omnes
2991 3929 3260 3995 quarunt
3287 3927 3406 3996 ejus
3446 3929 3763 3985 miser-thor-

357 4013 560 4071 riendo
597 4012 879 4079 laborem,
914 4013 1270 4084 resurgendo
1321 4010 1647 4082 praemium.
1699 4013 1835 4068 Duas
1867 4019 2006 4069 sunt
2111 4005 2266 4062 diam
2294 4015 2347 4063 et
2374 4009 2680 4065 veritatem.
2723 4010 2833 4066 Sed
2863 4012 2987 4082 qui:
3018 4016 3107 4068 est
3137 4012 3239 4085 qui
3267 4017 3516 4087 requiret
3541 4019 3764 4074 miseri-

352 4103 482 4159 νίιω
517 4120 530 4159 ε
565 4118 682 4157 una
721 4118 900 4173 quam
949 4100 1258 4168 habemus,
1291 4101 1408 4157 alia
1442 4117 1620 4172 quam
1673 4118 2000 4173 speramus,
2109 4095 2355 4151 cordiam
2383 4098 2522 4169 ejus,
2558 4097 2614 4152 id
2661 4102 2769 4170 est,
2801 4099 3114 4172 diligenter
3160 4103 3438 4176 inquiret,
3471 4104 3553 4160 ita
3580 4112 3646 4161 ut
3677 4107 3766 4163 in-

353 4189 588 4251 Nullam
611 4189 774 4264 prius
805 4188 1104 4259 scivimus,
1134 4188 1247 4244 nisi
1267 4189 1414 4244 hanc
1442 4191 1749 4246 mortalem
1775 4195 1831 4246 et
1850 4196 2002 4248 tran-
2107 4183 2303 4241 Veniat
2329 4187 2790 4257 miscricordiam,
2824 4205 3003 4260 quam
3037 4205 3154 4246 non
3176 4192 3505 4250 considerat
3535 4195 3762 4262 merita,

351 4280 616 4338 eitoriam
642 4300 656 4350 ;
691 4296 796 4336 nec
814 4277 1143 4334 desiderare
1174 4276 1288 4332 nisi
1309 4277 1429 4334 haec
1449 4279 1798 4351 temporalia
1818 4282 1996 4338 bona:
2109 4279 2210 4338 sed
2245 4283 2423 4340 donat
2451 4290 2688 4357 peccata
2720 4302 2732 4341 :
2768 4288 3076 4360 veritatem,
3109 4295 3226 4361 qua
3254 4291 3537 4349 veraciter
3565 4297 3622 4349 et
3654 4294 3763 4351 im-

375 4378 453 4436 lle
485 4379 634 4434 duas
663 4377 812 4432 vitas
844 4391 972 4432 esse
1000 4375 1218 4442 docuit,
1252 4391 1430 4430 unam
1481 4375 1720 4446 laboris,
1756 4377 1999 4436 alteram
2109 4375 2330 4428 mutate
2361 4372 2532 4428 solvit
2552 4373 2882 4444 promissa;
2918 4376 3167 4449 quisille
3188 4379 3298 4434 erit
3326 4380 3425 4452 qui
3452 4379 3765 4454 diligenter

351 4467 576 4542 prmmii
604 4485 618 4535 ;
653 4482 833 4521 unam
865 4464 1152 4520 habemus
1176 4464 1235 4519 in
1262 4481 1342 4533 re,
1377 4463 1619 4521 alteram
1648 4466 1707 4522 in
1739 4484 1860 4539 spe.
1887 4469 1997 4525 To-
2107 4465 2326 4532 quaeret
2353 4461 2475 4518 hinc
2497 4461 2525 4517 ?
2549 4463 2654 4527 Qui
2690 4464 3156 4522 miscricordiam
3189 4467 3765 4542 facitindigenti,ve‘-

373 4571 605 4613 aremus
636 4570 772 4626 ergo
804 4553 963 4609 illam
989 4554 1045 4608 in
1069 4571 1186 4626 qua
1209 4569 1438 4625 sumus,
1463 4555 1725 4628 exemplo
1749 4555 2000 4625 illius,ut
2106 4551 2338 4605 ritatem
2365 4551 2616 4608 servabit
2643 4552 2702 4607 in
2737 4553 3185 4626 promissiszvel
3215 4556 3275 4612 in
3307 4555 3617 4631 preceptis
3653 4559 3756 4617 Dei

349 4643 589 4699 tandem
620 4642 1029 4714 perveniamus
1059 4644 1131 4700 ad
1163 4643 1324 4701 illam
1357 4660 1532 4715 quam
1580 4660 1914 4715 speremus;
1942 4650 1999 4702 et
2027 4635 2074 4700 D
2106 4638 2434 4696 ambulabit
2461 4657 2588 4713 qua:
2617 4658 2751 4697 vera
2783 4647 2940 4698 sunt.
2959 4642 3127 4700 Multi
3156 4643 3313 4702 enim
3337 4647 3610 4718 quarunt
3630 4649 3759 4720 ejus

351 4749 469 4788 non
512 4730 704 4788 solum
750 4749 906 4805 spes,
936 4734 1035 4789 sed
1081 4739 1139 4789 et
1177 4735 1350 4790 turris
1399 4733 1764 4804 fortitudinis,
1798 4734 1854 4790 id
1886 4740 1994 4804 est,
2107 4727 2580 4785 misericordiam
2629 4731 2884 4804 scriptis,
2917 4749 3034 4789 non
3085 4733 3253 4790 factis
3283 4751 3296 4790 :
3329 4740 3396 4790 ut
3441 4734 3635 4794 sciant
3682 4730 3758 4794 ad

349 4822 523 4878 firma
548 4820 819 4890 munitio,
851 4839 889 4877 a
911 4823 1076 4891 faeie,
1108 4821 1167 4878 id
1197 4826 1305 4888 est,
1333 4840 1366 4877 a
1396 4826 1615 4877 terrore
1641 4826 1698 4878 et
1726 4839 1997 4894 persecu-
2105 4815 2334 4873 illorum
2366 4819 2842 4891 temporalemon
2874 4825 2942 4877 ut
2960 4821 3216 4892 faciant;
3249 4823 3396 4880 tales
3420 4841 3540 4881 non
3565 4827 3758 4898 requi-

347 4911 507 4967 tione
534 4912 778 4982 inimici,
805 4915 870 4966 ut
898 4928 1014 4966 non
1047 4910 1254 4967 laedere
1282 4909 1527 4984 possint.
1560 4910 1679 4967 Hoc
1709 4912 1880 4970 modo
1909 4917 2000 4968 est
2107 4911 2266 4975 runt.
2297 4907 2357 4964 id
2396 4911 2504 4979 est,
2541 4925 2658 4965 non
2709 4907 3023 4983 diligenter
3049 4916 3107 4968 6t
3152 4916 3217 4968 ut
3247 4915 3565 4985 quaerenda
3595 4917 3755 4983 sunt.

348 4999 476 5073 ipse
498 4999 668 5056 firma
698 5002 899 5056 turris.
925 5000 1232 5056 Patiuntur
1259 5000 1498 5072 quidem
1529 5005 1815 5074 martyres
1838 5001 1998 5061 Chri-
2107 5001 2377 5070 quarunt
2407 5013 2419 5053 ε
2451 4996 2583 5054 ideo
2629 5014 2736 5054 nec
2791 4999 3116 5056 inveniunt.
3161 5001 3278 5058 Nec
3335 5001 3647 5076 requirunt
3691 5013 3761 5060 ea

349 5089 451 5156 sti,
475 5089 575 5146 sed
600 5106 717 5145 non
740 5089 1021 5144 deficiunt
1039 5087 1098 5143 in
1126 5088 1610 5161 certamine,quia
1630 5090 1851 5146 intrant
1867 5108 1996 5147 mu-
2106 5086 2432 5142 secundum
2455 5088 2775 5157 quamdam
2807 5083 3432 5165 translationem,quia
3459 5101 3582 5149 non
3605 5099 3761 5167 qut

346 5178 1057 5251 nitamturrim.Cogitant
1078 5177 1372 5250 quomodo
1397 5179 1888 5234 Dominuseorum
1903 5179 1996 5236 hic
2106 5178 2244 5229 runt
2271 5175 2344 5230 ad
2393 5173 2673 5232 honorem
2704 5175 2827 5242 Dei,
2861 5177 2962 5234 sed
3010 5180 3081 5234 ad
3132 5193 3310 5236 suum
3351 5182 3753 5239 commcdum.

344 5271 601 5326 tentatus
628 5267 724 5336 sit,
757 5285 990 5341 passus,
1025 5272 1312 5334 mortuus,
1329 5271 1386 5323 et
1413 5269 1649 5324 tandem
1683 5271 1997 5325 resurrexit
2107 5272 2282 5339 Quasi
2313 5271 2468 5328 dicat
2500 5290 2513 5329 :
2546 5273 2662 5346 Ego
2711 5273 2830 5330 dixi
2863 5291 2876 5331 :
2910 5275 3036 5348 quis
3065 5279 3332 5351 requiret,
3362 5275 3463 5335 ille
3509 5277 3758 5351 scilicet,

345 5359 406 5414 in
439 5357 646 5431 gloria,
672 5363 730 5413 et
777 5374 956 5429 quare
986 5359 1108 5415 hinc
1157 5356 1357 5413 omnia
1395 5355 1636 5428 pertulit
1669 5374 1681 5412 :
1715 5362 1771 5413 et
1816 5357 1995 5414 talem
2105 5361 2205 5434 qui
2231 5363 2508 5434 psalmum
2537 5361 2691 5419 dicet
2718 5364 2936 5421 nomini
2962 5374 3080 5435 tuo,
3114 5365 3173 5422 id
3206 5372 3315 5436 est,
3351 5366 3454 5440 qui
3501 5367 3670 5436 sciet,
3701 5371 3760 5424 et

342 5449 522 5504 ﬁnem
545 5447 856 5520 sperando,
883 5464 997 5503 non
1022 5447 1338 5503 vincuntur
1359 5445 1496 5501 ullis
1517 5447 1866 5513 terroribus,
1891 5463 1997 5503 nec
2105 5451 2261 5523 quod
2285 5451 2446 5519 sciet,
2468 5452 2616 5508 bene
2638 5453 2977 5525 operabitur
3005 5455 3078 5510 ad
3101 5451 3232 5522 hoc,
3256 5461 3320 5513 ut
3349 5472 3566 5513 nomen
3582 5463 3754 5513 tuum

343 5554 444 5595 eos
465 5541 718 5610 possunt
737 5536 945 5593 laedere
968 5536 1166 5607 jacula
1196 5535 1593 5603 inimicorum,
1627 5535 1746 5592 imo
1777 5535 1997 5594 habent
2103 5539 2240 5595 inde
2258 5540 2636 5613 glorificatur,
2668 5557 2786 5598 non
2817 5558 3016 5600 suum.
3042 5543 3132 5600 Sic
3162 5542 3460 5618 psalmum
3493 5545 3756 5615 dicet,u‘t

343 5627 502 5683 unde
530 5624 724 5697 iacula
757 5625 814 5680 in
848 5641 947 5682 eos
979 5630 1277 5698 spargant.
1301 5623 1370 5681 Et
1399 5625 1537 5697 quia
1565 5631 1628 5680 tu
1660 5625 1804 5681 mihi
1835 5643 1991 5699 spes,
2103 5629 2330 5697 reddat,
2359 5639 2482 5688 vota
2510 5647 2638 5698 sua,
2670 5630 2729 5688 id
2761 5635 2870 5704 est,
2903 5633 3168 5706 seipsum
3218 5629 3395 5710 quem
3425 5631 3546 5693 Deo
3573 5627 3757 5706 vovit,

344 5717 410 5774 tu
440 5713 641 5778 turris,
675 5713 808 5780 Quis
848 5729 930 5770 me
952 5715 1223 5787 separabit
1250 5731 1284 5768 a
1328 5715 1595 5769 charitate
1644 5713 1892 5772 Christi?
1919 5728 1992 5772 an
2101 5717 2168 5778 de
2194 5719 2288 5776 die
2316 5721 2376 5776 in
2404 5720 2567 5790 diem,
2600 5719 2660 5777 id
2690 5723 2798 5794 est,
2832 5721 2904 5779 de
2934 5721 3046 5780 hac
3073 5723 3194 5782 vita
3221 5722 3469 5783 tendens
3500 5724 3560 5781 in
3594 5719 3763 5781 futu-
