4014 6194
302 305 424 383 iis

1404 306 2009 377 ENARRATIONES
2056 308 2132 368 lN
2182 301 2567 370 PSALMOS.

3594 315 3714 377 450

300 436 448 492 ram.
482 437 658 502 Quasi
689 439 879 498 dicat:
942 438 1233 515 Quidquid
1295 441 1393 499 alii
1440 443 1679 512 faciant,
1727 458 1833 516 ego
1863 445 1945 500 sic
1973 450 2026 516 Α
2058 458 2171 496 non
2198 441 2414 496 utinde
2438 440 2739 514 superbiat
2768 440 2909 495 dum
2945 455 3006 495 se
3028 440 3287 495 ostendit
3318 440 3401 497 sic
3424 458 3557 497 esse
3590 443 3707 500 ela-

292 528 578 597 psalmum
616 528 816 586 dicam.
851 530 1067 587 Aliter:
1105 532 1321 587 Dedisti
1351 534 1727 589 haereditate";
1750 536 1949 588 timen-

300 617 448 672 tibus
476 633 673 673 nomen
717 622 894 689 tuum,
926 620 984 676 id
1017 627 1125 691 est,
1181 622 1661 695 praedicatoribus
1708 622 1828 678 tuis
1858 623 1951 677 de-

302 705 439 761 disti
474 706 735 764 ﬁdelium
756 709 1215 778 multitudinem,
1242 728 1419 784 quam
1444 711 1701 767 colerent
1720 729 1952 767 vomere

298 796 574 851 doctrinae
600 814 612 852 :
638 797 792 853 hanc
813 799 1037 856 scilicet
1066 802 1451 856 ha'reditatem
1476 818 1487 856 :
1512 802 1635 856 Dies
1655 817 1818 872 super
1838 800 1953 855 dies

298 887 449 955 regis
479 885 724 958 adﬁcies,
755 887 811 943 id
846 893 951 957 est,
986 889 1057 944 ad
1091 891 1477 961 praecedentes
1510 889 1709 945 ﬁdeles
1738 889 1951 945 Christi

298 973 489 1030 claros
508 973 637 1030 luce
661 976 999 1040 ﬁdei,addes
1022 977 1168 1033 alios
1196 978 1398 1033 ﬁdeles
1414 976 1777 1033 illuminatos
1792 978 1949 1033 verbi

300 1062 458 1119 ﬁdei.
494 1066 610 1136 Ego
639 1064 757 1119 dixi
795 1065 931 1136 dies,
965 1066 1082 1122 imo
1132 1084 1307 1122 annos
1352 1069 1489 1139 ejus,
1520 1067 1575 1121 id
1609 1072 1718 1133 est,
1752 1065 1950 1121 multi-

298 1152 569 1209 tudinem
597 1158 654 1209 et
681 1171 1049 1211 successores
1079 1158 1227 1227 ejus.
1260 1157 1494 1229 Adjicies
1523 1172 1695 1228 usque
1720 1158 1778 1211 in
1808 1156 1953 1211 diem

298 1244 677 1312 generationis
707 1245 1170 1316 generationum,
1220 1245 1279 1309 id
1312 1250 1419 1312 est,
1454 1262 1685 1316 semper
1733 1248 1953 1300 crescet

302 1347 588 1387 numerus
618 1331 882 1386 ﬁdelium
902 1334 1146 1404 usquein
1169 1334 1402 1409 diem,id
1436 1339 1771 1406 esttempus
1791 1332 1951 1388 illius

301 1422 717 1492 generationis,
752 1438 880 1493 quae
910 1427 998 1477 est
1027 1422 1325 1495 generatio
1357 1424 1953 1495 generetionumﬂez

303 1498 500 1564 autem
527 1508 722 1582 quid?
768 1511 1064 1565 Permanet
1094 1510 1153 1565 in
1202 1511 1343 1577 illis,
1398 1511 1452 1566 id
1489 1516 1597 1583 est,
1630 1516 1838 1584 regnat
1893 1511 1951 1566 in

300 1598 387 1654 eis
416 1600 475 1652 in
502 1602 776 1655 aeternum
826 1616 884 1655 ιη
911 1608 1194 1669 conspectu
1241 1603 1362 1666 Dei,
1425 1601 1481 1656 id
1514 1606 1621 1669 est,
1656 1600 1715 1655 in
1768 1599 1953 1673 gloria

299 1686 401 1743 Dei
432 1687 640 1743 Patris.
693 1687 841 1761 Ergo
871 1692 997 1761 quis
1048 1693 1300 1761 requiret
1329 1690 1445 1762 ejus
1494 1689 1951 1759 misericordiam,

300 1782 363 1831 ut
395 1782 599 1855 postea
626 1778 929 1834 veritatem
958 1778 1233 1849 inveniat,
1265 1785 1329 1834 ut
1368 1779 1465 1834 ubi
1501 1798 1598 1835 rex
1628 1784 1737 1847 est,
1766 1779 1880 1833 illic
1899 1784 1954 1834 et

302 1867 573 1923 minister
600 1868 728 1937 ejus
759 1866 878 1923 sit?
908 1869 1125 1925 Cmtera
1159 1872 1223 1923 ut
1254 1885 1450 1941 supra.

870 1974 1189 2030 PSALMUS
1232 1975 1366 2030 LXI.

515 2080 572 2118 ΙΝ
613 2079 790 2118 FINEM
828 2080 938 2119 PRO
977 2080 1212 2119 IDITHUN
1250 2081 1512 2119 PSALMUS
1544 2080 1734 2120 DAVID.

376 2172 403 2199 ‹‹
436 2150 639 2209 Nonne
678 2152 795 2207 Deo
827 2152 1089 2224 subjecta
1126 2153 1237 2209 erit
1283 2152 1483 2209 anima
1516 2170 1680 2209 mea:
1718 2152 1791 2207 ab
1824 2153 1952 2224 ipso

309 2258 337 2287 ιι
368 2238 525 2294 enim
559 2239 816 2315 salutare
850 2256 1070 2296 meum.
1095 2240 1240 2296 Nam
1272 2246 1329 2297 et
1351 2241 1476 2311 ipse
1507 2241 1662 2296 Deus
1695 2246 1954 2307 meus,et

304 2347 336 2376 ‹‹
359 2327 634 2382 salutaris
648 2343 834 2394 meus,
859 2333 1166 2401 susceptor
1187 2346 1373 2395 meus,
1393 2346 1509 2384 non
1543 2331 1816 2385 movebor
1836 2346 1955 2386 am-

300 2436 331 2463 «
364 2414 544 2495 plius.
574 2416 697 2481 Quo
731 2417 1159 2488 usqueirruitis
1193 2419 1250 2472 in
1273 2418 1604 2474 hominem?
1625 2418 1952 2473 interﬁcitis

298 2526 329 2553 «
364 2504 619 2559 universi
652 2521 773 2576 vos,
807 2510 1089 2577 tanquam
1124 2507 1331 2578 parieti
1360 2507 1639 2563 inclinato
1680 2512 1738 2562 et
1759 2524 1950 2563 mace-

297 2614 329 2641 ‹‹
364 2592 460 2647 riae
483 2592 764 2664 depulsaa.
802 2592 1218 2650 Verumtamen
1240 2596 1490 2666 pretium
1510 2613 1706 2651 meum
1729 2597 1947 2668 cogita-

299 2704 329 2731 ι(
359 2684 567 2736 verunt
595 2680 897 2753 repellere,
950 2683 1181 2737 cucurri
1216 2683 1272 2737 in
1306 2683 1441 2737 siti:
1497 2700 1593 2739 ore
1626 2700 1731 2738 suo
1779 2685 1951 2739 bene-

298 2792 329 2819 «
360 2770 712 2837 dicebant,et
741 2770 914 2826 corde
944 2787 1049 2826 suo
1074 2770 1946 2828 maledicebant.Verumtamen

304 2881 332 2908 ‹‹
365 2860 476 2915 Deo
508 2859 772 2930 subjecta
800 2864 946 2926 esto,
981 2859 1178 2915 anima
1210 2877 1356 2928 mea,
1403 2861 1681 2933 quoniam
1716 2861 1787 2918 ab
1818 2861 1947 2934 ipso

304 2970 333 2998 ι(
366 2948 646 3021 patientia
676 2964 822 3003 mea.
875 2948 1018 3015 Quia
1052 2949 1178 3020 ipse
1207 2949 1360 3004 Deus
1392 2966 1558 3005 meus
1588 2956 1644 3005 et
1696 2949 1950 3005 salvator

306 3061 333 3088 ‹‹
356 3054 542 3108 meus,
575 3037 808 3109 adjutor
830 3054 1015 3104 meus,
1050 3055 1165 3093 non
1195 3038 1514 3110 emigrabo.
1551 3040 1611 3093 In
1647 3044 1755 3094 Deo
1788 3038 1945 3095 salu-

304 3149 332 3175 ‹‹
366 3130 489 3180 tare
518 3142 737 3190 meum,
771 3129 829 3181 et
875 3126 1062 3198 gloria
1090 3144 1257 3182 mea:
1314 3130 1462 3183 Deus
1492 3128 1693 3183 anxilii
1726 3130 1857 3194 mei,
1891 3132 1948 3183 et

306 3238 331 3264 ‹‹
367 3230 503 3287 spes
535 3231 664 3270 mea
688 3215 745 3269 in
777 3215 891 3270 Deo
924 3220 1031 3271 est.
1077 3219 1314 3286 Sperate
1348 3215 1408 3270 in
1442 3233 1529 3283 eo,
1585 3217 1777 3271 omnis
1809 3234 1944 3272 con-

306 3327 333 3352 ‹‹
368 3302 627 3377 gregatio
672 3302 893 3377 populi,
926 3303 1208 3359 effundite
1256 3320 1452 3360 coram
1486 3305 1583 3359 illo
1632 3306 1807 3360 corda
1861 3322 1952 3360 ve-

305 3416 331 3441 ‹‹
367 3397 505 3462 stra,
542 3398 689 3449 Deus
721 3393 955 3465 adjutor
1013 3397 1210 3447 noster
1240 3392 1297 3446 in
1347 3398 1650 3447 aeternum.
1707 3396 1950 3447 Verum-

302 3506 328 3531 ‹‹
362 3486 559 3537 tamen
572 3482 701 3537 veni
722 3481 825 3536 ﬁlii
846 3481 1497 3548 bominum,mendaces
1520 3481 1621 3535 ﬁlii
1646 3481 1951 3536 hominum

300 3593 327 3619 ‹‹
349 3570 411 3625 in
440 3570 692 3636 steteris,
711 3576 776 3625 ut
793 3571 1086 3642 decipiant
1105 3570 1213 3642 ipsi
1230 3570 1299 3624 de
1316 3570 1566 3624 vanitate
1586 3570 1644 3624 in
1669 3570 1949 3643 idipsum.

304 3682 323 3706 ι
359 3658 549 3714 Nolite
598 3676 832 3731 sperare
864 3659 921 3714 in
982 3658 1311 3731 iniquitate,
1373 3664 1429 3714 et
1482 3659 1716 3731 rapinas
1776 3656 1951 3714 nolite

300 3770 326 3796 α
360 3750 811 3821 concupiscere:
874 3748 1085 3803 divitia:
1120 3748 1169 3804 si
1221 3748 1486 3815 afﬂuant,
1522 3749 1699 3803 nolite
1732 3765 1828 3803 cor
1856 3765 1953 3821 ap-

297 3859 323 3884 ‹‹
360 3853 596 3908 ponere.
628 3839 817 3892 Semel
849 3838 1082 3893 locutus
1115 3843 1203 3894 est
1232 3838 1408 3903 Deus,
1441 3838 1554 3892 duo
1579 3839 1697 3893 haec
1730 3838 1946 3903 audivi,

296 3949 323 3975 ‹‹
358 3928 498 3998 quia
531 3931 789 3999 potestas
816 3927 910 3983 Dei
942 3932 1051 3995 est,
1081 3933 1137 3982 et
1170 3927 1295 3994 tibi,
1323 3926 1585 3993 Domine,
1620 3926 1946 3985 misericor-

298 4038 323 4063 ι(
360 4014 481 4084 dia,
515 4016 653 4088 quia
674 4021 735 4071 tu
770 4016 965 4072 reddis
988 4016 1307 4088 unicuique
1329 4017 1498 4087 juxta
1520 4033 1694 4089 opera
1726 4034 1851 4072 sua.

942 4122 1336 4180 ENARRATIO.

368 4214 500 4267 Hac
532 4227 661 4285 qua:
691 4216 949 4283 aguntur
979 4212 1038 4267 in
1069 4211 1179 4267 hoc
1208 4210 1479 4283 psalmo,
1520 4212 1855 4266 referuntur
1885 4213 1963 4267 in.

295 4300 485 4372 ﬁnem,
517 4301 573 4356 id
606 4306 714 4372 est,
738 4301 797 4356 in
829 4301 1150 4368 Christum,
1176 4305 1233 4355 et
1262 4301 1617 4377 estpsalmus
1638 4300 1751 4372 ipsi
1775 4301 1967 4377 David»

296 4391 735 4457 attribuendus,
768 4391 826 4446 id
859 4396 968 4459 est,
1001 4374 1371 4462 dignioribus
1404 4389 1684 4445 membris
1714 4406 1813 4457 pro
1842 4390 1948 4446 Idi-

294 4480 460 4546 thun,
482 4479 539 4533 id
570 4480 745 4549 est,in
780 4496 1029 4551 persona
1054 4478 1332 4534 Idithum.
1368 4478 1625 4533 Idithum
1659 4478 1941 4551 interpre-

2062 536 2207 595 tum,
2239 536 2303 584 ut
2351 535 2547 585 tamen
2598 533 2709 586 sub
2759 530 3006 597 Domino
3038 530 3152 586 Deo
3203 546 3309 585 suo
3343 530 3439 597 sit,
3487 532 3587 586 sed
3645 538 3710 588 ut

2061 619 2207 674 alios
2237 619 2578 673 ascenderet
2612 621 2893 675 hortetur.
2948 614 3243 675 Transivit
3274 624 3471 674 autem
3504 636 3709 676 omnes

2061 707 2266 763 mundi
2297 712 2607 777 amatores,
2642 714 3025 763 contemnens
3047 708 3473 781 omniumquos
3496 709 3713 764 transi-

2060 797 2188 851 livit
2218 797 2659 867 impedimenta,
2694 797 2915 852 scilicet
2946 797 3354 853 haereticorum
3389 797 3712 854 blanditias

2061 891 2117 942 et
2131 886 2500 956 deceptiones
2519 885 2731 939 l'alsoru
2746 903 2798 940 m
2822 886 2899 941 Ch
2912 887 3222 943 ristianoru
3235 905 3287 942 m
3305 886 3713 944 insultationes

2061 980 2118 1031 et
2149 974 2414 1037 insidias,
2446 973 2769 1028 inﬁdelium
2802 982 3035 1046 apertas
3060 978 3531 1047 persecutiones:
3565 993 3713 1048 quos

2063 1064 2146 1118 sic
2180 1062 2515 1134 alloquitur,
2551 1062 2717 1134 quasi
2753 1064 2990 1119 dicens:
3028 1064 3099 1119 Ut
3128 1066 3268 1135 quid
3304 1066 3447 1119 mihi
3482 1064 3710 1121 blandi-

2061 1152 2173 1207 tias
2206 1152 2509 1206 intenditis
2535 1152 2561 1205 ?
2593 1168 2695 1205 cur
2721 1151 3017 1206 insultatis
3046 1152 3073 1206 ‘?
3104 1169 3209 1207 cur
3241 1154 3431 1209 minas
3454 1155 3714 1212 infertis?

2062 1258 2166 1296 cur
2196 1246 2442 1295 mortem
2476 1240 2737 1311 paratis?
2768 1240 3045 1311 Nunquid
3078 1258 3170 1295 me
3201 1242 3477 1299 devorare
3508 1249 3564 1299 et
3604 1245 3715 1300 iter

2062 1347 2260 1386 meum
2293 1330 2578 1401 impedire
2617 1329 2884 1400 putatis?
2932 1330 3218 1402 quidquid
3271 1332 3713 1403 machinemini,

2061 1418 2349 1491 quidquid
2380 1419 2436 1472 in
2472 1435 2565 1473 me
2598 1418 2939 1491 Operemini.

2132 1526 2321 1582 Nonne
2346 1526 2452 1581 Deo
2490 1526 2733 1596 subjecta
2762 1527 2870 1579 erit
2921 1528 3125 1581 anima
3153 1528 3313 1583 mea?
3356 1528 3425 1582 Et
3457 1527 3538 1583 illi
3571 1531 3711 1585 sub-

2054 1616 2232 1686 jecta,
2268 1615 2533 1686 nunquid
2565 1631 2769 1669 casum
2791 1614 3714 1679 timet?Minime.Quantumcun-

2063 1720 2176 1775 que
2205 1703 2361 1759 enim
2393 1705 2730 1773 ascendam,
2767 1721 2881 1758 non
2930 1705 3105 1759 timeo
3137 1705 3391 1777 lapsum,
3426 1706 3568 1763 dum
3600 1708 3711 1762 sub

1985 1824 2030 1887 Β
2063 1792 2160 1848 illo
2188 1792 2298 1848 sim
2325 1793 3426 1864 positus.Securustranscendam,dum
3448 1796 3517 1849 ad
3545 1795 3712 1853 illum

2064 1883 2473 1938 conscendam.
2511 1883 2726 1939 Revera
2745 1882 3071 1954 illisemper
3100 1885 3363 1954 subjecta
3384 1884 3493 1939 erit
3513 1885 3715 1941 anima

2064 1971 2484 2042 mea,quiasibi
2520 1972 3092 2041 mundumsubjecit.
3128 1972 3249 2027 Non
3266 1974 3423 2027 enim
3446 1974 3714 2044 sesubjeo

2063 2060 2141 2114 cit
2176 2062 2305 2129 Deo,
2332 2061 2430 2131 qui
2464 2060 3063 2129 subjacetmundo.Et
3095 2062 3300 2116 merito
3322 2067 3433 2118 Deo
3448 2064 3715 2135 subjecta

2063 2148 2191 2215 erit,
2226 2165 2361 2203 nam
2393 2150 2459 2203 ab
2516 2151 2638 2219 ipso
2669 2151 2911 2205 salutare
2958 2166 3158 2216 meum,
3212 2151 3267 2205 id
3300 2156 3389 2206 est
3448 2151 3713 2207 Christus

2064 2237 2351 2292 Dominus
2382 2239 2439 2292 in
2472 2254 2587 2309 quo
2619 2243 2707 2293 est
2737 2238 2896 2293 salus
2928 2256 3077 2307 mea,
3114 2240 3172 2293 in
3205 2257 3319 2311 quo
3354 2240 3598 2295 salutari
3626 2243 3716 2296 est

2066 2325 2211 2381 mihi
2238 2325 2575 2399 exemplum
2608 2328 2922 2399 patientiae.
2984 2330 3051 2382 Et
3102 2344 3299 2383 revera
3328 2329 3455 2401 ipse
3489 2328 3716 2385 salvare

2066 2419 2274 2486 potest,
2311 2415 2449 2486 quia
2480 2431 2614 2469 cum
2650 2416 2727 2471 sit
2776 2416 2970 2482 homo,
3003 2432 3119 2471 non
3151 2423 3241 2471 est
3290 2418 3483 2473 solum
3514 2417 3711 2473 homo.

2064 2504 2246 2559 Homo
2278 2504 2435 2559 enim
2467 2509 2658 2575 potest
2688 2505 2799 2559 sibi
2832 2506 3057 2560 homini
3089 2522 3215 2561 esse
3249 2506 3571 2573 damnatio,
3599 2523 3712 2561 non

2062 2597 2255 2647 autem
2283 2598 2471 2665 potest
2502 2594 2613 2648 sibi
2637 2594 3002 2649 hominiesse
3026 2594 3284 2650 salvatio.
3309 2595 3454 2649 Nam
3479 2600 3535 2650 et
3566 2596 3711 2667 ipse,

2061 2687 2123 2736 ut
2152 2683 2321 2737 Pater
2380 2683 2481 2753 qui
2515 2683 2676 2737 misit
2713 2682 2902 2751 illum,
2935 2688 3024 2737 est
3078 2685 3220 2738 Deus
3252 2700 3421 2740 meus.
3468 2685 3536 2739 Et
3574 2684 3713 2755 quia

2064 2771 2231 2841 Deus,
2270 2771 2398 2827 ideo
2449 2777 2501 2826 et
2529 2772 2805 2827 salutaris
2836 2789 3008 2827 meus.
3059 2772 3177 2828 Hoc
3211 2774 3382 2828 modo
3439 2779 3528 2829 est
3558 2773 3711 2828 Deus

2060 2860 2394 2931 meus,quia
2410 2866 2786 2933 estsusceptor
2798 2878 2985 2917 causa
3011 2879 3152 2917 meas
3168 2864 3237 2916 ad
3254 2863 3709 2917 defendendum.

2057 2958 2125 3011 Et
2156 2958 2285 3013 ideo
2308 2975 2415 3014 non
2436 2960 2686 3015 movebor
2716 2977 2749 3014 a
2796 2960 2911 3015 Deo
2962 2976 3088 3015 meo
3118 2961 3376 3032 amplius.
3410 2960 3587 3015 Movit
3619 2976 3711 3014 me

2057 3047 2220 3116 prius
2254 3064 2462 3103 manus
2483 3049 2975 3120 peccatoris,cum
3009 3050 3199 3104 subeo
3226 3066 3355 3106 esse
3373 3049 3709 3118 nolui,dum

2060 3151 2150 3189 me
2183 3136 2239 3188 in
2256 3138 2590 3207 superbiam
2616 3137 2907 3193 erexi.Sed
2928 3155 3081 3192 nunc
3112 3139 3221 3193 sub
3242 3138 3337 3194 illo
3351 3139 3577 3210 positus
3592 3155 3709 3194 non

2060 3223 2279 3279 timebo
2313 3224 2565 3299 lapsum.
2601 3227 2765 3289 Quod
2796 3227 2958 3292 alibi,
2982 3232 3101 3283 Non
3124 3229 3309 3282 veniat
3330 3229 3475 3282 mihi
3501 3244 3592 3298 pes
3610 3244 3709 3283 su-

2057 3311 2263 3381 perbae
2294 3313 2462 3379 (Psal.
2495 3316 2660 3383 xxxv)
2687 3332 2698 3368 :
2734 3314 2842 3369 hoc
2871 3315 3063 3381 modo,
3110 3314 3298 3369 Nonne
3336 3317 3438 3369 Deo
3468 3316 3711 3384 subjecta

2060 3399 2166 3452 erit
2188 3400 2377 3454 anima
2406 3416 2557 3455 mea.
2592 3401 2753 3463 Quod
2788 3402 2888 3468 ibi,
2925 3404 2988 3457 Et
3018 3418 3221 3457 manus
3274 3406 3571 3473 peccatoris
3598 3418 3708 3457 non

2061 3491 2273 3541 moveat
2336 3504 2420 3542 me
2474 3488 2655 3559 (Ibid)
2714 3490 2828 3557 hic,
2888 3507 2999 3546 non
3046 3491 3296 3546 movebar
3341 3492 3603 3563 amplius.
3638 3495 3707 3547 Et

2062 3574 2199 3647 quia
2224 3573 2337 3630 Deo
2369 3575 2919 3632 immittituranima
2944 3584 3154 3649 mea,et
3174 3578 3431 3651 amplius
3459 3597 3568 3637 non
3590 3597 3707 3639 m0-

2060 3663 2255 3720 vebor:
2289 3681 2423 3737 ergo
2455 3682 2735 3737 quousque
2764 3668 2986 3723 irruitis
3006 3670 3063 3722 in
3087 3684 3177 3722 me
3196 3669 3489 3733 hominem,
3514 3674 3709 3724 atten-

2060 3754 2263 3809 dentes
2295 3753 2725 3811 humanitatem
2745 3762 3149 3825 meam,etnon
3172 3756 3539 3811 attendentes
3562 3756 3708 3811 divi-

2060 3860 2202 3898 num
2234 3844 2612 3916 praesidium?
2647 3846 2949 3917 Quousque,
2983 3846 3040 3900 id
3073 3855 3178 3913 est,
3209 3862 3394 3917 usque
3425 3847 3497 3900 ad
3529 3862 3705 3918 quem

2062 3932 2257 4001 ﬁnem,
2292 3934 2520 3989 irruitis
2551 3936 2925 4002 exsecrando,
2958 3935 3314 4006 insultando,
3350 3935 3709 4005 insidiando,

2060 4024 2484 4095 persequendo,
2526 4025 2882 4081 occidendo?
2932 4026 3243 4098 Nunquam
3280 4024 3452 4080 militi
3491 4024 3707 4082 Christi

2058 4109 2211 4167 bella
2240 4113 2471 4177 desunt,
2504 4113 2643 4185 quia
2672 4114 2798 4169 duae
2849 4121 2989 4171 sunt
3020 4116 3281 4172 civitates
3312 4133 3467 4172 nunc
3528 4115 3709 4171 simul

2059 4199 2280 4255 mistaa:
2316 4218 2432 4256 una
2451 4201 2798 4271 Jerusalem,
2830 4205 3008 4261 altera
3031 4205 3350 4279 Babylonia
3374 4225 3386 4274 ;
3412 4222 3531 4262 una
3559 4205 3705 4272 haec,

2058 4304 2174 4341 una
2204 4287 2324 4344 illa.
2352 4288 2513 4346 Unus
2544 4291 2638 4347 hic
2671 4310 2787 4361 rex,
2812 4296 3059 4350 unusibi
3084 4313 3103 4355 ;
3126 4312 3281 4350 unus
3308 4295 3400 4349 hic
3430 4294 3704 4366 populus,

2057 4394 2211 4433 unus
2243 4378 2321 4432 ibi
2350 4380 2466 4438 :isti
2491 4388 2755 4453 pugnant
2785 4384 3246 4455 projustitia,illi
3265 4400 3365 4455 pro
3389 4381 3704 4452 injustitia;

2057 4466 2153 4522 isti
2186 4484 2287 4539 pro
2317 4469 2576 4537 veritate,
2613 4470 2694 4525 illi
2727 4488 2828 4542 pro
2874 4472 3146 4527 falsitate.
3181 4471 3281 4526 Isti
3313 4474 3377 4525 ut
3407 4471 3708 4525 destructa

294 4573 460 4624 tatur
487 4570 814 4625 transiliens
844 4586 944 4625 eos
984 4568 1207 4623 scilicet
1239 4567 1298 4621 in
1322 4567 1521 4622 inimis
1549 4567 1791 4639 positos,
1823 4573 1942 4624 tor-
1978 4555 2025 4621 D
2058 4561 2422 4624 construant.
2459 4557 2541 4612 illi
2573 4564 2636 4613 ut
2667 4564 3002 4615 constructa
3042 4562 3369 4625 destruant,
3403 4563 3459 4614 εἴ
3508 4562 3705 4615 tamen

298 4673 443 4713 rena
472 4666 754 4714 amantes.
792 4657 895 4712 Hic
929 4656 1097 4712 miles
1128 4655 1344 4711 Christi
1377 4655 1479 4728 qui
1502 4656 1559 4710 in
1594 4656 1701 4712 hoc
1724 4657 1947 4729 psalmo

295 4745 620 4815 inducitur,
644 4751 979 4818 contempta
1000 4744 1205 4801 mundi
1238 4744 1529 4815 felicitate,
1553 4762 1758 4802 omnes
1782 4764 1948 4801 mun-

296 4834 443 4889 dum
483 4841 748 4891 amantes
795 4834 1083 4906 transivit,
1133 4850 1335 4890 omnes
1388 4850 1527 4889 suos
1574 4835 1947 4891 devocatores

294 4924 652 4996 contempsit
676 4941 689 4979 ε
710 4924 835 4979 etin
859 4924 1111 4995 quemdo
1134 4940 1166 4975 ν
1188 4922 1503 4978 sublimem
1521 4922 1713 4979 locum
1738 4941 1800 4980 se
1816 4941 1947 4979 con-

293 5009 455 5079 tulit,
480 5013 634 5069 unde
663 5012 796 5070 illos
829 5013 1154 5085 despiceret
1181 5011 1350 5083 quasi
1381 5012 1440 5066 in
1471 5012 1670 5067 inlinis
1702 5013 1941 5083 positos,

295 5100 400 5157 sed
429 5100 486 5156 in
519 5100 629 5158 hoc
660 5120 776 5159 uno
809 5101 996 5157 milita
1039 5100 1274 5167 Christi,
1311 5100 1480 5156 multi
1512 5100 1941 5174 intelliguntur.

293 5189 631 5246 Videndum
663 5196 898 5264 estergo
913 5206 1218 5262 quousque
1236 5190 1582 5258 ascenderit,
1600 5208 1748 5262 quos
1770 5191 1943 5246 etiam

294 5278 664 5346 transilierit,
691 5279 789 5335 ubi
815 5280 1039 5352 positus
1072 5278 1183 5334 sit:
1218 5279 1319 5333 sed
1350 5279 1581 5334 videtur
1609 5281 1943 5336 ascendisse

292 5368 357 5424 in
390 5369 705 5440 quemdam
735 5367 1101 5441 spiritualem
1133 5371 1189 5424 et
1236 5371 1428 5421 tutum
1461 5368 1675 5435 locum,
1708 5369 1779 5423 de
1828 5386 1942 5439 quo

294 5457 426 5513 loco
453 5455 605 5513 infra
633 5459 852 5530 positos
903 5455 1175 5529 respiciat
1208 5472 1322 5511 non
1357 5460 1420 5509 ut
1448 5454 1680 5528 lapsum
1715 5456 1941 5527 timeat,

294 5546 404 5609 sed
432 5551 495 5602 ut
520 5546 665 5603 alios
688 5548 895 5604 excitet
922 5547 981 5603 in
1005 5543 1377 5602 inferioribus
1400 5545 1619 5617 positos
1650 5546 1720 5601 ad
1750 5546 1939 5603 imita-

292 5636 521 5715 tionem
553 5636 668 5715 sui,
700 5642 869 5699 steos
889 5636 1137 5717 pigritiae
1168 5637 1406 5717 arguat:
1442 5636 1497 5692 et
1519 5632 1723 5697 laudat
1744 5635 1940 5699 locum

2058 4647 2177 4701 haec
2207 4647 2411 4702 civitas
2433 4663 2501 4702 ex
2523 4647 2622 4701 illa
2653 4648 3189 4720 congregatur.Non
3223 4648 3378 4704 enim
3394 4649 3558 4721 prius
3581 4647 3698 4721 spi-

2060 4734 2288 4805 rituale,
2320 4738 2420 4791 sed
2452 4738 2608 4808 quod
2641 4737 2905 4792 carnale:
2940 4736 3042 4792 illa
3070 4738 3229 4809 prior
3258 4743 3538 4811 tempore,
3582 4740 3704 4794 haec

2057 4830 2253 4881 autem
2278 4828 2435 4897 prior
2466 4826 2767 4899 dignitate.
2793 4826 2951 4890 Quod
2988 4832 3182 4883 autem
3214 4828 3335 4883 hzec
3353 4844 3421 4884 ex
3450 4828 3550 4884 illa
3576 4845 3705 4900 pro-

2056 4915 2241 4983 cedat,
2292 4916 2680 4987 prazﬁguravit
2710 4915 3037 4971 Jerusalem
3087 4934 3212 4987 qua:
3254 4921 3588 4973 constructa
3619 4922 3707 4970 est

2055 5003 2311 5058 secunda
2332 5004 2554 5073 civitas,
2579 5004 2873 5059 destructa
2900 5006 3098 5077 priori,
3122 5023 3255 5060 cum
3286 5012 3478 5061 tamen
3515 5003 3705 5075 prima

2055 5092 2259 5147 civitas
2292 5109 2467 5164 quam
2499 5094 2637 5148 Cain
2672 5094 2998 5162 aediﬁcavit,
3030 5113 3131 5167 per
3163 5112 3223 5149 se
3248 5095 3698 5149 sitoonstructa.

2054 5193 2295 5247 Frustra
2318 5192 2534 5246 irruztis
2558 5194 2616 5245 in
2639 5192 3081 5265 hominem,quia
3108 5194 3324 5264 perfert
3345 5191 3520 5247 homo
3543 5191 3701 5263 quod

2052 5284 2243 5353 potest
2291 5279 2489 5348 homo,
2530 5286 2725 5335 tamen
2758 5283 2887 5351 ejus
2935 5280 3149 5336 auxilio
3182 5281 3281 5352 qui
3329 5297 3431 5352 pro
3464 5279 3702 5335 homine

2054 5370 2243 5425 factus
2272 5374 2360 5423 est
2390 5368 2585 5424 homo.
2622 5369 2838 5425 Revera
2853 5371 3092 5436 irruitis,
3119 5370 3256 5441 quia
3277 5370 3588 5440 interﬁcitis
3606 5383 3701 5425 vos

2052 5459 2315 5525 universi,
2353 5458 2573 5513 scilicet
2594 5462 2650 5512 ct
2680 5458 2780 5529 qui
2813 5460 2971 5514 intus
3002 5460 3145 5515 estis
3174 5465 3231 5514 et
3262 5465 3424 5514 extra
3454 5458 3613 5514 misti
3643 5460 3701 5515 et

2048 5546 2324 5619 separati,
2358 5563 2514 5602 nunc
2544 5545 2846 5617 tolerandi,
2881 5548 3233 5621 quandoque
3262 5547 3593 5621 separandi.
3616 5548 3698 5605 Ιν·

2051 5638 2240 5712 ruitis,
2264 5636 2608 5697 inoumbitis
2638 5637 2783 5703 mihi
2814 5644 3079 5718 tanquam
3098 5641 3310 5717 parieti
3330 5640 3618 5715 inclinato,
3634 5637 3697 5706 id
