4014 6194
270 306 392 371 453

1388 314 1998 388 ENARRA'I‘IONES
2043 326 2121 386 IN
2168 328 2551 395 PSALMOS.

3556 349 3676 414 456

270 442 525 549 lucrum,
560 446 857 520 acquirere
881 450 1209 522 pecuniam,
1241 458 1305 509 ut
1330 456 1875 529 amittasjustitiam
1901 458 1913 514 Ι
1946 473 2001 538 Α
2030 460 2238 517 Anima
2267 464 2441 533 primi
2477 468 2655 525 Adam
2688 487 2802 525 non
2838 470 2945 528 fuit
2975 472 3238 545 subjecta
3261 478 3395 549 Deo,
3417 489 3470 538 et
3492 484 3621 542 ideo
3644 506 3677 543 a

268 532 397 589 Noli
430 552 566 608 ergo
597 554 819 609 rapere,
852 539 967 594 noli
1002 542 1071 595 de
1114 548 1454 614 paupertate
1502 546 1745 616 timere;
1780 548 1918 619 quia

267 623 371 695 qui
392 625 576 696 pascit
596 625 903 695 latronem,
928 630 1115 701 pascit
1136 632 1503 689 innocentem
1531 652 1542 690 :
1573 637 1711 707 quia
1733 638 1920 709 pascit

265 712 690 782 damnandum,
725 723 924 787 pascet
952 718 1320 777 salvandum.
1356 723 1457 778 Vel
1508 723 1682 779 nolite
1715 729 1917 796 putare

263 806 333 857 ut
352 803 564 858 divitiae.
581 821 649 859 ex
671 805 982 877 iniquitate
1005 810 1300 882 acquisita:
1324 812 1487 868 vobis
1510 814 1755 884 prosint,
1782 830 1916 869 cum

262 891 400 947 inde
430 892 789 950 benefacitis.
850 897 1026 960 Quasi
1084 898 1275 955 dicat:
1338 900 1525 971 Dives,
1579 902 1695 957 noli
1728 902 1919 958 aliena

260 997 485 1052 rapere,
520 982 659 1053 quia
692 1000 805 1039 non
838 986 991 1057 cogit
1037 988 1374 1043 necessitas.
1421 990 1591 1045 Audi.
1622 992 1843 1048 Divitiae
1870 994 1920 1047 si

256 1070 518 1142 afﬂuant,
549 1072 718 1128 nolite
744 1089 839 1128 cor
869 1091 1161 1146 apponere,
1196 1076 1253 1131 id
1286 1082 1396 1142 est,
1422 1095 1538 1133 non
1565 1094 1662 1134 eas
1685 1080 1916 1147 ametis,

257 1177 377 1215 non
411 1160 470 1216 in
504 1161 587 1217 eis
619 1164 885 1234 speretis,
920 1181 1035 1219 non
1078 1165 1157 1219 ibi
1213 1183 1310 1221 cor
1361 1168 1574 1240 ligatis,
1635 1185 1706 1223 ne
1740 1169 1917 1238 simul

256 1248 534 1304 efﬂuatis.
559 1249 720 1313 Quod
746 1252 902 1306 enim
929 1252 1141 1319 afﬂuit,
1167 1260 1361 1326 potest
1388 1261 1443 1310 et
1471 1256 1742 1312 efﬂuere:
1769 1274 1918 1313 vana

254 1337 561 1410 iniquitas,
587 1338 790 1395 florere
813 1341 885 1395 ad
916 1345 1173 1413 tempus.
1208 1343 1373 1399 Miles
1395 1344 1610 1401 Christi
1636 1346 1871 1401 Idithun
1900 1364 1912 1413 ;

252 1437 355 1508 qui
381 1436 495 1492 huc
518 1454 704 1509 usque
724 1436 957 1495 locutus
983 1445 1071 1495 est
1121 1458 1220 1496 eos
1269 1459 1413 1514 quos
1462 1444 1616 1498 infra
1658 1461 1720 1500 se
1745 1443 1913 1526 vidit,

250 1525 507 1581 invitans
540 1542 637 1581 eos
669 1528 739 1581 ad
773 1543 1034 1595 cursum,
1088 1529 1328 1586 hortans
1374 1550 1578 1588 omnes
1610 1551 1775 1605 spem
1815 1525 1916 1605 po-

252 1631 389 1670 nere
409 1615 466 1669 in
489 1615 759 1681 Domino,
785 1618 1171 1675 etdehortans
1195 1638 1429 1692 sperare
1452 1623 1509 1677 in
1528 1622 1763 1693 saeculo,
1781 1640 1916 1695 sup-

251 1704 418 1776 ponit
448 1704 756 1776 utriusque
815 1708 893 1761 rei
956 1709 1267 1775 rationem,
1329 1718 1384 1766 et
1433 1712 1719 1767 convertit
1752 1730 1812 1768 se
1842 1713 1914 1767 ad

248 1792 454 1864 Deum,
488 1794 659 1865 quasi
688 1794 1035 1853 familiarius
1064 1799 1147 1853 sic
1179 1799 1445 1871 loquens,
1497 1802 1665 1872 quasi
1699 1802 1781 1856 sic
1816 1802 1906 1856 di-

247 1898 386 1938 cens
408 1900 420 1938 :
446 1884 818 1956 Sperandnm
850 1892 939 1941 est
971 1887 1027 1941 in
1062 1894 1137 1956 te,
1199 1906 1230 1943 o
1286 1890 1552 1957 Domine,
1587 1898 1644 1946 et
1674 1908 1787 1946 non
1818 1895 1908 1946 est
1940 1860 1985 1924 Β

245 1974 604 2044 sperandum
647 1974 705 2029 in
766 1976 1120 2032 vanitatibus
1181 1977 1361 2049 hujus
1420 1980 1657 2035 saeculi:
1692 1983 1841 2051 quia,
1871 1996 1904 2035 ο

243 2062 419 2129 Deus,
450 2066 511 2117 tu
542 2063 729 2118 reddes
759 2068 1055 2137 unicuique
1075 2068 1243 2137 juxta
1273 2085 1435 2139 opera
1486 2086 1589 2125 sua
1613 2087 1630 2122 :
1663 2069 1902 2139 injustis

242 2169 502 2223 poenam,
529 2152 710 2222 justis
744 2170 1039 2209 coronam.
1076 2156 1143 2210 Et
1172 2156 1281 2211 hoc
1314 2158 1487 2212 facies
1519 2175 1588 2213 ex
1618 2162 1901 2229 potestate

244 2244 302 2294 et
330 2256 398 2294 ex
428 2241 853 2307 misericordia,
909 2246 1043 2313 quia
1100 2250 1333 2314 potestas
1389 2247 1490 2300 Dei
1544 2252 1644 2311 est,
1698 2250 1747 2299 et
1776 2245 1897 2313 tibi,

239 2337 493 2406 Domine,
526 2340 942 2394 misericordia:
970 2346 1204 2411 potestas
1234 2360 1351 2414 qua
1381 2342 1567 2399 malos
1606 2344 1855 2398 damnas
1884 2361 1896 2409 ;

242 2426 656 2497 misericordia,
718 2445 833 2500 qua
889 2429 1074 2486 bonos
1131 2448 1498 2488 remuneras.
1546 2436 1807 2500 Potestas,
1841 2432 1897 2487 id

245 2517 350 2579 est,
370 2513 605 2584 justitia
628 2521 719 2569 est
737 2516 794 2570 in
821 2534 907 2585 eo,
934 2535 1005 2573 ne
1027 2536 1350 2589 praesumas
1381 2521 1451 2575 de
1477 2520 1895 2589 misericordia,

244 2618 314 2657 ne
334 2606 530 2657 autem
555 2602 829 2675 desperes
850 2604 921 2659 de
939 2606 1192 2674 justitia,
1220 2608 1555 2663 misericors
1585 2614 1691 2663 est.
1730 2608 1893 2664 Pote-

244 2694 391 2746 state
418 2691 703 2762 superbos
726 2691 1025 2763 humilias,
1050 2696 1449 2751 misericordia
1472 2697 1727 2751 humiles
1747 2695 1895 2751 exal-

242 2784 351 2834 tas.
389 2779 451 2834 In
484 2778 577 2835 his
603 2780 833 2835 duobus
867 2783 1065 2837 omnia
1097 2785 1312 2855 scripta
1342 2784 1428 2840 vel
1460 2784 1612 2839 dicta
1642 2784 1889 2857 patriar-

242 2867 507 2937 charum,
534 2868 949 2941 prophetarum
979 2876 1036 2926 et
1057 2873 1471 2944 apostolorum,
1495 2874 1886 2928 continentur.

239 2963 522 3013 Amemus
539 2974 674 3030 ergo
690 2959 1171 3028 misericordiam,
1188 2961 1500 3017 timeamus
1520 2967 1861 3034 potestatem
1874 3006 1887 3029 ,

243 3049 297 3101 et
321 3046 406 3101 sic
428 3063 694 3103 amemus
718 3049 1270 3121 misericordiam,ut
1291 3070 1405 3108 non
1443 3057 1889 3108 contemnamus

240 3138 1050 3206 potestatem;sictimeamus
1073 3144 1443 3212 potestatem,
1473 3146 1538 3195 ut
1569 3142 1637 3196 de
1662 3141 1887 3196 miseri-

240 3225 435 3279 cordia
466 3230 659 3280 tamen
690 3244 803 3281 non
826 3228 1229 3299 desperemus.
1280 3230 1617 3284 Timeamus
1644 3246 1747 3301 ego
1765 3230 1893 3299 ejus
1926 3218 1968 3280 Ο

239 3330 579 3386 supremam
596 3316 1084 3388 potentiamzquid
1096 3319 1233 3389 quid
1254 3318 1597 3387 vultfacere,
1619 3322 1831 3389 potest,
1848 3321 1905 3372 et

236 3407 439 3458 tamen
466 3403 609 3458 nihil
641 3405 777 3459 facit
818 3406 1126 3476 nisijuste,
1177 3405 1285 3461 etsi
1333 3407 1629 3461 interdum
1656 3404 1900 3479 occulte.

238 3501 591 3556 Potestatem
624 3502 801 3557 habet
831 3503 1129 3570 diabolus,
1166 3506 1264 3560 sed
1299 3503 1547 3560 subillo.
1574 3502 1899 3558 Nihilenim

234 3595 429 3662 potest
460 3590 575 3645 nisi
611 3592 956 3662 permissus,
1002 3598 1059 3647 et
1120 3600 1406 3664 quantum
1466 3592 1810 3666 permissus,
1845 3591 1902 3647 et

236 3696 313 3749 qu
332 3679 487 3734 ando
512 3681 860 3751 permissus.
885 3681 954 3735 Et
976 3686 1259 3752 potestate
1281 3684 1433 3738 Deus
1456 3683 1739 3755 permittit
1760 3699 1898 3739 suos

236 3766 508 3821 tribulari
536 3785 548 3823 :
581 3784 648 3823 ex
676 3769 1085 3824 misericordia
1108 3771 1242 3826 facit
1278 3777 1641 3843 proventum,
1678 3778 1741 3827 ut
1762 3790 1893 3843 pos-

234 3855 357 3911 sint
387 3856 680 3912 sustinere
739 3859 786 3928 (I
815 3858 933 3913 Cor.
993 3861 1069 3930 κ).
1127 3861 1195 3914 Et
1251 3860 1359 3916 hoc
1390 3863 1554 3932 quasi
1590 3861 1777 3917 dicat:
1812 3862 1893 3917 Ex

234 3961 329 3999 me
356 3962 471 3999 non
495 3945 678 4001 habeo
704 3948 859 4017 quod
888 3947 1048 4002 vobis
1070 3949 1217 4017 dico,
1244 3951 1342 4005 sed
1365 3951 1552 4006 audivi
1578 3951 1893 4007 ha'cduode

234 4038 523 4105 potestate
555 4034 655 4089 Dei
687 4039 744 4091 et
773 4036 843 4090 de
878 4036 1299 4106 misericordia,
1334 4056 1366 4094 a
1398 4038 1512 4094 Deo
1546 4040 1766 4095 scilicet
1798 4046 1893 4101 cui

234 4121 505 4192 subjecta
528 4128 616 4179 est
632 4125 829 4179 anima
852 4141 1001 4179 mea.
1028 4128 1202 4190 Quasi
1226 4129 1307 4181 sic
1330 4128 1485 4183 dicat
1509 4147 1520 4183 :
1544 4129 1896 4185 Transilien-

232 4211 309 4266 do
342 4212 542 4267 omnia
574 4213 897 4279 mundana,
932 4214 1120 4270 multa
1153 4216 1366 4282 audivi,
1410 4217 1597 4272 multa
1626 4219 1891 4290 cognovi,

230 4300 393 4355 inter
423 4318 546 4372 qum
579 4308 635 4357 et
666 4302 787 4359 haec
846 4304 960 4358 duo
1015 4304 1274 4360 humano
1305 4306 1501 4377 generi
1542 4308 1886 4375 necessaria,

232 4387 462 4443 scilicet
483 4394 546 4444 ut
568 4392 902 4447 misericors
925 4393 1002 4448 sit
1024 4393 1177 4448 Deus
1200 4398 1255 4449 et
1277 4400 1501 4465 potens.
1528 4395 1597 4449 Et
1633 4413 1743 4451 non
1779 4398 1886 4452 mi-

232 4494 391 4549 rum,
417 4480 556 4550 quia
576 4482 811 4536 ascendi
839 4482 1017 4537 etiam
1050 4498 1237 4554 usque
1255 4500 1319 4538 ac
1361 4483 1489 4549 hoc,
1514 4491 1579 4540 ut
1600 4485 1886 4558 intellige-

2027 565 2202 604 manu
2239 556 2556 621 peccatoris
2598 565 2757 614 mota
2813 561 3147 619 humanitas
3204 567 3438 625 Christi.
3474 573 3675 631 Nonne

2026 637 2141 691 Deo
2168 639 2403 709 subjecta
2442 643 2547 699 erit
2570 650 2767 703 anima
2798 668 2919 705 mea
2941 652 2967 706 ‘?
2998 653 3117 707 Erit
3149 656 3371 730 utique,
3406 662 3543 732 quia
3565 680 3675 719 non

2026 728 2166 781 mihi
2186 730 2371 785 veniet
2393 748 2485 801 pes
2513 738 2806 805 superbiae.
2834 743 2918 796 Ab
2940 741 3068 813 ipso
3095 728 3272 813 enim,
3299 728 3516 807 scilicet
3534 753 3673 809 Ver-

2027 816 2099 871 bo
2123 816 2264 871 mihi
2290 820 2471 886 unito,
2499 823 2752 881 salutare
2776 845 2992 897 meum,
3020 850 3132 888 non
3157 853 3189 889 a
3216 854 3305 892 me
3333 838 3607 898 homine:
3642 861 3675 899 e.

2028 921 2089 959 se
2111 904 2263 959 enim
2291 907 2399 961 sibi
2426 909 2643 965 homini
2673 914 2991 985 damnatio,
3012 938 3042 975 a
3066 922 3175 979 Deo
3192 933 3385 982 autem
3406 929 3670 988 salvatio.

2027 992 2173 1048 Nam
2204 999 2261 1049 et
2290 996 2433 1068 ipse,
2471 1000 2693 1055 scilicet
2718 1002 2993 1074 Verbum,
3028 1016 3083 1066 et
3112 1013 3264 1071 Deus
3319 1035 3483 1075 meus
3513 1038 3671 1077 crea-

2028 1084 2186 1140 tione
2218 1087 2426 1156 prima,
2460 1091 2721 1145 salutaris
2744 1111 2915 1162 meus,
2938 1096 2992 1151 id
3018 1105 3123 1167 est,
3156 1120 3418 1164 meorum
3442 1111 3676 1169 creatio-

2028 1190 2099 1228 ne
2122 1176 2397 1243 sccunda,
2420 1184 2694 1250 susceptor
2718 1200 2868 1237 meus
2890 1186 2959 1240 de
2984 1204 3177 1245 massa
3205 1198 3563 1263 perditorum
3584 1202 3672 1259 vel

2028 1263 2097 1317 de
2129 1264 2415 1335 sepulcro,
2451 1272 2507 1321 et
2556 1268 2682 1323 ideo
2730 1288 2836 1326 non
2877 1278 3132 1332 movebar
3180 1286 3440 1353 amplius.
3477 1289 3671 1348 Motus

2027 1367 2157 1405 sum
2184 1353 2347 1422 prius
2371 1354 2425 1407 in
2452 1372 2667 1425 massa,
2688 1361 2785 1414 sed
2808 1379 2919 1416 non
2936 1365 3189 1437 amplius
3206 1375 3438 1429 moriar.
3457 1377 3673 1451 thuia

2028 1443 2167 1495 Deus
2197 1442 2435 1497 salvator
2456 1461 2630 1510 meus,
2666 1465 2800 1520 ergo
2830 1468 3106 1523 quousque
3138 1458 3357 1516 irruitis
3405 1466 3462 1519 in
3495 1442 3670 1525 hemi-

2023 1544 2168 1598 nem,
2203 1546 2235 1583 o
2262 1529 2470 1602 Judaei,
2504 1534 2573 1587 ad
2605 1534 3071 1597 interﬁciendum
3095 1545 3123 1598 ‘?
3170 1552 3225 1601 et
3268 1553 3433 1620 quasi
3468 1554 3549 1609 illi
3581 1558 3669 1612 di-

2024 1624 2190 1672 cant:
2228 1618 2342 1674 Nos
2402 1638 2515 1675 non
2575 1627 2889 1695 qumrimus
2952 1636 3005 1685 te
3064 1618 3422 1695 interficere:
3484 1644 3667 1715 Certe,

2026 1706 2233 1777 inquit,
2269 1708 2519 1764 universi
2552 1729 2650 1767 vos
2682 1714 3027 1782 interﬁcitis.
3061 1724 3165 1777 etsi
3218 1726 3274 1780 in
3316 1729 3547 1803 gladiis,
3583 1706 3668 1792 ta;

2024 1811 2154 1849 men
2188 1795 2245 1849 in
2278 1796 2494 1869 linguis
2527 1817 2625 1856 vos
2658 1806 2871 1859 irruitis
2902 1808 3066 1879 mihi,
3100 1814 3199 1883 qui
3231 1795 3359 1871 sum
3386 1795 3667 1892 tanquam

2016 1886 2201 1953 paries
2230 1888 2533 1943 inclina/us
2562 1896 2610 1945 et
2640 1897 2879 1949 maceria
2927 1898 3151 1969 depulsa
3200 1886 3538 1976 opprimens
3568 1930 3667 1968 vos

2016 1990 2119 2043 per
2142 1980 2385 2030 mortem
2412 1995 2635 2034 meam:
2665 1991 3064 2041 verumtamen
3103 2008 3440 2065 quanquam
3470 2000 3667 2058 admo-

2016 2079 2114 2116 nui
2142 2074 2387 2133 pretium
2418 2085 2619 2134 meum,
2654 2089 2724 2126 ne
2756 2073 2812 2126 in
2849 2078 3085 2133 nomine
3137 2098 3262 2136 meo
3310 2102 3482 2142 omne
3512 2104 3665 2159 genu

2016 2150 2298 2219 flectatur,
2326 2171 2423 2211 ore
2446 2174 2552 2213 suo
2573 2160 3017 2233 benedicebant,
3049 2170 3197 2223 Viam
3226 2172 3323 2227 Dei
3346 2176 3401 2228 in
3436 2150 3668 2235 veritate

2012 2241 2166 2295 doces
2226 2243 2433 2311 (Matth.
2494 2248 2670 2318 XXII):
2731 2256 2785 2304 et
2832 2255 3004 2309 corde
3060 2273 3165 2312 suo
3216 2261 3662 2337 maledicebant,

2010 2328 2125 2384 Non
2151 2335 2232 2384 est
2278 2333 2368 2387 hic
2424 2336 2580 2390 homo
2632 2354 2665 2391 a
2726 2340 2832 2393 Deo
2894 2343 3070 2413 (Joan.
3136 2348 3232 2416 ιχ).
3293 2351 3347 2404 Si
3398 2353 3467 2408 de
3502 2328 3664 2412 falsis

2010 2416 2381 2489 Christianis,
2408 2426 2760 2482 confitentur
2777 2447 2837 2484 se
2862 2448 3033 2487 nosse
3057 2438 3259 2505 Deum,
3285 2439 3451 2496 factis
3465 2450 3661 2502 autem

2010 2513 2238 2578 negant.
2276 2515 2417 2566 Deus
2446 2516 2673 2571 auxilii.
2708 2516 2831 2573 Non
2865 2536 2971 2591 ego
3000 2523 3143 2578 mihi
3194 2525 3320 2598 ipse
3350 2531 3655 2603 auxilium,

2007 2610 2119 2648 non
2149 2613 2254 2669 ego
2285 2599 2490 2670 gloria,
2515 2605 2613 2658 sed
2638 2605 2822 2676 gloria
2846 2625 2975 2663 mea
3008 2610 3161 2667 Deus
3183 2616 3465 2674 auxilium
3488 2599 3654 2680 dans;

2004 2682 2231 2753 Sperate
2260 2690 2319 2741 in
2372 2706 2451 2755 eo,
2513 2691 2797 2749 habentes
2857 2714 2951 2752 me
3008 2704 3363 2775 exemplum,
3396 2711 3658 2781 eﬂunditc

2001 2787 2187 2829 coram
2222 2777 2318 2831 illo
2350 2780 2511 2833 corda
2549 2786 2744 2851 vestra,
2779 2794 3052 2844 evacuate
3082 2791 3259 2859 vitiis,
3285 2801 3349 2851 ut
3371 2777 3656 2871 implean-

2002 2864 2096 2917 tur
2115 2865 2450 2922 virtutibus.
2482 2872 2724 2941 .4djutor
2748 2881 2961 2947 noster,
2987 2886 3273 2948 quantum
3298 2887 3369 2941 ad
3397 2864 3654 2948 massam

2001 2950 2106 3007 hoc
2130 2954 2292 3021 dicit,
2318 2959 2640 3014 secundum
2668 2962 2812 3017 illud
2844 2968 3105 3037 Apostoli
3132 2987 3143 3023 :
3166 2971 3225 3025 Si
3244 2979 3488 3048 nosipsos
3508 2981 3654 3049 judi-

1997 3057 2241 3098 caremus
2270 3061 2380 3099 non
2410 3050 2595 3118 utique
2622 3051 3000 3119 iudicaremur
3030 3058 3079 3127 (Ι
3108 3060 3227 3115 Cor.
3264 3065 3363 3134 xz).

2576 3183 2897 3241 PSALMUS
2926 3188 3080 3244 LXII.

2086 3281 2345 3322 PSALMUS
2377 3286 2567 3335 DAVID,
2600 3289 2723 3328 CUM
2754 3292 2923 3329 ESSET
2948 3294 3005 3330 IN
3038 3294 3285 3337 DESERTO
3309 3302 3581 3345 ῙΟΟΜΑΕᾸΞ.

2089 3404 2107 3429 α
2146 3381 2318 3440 Deus.
2342 3382 2493 3438 Deus
2515 3403 2699 3453 meus,
2725 3390 2794 3443 ad
2818 3394 2873 3444 te
2911 3393 2981 3446 de
3015 3392 3141 3449 luce
3162 3397 3358 3469 vigilo.
3382 3402 3573 3460 Bitivit
3594 3408 3653 3463 in

2013 3494 2038 3517 ‹‹
2074 3474 2129 3525 te
2158 3471 2355 3525 anima
2386 3489 2536 3539 mea,
2570 3492 2747 3545 quam
2780 3478 3181 3551 multipliciter
3209 3487 3313 3541 tibi
3346 3506 3477 3547 caro
3501 3511 3650 3554 mea.

2015 3581 2041 3607 ‹‹
2078 3560 2135 3612 In
2168 3564 2324 3614 terra
2354 3562 2604 3627 deserta,
2637 3564 2790 3620 invia
2819 3572 2875 3622 et
2910 3569 3211 3643 inaquosa,
3246 3576 3329 3632 sic
3360 3579 3419 3634 in
3452 3590 3652 3643 sancto

2014 3669 2034 3696 ι
2070 3650 2312 3720 apparui
2336 3650 2462 3721 tibi,
2488 3657 2551 3706 ut
2572 3653 2827 3709 viderem
2854 3656 3125 3714 virtutem
3151 3667 3309 3718 tuam
3334 3672 3389 3720 et
3404 3670 3650 3740 gloriam

2010 3761 2036 3787 ‹‹
2069 3744 2251 3793 tuam.
2278 3741 2565 3805 Quoniam
2584 3741 2789 3798 melior
2810 3750 2896 3799 est
2918 3746 3319 3808 misericordia
3347 3761 3449 3811 tua
3476 3776 3653 3831 super

2007 3852 2032 3877 ‹‹
2062 3828 2229 3895 vitas,
2254 3828 2409 3886 labia
2431 3848 2561 3888 mea
2580 3832 2907 3891 laudabunt
2936 3840 3008 3891 te.
3036 3838 3128 3893 Sic
3154 3840 3492 3902 benedicam
3514 3828 3569 3904 te
3612 3867 3650 3907 n

2002 3942 2028 3966 ‹‹
2064 3919 2180 3973 vita
2203 3935 2350 3984 mea,
2385 3925 2441 3974 et
2472 3921 2527 3975 in
2561 3923 2797 3979 nomine
2826 3930 2925 3979 tuo
2976 3925 3175 3983 levabo
3224 3948 3434 3989 manus
3468 3954 3645 3995 meas.

2006 4030 2031 4055 ‹‹
2062 4007 2219 4061 Sicut
2237 4009 2407 4078 adipe
2428 4014 2483 4063 et
2505 4010 2859 4081 pinguedine
2890 4015 3183 4086 repleatur
3208 4020 3403 4078 anima
3425 4042 3573 4094 mea,
3593 4035 3651 4084 et

2001 4095 2235 4150 «labiis
2265 4097 2669 4154 exsultationis
2729 4101 2994 4159 laudabit
3051 4124 3115 4162 os
3165 4126 3381 4167 meum.
3434 4116 3493 4170 Si
3525 4134 3648 4174 me-

2001 4208 2026 4231 ‹‹
2064 4201 2190 4238 mor
2217 4185 2298 4238 fui
2327 4186 2409 4239 tui
2442 4204 2618 4258 super
2646 4194 2894 4247 stratum
2956 4212 3173 4267 meum,
3227 4200 3284 4255 in
3338 4206 3648 4263 matutinis

2001 4296 2027 4322 ‹‹
2064 4273 2387 4328 meditabor
2417 4274 2474 4330 in
2507 4281 2582 4341 te,
2616 4280 2754 4348 quia
2787 4281 2945 4337 fuisti
2988 4285 3221 4355 adjutor
3268 4306 3455 4347 meus.
3491 4294 3557 4347 Et
3585 4295 3645 4349 in

1998 4364 2357 4418 «velamento
2370 4365 2593 4421 alarum
2610 4372 2841 4425 tuarum
2857 4373 3436 4442 exsultabo,ad'ntesit
3450 4380 3648 4439 anima

2003 4474 2023 4497 ιι
2061 4468 2190 4505 mea
2213 4456 2342 4523 post.
2374 4457 2447 4519 te,
2473 4471 2563 4509 me
2602 4460 2860 4528 suscepit
2890 4462 3125 4517 dextera
3148 4468 3265 4519 tua.
3291 4466 3409 4536 Ipsi
3431 4484 3562 4524 vero
3585 4470 3645 4525 in

234 4584 385 4634 rem,
410 4570 563 4640 quod
588 4572 757 4625 semel
787 4572 997 4626 locutus
1021 4574 1098 4626 est
1128 4573 1287 4639 Deus,
1343 4574 1398 4627 id
1440 4579 1547 4644 est,
1599 4576 1801 4647 genuit
1825 4594 1892 4631 ex
1925 4586 1967 4649 [)
1999 4562 2027 4588 “
2056 4550 2954 4649 Kl“?flf‘m‘erf‘mfnfmtm
2991 4567 3202 4618 meam’
3237 4556 3565 4649 ‘P‘F‘i‘bunt
3586 4574 3645 4614 ιη

232 4672 297 4710 se
320 4658 602 4725 Verbum,
627 4658 711 4714 vel
745 4661 945 4715 omnia
968 4661 1101 4715 fecit
1125 4660 1181 4714 in
1206 4661 1393 4717 Verbo
1435 4669 1748 4734 antequam
1784 4665 1887 4721 fie-

232 4750 385 4809 rent,
414 4747 541 4802 sine
572 4748 739 4803 initio
787 4754 843 4804 et
900 4751 1024 4805 sine
1082 4751 1216 4807 fine.
1267 4753 1553 4817 Quaestio:
1590 4756 1888 4819 Quomodo

231 4845 427 4909 smel,
462 4845 510 4900 si
542 4846 646 4903 duo
669 4847 937 4903 audivit?
966 4853 1076 4904 Per
1105 4849 1321 4905 multos
1351 4852 1587 4922 quidem
1618 4858 1674 4908 et
1705 4854 1889 4909 multa

234 4930 473 4988 locutus
506 4940 613 5003 est,
648 4937 751 4992 sed
784 4937 838 4991 id
865 4942 1053 4992 totum
1096 4939 1166 4993 ab
1198 4956 1262 4994 eo
1322 4941 1422 5010 qui
1478 4943 1641 4997 semel
1672 4944 1887 4999 locutus

230 5028 333 5091 est,
371 5022 508 5092 quia
539 5023 727 5080 solum
757 5027 961 5097 genuit
989 5027 1249 5082 verbum.
1281 5029 1364 5083 Ad
1390 5031 1544 5101 quod
1566 5032 1673 5087 iste
1695 5037 1885 5089 trans-

229 5103 445 5185 ilierat,
478 5117 535 5166 et
556 5114 735 5170 semel
762 5116 957 5171 omnia
982 5117 1115 5171 fecit
1137 5117 1193 5170 in
1227 5117 1415 5173 Verbo
1447 5125 1758 5193 antequam
1786 5124 1881 5179 tie-

231 5202 383 5253 rent.
412 5206 556 5257 Ante
578 5205 733 5258 enim
761 5205 995 5260 fuerunt
1017 5205 1191 5261 simul
1216 5206 1272 5259 in
1297 5208 1679 5279 dispositione
1702 5215 1885 5268 consi-

230 5286 317 5353 lii,
346 5304 521 5359 quam
549 5291 606 5345 in
633 5293 853 5364 species
876 5294 1349 5365 producerentur.
1376 5298 1445 5351 Et
1479 5301 1616 5369 quia
1639 5302 1757 5357 Ilaec
1778 5304 1883 5359 duo

228 5371 429 5432 audivi
444 5383 499 5433 et
514 5396 545 5434 a
560 5380 674 5435 Deo
686 5383 1087 5454 accepi,nolite
1103 5400 1239 5455 ergo
1258 5390 1627 5445 contemnere
1648 5409 1738 5446 me
1762 5392 1881 5448 haec

233 5466 411 5522 utilia
442 5469 607 5525 vobis
639 5474 1110 5542 persuadentem.
1144 5472 1320 5527 Aliter
1351 5475 1409 5529 in
1459 5494 1595 5533 voce
1640 5482 1875 5552 capitis:

229 5559 415 5612 Docet
446 5564 901 5631 caputnostrum
918 5562 1181 5617 membra
1194 5567 1605 5635 suaquomodo
1622 5570 1879 5629 mundus

226 5636 905 5723 istesittransiliendus,
940 5666 1271 5729 proponens
1311 5655 1874 5737 sesuisexemplum.

2002 4652 2027 4677 ‹‹
2056 4630 2331 4684 inferiora
2352 4637 2539 4695 terrm,
2562 4635 2867 4689 tradentur
2889 4637 2945 4691 in
2988 4655 3200 4693 manus
3224 4640 3425 4712 gladii,
3451 4651 3646 4717 partes

2003 4740 2029 4770 σι
2060 4718 2320 4790 vulpium
2340 4726 2528 4775 erunt.
2557 4720 2673 4775 Rex
2709 4739 2840 4778 vero
2862 4724 3152 4782 laetabitur
3195 4728 3251 4783 in
3299 4736 3410 4788 Deo
3442 4733 3645 4792 lauda-

2000 4832 2025 4857 ‹‹
2059 4810 2280 4863 buntur
2306 4826 2507 4864 omnes
2532 4811 2851 4881 quijurant
2894 4815 2953 4868 in
2976 4832 3061 4883 eo,
3117 4834 3234 4889 qua
3278 4821 3649 4882 obstructum

2002 4918 2029 4945 (ί
2059 4903 2147 4952 est
2178 4915 2241 4952 os
2272 4898 2632 4969 loquentium
2667 4900 2886 4972 iniqua.
2924 4928 2950 4951 ››

2618 5026 2746 5079 ENA
2759 5027 3010 5084 HRATIO.

2067 5129 2318 5184 Idumaea
2349 5128 2761 5201 interpretatur
2787 5139 3026 5201 terrena,
3058 5142 3115 5192 et
3143 5140 3435 5210 signiﬁcat
3461 5143 3641 5200 vitam

1996 5218 2333 5272 humanam.
2355 5217 2592 5273 Desertu
2605 5238 2659 5274 m
2684 5224 2946 5277 ldumaerc
2961 5229 3048 5279 est
3065 5226 3342 5282 saeculum
3365 5246 3639 5300 prensans,

1994 5306 2090 5361 ubi
2113 5305 2315 5361 multis
2330 5310 2385 5361 et
2403 5309 2631 5378 magnis
2655 5311 2909 5367 miseriis
2927 5314 3282 5385 subjacetur.
3303 5315 3461 5379 Quod
3481 5320 3639 5375 enim

1991 5398 2285 5451 desertum
2319 5397 2534 5466 majus,
2581 5399 2733 5467 quod
2790 5402 3196 5473 periculosius,
3257 5422 3432 5476 quam
3469 5407 3635 5469 illud.

1989 5486 2144 5557 quod
2178 5485 2319 5538 dum
2353 5485 2484 5555 quis
2516 5487 2858 5557 peregrinus
2893 5490 3235 5562 ingreditur,
3269 5510 3383 5549 non
3417 5495 3637 5554 invenit

1988 5575 2366 5641 habitatores,
2394 5577 2449 5628 et
2480 5574 2609 5629 ideo
2660 5575 2882 5633 nullam
2933 5580 3391 5638 consolationem
3413 5583 3440 5638 ?
3470 5586 3636 5645 Exire

1988 5681 2103 5725 non
2126 5666 2335 5740 potest,
2359 5663 2498 5745 quia
2516 5663 2671 5725 viam
2694 5665 2939 5742 ignorat.
2966 5669 3195 5731 Manere
3214 5671 3472 5753 difﬁcile,
3496 5676 3632 5763 quia
