  <div class='ocr_page' id='page_1' title='image "/cluster/home/n/w/nwhite01/storage/ocr_20150623/131/hvd.32044054759923/235.png"; bbox 0 0 4014 6194; ppageno 0'>
   <div class='ocr_carea' id='block_1_1' title="bbox 309 235 460 330">
    <p class='ocr_par' dir='ltr' id='par_1_1' title="bbox 309 235 460 330">
     <span class='ocr_line' id='line_1_1' title="bbox 309 235 460 330; baseline 0 -1"><span class='ocrx_word' id='word_1_1' title='bbox 309 235 316 238; x_wconf 54' lang='grc'><em>’</em></span> <span class='ocrx_word' id='word_1_2' title='bbox 342 269 460 330; x_wconf 73' lang='lat'>455</span> 
     </span>
    </p>
   </div>
   <div class='ocr_carea' id='block_1_2' title="bbox 911 261 3194 331">
    <p class='ocr_par' dir='ltr' id='par_1_2' title="bbox 911 261 3194 331">
     <span class='ocr_line' id='line_1_2' title="bbox 911 261 3194 331; baseline -0.003 -2"><span class='ocrx_word' id='word_1_3' title='bbox 911 267 1218 331; x_wconf 79' lang='lat' dir='ltr'>REMIGII</span> <span class='ocrx_word' id='word_1_4' title='bbox 1263 263 2014 330; x_wconf 80' lang='lat' dir='ltr'>ANTISSIODOBENSIS</span> <span class='ocrx_word' id='word_1_5' title='bbox 2059 261 2234 326; x_wconf 87' lang='lat' dir='ltr'>OPP.</span> <span class='ocrx_word' id='word_1_6' title='bbox 2283 266 2505 328; x_wconf 80' lang='lat' dir='ltr'>PARS.</span> <span class='ocrx_word' id='word_1_7' title='bbox 2551 265 2701 325; x_wconf 92' lang='lat' dir='ltr'>I.—</span> <span class='ocrx_word' id='word_1_8' title='bbox 2732 263 3194 327; x_wconf 84' lang='lat' dir='ltr'>EXEGETICA.</span> 
     </span>
    </p>
   </div>
   <div class='ocr_carea' id='block_1_3' title="bbox 339 392 3766 472">
    <p class='ocr_par' dir='ltr' id='par_1_3' title="bbox 339 392 3766 472">
     <span class='ocr_line' id='line_1_3' title="bbox 339 392 3766 472; baseline -0.002 -15"><span class='ocrx_word' id='word_1_9' title='bbox 339 418 456 457; x_wconf 91' lang='lat' dir='ltr'>non</span> <span class='ocrx_word' id='word_1_10' title='bbox 477 402 701 457; x_wconf 80' lang='lat' dir='ltr'>invenit</span> <span class='ocrx_word' id='word_1_11' title='bbox 723 402 1119 471; x_wconf 82' lang='lat' dir='ltr'>refectionem,</span> <span class='ocrx_word' id='word_1_12' title='bbox 1144 419 1277 459; x_wconf 87' lang='lat' dir='ltr'>cum</span> <span class='ocrx_word' id='word_1_13' title='bbox 1301 403 1378 456; x_wconf 89' lang='lat' dir='ltr'>ibi</span> <span class='ocrx_word' id='word_1_14' title='bbox 1423 402 1500 457; x_wconf 91' lang='lat' dir='ltr'>sit</span> <span class='ocrx_word' id='word_1_15' title='bbox 1530 417 1692 472; x_wconf 73' lang='lat' dir='ltr'>aquae</span> <span class='ocrx_word' id='word_1_16' title='bbox 1729 398 1995 472; x_wconf 88' lang='lat' dir='ltr'>penuria.</span> <span class='ocrx_word' id='word_1_17' title='bbox 2027 403 2082 470; x_wconf 80' lang='grc' dir='ltr'>Α</span> <span class='ocrx_word' id='word_1_18' title='bbox 2111 398 2232 455; x_wconf 71' lang='lat' dir='ltr'>haec</span> <span class='ocrx_word' id='word_1_19' title='bbox 2263 398 2388 454; x_wconf 87' lang='lat' dir='ltr'>via:</span> <span class='ocrx_word' id='word_1_20' title='bbox 2426 399 2564 470; x_wconf 82' lang='lat' dir='ltr'>quia</span> <span class='ocrx_word' id='word_1_21' title='bbox 2592 403 2875 470; x_wconf 88' lang='lat' dir='ltr'>quantum</span> <span class='ocrx_word' id='word_1_22' title='bbox 2912 399 2982 453; x_wconf 90' lang='lat' dir='ltr'>ad</span> <span class='ocrx_word' id='word_1_23' title='bbox 3017 415 3102 466; x_wconf 91' lang='lat' dir='ltr'>se,</span> <span class='ocrx_word' id='word_1_24' title='bbox 3133 395 3332 462; x_wconf 85' lang='lat' dir='ltr'>nullus</span> <span class='ocrx_word' id='word_1_25' title='bbox 3366 410 3496 450; x_wconf 89' lang='lat' dir='ltr'>eam</span> <span class='ocrx_word' id='word_1_26' title='bbox 3529 392 3766 463; x_wconf 79' lang='lat' dir='ltr'>sxcolit,</span> 
     </span>
    </p>
   </div>
   <div class='ocr_carea' id='block_1_4' title="bbox 340 488 2001 562">
    <p class='ocr_par' dir='ltr' id='par_1_4' title="bbox 340 488 2001 562">
     <span class='ocr_line' id='line_1_4' title="bbox 340 488 2001 562; baseline -0.002 -15"><span class='ocrx_word' id='word_1_27' title='bbox 340 488 478 547; x_wconf 85' lang='lat' dir='ltr'>Tale</span> <span class='ocrx_word' id='word_1_28' title='bbox 509 490 622 546; x_wconf 85' lang='lat' dir='ltr'>fuit</span> <span class='ocrx_word' id='word_1_29' title='bbox 650 491 760 546; x_wconf 92' lang='lat' dir='ltr'>hoc</span> <span class='ocrx_word' id='word_1_30' title='bbox 789 490 1069 547; x_wconf 61' lang='lat' dir='ltr'>saeculum</span> <span class='ocrx_word' id='word_1_31' title='bbox 1099 494 1157 547; x_wconf 91' lang='lat' dir='ltr'>et</span> <span class='ocrx_word' id='word_1_32' title='bbox 1187 491 1380 547; x_wconf 90' lang='lat' dir='ltr'>adhuc</span> <span class='ocrx_word' id='word_1_33' title='bbox 1401 495 1510 557; x_wconf 90' lang='lat' dir='ltr'>est,</span> <span class='ocrx_word' id='word_1_34' title='bbox 1537 494 1824 562; x_wconf 90' lang='lat' dir='ltr'>quantum</span> <span class='ocrx_word' id='word_1_35' title='bbox 1844 489 1916 544; x_wconf 88' lang='lat' dir='ltr'>ad</span> <span class='ocrx_word' id='word_1_36' title='bbox 1940 506 2001 544; x_wconf 90' lang='lat' dir='ltr'>se</span> 
     </span>
    </p>
   </div>
   <div class='ocr_carea' id='block_1_5' title="bbox 342 578 2000 652">
    <p class='ocr_par' dir='ltr' id='par_1_5' title="bbox 342 578 2000 652">
     <span class='ocr_line' id='line_1_5' title="bbox 342 578 2000 652; baseline -0.002 -16"><span class='ocrx_word' id='word_1_37' title='bbox 342 597 652 652; x_wconf 83' lang='lat' dir='ltr'>quousque</span> <span class='ocrx_word' id='word_1_38' title='bbox 674 580 831 636; x_wconf 83' lang='lat' dir='ltr'>Deus</span> <span class='ocrx_word' id='word_1_39' title='bbox 853 581 1133 636; x_wconf 81' lang='lat' dir='ltr'>misertus</span> <span class='ocrx_word' id='word_1_40' title='bbox 1156 579 1360 643; x_wconf 89' lang='lat' dir='ltr'>nostri,</span> <span class='ocrx_word' id='word_1_41' title='bbox 1409 579 1569 635; x_wconf 84' lang='lat' dir='ltr'>misit</span> <span class='ocrx_word' id='word_1_42' title='bbox 1593 578 1802 634; x_wconf 87' lang='lat' dir='ltr'>Filium</span> <span class='ocrx_word' id='word_1_43' title='bbox 1826 595 2000 633; x_wconf 91' lang='lat' dir='ltr'>suum</span> 
     </span>
    </p>
   </div>
   <div class='ocr_carea' id='block_1_6' title="bbox 342 667 2000 740">
    <p class='ocr_par' dir='ltr' id='par_1_6' title="bbox 342 667 2000 740">
     <span class='ocr_line' id='line_1_6' title="bbox 342 667 2000 740; baseline -0.001 -17"><span class='ocrx_word' id='word_1_44' title='bbox 342 669 404 723; x_wconf 93' lang='lat' dir='ltr'>in</span> <span class='ocrx_word' id='word_1_45' title='bbox 438 669 546 724; x_wconf 89' lang='lat' dir='ltr'>hoc</span> <span class='ocrx_word' id='word_1_46' title='bbox 576 669 899 735; x_wconf 88' lang='lat' dir='ltr'>desertum,</span> <span class='ocrx_word' id='word_1_47' title='bbox 949 667 1049 740; x_wconf 89' lang='lat' dir='ltr'>qui</span> <span class='ocrx_word' id='word_1_48' title='bbox 1081 674 1138 724; x_wconf 90' lang='lat' dir='ltr'>et</span> <span class='ocrx_word' id='word_1_49' title='bbox 1181 669 1306 740; x_wconf 90' lang='lat' dir='ltr'>ipse</span> <span class='ocrx_word' id='word_1_50' title='bbox 1355 667 1724 734; x_wconf 84' lang='lat' dir='ltr'>inhabitavit,</span> <span class='ocrx_word' id='word_1_51' title='bbox 1775 671 1832 721; x_wconf 90' lang='lat' dir='ltr'>et</span> <span class='ocrx_word' id='word_1_52' title='bbox 1861 683 2000 721; x_wconf 89' lang='lat' dir='ltr'>suos</span> 
     </span>
    </p>
   </div>
   <div class='ocr_carea' id='block_1_7' title="bbox 344 755 1999 828">
    <p class='ocr_par' dir='ltr' id='par_1_7' title="bbox 344 755 1999 828">
     <span class='ocr_line' id='line_1_7' title="bbox 344 755 1999 828; baseline -0.002 -16"><span class='ocrx_word' id='word_1_53' title='bbox 344 757 675 813; x_wconf 80' lang='lat' dir='ltr'>inhabitare</span> <span class='ocrx_word' id='word_1_54' title='bbox 697 757 852 824; x_wconf 85' lang='lat' dir='ltr'>fecit,</span> <span class='ocrx_word' id='word_1_55' title='bbox 871 762 929 812; x_wconf 85' lang='lat' dir='ltr'>et.</span> <span class='ocrx_word' id='word_1_56' title='bbox 943 759 1094 811; x_wconf 88' lang='lat' dir='ltr'>viam</span> <span class='ocrx_word' id='word_1_57' title='bbox 1109 757 1338 828; x_wconf 89' lang='lat' dir='ltr'>aperuit</span> <span class='ocrx_word' id='word_1_58' title='bbox 1352 773 1467 828; x_wconf 92' lang='lat' dir='ltr'>qua</span> <span class='ocrx_word' id='word_1_59' title='bbox 1481 755 1810 811; x_wconf 87' lang='lat' dir='ltr'>exeundum</span> <span class='ocrx_word' id='word_1_60' title='bbox 1824 758 1999 823; x_wconf 85' lang='lat' dir='ltr'>esset,</span> 
     </span>
    </p>
   </div>
   <div class='ocr_carea' id='block_1_8' title="bbox 344 845 2002 919">
    <p class='ocr_par' dir='ltr' id='par_1_8' title="bbox 344 845 2002 919">
     <span class='ocr_line' id='line_1_8' title="bbox 344 845 2002 919; baseline -0.003 -16"><span class='ocrx_word' id='word_1_61' title='bbox 344 853 404 904; x_wconf 90' lang='lat' dir='ltr'>et</span> <span class='ocrx_word' id='word_1_62' title='bbox 433 863 648 919; x_wconf 91' lang='lat' dir='ltr'>aquam</span> <span class='ocrx_word' id='word_1_63' title='bbox 680 846 860 910; x_wconf 87' lang='lat' dir='ltr'>dedit,</span> <span class='ocrx_word' id='word_1_64' title='bbox 893 846 952 901; x_wconf 92' lang='lat' dir='ltr'>id</span> <span class='ocrx_word' id='word_1_65' title='bbox 984 851 1075 901; x_wconf 90' lang='lat' dir='ltr'>est</span> <span class='ocrx_word' id='word_1_66' title='bbox 1102 847 1348 900; x_wconf 82' lang='lat' dir='ltr'>verbum</span> <span class='ocrx_word' id='word_1_67' title='bbox 1396 845 1670 900; x_wconf 71' lang='lat' dir='ltr'>doctrinae</span> <span class='ocrx_word' id='word_1_68' title='bbox 1722 861 1862 911; x_wconf 83' lang='lat' dir='ltr'>suae,</span> <span class='ocrx_word' id='word_1_69' title='bbox 1884 860 2002 915; x_wconf 92' lang='lat' dir='ltr'>qua</span> 
     </span>
    </p>
   </div>
   <div class='ocr_carea' id='block_1_9' title="bbox 345 932 2002 1007">
    <p class='ocr_par' dir='ltr' id='par_1_9' title="bbox 345 932 2002 1007">
     <span class='ocr_line' id='line_1_9' title="bbox 345 932 2002 1007; baseline -0.004 -15"><span class='ocrx_word' id='word_1_70' title='bbox 345 938 736 1006; x_wconf 86' lang='lat' dir='ltr'>reﬁceremur,</span> <span class='ocrx_word' id='word_1_71' title='bbox 762 952 878 1007; x_wconf 91' lang='lat' dir='ltr'>qua</span> <span class='ocrx_word' id='word_1_72' title='bbox 897 951 1030 990; x_wconf 90' lang='lat' dir='ltr'>cum</span> <span class='ocrx_word' id='word_1_73' title='bbox 1057 934 1170 990; x_wconf 92' lang='lat' dir='ltr'>Deo</span> <span class='ocrx_word' id='word_1_74' title='bbox 1193 933 1521 1006; x_wconf 87' lang='lat' dir='ltr'>loquentes,</span> <span class='ocrx_word' id='word_1_75' title='bbox 1541 932 2002 988; x_wconf 83' lang='lat' dir='ltr'>consolationem</span> 
     </span>
    </p>
   </div>
   <div class='ocr_carea' id='block_1_10' title="bbox 346 1024 2002 1095">
    <p class='ocr_par' dir='ltr' id='par_1_10' title="bbox 346 1024 2002 1095">
     <span class='ocr_line' id='line_1_10' title="bbox 346 1024 2002 1095; baseline -0.004 -14"><span class='ocrx_word' id='word_1_76' title='bbox 346 1025 718 1081; x_wconf 84' lang='lat' dir='ltr'>haberemus.</span> <span class='ocrx_word' id='word_1_77' title='bbox 743 1024 988 1079; x_wconf 83' lang='lat' dir='ltr'>Instruit</span> <span class='ocrx_word' id='word_1_78' title='bbox 1011 1039 1147 1095; x_wconf 92' lang='lat' dir='ltr'>ergo</span> <span class='ocrx_word' id='word_1_79' title='bbox 1169 1039 1276 1078; x_wconf 86' lang='lat' dir='ltr'>nos</span> <span class='ocrx_word' id='word_1_80' title='bbox 1319 1028 1494 1094; x_wconf 89' lang='lat' dir='ltr'>caput</span> <span class='ocrx_word' id='word_1_81' title='bbox 1518 1026 1804 1086; x_wconf 88' lang='lat' dir='ltr'>nostrum,</span> <span class='ocrx_word' id='word_1_82' title='bbox 1829 1037 2002 1076; x_wconf 89' lang='lat' dir='ltr'>verus</span> 
     </span>
    </p>
   </div>
   <div class='ocr_carea' id='block_1_11' title="bbox 341 1110 2002 1184">
    <p class='ocr_par' dir='ltr' id='par_1_11' title="bbox 341 1110 2002 1184">
     <span class='ocr_line' id='line_1_11' title="bbox 341 1110 2002 1184; baseline -0.003 -15"><span class='ocrx_word' id='word_1_83' title='bbox 341 1115 544 1182; x_wconf 82' lang='lat' dir='ltr'>David,</span> <span class='ocrx_word' id='word_1_84' title='bbox 569 1113 628 1168; x_wconf 93' lang='lat' dir='ltr'>in</span> <span class='ocrx_word' id='word_1_85' title='bbox 651 1130 787 1169; x_wconf 90' lang='lat' dir='ltr'>voce</span> <span class='ocrx_word' id='word_1_86' title='bbox 811 1130 918 1168; x_wconf 90' lang='lat' dir='ltr'>sua</span> <span class='ocrx_word' id='word_1_87' title='bbox 935 1116 992 1168; x_wconf 88' lang='lat' dir='ltr'>et</span> <span class='ocrx_word' id='word_1_88' title='bbox 1014 1113 1411 1167; x_wconf 82' lang='lat' dir='ltr'>membrorum</span> <span class='ocrx_word' id='word_1_89' title='bbox 1432 1111 1530 1184; x_wconf 88' lang='lat' dir='ltr'>qui</span> <span class='ocrx_word' id='word_1_90' title='bbox 1551 1111 1609 1165; x_wconf 93' lang='lat' dir='ltr'>in</span> <span class='ocrx_word' id='word_1_91' title='bbox 1639 1110 1749 1166; x_wconf 91' lang='lat' dir='ltr'>hoc</span> <span class='ocrx_word' id='word_1_92' title='bbox 1771 1110 2002 1166; x_wconf 90' lang='lat' dir='ltr'>deserto</span> 
     </span>
    </p>
   </div>
   <div class='ocr_carea' id='block_1_12' title="bbox 339 1201 2004 1277">
    <p class='ocr_par' dir='ltr' id='par_1_12' title="bbox 339 1201 2004 1277">
     <span class='ocr_line' id='line_1_12' title="bbox 339 1201 2004 1277; baseline -0.003 -18"><span class='ocrx_word' id='word_1_93' title='bbox 339 1203 514 1277; x_wconf 88' lang='lat' dir='ltr'>positi</span> <span class='ocrx_word' id='word_1_94' title='bbox 561 1219 730 1276; x_wconf 86' lang='lat' dir='ltr'>agere</span> <span class='ocrx_word' id='word_1_95' title='bbox 753 1202 1100 1258; x_wconf 87' lang='lat' dir='ltr'>debeamus.</span> <span class='ocrx_word' id='word_1_96' title='bbox 1136 1201 1199 1255; x_wconf 89' lang='lat' dir='ltr'>In</span> <span class='ocrx_word' id='word_1_97' title='bbox 1231 1217 1346 1272; x_wconf 93' lang='lat' dir='ltr'>quo</span> <span class='ocrx_word' id='word_1_98' title='bbox 1379 1202 1522 1255; x_wconf 81' lang='lat' dir='ltr'>beati</span> <span class='ocrx_word' id='word_1_99' title='bbox 1552 1202 1650 1272; x_wconf 97' lang='lat' dir='ltr'>qui</span> <span class='ocrx_word' id='word_1_100' title='bbox 1676 1202 1927 1254; x_wconf 78' lang='lat' dir='ltr'>esuriant</span> <span class='ocrx_word' id='word_1_101' title='bbox 1953 1205 2004 1254; x_wconf 90' lang='lat' dir='ltr'>et</span> 
     </span>
    </p>
   </div>
   <div class='ocr_carea' id='block_1_13' title="bbox 341 1288 1999 1364">
    <p class='ocr_par' dir='ltr' id='par_1_13' title="bbox 341 1288 1999 1364">
     <span class='ocr_line' id='line_1_13' title="bbox 341 1288 1999 1364; baseline -0.004 -16"><span class='ocrx_word' id='word_1_102' title='bbox 341 1295 545 1348; x_wconf 77' lang='lat' dir='ltr'>sitiunt</span> <span class='ocrx_word' id='word_1_103' title='bbox 565 1293 842 1364; x_wconf 76' lang='lat' dir='ltr'>justitiam</span> <span class='ocrx_word' id='word_1_104' title='bbox 873 1291 1078 1360; x_wconf 80' lang='lat' dir='ltr'>(Matth.</span> <span class='ocrx_word' id='word_1_105' title='bbox 1113 1289 1188 1362; x_wconf 90' lang='lat' dir='ltr'>v),</span> <span class='ocrx_word' id='word_1_106' title='bbox 1223 1288 1324 1361; x_wconf 90' lang='lat' dir='ltr'>qui</span> <span class='ocrx_word' id='word_1_107' title='bbox 1365 1289 1577 1344; x_wconf 80' lang='lat' dir='ltr'>sentiet</span> <span class='ocrx_word' id='word_1_108' title='bbox 1623 1289 1683 1343; x_wconf 92' lang='lat' dir='ltr'>in</span> <span class='ocrx_word' id='word_1_109' title='bbox 1727 1288 1999 1358; x_wconf 87' lang='lat' dir='ltr'>sitiendo,</span> 
     </span>
    </p>
   </div>
   <div class='ocr_carea' id='block_1_14' title="bbox 340 1377 2002 1448">
    <p class='ocr_par' dir='ltr' id='par_1_14' title="bbox 340 1377 2002 1448">
     <span class='ocr_line' id='line_1_14' title="bbox 340 1377 2002 1448; baseline -0.003 -12"><span class='ocrx_word' id='word_1_110' title='bbox 340 1381 555 1436; x_wconf 85' lang='lat' dir='ltr'>sentiet</span> <span class='ocrx_word' id='word_1_111' title='bbox 584 1381 643 1434; x_wconf 93' lang='lat' dir='ltr'>in</span> <span class='ocrx_word' id='word_1_112' title='bbox 677 1379 1010 1435; x_wconf 84' lang='lat' dir='ltr'>reﬁciendo.</span> <span class='ocrx_word' id='word_1_113' title='bbox 1047 1377 1295 1433; x_wconf 86' lang='lat' dir='ltr'>Sitiendi</span> <span class='ocrx_word' id='word_1_114' title='bbox 1335 1377 1500 1433; x_wconf 90' lang='lat' dir='ltr'>locus</span> <span class='ocrx_word' id='word_1_115' title='bbox 1546 1377 1664 1448; x_wconf 88' lang='lat' dir='ltr'>hic,</span> <span class='ocrx_word' id='word_1_116' title='bbox 1715 1393 1831 1433; x_wconf 91' lang='lat' dir='ltr'>non</span> <span class='ocrx_word' id='word_1_117' title='bbox 1864 1377 2002 1432; x_wconf 83' lang='lat' dir='ltr'>reii-</span> 
     </span>
    </p>
   </div>
   <div class='ocr_carea' id='block_1_15' title="bbox 341 1465 1536 1538">
    <p class='ocr_par' dir='ltr' id='par_1_15' title="bbox 341 1465 1536 1538">
     <span class='ocr_line' id='line_1_15' title="bbox 341 1465 1536 1538; baseline -0.003 -14"><span class='ocrx_word' id='word_1_118' title='bbox 341 1469 531 1526; x_wconf 90' lang='lat' dir='ltr'>ciendi</span> <span class='ocrx_word' id='word_1_119' title='bbox 562 1486 576 1538; x_wconf 85' lang='lat'><strong>;</strong></span> <span class='ocrx_word' id='word_1_120' title='bbox 610 1468 1025 1535; x_wconf 91' lang='lat' dir='ltr'>macrescendi,</span> <span class='ocrx_word' id='word_1_121' title='bbox 1055 1484 1170 1522; x_wconf 93' lang='lat' dir='ltr'>non</span> <span class='ocrx_word' id='word_1_122' title='bbox 1206 1465 1536 1538; x_wconf 81' lang='lat' dir='ltr'>saginandi.</span> 
     </span>
    </p>
   </div>
   <div class='ocr_carea' id='block_1_16' title="bbox 413 1573 2004 1645">
    <p class='ocr_par' dir='ltr' id='par_1_16' title="bbox 413 1573 2004 1645">
     <span class='ocr_line' id='line_1_16' title="bbox 413 1573 2004 1645; baseline -0.002 -15"><span class='ocrx_word' id='word_1_123' title='bbox 413 1578 576 1644; x_wconf 77' lang='lat' dir='ltr'>Deus,</span> <span class='ocrx_word' id='word_1_124' title='bbox 611 1574 836 1631; x_wconf 86' lang='lat' dir='ltr'>scilicet</span> <span class='ocrx_word' id='word_1_125' title='bbox 868 1573 1134 1630; x_wconf 91' lang='lat' dir='ltr'>omnium</span> <span class='ocrx_word' id='word_1_126' title='bbox 1180 1589 1283 1645; x_wconf 89' lang='lat' dir='ltr'>per</span> <span class='ocrx_word' id='word_1_127' title='bbox 1333 1579 1626 1644; x_wconf 86' lang='lat' dir='ltr'>naturam,</span> <span class='ocrx_word' id='word_1_128' title='bbox 1683 1574 1826 1629; x_wconf 77' lang='lat' dir='ltr'>Deus</span> <span class='ocrx_word' id='word_1_129' title='bbox 1853 1587 2004 1628; x_wconf 82' lang='lat' dir='ltr'>meus</span> 
     </span>
    </p>
   </div>
   <div class='ocr_carea' id='block_1_17' title="bbox 343 1662 2001 1738">
    <p class='ocr_par' dir='ltr' id='par_1_17' title="bbox 343 1662 2001 1738">
     <span class='ocr_line' id='line_1_17' title="bbox 343 1662 2001 1738; baseline -0.002 -17"><span class='ocrx_word' id='word_1_130' title='bbox 343 1683 446 1738; x_wconf 92' lang='lat' dir='ltr'>per</span> <span class='ocrx_word' id='word_1_131' title='bbox 475 1664 746 1738; x_wconf 86' lang='lat' dir='ltr'>gratiam,</span> <span class='ocrx_word' id='word_1_132' title='bbox 778 1664 847 1718; x_wconf 80' lang='lat' dir='ltr'>ad</span> <span class='ocrx_word' id='word_1_133' title='bbox 879 1668 928 1718; x_wconf 85' lang='lat' dir='ltr'>te</span> <span class='ocrx_word' id='word_1_134' title='bbox 956 1663 1143 1734; x_wconf 85' lang='lat' dir='ltr'>vigilo,</span> <span class='ocrx_word' id='word_1_135' title='bbox 1169 1680 1283 1718; x_wconf 91' lang='lat' dir='ltr'>non</span> <span class='ocrx_word' id='word_1_136' title='bbox 1310 1664 1381 1718; x_wconf 91' lang='lat' dir='ltr'>ad</span> <span class='ocrx_word' id='word_1_137' title='bbox 1406 1663 1702 1718; x_wconf 90' lang='lat' dir='ltr'>desertum</span> <span class='ocrx_word' id='word_1_138' title='bbox 1723 1662 1879 1718; x_wconf 88' lang='lat' dir='ltr'>istud</span> <span class='ocrx_word' id='word_1_139' title='bbox 1907 1678 1918 1717; x_wconf 91' lang='lat'>:</span> <span class='ocrx_word' id='word_1_140' title='bbox 1944 1667 2001 1718; x_wconf 85' lang='lat' dir='ltr'>te</span> 
     </span>
    </p>
   </div>
   <div class='ocr_carea' id='block_1_18' title="bbox 344 1749 2081 1840">
    <p class='ocr_par' dir='ltr' id='par_1_18' title="bbox 344 1749 2081 1840">
     <span class='ocr_line' id='line_1_18' title="bbox 344 1749 2081 1840; baseline -0.002 -30"><span class='ocrx_word' id='word_1_141' title='bbox 344 1754 540 1810; x_wconf 89' lang='lat' dir='ltr'>solum</span> <span class='ocrx_word' id='word_1_142' title='bbox 570 1752 855 1808; x_wconf 89' lang='lat' dir='ltr'>desidero.</span> <span class='ocrx_word' id='word_1_143' title='bbox 889 1751 991 1808; x_wconf 87' lang='lat' dir='ltr'>Ille</span> <span class='ocrx_word' id='word_1_144' title='bbox 1018 1753 1089 1808; x_wconf 89' lang='lat' dir='ltr'>ad</span> <span class='ocrx_word' id='word_1_145' title='bbox 1146 1754 1323 1807; x_wconf 78' lang='lat' dir='ltr'>Deum</span> <span class='ocrx_word' id='word_1_146' title='bbox 1378 1752 1597 1825; x_wconf 85' lang='lat' dir='ltr'>vigilat,</span> <span class='ocrx_word' id='word_1_147' title='bbox 1656 1753 1755 1824; x_wconf 88' lang='lat' dir='ltr'>qui</span> <span class='ocrx_word' id='word_1_148' title='bbox 1788 1749 2000 1807; x_wconf 65' lang='lat' dir='ltr'>seculo</span> <span class='ocrx_word' id='word_1_149' title='bbox 2032 1775 2081 1840; x_wconf 84' lang='lat' dir='ltr'><strong>B</strong></span> 
     </span>
    </p>
   </div>
   <div class='ocr_carea' id='block_1_19' title="bbox 346 1840 1996 1912">
    <p class='ocr_par' dir='ltr' id='par_1_19' title="bbox 346 1840 1996 1912">
     <span class='ocr_line' id='line_1_19' title="bbox 346 1840 1996 1912; baseline -0.002 -14"><span class='ocrx_word' id='word_1_150' title='bbox 346 1842 583 1898; x_wconf 88' lang='lat' dir='ltr'>dormit.</span> <span class='ocrx_word' id='word_1_151' title='bbox 613 1842 748 1896; x_wconf 72' lang='lat' dir='ltr'>Duae</span> <span class='ocrx_word' id='word_1_152' title='bbox 781 1847 921 1897; x_wconf 90' lang='lat' dir='ltr'>sunt</span> <span class='ocrx_word' id='word_1_153' title='bbox 949 1840 1356 1911; x_wconf 90' lang='lat' dir='ltr'>dormitiones,</span> <span class='ocrx_word' id='word_1_154' title='bbox 1391 1841 1547 1896; x_wconf 89' lang='lat' dir='ltr'>sicut</span> <span class='ocrx_word' id='word_1_155' title='bbox 1591 1841 1719 1896; x_wconf 65' lang='lat' dir='ltr'>duae</span> <span class='ocrx_word' id='word_1_156' title='bbox 1749 1840 1996 1912; x_wconf 72' lang='lat' dir='ltr'>vigiliae:</span> 
     </span>
    </p>
   </div>
   <div class='ocr_carea' id='block_1_20' title="bbox 345 1928 2003 2004">
    <p class='ocr_par' dir='ltr' id='par_1_20' title="bbox 345 1928 2003 2004">
     <span class='ocr_line' id='line_1_20' title="bbox 345 1928 2003 2004; baseline -0.001 -19"><span class='ocrx_word' id='word_1_157' title='bbox 345 1949 465 1986; x_wconf 90' lang='lat' dir='ltr'>una</span> <span class='ocrx_word' id='word_1_158' title='bbox 485 1930 765 2004; x_wconf 90' lang='lat' dir='ltr'>corporis,</span> <span class='ocrx_word' id='word_1_159' title='bbox 796 1930 979 1986; x_wconf 88' lang='lat' dir='ltr'>altera</span> <span class='ocrx_word' id='word_1_160' title='bbox 1001 1931 1230 1985; x_wconf 64' lang='lat' dir='ltr'>animai.</span> <span class='ocrx_word' id='word_1_161' title='bbox 1257 1929 1538 1984; x_wconf 91' lang='lat' dir='ltr'>Dormitio</span> <span class='ocrx_word' id='word_1_162' title='bbox 1557 1928 1814 2002; x_wconf 90' lang='lat' dir='ltr'>corporis</span> <span class='ocrx_word' id='word_1_163' title='bbox 1831 1929 2003 1984; x_wconf 88' lang='lat' dir='ltr'>inter-</span> 
     </span>
    </p>
   </div>
   <div class='ocr_carea' id='block_1_21' title="bbox 346 2019 2000 2092">
    <p class='ocr_par' dir='ltr' id='par_1_21' title="bbox 346 2019 2000 2092">
     <span class='ocr_line' id='line_1_21' title="bbox 346 2019 2000 2092; baseline -0.002 -16"><span class='ocrx_word' id='word_1_164' title='bbox 346 2022 484 2076; x_wconf 87' lang='lat' dir='ltr'>dum</span> <span class='ocrx_word' id='word_1_165' title='bbox 521 2027 609 2076; x_wconf 90' lang='lat' dir='ltr'>est</span> <span class='ocrx_word' id='word_1_166' title='bbox 640 2019 989 2086; x_wconf 88' lang='lat' dir='ltr'>necessaria,</span> <span class='ocrx_word' id='word_1_167' title='bbox 1025 2025 1089 2074; x_wconf 94' lang='lat' dir='ltr'>ut</span> <span class='ocrx_word' id='word_1_168' title='bbox 1118 2037 1219 2092; x_wconf 89' lang='lat' dir='ltr'>per</span> <span class='ocrx_word' id='word_1_169' title='bbox 1257 2019 1513 2090; x_wconf 75' lang='lat' dir='ltr'>quietem</span> <span class='ocrx_word' id='word_1_170' title='bbox 1566 2021 1857 2074; x_wconf 87' lang='lat' dir='ltr'>recreetur</span> <span class='ocrx_word' id='word_1_171' title='bbox 1885 2033 2000 2088; x_wconf 90' lang='lat' dir='ltr'>quo</span> 
     </span>
    </p>
   </div>
   <div class='ocr_carea' id='block_1_22' title="bbox 345 2104 2001 2180">
    <p class='ocr_par' dir='ltr' id='par_1_22' title="bbox 345 2104 2001 2180">
     <span class='ocr_line' id='line_1_22' title="bbox 345 2104 2001 2180; baseline -0.003 -15"><span class='ocrx_word' id='word_1_172' title='bbox 345 2109 604 2166; x_wconf 76' lang='lat' dir='ltr'>sufficiat</span> <span class='ocrx_word' id='word_1_173' title='bbox 634 2109 891 2164; x_wconf 89' lang='lat' dir='ltr'>motibus</span> <span class='ocrx_word' id='word_1_174' title='bbox 924 2124 1157 2180; x_wconf 87' lang='lat' dir='ltr'>semper</span> <span class='ocrx_word' id='word_1_175' title='bbox 1185 2107 1414 2180; x_wconf 86' lang='lat' dir='ltr'>agentis</span> <span class='ocrx_word' id='word_1_176' title='bbox 1444 2106 1676 2163; x_wconf 70' lang='lat' dir='ltr'>animai.</span> <span class='ocrx_word' id='word_1_177' title='bbox 1718 2104 2001 2162; x_wconf 89' lang='lat' dir='ltr'>Dormitio</span> 
     </span>
    </p>
   </div>
   <div class='ocr_carea' id='block_1_23' title="bbox 342 2195 1995 2265">
    <p class='ocr_par' dir='ltr' id='par_1_23' title="bbox 342 2195 1995 2265">
     <span class='ocr_line' id='line_1_23' title="bbox 342 2195 1995 2265; baseline -0.003 -11"><span class='ocrx_word' id='word_1_178' title='bbox 342 2199 551 2255; x_wconf 69' lang='lat' dir='ltr'>animae</span> <span class='ocrx_word' id='word_1_179' title='bbox 583 2203 690 2265; x_wconf 87' lang='lat' dir='ltr'>est,</span> <span class='ocrx_word' id='word_1_180' title='bbox 724 2198 989 2254; x_wconf 81' lang='lat' dir='ltr'>oblivisci</span> <span class='ocrx_word' id='word_1_181' title='bbox 1021 2197 1309 2253; x_wconf 88' lang='lat' dir='ltr'>Creatoris</span> <span class='ocrx_word' id='word_1_182' title='bbox 1341 2197 1471 2252; x_wconf 92' lang='lat' dir='ltr'>sui:</span> <span class='ocrx_word' id='word_1_183' title='bbox 1529 2196 1684 2251; x_wconf 91' lang='lat' dir='ltr'>unde</span> <span class='ocrx_word' id='word_1_184' title='bbox 1731 2195 1951 2250; x_wconf 92' lang='lat' dir='ltr'>dicitur</span> <span class='ocrx_word' id='word_1_185' title='bbox 1982 2210 1995 2248; x_wconf 92' lang='lat'>:</span> 
     </span>
    </p>
   </div>
   <div class='ocr_carea' id='block_1_24' title="bbox 344 2295 2008 2369">
    <p class='ocr_par' dir='ltr' id='par_1_24' title="bbox 344 2295 2008 2369">
     <span class='ocr_line' id='line_1_24' title="bbox 344 2295 2008 2369; baseline -0.002 -17"><span class='ocrx_word' id='word_1_186' title='bbox 344 2297 522 2367; x_wconf 84' lang='lat' dir='ltr'>Surge</span> <span class='ocrx_word' id='word_1_187' title='bbox 546 2299 645 2369; x_wconf 91' lang='lat' dir='ltr'>qui</span> <span class='ocrx_word' id='word_1_188' title='bbox 663 2299 892 2364; x_wconf 77' lang='lat' dir='ltr'>dormis,</span> <span class='ocrx_word' id='word_1_189' title='bbox 913 2301 963 2352; x_wconf 89' lang='lat' dir='ltr'>et</span> <span class='ocrx_word' id='word_1_190' title='bbox 982 2312 1212 2367; x_wconf 75' lang='lat' dir='ltr'>exsurge</span> <span class='ocrx_word' id='word_1_191' title='bbox 1235 2313 1271 2351; x_wconf 92' lang='lat' dir='ltr'>a</span> <span class='ocrx_word' id='word_1_192' title='bbox 1289 2297 1540 2362; x_wconf 83' lang='lat' dir='ltr'>mortuis,</span> <span class='ocrx_word' id='word_1_193' title='bbox 1562 2303 1615 2350; x_wconf 87' lang='lat' dir='ltr'>et</span> <span class='ocrx_word' id='word_1_194' title='bbox 1653 2295 2008 2350; x_wconf 85' lang='lat' dir='ltr'>ittuminabit.</span> 
     </span>
    </p>
   </div>
   <div class='ocr_carea' id='block_1_25' title="bbox 343 2383 2006 2458">
    <p class='ocr_par' dir='ltr' id='par_1_25' title="bbox 343 2383 2006 2458">
     <span class='ocr_line' id='line_1_25' title="bbox 343 2383 2006 2458; baseline -0.003 -16"><span class='ocrx_word' id='word_1_195' title='bbox 343 2396 393 2442; x_wconf 92' lang='lat' dir='ltr'>te</span> <span class='ocrx_word' id='word_1_196' title='bbox 426 2387 669 2442; x_wconf 83' lang='lat' dir='ltr'>Christus</span> <span class='ocrx_word' id='word_1_197' title='bbox 698 2388 856 2458; x_wconf 84' lang='lat' dir='ltr'>(Eph.</span> <span class='ocrx_word' id='word_1_198' title='bbox 892 2387 964 2454; x_wconf 80' lang='grc' dir='ltr'>ν).</span> <span class='ocrx_word' id='word_1_199' title='bbox 998 2385 1226 2458; x_wconf 80' lang='lat' dir='ltr'>Vigiliae</span> <span class='ocrx_word' id='word_1_200' title='bbox 1247 2385 1458 2440; x_wconf 72' lang='lat' dir='ltr'>animae</span> <span class='ocrx_word' id='word_1_201' title='bbox 1479 2389 1587 2452; x_wconf 89' lang='lat' dir='ltr'>est,</span> <span class='ocrx_word' id='word_1_202' title='bbox 1614 2383 1799 2438; x_wconf 89' lang='lat' dir='ltr'>Deum</span> <span class='ocrx_word' id='word_1_203' title='bbox 1824 2398 2006 2438; x_wconf 89' lang='lat' dir='ltr'>suum</span> 
     </span>
    </p>
   </div>
   <div class='ocr_carea' id='block_1_26' title="bbox 343 2469 2000 2546">
    <p class='ocr_par' dir='ltr' id='par_1_26' title="bbox 343 2469 2000 2546">
     <span class='ocr_line' id='line_1_26' title="bbox 343 2469 2000 2546; baseline -0.003 -16"><span class='ocrx_word' id='word_1_204' title='bbox 343 2492 576 2546; x_wconf 88' lang='lat' dir='ltr'>semper</span> <span class='ocrx_word' id='word_1_205' title='bbox 606 2475 665 2529; x_wconf 90' lang='lat' dir='ltr'>in</span> <span class='ocrx_word' id='word_1_206' title='bbox 688 2473 974 2530; x_wconf 88' lang='lat' dir='ltr'>memoria</span> <span class='ocrx_word' id='word_1_207' title='bbox 995 2474 1228 2541; x_wconf 87' lang='lat' dir='ltr'>habere,</span> <span class='ocrx_word' id='word_1_208' title='bbox 1252 2473 1422 2528; x_wconf 90' lang='lat' dir='ltr'>illum</span> <span class='ocrx_word' id='word_1_209' title='bbox 1448 2473 1630 2540; x_wconf 89' lang='lat' dir='ltr'>sitire,</span> <span class='ocrx_word' id='word_1_210' title='bbox 1654 2471 1824 2526; x_wconf 91' lang='lat' dir='ltr'>illum</span> <span class='ocrx_word' id='word_1_211' title='bbox 1847 2469 2000 2527; x_wconf 90' lang='lat' dir='ltr'>desi-</span> 
     </span>
    </p>
   </div>
   <div class='ocr_carea' id='block_1_27' title="bbox 344 2559 2000 2627">
    <p class='ocr_par' dir='ltr' id='par_1_27' title="bbox 344 2559 2000 2627">
     <span class='ocr_line' id='line_1_27' title="bbox 344 2559 2000 2627; baseline 0 -11"><span class='ocrx_word' id='word_1_212' title='bbox 344 2563 567 2627; x_wconf 89' lang='lat' dir='ltr'>derare,</span> <span class='ocrx_word' id='word_1_213' title='bbox 597 2563 751 2616; x_wconf 89' lang='lat' dir='ltr'>bona</span> <span class='ocrx_word' id='word_1_214' title='bbox 780 2561 1158 2616; x_wconf 86' lang='lat' dir='ltr'>conversione</span> <span class='ocrx_word' id='word_1_215' title='bbox 1188 2566 1245 2614; x_wconf 91' lang='lat' dir='ltr'>et</span> <span class='ocrx_word' id='word_1_216' title='bbox 1278 2561 1388 2615; x_wconf 83' lang='lat' dir='ltr'>vita</span> <span class='ocrx_word' id='word_1_217' title='bbox 1418 2561 1490 2614; x_wconf 91' lang='lat' dir='ltr'>ad</span> <span class='ocrx_word' id='word_1_218' title='bbox 1532 2559 1699 2614; x_wconf 89' lang='lat' dir='ltr'>illum</span> <span class='ocrx_word' id='word_1_219' title='bbox 1740 2559 2000 2617; x_wconf 86' lang='lat' dir='ltr'>tendere.</span> 
     </span>
    </p>
   </div>
   <div class='ocr_carea' id='block_1_28' title="bbox 347 2647 2002 2720">
    <p class='ocr_par' dir='ltr' id='par_1_28' title="bbox 347 2647 2002 2720">
     <span class='ocr_line' id='line_1_28' title="bbox 347 2647 2002 2720; baseline -0.003 -15"><span class='ocrx_word' id='word_1_220' title='bbox 347 2651 429 2705; x_wconf 89' lang='lat' dir='ltr'>De</span> <span class='ocrx_word' id='word_1_221' title='bbox 460 2667 578 2720; x_wconf 90' lang='lat' dir='ltr'>qua</span> <span class='ocrx_word' id='word_1_222' title='bbox 606 2649 806 2720; x_wconf 87' lang='lat' dir='ltr'>vigilia</span> <span class='ocrx_word' id='word_1_223' title='bbox 836 2648 930 2703; x_wconf 89' lang='lat' dir='ltr'>hic</span> <span class='ocrx_word' id='word_1_224' title='bbox 961 2649 1121 2715; x_wconf 90' lang='lat' dir='ltr'>dicit,</span> <span class='ocrx_word' id='word_1_225' title='bbox 1151 2649 1344 2718; x_wconf 85' lang='lat' dir='ltr'>vigilo,</span> <span class='ocrx_word' id='word_1_226' title='bbox 1381 2648 1438 2701; x_wconf 89' lang='lat' dir='ltr'>id</span> <span class='ocrx_word' id='word_1_227' title='bbox 1469 2652 1580 2714; x_wconf 89' lang='lat' dir='ltr'>est,</span> <span class='ocrx_word' id='word_1_228' title='bbox 1612 2647 1768 2702; x_wconf 88' lang='lat' dir='ltr'>bona</span> <span class='ocrx_word' id='word_1_229' title='bbox 1797 2662 2002 2718; x_wconf 89' lang='lat' dir='ltr'>opera-</span> 
     </span>
    </p>
   </div>
   <div class='ocr_carea' id='block_1_29' title="bbox 345 2735 2000 2807">
    <p class='ocr_par' dir='ltr' id='par_1_29' title="bbox 345 2735 2000 2807">
     <span class='ocr_line' id='line_1_29' title="bbox 345 2735 2000 2807; baseline -0.002 -14"><span class='ocrx_word' id='word_1_230' title='bbox 345 2739 500 2794; x_wconf 91' lang='lat' dir='ltr'>tione</span> <span class='ocrx_word' id='word_1_231' title='bbox 530 2743 586 2793; x_wconf 91' lang='lat' dir='ltr'>et</span> <span class='ocrx_word' id='word_1_232' title='bbox 611 2737 771 2793; x_wconf 91' lang='lat' dir='ltr'>omni</span> <span class='ocrx_word' id='word_1_233' title='bbox 803 2737 997 2792; x_wconf 88' lang='lat' dir='ltr'>studio</span> <span class='ocrx_word' id='word_1_234' title='bbox 1030 2753 1128 2792; x_wconf 93' lang='lat' dir='ltr'>cor</span> <span class='ocrx_word' id='word_1_235' title='bbox 1150 2753 1346 2792; x_wconf 91' lang='lat' dir='ltr'>meum</span> <span class='ocrx_word' id='word_1_236' title='bbox 1370 2735 1440 2791; x_wconf 91' lang='lat' dir='ltr'>ad</span> <span class='ocrx_word' id='word_1_237' title='bbox 1473 2740 1528 2790; x_wconf 92' lang='lat' dir='ltr'>te</span> <span class='ocrx_word' id='word_1_238' title='bbox 1550 2736 2000 2807; x_wconf 88' lang='lat' dir='ltr'>promerendum</span> 
     </span>
    </p>
   </div>
   <div class='ocr_carea' id='block_1_30' title="bbox 346 2823 1998 2895">
    <p class='ocr_par' dir='ltr' id='par_1_30' title="bbox 346 2823 1998 2895">
     <span class='ocr_line' id='line_1_30' title="bbox 346 2823 1998 2895; baseline -0.002 -12"><span class='ocrx_word' id='word_1_239' title='bbox 346 2844 408 2883; x_wconf 91' lang='lat' dir='ltr'>se</span> <span class='ocrx_word' id='word_1_240' title='bbox 429 2826 705 2883; x_wconf 81' lang='lat' dir='ltr'>extendit.</span> <span class='ocrx_word' id='word_1_241' title='bbox 732 2827 805 2882; x_wconf 92' lang='lat' dir='ltr'>De</span> <span class='ocrx_word' id='word_1_242' title='bbox 823 2829 959 2894; x_wconf 84' lang='lat' dir='ltr'>luce,</span> <span class='ocrx_word' id='word_1_243' title='bbox 988 2826 1045 2880; x_wconf 91' lang='lat' dir='ltr'>id</span> <span class='ocrx_word' id='word_1_244' title='bbox 1067 2831 1175 2895; x_wconf 89' lang='lat' dir='ltr'>est,</span> <span class='ocrx_word' id='word_1_245' title='bbox 1200 2825 1270 2880; x_wconf 89' lang='lat' dir='ltr'>de</span> <span class='ocrx_word' id='word_1_246' title='bbox 1292 2830 1395 2879; x_wconf 88' lang='lat' dir='ltr'>tua</span> <span class='ocrx_word' id='word_1_247' title='bbox 1433 2823 1902 2892; x_wconf 86' lang='lat' dir='ltr'>illuminatione;</span> <span class='ocrx_word' id='word_1_248' title='bbox 1935 2828 1998 2879; x_wconf 91' lang='lat' dir='ltr'>tu</span> 
     </span>
    </p>
   </div>
   <div class='ocr_carea' id='block_1_31' title="bbox 346 2911 1996 2983">
    <p class='ocr_par' dir='ltr' id='par_1_31' title="bbox 346 2911 1996 2983">
     <span class='ocr_line' id='line_1_31' title="bbox 346 2911 1996 2983; baseline -0.002 -11"><span class='ocrx_word' id='word_1_249' title='bbox 346 2917 559 2972; x_wconf 89' lang='lat' dir='ltr'>dedisti</span> <span class='ocrx_word' id='word_1_250' title='bbox 584 2915 725 2970; x_wconf 90' lang='lat' dir='ltr'>mihi</span> <span class='ocrx_word' id='word_1_251' title='bbox 749 2915 900 2969; x_wconf 90' lang='lat' dir='ltr'>hanc</span> <span class='ocrx_word' id='word_1_252' title='bbox 921 2914 1135 2983; x_wconf 89' lang='lat' dir='ltr'>lucem,</span> <span class='ocrx_word' id='word_1_253' title='bbox 1181 2913 1239 2968; x_wconf 91' lang='lat' dir='ltr'>id</span> <span class='ocrx_word' id='word_1_254' title='bbox 1263 2918 1372 2983; x_wconf 89' lang='lat' dir='ltr'>est,</span> <span class='ocrx_word' id='word_1_255' title='bbox 1413 2911 1569 2968; x_wconf 88' lang='lat' dir='ltr'>hunc</span> <span class='ocrx_word' id='word_1_256' title='bbox 1596 2911 1996 2980; x_wconf 87' lang='lat' dir='ltr'>intellectum;</span> 
     </span>
    </p>
   </div>
   <div class='ocr_carea' id='block_1_32' title="bbox 338 3001 2001 3076">
    <p class='ocr_par' dir='ltr' id='par_1_32' title="bbox 338 3001 2001 3076">
     <span class='ocr_line' id='line_1_32' title="bbox 338 3001 2001 3076; baseline -0.002 -16"><span class='ocrx_word' id='word_1_257' title='bbox 338 3007 509 3076; x_wconf 82' lang='lat' dir='ltr'>juxta</span> <span class='ocrx_word' id='word_1_258' title='bbox 543 3003 920 3075; x_wconf 87' lang='lat' dir='ltr'>Apostolum:</span> <span class='ocrx_word' id='word_1_259' title='bbox 966 3003 1169 3057; x_wconf 82' lang='lat' dir='ltr'>Fuistis</span> <span class='ocrx_word' id='word_1_260' title='bbox 1211 3001 1504 3072; x_wconf 85' lang='lat' dir='ltr'>aliquando</span> <span class='ocrx_word' id='word_1_261' title='bbox 1553 3002 1812 3068; x_wconf 67' lang='lat' dir='ltr'>tenebrae,</span> <span class='ocrx_word' id='word_1_262' title='bbox 1851 3018 2001 3057; x_wconf 76' lang='lat' dir='ltr'>nunc</span> 
     </span>
    </p>
   </div>
   <div class='ocr_carea' id='block_1_33' title="bbox 347 3091 1999 3162">
    <p class='ocr_par' dir='ltr' id='par_1_33' title="bbox 347 3091 1999 3162">
     <span class='ocr_line' id='line_1_33' title="bbox 347 3091 1999 3162; baseline -0.002 -14"><span class='ocrx_word' id='word_1_263' title='bbox 347 3098 532 3148; x_wconf 88' lang='lat' dir='ltr'>autem</span> <span class='ocrx_word' id='word_1_264' title='bbox 554 3094 652 3148; x_wconf 75' lang='lat' dir='ltr'>lux</span> <span class='ocrx_word' id='word_1_265' title='bbox 672 3093 732 3146; x_wconf 86' lang='lat' dir='ltr'>in</span> <span class='ocrx_word' id='word_1_266' title='bbox 752 3093 979 3147; x_wconf 89' lang='lat' dir='ltr'>Domino</span> <span class='ocrx_word' id='word_1_267' title='bbox 995 3091 1203 3162; x_wconf 80' lang='lat' dir='ltr'>(Ibid.).</span> <span class='ocrx_word' id='word_1_268' title='bbox 1226 3091 1326 3144; x_wconf 88' lang='lat' dir='ltr'>Vel</span> <span class='ocrx_word' id='word_1_269' title='bbox 1344 3092 1534 3161; x_wconf 83' lang='lat' dir='ltr'>vigilo,</span> <span class='ocrx_word' id='word_1_270' title='bbox 1555 3091 1610 3144; x_wconf 92' lang='lat' dir='ltr'>id</span> <span class='ocrx_word' id='word_1_271' title='bbox 1629 3095 1716 3145; x_wconf 88' lang='lat' dir='ltr'>est</span> <span class='ocrx_word' id='word_1_272' title='bbox 1734 3091 1999 3146; x_wconf 89' lang='lat' dir='ltr'>studiosa</span> 
     </span>
    </p>
   </div>
   <div class='ocr_carea' id='block_1_34' title="bbox 2112 483 3766 559">
    <p class='ocr_par' dir='ltr' id='par_1_34' title="bbox 2112 483 3766 559">
     <span class='ocr_line' id='line_1_34' title="bbox 2112 483 3766 559; baseline -0.001 -17"><span class='ocrx_word' id='word_1_273' title='bbox 2112 487 2310 543; x_wconf 85' lang='lat' dir='ltr'>nullus</span> <span class='ocrx_word' id='word_1_274' title='bbox 2342 487 2648 543; x_wconf 88' lang='lat' dir='ltr'>inhabitat.</span> <span class='ocrx_word' id='word_1_275' title='bbox 2681 487 2835 543; x_wconf 87' lang='lat' dir='ltr'>Invia</span> <span class='ocrx_word' id='word_1_276' title='bbox 2889 494 2995 552; x_wconf 88' lang='lat' dir='ltr'>est,</span> <span class='ocrx_word' id='word_1_277' title='bbox 3056 487 3192 559; x_wconf 87' lang='lat' dir='ltr'>quia</span> <span class='ocrx_word' id='word_1_278' title='bbox 3247 488 3538 559; x_wconf 90' lang='lat' dir='ltr'>quantum</span> <span class='ocrx_word' id='word_1_279' title='bbox 3583 483 3657 540; x_wconf 89' lang='lat' dir='ltr'>ad</span> <span class='ocrx_word' id='word_1_280' title='bbox 3682 499 3766 552; x_wconf 81' lang='lat' dir='ltr'>se,</span> 
     </span>
    </p>
   </div>
   <div class='ocr_carea' id='block_1_35' title="bbox 2110 572 3771 648">
    <p class='ocr_par' dir='ltr' id='par_1_35' title="bbox 2110 572 3771 648">
     <span class='ocr_line' id='line_1_35' title="bbox 2110 572 3771 648; baseline -0.001 -15"><span class='ocrx_word' id='word_1_281' title='bbox 2110 577 2336 633; x_wconf 87' lang='lat' dir='ltr'>nullam</span> <span class='ocrx_word' id='word_1_282' title='bbox 2367 577 2544 632; x_wconf 88' lang='lat' dir='ltr'>habet</span> <span class='ocrx_word' id='word_1_283' title='bbox 2572 576 2726 632; x_wconf 90' lang='lat' dir='ltr'>viam</span> <span class='ocrx_word' id='word_1_284' title='bbox 2759 593 2885 648; x_wconf 67' lang='lat' dir='ltr'>qua:</span> <span class='ocrx_word' id='word_1_285' title='bbox 2917 577 2988 632; x_wconf 90' lang='lat' dir='ltr'>ad</span> <span class='ocrx_word' id='word_1_286' title='bbox 3019 577 3199 631; x_wconf 85' lang='lat' dir='ltr'>vitam</span> <span class='ocrx_word' id='word_1_287' title='bbox 3229 576 3426 638; x_wconf 89' lang='lat' dir='ltr'>ducat,</span> <span class='ocrx_word' id='word_1_288' title='bbox 3449 573 3572 630; x_wconf 90' lang='lat' dir='ltr'>imo</span> <span class='ocrx_word' id='word_1_289' title='bbox 3594 572 3771 648; x_wconf 81' lang='lat' dir='ltr'>plena</span> 
     </span>
    </p>
   </div>
   <div class='ocr_carea' id='block_1_36' title="bbox 2109 663 3768 736">
    <p class='ocr_par' dir='ltr' id='par_1_36' title="bbox 2109 663 3768 736">
     <span class='ocr_line' id='line_1_36' title="bbox 2109 663 3768 736; baseline -0.001 -16"><span class='ocrx_word' id='word_1_290' title='bbox 2109 669 2198 721; x_wconf 90' lang='lat' dir='ltr'>est</span> <span class='ocrx_word' id='word_1_291' title='bbox 2231 665 2432 720; x_wconf 91' lang='lat' dir='ltr'>multis</span> <span class='ocrx_word' id='word_1_292' title='bbox 2462 665 2778 721; x_wconf 89' lang='lat' dir='ltr'>erroribus.</span> <span class='ocrx_word' id='word_1_293' title='bbox 2810 670 3078 736; x_wconf 85' lang='lat' dir='ltr'>lnaquosa</span> <span class='ocrx_word' id='word_1_294' title='bbox 3107 669 3217 730; x_wconf 89' lang='lat' dir='ltr'>est,</span> <span class='ocrx_word' id='word_1_295' title='bbox 3250 667 3544 736; x_wconf 89' lang='lat' dir='ltr'>quantum</span> <span class='ocrx_word' id='word_1_296' title='bbox 3575 663 3650 719; x_wconf 88' lang='lat' dir='ltr'>ad</span> <span class='ocrx_word' id='word_1_297' title='bbox 3669 679 3768 719; x_wconf 91' lang='lat' dir='ltr'>se:</span> 
     </span>
    </p>
   </div>
   <div class='ocr_carea' id='block_1_37' title="bbox 2111 761 3772 836">
    <p class='ocr_par' dir='ltr' id='par_1_37' title="bbox 2111 761 3772 836">
     <span class='ocr_line' id='line_1_37' title="bbox 2111 761 3772 836; baseline -0.001 -18"><span class='ocrx_word' id='word_1_298' title='bbox 2111 764 2251 836; x_wconf 90' lang='lat' dir='ltr'>quia</span> <span class='ocrx_word' id='word_1_299' title='bbox 2282 779 2396 818; x_wconf 92' lang='lat' dir='ltr'>non</span> <span class='ocrx_word' id='word_1_300' title='bbox 2427 763 2604 819; x_wconf 87' lang='lat' dir='ltr'>habet</span> <span class='ocrx_word' id='word_1_301' title='bbox 2633 779 2844 835; x_wconf 89' lang='lat' dir='ltr'>aquam</span> <span class='ocrx_word' id='word_1_302' title='bbox 2876 763 3068 818; x_wconf 89' lang='lat' dir='ltr'>vivam</span> <span class='ocrx_word' id='word_1_303' title='bbox 3097 778 3215 835; x_wconf 92' lang='lat' dir='ltr'>qua</span> <span class='ocrx_word' id='word_1_304' title='bbox 3261 761 3524 818; x_wconf 80' lang='lat' dir='ltr'>reﬁcitur</span> <span class='ocrx_word' id='word_1_305' title='bbox 3554 761 3772 833; x_wconf 80' lang='lat' dir='ltr'>anima,</span> 
     </span>
    </p>
   </div>
   <div class='ocr_carea' id='block_1_38' title="bbox 2111 850 3774 926">
    <p class='ocr_par' dir='ltr' id='par_1_38' title="bbox 2111 850 3774 926">
     <span class='ocr_line' id='line_1_38' title="bbox 2111 850 3774 926; baseline -0.001 -18"><span class='ocrx_word' id='word_1_306' title='bbox 2111 852 2334 910; x_wconf 89' lang='lat' dir='ltr'>scilicet</span> <span class='ocrx_word' id='word_1_307' title='bbox 2374 852 2742 925; x_wconf 88' lang='lat' dir='ltr'>spiritualem</span> <span class='ocrx_word' id='word_1_308' title='bbox 2797 852 3048 926; x_wconf 84' lang='lat' dir='ltr'>gratiam</span> <span class='ocrx_word' id='word_1_309' title='bbox 3101 851 3190 908; x_wconf 86' lang='lat' dir='ltr'>vel</span> <span class='ocrx_word' id='word_1_310' title='bbox 3249 850 3580 907; x_wconf 87' lang='lat' dir='ltr'>doctrinam</span> <span class='ocrx_word' id='word_1_311' title='bbox 3609 850 3774 906; x_wconf 85' lang='lat' dir='ltr'>verbi</span> 
     </span>
    </p>
   </div>
   <div class='ocr_carea' id='block_1_39' title="bbox 2111 939 3768 1008">
    <p class='ocr_par' dir='ltr' id='par_1_39' title="bbox 2111 939 3768 1008">
     <span class='ocr_line' id='line_1_39' title="bbox 2111 939 3768 1008; baseline 0 -12"><span class='ocrx_word' id='word_1_312' title='bbox 2111 942 2250 1008; x_wconf 88' lang='lat' dir='ltr'>Dei;</span> <span class='ocrx_word' id='word_1_313' title='bbox 2282 942 2382 997; x_wconf 91' lang='lat' dir='ltr'>sed</span> <span class='ocrx_word' id='word_1_314' title='bbox 2411 941 2647 997; x_wconf 90' lang='lat' dir='ltr'>veniens</span> <span class='ocrx_word' id='word_1_315' title='bbox 2671 940 2851 996; x_wconf 86' lang='lat' dir='ltr'>Filius</span> <span class='ocrx_word' id='word_1_316' title='bbox 2902 941 2999 996; x_wconf 90' lang='lat' dir='ltr'>Dei</span> <span class='ocrx_word' id='word_1_317' title='bbox 3019 940 3076 994; x_wconf 93' lang='lat' dir='ltr'>in</span> <span class='ocrx_word' id='word_1_318' title='bbox 3131 939 3284 996; x_wconf 89' lang='lat' dir='ltr'>hanc</span> <span class='ocrx_word' id='word_1_319' title='bbox 3325 941 3622 996; x_wconf 87' lang='lat' dir='ltr'>desertam</span> <span class='ocrx_word' id='word_1_320' title='bbox 3653 944 3768 996; x_wconf 82' lang='lat' dir='ltr'>ter-</span> 
     </span>
    </p>
   </div>
   <div class='ocr_carea' id='block_1_40' title="bbox 2112 1027 3771 1101">
    <p class='ocr_par' dir='ltr' id='par_1_40' title="bbox 2112 1027 3771 1101">
     <span class='ocr_line' id='line_1_40' title="bbox 2112 1027 3771 1101; baseline 0.001 -18"><span class='ocrx_word' id='word_1_321' title='bbox 2112 1046 2258 1096; x_wconf 89' lang='lat' dir='ltr'>ram,</span> <span class='ocrx_word' id='word_1_322' title='bbox 2297 1028 2477 1085; x_wconf 92' lang='lat' dir='ltr'>coluit</span> <span class='ocrx_word' id='word_1_323' title='bbox 2506 1045 2636 1086; x_wconf 89' lang='lat' dir='ltr'>eam</span> <span class='ocrx_word' id='word_1_324' title='bbox 2657 1029 2995 1095; x_wconf 85' lang='lat' dir='ltr'>virtutibus,</span> <span class='ocrx_word' id='word_1_325' title='bbox 3020 1033 3274 1101; x_wconf 87' lang='lat' dir='ltr'>cpereet</span> <span class='ocrx_word' id='word_1_326' title='bbox 3293 1027 3562 1084; x_wconf 85' lang='lat' dir='ltr'>doctrina</span> <span class='ocrx_word' id='word_1_327' title='bbox 3579 1043 3689 1100; x_wconf 85' lang='lat' dir='ltr'>per</span> <span class='ocrx_word' id='word_1_328' title='bbox 3706 1029 3771 1084; x_wconf 78' lang='lat' dir='ltr'>se</span> 
     </span>
    </p>
   </div>
   <div class='ocr_carea' id='block_1_41' title="bbox 2111 1117 3766 1191">
    <p class='ocr_par' dir='ltr' id='par_1_41' title="bbox 2111 1117 3766 1191">
     <span class='ocr_line' id='line_1_41' title="bbox 2111 1117 3766 1191; baseline 0 -18"><span class='ocrx_word' id='word_1_329' title='bbox 2111 1122 2168 1173; x_wconf 90' lang='lat' dir='ltr'>et</span> <span class='ocrx_word' id='word_1_330' title='bbox 2197 1134 2299 1191; x_wconf 89' lang='lat' dir='ltr'>per</span> <span class='ocrx_word' id='word_1_331' title='bbox 2328 1134 2468 1174; x_wconf 87' lang='lat' dir='ltr'>suos</span> <span class='ocrx_word' id='word_1_332' title='bbox 2487 1135 2506 1174; x_wconf 90' lang='lat'><strong><em>:</em></strong></span> <span class='ocrx_word' id='word_1_333' title='bbox 2538 1123 2596 1174; x_wconf 89' lang='lat' dir='ltr'>et</span> <span class='ocrx_word' id='word_1_334' title='bbox 2622 1117 2776 1175; x_wconf 90' lang='lat' dir='ltr'>viam</span> <span class='ocrx_word' id='word_1_335' title='bbox 2806 1118 3064 1174; x_wconf 90' lang='lat' dir='ltr'>ostendit</span> <span class='ocrx_word' id='word_1_336' title='bbox 3093 1134 3211 1191; x_wconf 91' lang='lat' dir='ltr'>qua</span> <span class='ocrx_word' id='word_1_337' title='bbox 3257 1118 3574 1184; x_wconf 70' lang='lat' dir='ltr'>exiremus,</span> <span class='ocrx_word' id='word_1_338' title='bbox 3606 1120 3665 1172; x_wconf 86' lang='lat' dir='ltr'>et</span> <span class='ocrx_word' id='word_1_339' title='bbox 3693 1117 3766 1173; x_wconf 89' lang='lat' dir='ltr'>ad</span> 
     </span>
    </p>
   </div>
   <div class='ocr_carea' id='block_1_42' title="bbox 2110 1205 3767 1282">
    <p class='ocr_par' dir='ltr' id='par_1_42' title="bbox 2110 1205 3767 1282">
     <span class='ocr_line' id='line_1_42' title="bbox 2110 1205 3767 1282; baseline 0 -20"><span class='ocrx_word' id='word_1_340' title='bbox 2110 1208 2363 1278; x_wconf 91' lang='lat' dir='ltr'>patriam</span> <span class='ocrx_word' id='word_1_341' title='bbox 2394 1207 2747 1282; x_wconf 85' lang='lat' dir='ltr'>rediremus,</span> <span class='ocrx_word' id='word_1_342' title='bbox 2770 1206 2992 1264; x_wconf 85' lang='lat' dir='ltr'>scilicet</span> <span class='ocrx_word' id='word_1_343' title='bbox 3010 1205 3343 1280; x_wconf 85' lang='lat' dir='ltr'>exemplum</span> <span class='ocrx_word' id='word_1_344' title='bbox 3365 1207 3493 1262; x_wconf 73' lang='lat' dir='ltr'>vitae</span> <span class='ocrx_word' id='word_1_345' title='bbox 3518 1223 3641 1264; x_wconf 68' lang='lat' dir='ltr'>sua</span> <span class='ocrx_word' id='word_1_346' title='bbox 3665 1223 3767 1262; x_wconf 83' lang='lat' dir='ltr'>no-</span> 
     </span>
    </p>
   </div>
   <div class='ocr_carea' id='block_1_43' title="bbox 2108 1295 3768 1369">
    <p class='ocr_par' dir='ltr' id='par_1_43' title="bbox 2108 1295 3768 1369">
     <span class='ocr_line' id='line_1_43' title="bbox 2108 1295 3768 1369; baseline -0.001 -17"><span class='ocrx_word' id='word_1_347' title='bbox 2108 1295 2201 1352; x_wconf 88' lang='lat' dir='ltr'>bis</span> <span class='ocrx_word' id='word_1_348' title='bbox 2229 1296 2555 1368; x_wconf 87' lang='lat' dir='ltr'>proposuit,</span> <span class='ocrx_word' id='word_1_349' title='bbox 2587 1301 2654 1352; x_wconf 92' lang='lat' dir='ltr'>ut</span> <span class='ocrx_word' id='word_1_350' title='bbox 2676 1297 2916 1352; x_wconf 88' lang='lat' dir='ltr'>tandem</span> <span class='ocrx_word' id='word_1_351' title='bbox 2946 1296 3018 1351; x_wconf 91' lang='lat' dir='ltr'>de</span> <span class='ocrx_word' id='word_1_352' title='bbox 3047 1295 3157 1352; x_wconf 88' lang='lat' dir='ltr'>hac</span> <span class='ocrx_word' id='word_1_353' title='bbox 3179 1295 3554 1369; x_wconf 87' lang='lat' dir='ltr'>corruptione</span> <span class='ocrx_word' id='word_1_354' title='bbox 3572 1300 3768 1351; x_wconf 73' lang='lat' dir='ltr'>trans-</span> 
     </span>
    </p>
   </div>
   <div class='ocr_carea' id='block_1_44' title="bbox 2110 1383 3770 1457">
    <p class='ocr_par' dir='ltr' id='par_1_44' title="bbox 2110 1383 3770 1457">
     <span class='ocr_line' id='line_1_44' title="bbox 2110 1383 3770 1457; baseline 0.001 -18"><span class='ocrx_word' id='word_1_355' title='bbox 2110 1383 2330 1440; x_wconf 91' lang='lat' dir='ltr'>iremus</span> <span class='ocrx_word' id='word_1_356' title='bbox 2361 1385 2433 1440; x_wconf 89' lang='lat' dir='ltr'>ad</span> <span class='ocrx_word' id='word_1_357' title='bbox 2465 1385 2987 1457; x_wconf 80' lang='lat' dir='ltr'>incorruptionem,</span> <span class='ocrx_word' id='word_1_358' title='bbox 3017 1384 3174 1440; x_wconf 90' lang='lat' dir='ltr'>sicut</span> <span class='ocrx_word' id='word_1_359' title='bbox 3217 1385 3342 1457; x_wconf 89' lang='lat' dir='ltr'>ipse</span> <span class='ocrx_word' id='word_1_360' title='bbox 3381 1389 3770 1456; x_wconf 78' lang='lat' dir='ltr'>mortuusest</span> 
     </span>
    </p>
   </div>
   <div class='ocr_carea' id='block_1_45' title="bbox 2111 1473 3766 1546">
    <p class='ocr_par' dir='ltr' id='par_1_45' title="bbox 2111 1473 3766 1546">
     <span class='ocr_line' id='line_1_45' title="bbox 2111 1473 3766 1546; baseline 0.001 -19"><span class='ocrx_word' id='word_1_361' title='bbox 2111 1477 2168 1528; x_wconf 92' lang='lat' dir='ltr'>et</span> <span class='ocrx_word' id='word_1_362' title='bbox 2196 1477 2533 1541; x_wconf 81' lang='lat' dir='ltr'>resurrexit,</span> <span class='ocrx_word' id='word_1_363' title='bbox 2564 1480 2623 1530; x_wconf 90' lang='lat' dir='ltr'>et</span> <span class='ocrx_word' id='word_1_364' title='bbox 2651 1491 2867 1546; x_wconf 90' lang='lat' dir='ltr'>aquam</span> <span class='ocrx_word' id='word_1_365' title='bbox 2899 1474 3062 1529; x_wconf 91' lang='lat' dir='ltr'>dedit</span> <span class='ocrx_word' id='word_1_366' title='bbox 3091 1490 3211 1546; x_wconf 87' lang='lat' dir='ltr'>qua</span> <span class='ocrx_word' id='word_1_367' title='bbox 3239 1473 3335 1528; x_wconf 87' lang='lat' dir='ltr'>hic</span> <span class='ocrx_word' id='word_1_368' title='bbox 3366 1473 3600 1530; x_wconf 86' lang='lat' dir='ltr'>interim</span> <span class='ocrx_word' id='word_1_369' title='bbox 3635 1473 3766 1529; x_wconf 82' lang='lat' dir='ltr'>reﬁ-</span> 
     </span>
    </p>
   </div>
   <div class='ocr_carea' id='block_1_46' title="bbox 2113 1562 3769 1635">
    <p class='ocr_par' dir='ltr' id='par_1_46' title="bbox 2113 1562 3769 1635">
     <span class='ocr_line' id='line_1_46' title="bbox 2113 1562 3769 1635; baseline 0.001 -19"><span class='ocrx_word' id='word_1_370' title='bbox 2113 1577 2398 1635; x_wconf 89' lang='lat' dir='ltr'>ceremur,</span> <span class='ocrx_word' id='word_1_371' title='bbox 2432 1563 2490 1618; x_wconf 91' lang='lat' dir='ltr'>id</span> <span class='ocrx_word' id='word_1_372' title='bbox 2521 1568 2611 1618; x_wconf 88' lang='lat' dir='ltr'>est</span> <span class='ocrx_word' id='word_1_373' title='bbox 2639 1562 2971 1618; x_wconf 87' lang='lat' dir='ltr'>doctrinam</span> <span class='ocrx_word' id='word_1_374' title='bbox 2992 1563 3166 1618; x_wconf 85' lang='lat' dir='ltr'>Verbi</span> <span class='ocrx_word' id='word_1_375' title='bbox 3191 1562 3306 1630; x_wconf 90' lang='lat' dir='ltr'>sui,</span> <span class='ocrx_word' id='word_1_376' title='bbox 3329 1567 3618 1635; x_wconf 74' lang='lat' dir='ltr'>praecepta</span> <span class='ocrx_word' id='word_1_377' title='bbox 3640 1579 3769 1634; x_wconf 84' lang='lat' dir='ltr'>sua,</span> 
     </span>
    </p>
   </div>
   <div class='ocr_carea' id='block_1_47' title="bbox 2113 1650 3783 1724">
    <p class='ocr_par' dir='ltr' id='par_1_47' title="bbox 2113 1650 3783 1724">
     <span class='ocr_line' id='line_1_47' title="bbox 2113 1650 3783 1724; baseline 0.002 -18"><span class='ocrx_word' id='word_1_378' title='bbox 2113 1651 2332 1723; x_wconf 90' lang='lat' dir='ltr'>quibus</span> <span class='ocrx_word' id='word_1_379' title='bbox 2364 1650 2728 1708; x_wconf 85' lang='lat' dir='ltr'>familiariter</span> <span class='ocrx_word' id='word_1_380' title='bbox 2756 1668 2892 1707; x_wconf 90' lang='lat' dir='ltr'>cum</span> <span class='ocrx_word' id='word_1_381' title='bbox 2923 1667 2991 1707; x_wconf 91' lang='lat' dir='ltr'>eo</span> <span class='ocrx_word' id='word_1_382' title='bbox 3021 1650 3417 1724; x_wconf 88' lang='lat' dir='ltr'>loqueremur.</span> <span class='ocrx_word' id='word_1_383' title='bbox 3444 1650 3553 1720; x_wconf 87' lang='lat' dir='ltr'>Sic,</span> <span class='ocrx_word' id='word_1_384' title='bbox 3589 1652 3651 1707; x_wconf 91' lang='lat' dir='ltr'>id</span> <span class='ocrx_word' id='word_1_385' title='bbox 3682 1657 3783 1711; x_wconf 83' lang='lat' dir='ltr'>est.</span> 
     </span>
    </p>
   </div>
   <div class='ocr_carea' id='block_1_48' title="bbox 2113 1731 3784 1813">
    <p class='ocr_par' dir='ltr' id='par_1_48' title="bbox 2113 1731 3784 1813">
     <span class='ocr_line' id='line_1_48' title="bbox 2113 1731 3784 1813; baseline 0 -15"><span class='ocrx_word' id='word_1_386' title='bbox 2113 1740 2365 1798; x_wconf 87' lang='lat' dir='ltr'>sitiendo</span> <span class='ocrx_word' id='word_1_387' title='bbox 2395 1742 2456 1796; x_wconf 91' lang='lat' dir='ltr'>in</span> <span class='ocrx_word' id='word_1_388' title='bbox 2486 1752 2564 1812; x_wconf 88' lang='lat' dir='ltr'>te,</span> <span class='ocrx_word' id='word_1_389' title='bbox 2586 1742 2644 1796; x_wconf 82' lang='lat' dir='ltr'>in</span> <span class='ocrx_word' id='word_1_390' title='bbox 2668 1745 2856 1797; x_wconf 87' lang='lat' dir='ltr'>sancto</span> <span class='ocrx_word' id='word_1_391' title='bbox 2888 1741 3174 1798; x_wconf 82' lang='lat' dir='ltr'>subaudis</span> <span class='ocrx_word' id='word_1_392' title='bbox 3198 1741 3505 1812; x_wconf 79' lang='lat' dir='ltr'>desiderio,</span> <span class='ocrx_word' id='word_1_393' title='bbox 3530 1731 3784 1813; x_wconf 60' lang='lat' dir='ltr'>apparui</span> 
     </span>
    </p>
   </div>
   <div class='ocr_carea' id='block_1_49' title="bbox 2113 1827 3773 1902">
    <p class='ocr_par' dir='ltr' id='par_1_49' title="bbox 2113 1827 3773 1902">
     <span class='ocr_line' id='line_1_49' title="bbox 2113 1827 3773 1902; baseline 0.001 -18"><span class='ocrx_word' id='word_1_394' title='bbox 2113 1829 2237 1897; x_wconf 83' lang='lat' dir='ltr'>tibi,</span> <span class='ocrx_word' id='word_1_395' title='bbox 2271 1829 2329 1884; x_wconf 93' lang='lat' dir='ltr'>id</span> <span class='ocrx_word' id='word_1_396' title='bbox 2362 1834 2452 1885; x_wconf 87' lang='lat' dir='ltr'>est</span> <span class='ocrx_word' id='word_1_397' title='bbox 2480 1827 2832 1902; x_wconf 88' lang='lat' dir='ltr'>complacui,</span> <span class='ocrx_word' id='word_1_398' title='bbox 2871 1829 3087 1902; x_wconf 88' lang='lat' dir='ltr'>dignus</span> <span class='ocrx_word' id='word_1_399' title='bbox 3117 1830 3201 1885; x_wconf 88' lang='lat' dir='ltr'>fui</span> <span class='ocrx_word' id='word_1_400' title='bbox 3259 1834 3326 1886; x_wconf 91' lang='lat' dir='ltr'>ut</span> <span class='ocrx_word' id='word_1_401' title='bbox 3381 1845 3473 1886; x_wconf 89' lang='lat' dir='ltr'>me</span> <span class='ocrx_word' id='word_1_402' title='bbox 3503 1829 3773 1887; x_wconf 81' lang='lat' dir='ltr'>videres:</span> 
     </span>
    </p>
   </div>
   <div class='ocr_carea' id='block_1_50' title="bbox 2111 1925 3772 2000">
    <p class='ocr_par' dir='ltr' id='par_1_50' title="bbox 2111 1925 3772 2000">
     <span class='ocr_line' id='line_1_50' title="bbox 2111 1925 3772 2000; baseline 0.001 -18"><span class='ocrx_word' id='word_1_403' title='bbox 2111 1927 2269 1999; x_wconf 91' lang='lat' dir='ltr'>quod</span> <span class='ocrx_word' id='word_1_404' title='bbox 2296 1943 2412 1982; x_wconf 90' lang='lat' dir='ltr'>non</span> <span class='ocrx_word' id='word_1_405' title='bbox 2435 1926 2501 1982; x_wconf 85' lang='lat' dir='ltr'>ﬁt</span> <span class='ocrx_word' id='word_1_406' title='bbox 2528 1926 2642 1982; x_wconf 92' lang='lat' dir='ltr'>nisi</span> <span class='ocrx_word' id='word_1_407' title='bbox 2675 1941 2778 1998; x_wconf 89' lang='lat' dir='ltr'>per</span> <span class='ocrx_word' id='word_1_408' title='bbox 2802 1925 3218 1982; x_wconf 86' lang='lat' dir='ltr'>humilitatem.</span> <span class='ocrx_word' id='word_1_409' title='bbox 3243 1926 3408 1982; x_wconf 91' lang='lat' dir='ltr'>Sicut</span> <span class='ocrx_word' id='word_1_410' title='bbox 3428 1942 3532 1997; x_wconf 89' lang='lat' dir='ltr'>per</span> <span class='ocrx_word' id='word_1_411' title='bbox 3560 1943 3772 2000; x_wconf 85' lang='lat' dir='ltr'>super-</span> 
     </span>
    </p>
   </div>
   <div class='ocr_carea' id='block_1_51' title="bbox 2109 2014 3773 2090">
    <p class='ocr_par' dir='ltr' id='par_1_51' title="bbox 2109 2014 3773 2090">
     <span class='ocr_line' id='line_1_51' title="bbox 2109 2014 3773 2090; baseline -0.001 -19"><span class='ocrx_word' id='word_1_412' title='bbox 2109 2015 2269 2072; x_wconf 89' lang='lat' dir='ltr'>biam</span> <span class='ocrx_word' id='word_1_413' title='bbox 2303 2033 2336 2072; x_wconf 91' lang='lat' dir='ltr'>a</span> <span class='ocrx_word' id='word_1_414' title='bbox 2365 2015 2482 2072; x_wconf 92' lang='lat' dir='ltr'>Deo</span> <span class='ocrx_word' id='word_1_415' title='bbox 2515 2016 2865 2086; x_wconf 90' lang='lat' dir='ltr'>recedimus,</span> <span class='ocrx_word' id='word_1_416' title='bbox 2894 2015 2976 2070; x_wconf 88' lang='lat' dir='ltr'>ita</span> <span class='ocrx_word' id='word_1_417' title='bbox 3005 2015 3065 2070; x_wconf 92' lang='lat' dir='ltr'>in</span> <span class='ocrx_word' id='word_1_418' title='bbox 3097 2014 3435 2072; x_wconf 87' lang='lat' dir='ltr'>humilitate</span> <span class='ocrx_word' id='word_1_419' title='bbox 3458 2020 3572 2072; x_wconf 89' lang='lat' dir='ltr'>Deo</span> <span class='ocrx_word' id='word_1_420' title='bbox 3594 2032 3773 2090; x_wconf 43' lang='lat' dir='ltr'>appay</span> 
     </span>
    </p>
   </div>
   <div class='ocr_carea' id='block_1_52' title="bbox 2111 2102 3770 2177">
    <p class='ocr_par' dir='ltr' id='par_1_52' title="bbox 2111 2102 3770 2177">
     <span class='ocr_line' id='line_1_52' title="bbox 2111 2102 3770 2177; baseline 0 -17"><span class='ocrx_word' id='word_1_421' title='bbox 2111 2120 2330 2172; x_wconf 89' lang='lat' dir='ltr'>remus,</span> <span class='ocrx_word' id='word_1_422' title='bbox 2363 2103 2694 2160; x_wconf 83' lang='lat' dir='ltr'>conﬁtendo</span> <span class='ocrx_word' id='word_1_423' title='bbox 2725 2107 2782 2158; x_wconf 79' lang='lat' dir='ltr'>et</span> <span class='ocrx_word' id='word_1_424' title='bbox 2837 2102 3241 2159; x_wconf 79' lang='lat' dir='ltr'>infirmitatem</span> <span class='ocrx_word' id='word_1_425' title='bbox 3291 2108 3576 2174; x_wconf 89' lang='lat' dir='ltr'>nostram,</span> <span class='ocrx_word' id='word_1_426' title='bbox 3609 2103 3770 2177; x_wconf 86' lang='lat' dir='ltr'>sitim</span> 
     </span>
    </p>
   </div>
   <div class='ocr_carea' id='block_1_53' title="bbox 2109 2191 3768 2266">
    <p class='ocr_par' dir='ltr' id='par_1_53' title="bbox 2109 2191 3768 2266">
     <span class='ocr_line' id='line_1_53' title="bbox 2109 2191 3768 2266; baseline -0.001 -16"><span class='ocrx_word' id='word_1_427' title='bbox 2109 2199 2395 2250; x_wconf 87' lang='lat' dir='ltr'>nostram.</span> <span class='ocrx_word' id='word_1_428' title='bbox 2427 2193 2511 2249; x_wconf 85' lang='lat' dir='ltr'>Ad</span> <span class='ocrx_word' id='word_1_429' title='bbox 2542 2193 2652 2249; x_wconf 85' lang='lat' dir='ltr'>hoc</span> <span class='ocrx_word' id='word_1_430' title='bbox 2680 2193 2941 2266; x_wconf 80' lang='lat' dir='ltr'>apparui,</span> <span class='ocrx_word' id='word_1_431' title='bbox 2973 2200 3034 2247; x_wconf 83' lang='lat' dir='ltr'>ut</span> <span class='ocrx_word' id='word_1_432' title='bbox 3060 2192 3321 2260; x_wconf 86' lang='lat' dir='ltr'>viderem,</span> <span class='ocrx_word' id='word_1_433' title='bbox 3366 2191 3428 2248; x_wconf 91' lang='lat' dir='ltr'>id</span> <span class='ocrx_word' id='word_1_434' title='bbox 3457 2197 3551 2248; x_wconf 85' lang='lat' dir='ltr'>est.</span> <span class='ocrx_word' id='word_1_435' title='bbox 3579 2197 3647 2248; x_wconf 91' lang='lat' dir='ltr'>ut</span> <span class='ocrx_word' id='word_1_436' title='bbox 3677 2208 3768 2249; x_wconf 85' lang='lat' dir='ltr'>me</span> 
     </span>
    </p>
   </div>
   <div class='ocr_carea' id='block_1_54' title="bbox 2109 2282 3773 2361">
    <p class='ocr_par' dir='ltr' id='par_1_54' title="bbox 2109 2282 3773 2361">
     <span class='ocr_line' id='line_1_54' title="bbox 2109 2282 3773 2361; baseline -0.001 -22"><span class='ocrx_word' id='word_1_437' title='bbox 2109 2298 2457 2357; x_wconf 86' lang='lat' dir='ltr'>cognoscere</span> <span class='ocrx_word' id='word_1_438' title='bbox 2497 2282 2714 2338; x_wconf 86' lang='lat' dir='ltr'>faceres</span> <span class='ocrx_word' id='word_1_439' title='bbox 2745 2283 3007 2338; x_wconf 84' lang='lat' dir='ltr'>virtutem</span> <span class='ocrx_word' id='word_1_440' title='bbox 3034 2285 3227 2350; x_wconf 82' lang='lat' dir='ltr'>tuam;</span> <span class='ocrx_word' id='word_1_441' title='bbox 3279 2283 3564 2351; x_wconf 82' lang='lat' dir='ltr'>virtutem,</span> <span class='ocrx_word' id='word_1_442' title='bbox 3587 2298 3773 2361; x_wconf 65' lang='lat' dir='ltr'>quam,</span> 
     </span>
    </p>
   </div>
   <div class='ocr_carea' id='block_1_55' title="bbox 2109 2369 3790 2444">
    <p class='ocr_par' dir='ltr' id='par_1_55' title="bbox 2109 2369 3790 2444">
     <span class='ocr_line' id='line_1_55' title="bbox 2109 2369 3790 2444; baseline -0.001 -16"><span class='ocrx_word' id='word_1_443' title='bbox 2109 2373 2294 2430; x_wconf 91' lang='lat' dir='ltr'>habeo</span> <span class='ocrx_word' id='word_1_444' title='bbox 2320 2372 2476 2444; x_wconf 91' lang='lat' dir='ltr'>quod</span> <span class='ocrx_word' id='word_1_445' title='bbox 2507 2371 2707 2426; x_wconf 89' lang='lat' dir='ltr'>anima</span> <span class='ocrx_word' id='word_1_446' title='bbox 2740 2386 2871 2427; x_wconf 90' lang='lat' dir='ltr'>mea</span> <span class='ocrx_word' id='word_1_447' title='bbox 2901 2387 3019 2426; x_wconf 91' lang='lat' dir='ltr'>non</span> <span class='ocrx_word' id='word_1_448' title='bbox 3051 2369 3269 2426; x_wconf 90' lang='lat' dir='ltr'>recedit</span> <span class='ocrx_word' id='word_1_449' title='bbox 3298 2387 3333 2426; x_wconf 94' lang='lat' dir='ltr'>a</span> <span class='ocrx_word' id='word_1_450' title='bbox 3361 2375 3416 2426; x_wconf 90' lang='lat' dir='ltr'>te</span> <span class='ocrx_word' id='word_1_451' title='bbox 3448 2370 3684 2440; x_wconf 91' lang='lat' dir='ltr'>sitiens,</span> <span class='ocrx_word' id='word_1_452' title='bbox 3716 2376 3790 2436; x_wconf 25' lang='lat' dir='ltr'>te,</span> 
     </span>
    </p>
   </div>
   <div class='ocr_carea' id='block_1_56' title="bbox 2108 2460 3768 2530">
    <p class='ocr_par' dir='ltr' id='par_1_56' title="bbox 2108 2460 3768 2530">
     <span class='ocr_line' id='line_1_56' title="bbox 2108 2460 3768 2530; baseline 0.001 -14"><span class='ocrx_word' id='word_1_453' title='bbox 2108 2462 2449 2518; x_wconf 88' lang='lat' dir='ltr'>desiderans</span> <span class='ocrx_word' id='word_1_454' title='bbox 2475 2479 2488 2515; x_wconf 74' lang='grc' dir='ltr'>ε</span> <span class='ocrx_word' id='word_1_455' title='bbox 2512 2465 2664 2515; x_wconf 87' lang='lat' dir='ltr'>tuam</span> <span class='ocrx_word' id='word_1_456' title='bbox 2695 2476 2842 2530; x_wconf 88' lang='lat' dir='ltr'>esse,</span> <span class='ocrx_word' id='word_1_457' title='bbox 2869 2476 2984 2515; x_wconf 93' lang='lat' dir='ltr'>non</span> <span class='ocrx_word' id='word_1_458' title='bbox 3008 2475 3219 2515; x_wconf 90' lang='lat' dir='ltr'>meam.</span> <span class='ocrx_word' id='word_1_459' title='bbox 3243 2461 3309 2514; x_wconf 86' lang='lat' dir='ltr'>Et</span> <span class='ocrx_word' id='word_1_460' title='bbox 3331 2460 3571 2530; x_wconf 84' lang='lat' dir='ltr'>gloriam</span> <span class='ocrx_word' id='word_1_461' title='bbox 3594 2469 3768 2528; x_wconf 78' lang='lat' dir='ltr'>tuam,</span> 
     </span>
    </p>
   </div>
   <div class='ocr_carea' id='block_1_57' title="bbox 2110 2547 3772 2622">
    <p class='ocr_par' dir='ltr' id='par_1_57' title="bbox 2110 2547 3772 2622">
     <span class='ocr_line' id='line_1_57' title="bbox 2110 2547 3772 2622; baseline 0.001 -19"><span class='ocrx_word' id='word_1_462' title='bbox 2110 2550 2166 2604; x_wconf 77' lang='grc' dir='ltr'>ιὰ</span> <span class='ocrx_word' id='word_1_463' title='bbox 2181 2549 2360 2606; x_wconf 89' lang='lat' dir='ltr'>estim</span> <span class='ocrx_word' id='word_1_464' title='bbox 2372 2547 2783 2605; x_wconf 89' lang='lat' dir='ltr'>mortalitatem</span> <span class='ocrx_word' id='word_1_465' title='bbox 2804 2547 3392 2620; x_wconf 88' lang='lat' dir='ltr'>etincorruptionem,</span> <span class='ocrx_word' id='word_1_466' title='bbox 3409 2565 3590 2622; x_wconf 91' lang='lat' dir='ltr'>quam</span> <span class='ocrx_word' id='word_1_467' title='bbox 3615 2565 3772 2604; x_wconf 92' lang='lat' dir='ltr'>nunc</span> 
     </span>
    </p>
   </div>
   <div class='ocr_carea' id='block_1_58' title="bbox 2108 2637 3776 2710">
    <p class='ocr_par' dir='ltr' id='par_1_58' title="bbox 2108 2637 3776 2710">
     <span class='ocr_line' id='line_1_58' title="bbox 2108 2637 3776 2710; baseline 0.002 -17"><span class='ocrx_word' id='word_1_468' title='bbox 2108 2639 2294 2694; x_wconf 90' lang='lat' dir='ltr'>habeo</span> <span class='ocrx_word' id='word_1_469' title='bbox 2334 2638 2394 2694; x_wconf 91' lang='lat' dir='ltr'>in</span> <span class='ocrx_word' id='word_1_470' title='bbox 2425 2655 2550 2710; x_wconf 90' lang='lat' dir='ltr'>spe,</span> <span class='ocrx_word' id='word_1_471' title='bbox 2582 2639 2939 2710; x_wconf 89' lang='lat' dir='ltr'>quandoque</span> <span class='ocrx_word' id='word_1_472' title='bbox 2989 2637 3302 2694; x_wconf 88' lang='lat' dir='ltr'>habiturus</span> <span class='ocrx_word' id='word_1_473' title='bbox 3360 2638 3420 2693; x_wconf 93' lang='lat' dir='ltr'>in</span> <span class='ocrx_word' id='word_1_474' title='bbox 3481 2654 3583 2694; x_wconf 90' lang='lat' dir='ltr'>re:</span> <span class='ocrx_word' id='word_1_475' title='bbox 3621 2642 3776 2696; x_wconf 84' lang='lat' dir='ltr'>tuam</span> 
     </span>
    </p>
   </div>
   <div class='ocr_carea' id='block_1_59' title="bbox 2109 2715 3774 2796">
    <p class='ocr_par' dir='ltr' id='par_1_59' title="bbox 2109 2715 3774 2796">
     <span class='ocr_line' id='line_1_59' title="bbox 2109 2715 3774 2796; baseline 0.001 -14"><span class='ocrx_word' id='word_1_476' title='bbox 2109 2742 2258 2796; x_wconf 88' lang='lat' dir='ltr'>esse,</span> <span class='ocrx_word' id='word_1_477' title='bbox 2293 2744 2408 2781; x_wconf 92' lang='lat' dir='ltr'>non</span> <span class='ocrx_word' id='word_1_478' title='bbox 2446 2742 2676 2782; x_wconf 89' lang='lat' dir='ltr'>meam:</span> <span class='ocrx_word' id='word_1_479' title='bbox 2731 2725 2820 2781; x_wconf 86' lang='lat' dir='ltr'>vel</span> <span class='ocrx_word' id='word_1_480' title='bbox 2873 2742 3110 2782; x_wconf 91' lang='lat' dir='ltr'>omnem</span> <span class='ocrx_word' id='word_1_481' title='bbox 3169 2742 3363 2782; x_wconf 88' lang='lat' dir='ltr'>meam</span> <span class='ocrx_word' id='word_1_482' title='bbox 3420 2729 3684 2784; x_wconf 85' lang='lat' dir='ltr'>virtutem</span> <span class='ocrx_word' id='word_1_483' title='bbox 3715 2715 3774 2784; x_wconf 86' lang='lat' dir='ltr'>et</span> 
     </span>
    </p>
   </div>
   <div class='ocr_carea' id='block_1_60' title="bbox 2111 2815 3775 2888">
    <p class='ocr_par' dir='ltr' id='par_1_60' title="bbox 2111 2815 3775 2888">
     <span class='ocr_line' id='line_1_60' title="bbox 2111 2815 3775 2888; baseline 0.002 -17"><span class='ocrx_word' id='word_1_484' title='bbox 2111 2832 2345 2872; x_wconf 90' lang='lat' dir='ltr'>omnem</span> <span class='ocrx_word' id='word_1_485' title='bbox 2367 2817 2632 2888; x_wconf 83' lang='lat' dir='ltr'>gloriam,</span> <span class='ocrx_word' id='word_1_486' title='bbox 2656 2819 2766 2870; x_wconf 90' lang='lat' dir='ltr'>ate</span> <span class='ocrx_word' id='word_1_487' title='bbox 2786 2832 2934 2872; x_wconf 90' lang='lat' dir='ltr'>esse.</span> <span class='ocrx_word' id='word_1_488' title='bbox 2961 2815 3103 2884; x_wconf 84' lang='lat' dir='ltr'>Quid</span> <span class='ocrx_word' id='word_1_489' title='bbox 3126 2815 3286 2872; x_wconf 92' lang='lat' dir='ltr'>enim</span> <span class='ocrx_word' id='word_1_490' title='bbox 3306 2816 3470 2875; x_wconf 83' lang='lat' dir='ltr'>habes</span> <span class='ocrx_word' id='word_1_491' title='bbox 3497 2817 3644 2888; x_wconf 85' lang='lat' dir='ltr'>quod</span> <span class='ocrx_word' id='word_1_492' title='bbox 3661 2833 3775 2874; x_wconf 83' lang='lat' dir='ltr'>non</span> 
     </span>
    </p>
   </div>
   <div class='ocr_carea' id='block_1_61' title="bbox 2107 2903 3774 2978">
    <p class='ocr_par' dir='ltr' id='par_1_61' title="bbox 2107 2903 3774 2978">
     <span class='ocr_line' id='line_1_61' title="bbox 2107 2903 3774 2978; baseline 0.002 -18"><span class='ocrx_word' id='word_1_493' title='bbox 2107 2906 2365 2977; x_wconf 81' lang='lat' dir='ltr'>accepisti</span> <span class='ocrx_word' id='word_1_494' title='bbox 2422 2904 2593 2974; x_wconf 84' lang='lat' dir='ltr'>(ICor.</span> <span class='ocrx_word' id='word_1_495' title='bbox 2653 2905 2774 2975; x_wconf 83' lang='lat' dir='ltr'>1v)?</span> <span class='ocrx_word' id='word_1_496' title='bbox 2833 2903 3010 2960; x_wconf 82' lang='lat' dir='ltr'>Aliter</span> <span class='ocrx_word' id='word_1_497' title='bbox 3066 2904 3189 2962; x_wconf 88' lang='lat' dir='ltr'>sic:</span> <span class='ocrx_word' id='word_1_498' title='bbox 3249 2905 3307 2962; x_wconf 88' lang='lat' dir='ltr'>id</span> <span class='ocrx_word' id='word_1_499' title='bbox 3368 2912 3456 2962; x_wconf 88' lang='lat' dir='ltr'>est</span> <span class='ocrx_word' id='word_1_500' title='bbox 3507 2913 3572 2962; x_wconf 90' lang='lat' dir='ltr'>ut</span> <span class='ocrx_word' id='word_1_501' title='bbox 3603 2907 3774 2978; x_wconf 84' lang='lat' dir='ltr'>prius</span> 
     </span>
    </p>
   </div>
   <div class='ocr_carea' id='block_1_62' title="bbox 2107 2993 3770 3068">
    <p class='ocr_par' dir='ltr' id='par_1_62' title="bbox 2107 2993 3770 3068">
     <span class='ocr_line' id='line_1_62' title="bbox 2107 2993 3770 3068; baseline 0.003 -20"><span class='ocrx_word' id='word_1_502' title='bbox 2107 2993 2204 3049; x_wconf 91' lang='lat' dir='ltr'>hic</span> <span class='ocrx_word' id='word_1_503' title='bbox 2235 2993 2422 3049; x_wconf 87' lang='lat' dir='ltr'>sitiret</span> <span class='ocrx_word' id='word_1_504' title='bbox 2469 2995 2662 3048; x_wconf 84' lang='lat' dir='ltr'>anima</span> <span class='ocrx_word' id='word_1_505' title='bbox 2718 3010 2843 3050; x_wconf 86' lang='lat' dir='ltr'>mea</span> <span class='ocrx_word' id='word_1_506' title='bbox 2890 3003 2941 3049; x_wconf 88' lang='lat' dir='ltr'>et</span> <span class='ocrx_word' id='word_1_507' title='bbox 2998 3010 3146 3064; x_wconf 89' lang='lat' dir='ltr'>caro,</span> <span class='ocrx_word' id='word_1_508' title='bbox 3194 2997 3436 3068; x_wconf 83' lang='lat' dir='ltr'>apparui</span> <span class='ocrx_word' id='word_1_509' title='bbox 3459 2995 3584 3058; x_wconf 83' lang='lat' dir='ltr'>tibi,</span> <span class='ocrx_word' id='word_1_510' title='bbox 3619 2997 3770 3066; x_wconf 86' lang='lat' dir='ltr'>quia</span> 
     </span>
    </p>
   </div>
   <div class='ocr_carea' id='block_1_63' title="bbox 2107 3081 3756 3155">
    <p class='ocr_par' dir='ltr' id='par_1_63' title="bbox 2107 3081 3756 3155">
     <span class='ocr_line' id='line_1_63' title="bbox 2107 3081 3756 3155; baseline 0.001 -17"><span class='ocrx_word' id='word_1_511' title='bbox 2107 3083 2267 3139; x_wconf 88' lang='lat' dir='ltr'>novit</span> <span class='ocrx_word' id='word_1_512' title='bbox 2294 3082 2578 3138; x_wconf 88' lang='lat' dir='ltr'>Dominus</span> <span class='ocrx_word' id='word_1_513' title='bbox 2611 3082 2711 3155; x_wconf 92' lang='lat' dir='ltr'>qui</span> <span class='ocrx_word' id='word_1_514' title='bbox 2768 3087 2909 3139; x_wconf 91' lang='lat' dir='ltr'>sunt</span> <span class='ocrx_word' id='word_1_515' title='bbox 2961 3083 3050 3138; x_wconf 92' lang='lat' dir='ltr'>sui</span> <span class='ocrx_word' id='word_1_516' title='bbox 3107 3083 3178 3155; x_wconf 86' lang='lat' dir='ltr'>(II</span> <span class='ocrx_word' id='word_1_517' title='bbox 3229 3083 3356 3138; x_wconf 87' lang='lat' dir='ltr'>Tim.</span> <span class='ocrx_word' id='word_1_518' title='bbox 3413 3082 3494 3154; x_wconf 84' lang='grc' dir='ltr'>ιι).</span> <span class='ocrx_word' id='word_1_519' title='bbox 3532 3081 3756 3139; x_wconf 84' lang='lat' dir='ltr'>Vidisti</span> 
     </span>
    </p>
   </div>
   <div class='ocr_carea' id='block_1_64' title="bbox 347 3144 3746 3253">
    <p class='ocr_par' dir='ltr' id='par_1_64' title="bbox 347 3144 3746 3253">
     <span class='ocr_line' id='line_1_64' title="bbox 347 3144 3746 3253; baseline -0.003 -14"><span class='ocrx_word' id='word_1_520' title='bbox 347 3187 404 3239; x_wconf 90' lang='lat' dir='ltr'>et</span> <span class='ocrx_word' id='word_1_521' title='bbox 433 3182 674 3238; x_wconf 89' lang='lat' dir='ltr'>assidua</span> <span class='ocrx_word' id='word_1_522' title='bbox 705 3144 1064 3253; x_wconf 59' lang='lat' dir='ltr'>operatione</span> <span class='ocrx_word' id='word_1_523' title='bbox 1086 3144 1607 3245; x_wconf 45' lang='lat' dir='ltr'>sollicitoriuAil’te,</span> <span class='ocrx_word' id='word_1_524' title='bbox 1641 3144 1878 3248; x_wconf 76' lang='lat' dir='ltr'>idest,</span> <span class='ocrx_word' id='word_1_525' title='bbox 2028 3144 2069 3210; x_wconf 64' lang='grc' dir='ltr'>Ο</span> <span class='ocrx_word' id='word_1_526' title='bbox 2108 3188 2220 3239; x_wconf 80' lang='lat' dir='ltr'>me,</span> <span class='ocrx_word' id='word_1_527' title='bbox 2255 3180 2316 3228; x_wconf 78' lang='lat' dir='ltr'>ut</span> <span class='ocrx_word' id='word_1_528' title='bbox 2345 3171 2584 3227; x_wconf 76' lang='lat' dir='ltr'>viderem</span> <span class='ocrx_word' id='word_1_529' title='bbox 2612 3144 2700 3226; x_wconf 47' lang='lat' dir='ltr'>te:</span> <span class='ocrx_word' id='word_1_530' title='bbox 2732 3172 2814 3228; x_wconf 79' lang='lat' dir='ltr'>ita</span> <span class='ocrx_word' id='word_1_531' title='bbox 2843 3144 3121 3244; x_wconf 46' lang='lat' dir='ltr'>apparui,‘</span> <span class='ocrx_word' id='word_1_532' title='bbox 3160 3176 3223 3242; x_wconf 81' lang='lat' dir='ltr'>ut</span> <span class='ocrx_word' id='word_1_533' title='bbox 3266 3171 3372 3228; x_wconf 81' lang='lat' dir='ltr'>hoc</span> <span class='ocrx_word' id='word_1_534' title='bbox 3399 3144 3746 3228; x_wconf 64' lang='lat' dir='ltr'>attribuant.</span> 
     </span>
    </p>
   </div>
   <div class='ocr_carea' id='block_1_65' title="bbox 349 3267 1988 3342">
    <p class='ocr_par' dir='ltr' id='par_1_65' title="bbox 349 3267 1988 3342">
     <span class='ocr_line' id='line_1_65' title="bbox 349 3267 1988 3342; baseline -0.002 -15"><span class='ocrx_word' id='word_1_535' title='bbox 349 3272 625 3327; x_wconf 89' lang='lat' dir='ltr'>mandata</span> <span class='ocrx_word' id='word_1_536' title='bbox 644 3276 744 3326; x_wconf 87' lang='lat' dir='ltr'>tua</span> <span class='ocrx_word' id='word_1_537' title='bbox 763 3269 1150 3342; x_wconf 83' lang='lat' dir='ltr'>exsequenda.</span> <span class='ocrx_word' id='word_1_538' title='bbox 1177 3269 1256 3324; x_wconf 93' lang='lat' dir='ltr'>De</span> <span class='ocrx_word' id='word_1_539' title='bbox 1278 3267 1405 3324; x_wconf 90' lang='lat' dir='ltr'>luce</span> <span class='ocrx_word' id='word_1_540' title='bbox 1427 3269 1496 3323; x_wconf 88' lang='lat' dir='ltr'>ad</span> <span class='ocrx_word' id='word_1_541' title='bbox 1520 3267 1988 3337; x_wconf 90' lang='lat' dir='ltr'>similitudinem,</span> 
     </span>
    </p>
   </div>
   <div class='ocr_carea' id='block_1_66' title="bbox 347 3357 1995 3430">
    <p class='ocr_par' dir='ltr' id='par_1_66' title="bbox 347 3357 1995 3430">
     <span class='ocr_line' id='line_1_66' title="bbox 347 3357 1995 3430; baseline -0.002 -15"><span class='ocrx_word' id='word_1_542' title='bbox 347 3361 406 3418; x_wconf 91' lang='lat' dir='ltr'>id</span> <span class='ocrx_word' id='word_1_543' title='bbox 430 3364 538 3430; x_wconf 90' lang='lat' dir='ltr'>est,</span> <span class='ocrx_word' id='word_1_544' title='bbox 562 3360 843 3428; x_wconf 87' lang='lat' dir='ltr'>studiose,</span> <span class='ocrx_word' id='word_1_545' title='bbox 864 3360 1018 3415; x_wconf 86' lang='lat' dir='ltr'>sicut</span> <span class='ocrx_word' id='word_1_546' title='bbox 1035 3359 1170 3413; x_wconf 91' lang='lat' dir='ltr'>boni</span> <span class='ocrx_word' id='word_1_547' title='bbox 1189 3358 1458 3430; x_wconf 88' lang='lat' dir='ltr'>operarii,</span> <span class='ocrx_word' id='word_1_548' title='bbox 1479 3357 1579 3429; x_wconf 90' lang='lat' dir='ltr'>qui</span> <span class='ocrx_word' id='word_1_549' title='bbox 1595 3373 1828 3414; x_wconf 90' lang='lat' dir='ltr'>summo</span> <span class='ocrx_word' id='word_1_550' title='bbox 1846 3358 1995 3414; x_wconf 90' lang='lat' dir='ltr'>dilu-</span> 
     </span>
    </p>
   </div>
   <div class='ocr_carea' id='block_1_67' title="bbox 350 3447 1994 3522">
    <p class='ocr_par' dir='ltr' id='par_1_67' title="bbox 350 3447 1994 3522">
     <span class='ocr_line' id='line_1_67' title="bbox 350 3447 1994 3522; baseline -0.001 -16"><span class='ocrx_word' id='word_1_551' title='bbox 350 3449 481 3506; x_wconf 91' lang='lat' dir='ltr'>culo</span> <span class='ocrx_word' id='word_1_552' title='bbox 510 3455 761 3522; x_wconf 87' lang='lat' dir='ltr'>surgunt</span> <span class='ocrx_word' id='word_1_553' title='bbox 790 3449 863 3504; x_wconf 91' lang='lat' dir='ltr'>ad</span> <span class='ocrx_word' id='word_1_554' title='bbox 893 3465 1062 3520; x_wconf 87' lang='lat' dir='ltr'>opus,</span> <span class='ocrx_word' id='word_1_555' title='bbox 1097 3448 1475 3504; x_wconf 87' lang='lat' dir='ltr'>Cassiodorus</span> <span class='ocrx_word' id='word_1_556' title='bbox 1505 3465 1517 3502; x_wconf 92' lang='lat'>:</span> <span class='ocrx_word' id='word_1_557' title='bbox 1570 3447 1703 3520; x_wconf 91' lang='lat' dir='ltr'>Ipsa</span> <span class='ocrx_word' id='word_1_558' title='bbox 1731 3447 1994 3520; x_wconf 90' lang='lat' dir='ltr'>repetitio</span> 
     </span>
    </p>
   </div>
   <div class='ocr_carea' id='block_1_68' title="bbox 350 3528 1997 3608">
    <p class='ocr_par' dir='ltr' id='par_1_68' title="bbox 350 3528 1997 3608">
     <span class='ocr_line' id='line_1_68' title="bbox 350 3528 1997 3608; baseline -0.001 -16"><span class='ocrx_word' id='word_1_559' title='bbox 350 3528 665 3594; x_wconf 86' lang='lat' dir='ltr'>venerandi</span> <span class='ocrx_word' id='word_1_560' title='bbox 679 3537 1234 3604; x_wconf 60' lang='lat' dir='ltr'>nominis,‘aﬂ‘ectum</span> <span class='ocrx_word' id='word_1_561' title='bbox 1250 3536 1358 3608; x_wconf 75' lang='lat' dir='ltr'>piae</span> <span class='ocrx_word' id='word_1_562' title='bbox 1370 3537 1796 3608; x_wconf 89' lang='lat' dir='ltr'>deprecationis</span> <span class='ocrx_word' id='word_1_563' title='bbox 1809 3541 1997 3592; x_wconf 86' lang='lat' dir='ltr'>osten-</span> 
     </span>
    </p>
   </div>
   <div class='ocr_carea' id='block_1_69' title="bbox 351 3625 1999 3696">
    <p class='ocr_par' dir='ltr' id='par_1_69' title="bbox 351 3625 1999 3696">
     <span class='ocr_line' id='line_1_69' title="bbox 351 3625 1999 3696; baseline -0.001 -14"><span class='ocrx_word' id='word_1_564' title='bbox 351 3627 455 3696; x_wconf 90' lang='lat' dir='ltr'>dit,</span> <span class='ocrx_word' id='word_1_565' title='bbox 487 3627 650 3683; x_wconf 83' lang='lat' dir='ltr'>Deus.</span> <span class='ocrx_word' id='word_1_566' title='bbox 679 3628 818 3682; x_wconf 86' lang='lat' dir='ltr'>Deus</span> <span class='ocrx_word' id='word_1_567' title='bbox 843 3643 1013 3683; x_wconf 85' lang='lat' dir='ltr'>meus.</span> <span class='ocrx_word' id='word_1_568' title='bbox 1048 3627 1182 3682; x_wconf 88' lang='lat' dir='ltr'>Ideo</span> <span class='ocrx_word' id='word_1_569' title='bbox 1212 3626 1282 3681; x_wconf 82' lang='lat' dir='ltr'>ad</span> <span class='ocrx_word' id='word_1_570' title='bbox 1338 3631 1392 3680; x_wconf 83' lang='lat' dir='ltr'>te</span> <span class='ocrx_word' id='word_1_571' title='bbox 1439 3625 1624 3696; x_wconf 86' lang='lat' dir='ltr'>vigilo,</span> <span class='ocrx_word' id='word_1_572' title='bbox 1657 3625 1796 3696; x_wconf 89' lang='lat' dir='ltr'>quia</span> <span class='ocrx_word' id='word_1_573' title='bbox 1823 3627 1999 3681; x_wconf 88' lang='lat' dir='ltr'>sitivit</span> 
     </span>
    </p>
   </div>
   <div class='ocr_carea' id='block_1_70' title="bbox 352 3713 1996 3785">
    <p class='ocr_par' dir='ltr' id='par_1_70' title="bbox 352 3713 1996 3785">
     <span class='ocr_line' id='line_1_70' title="bbox 352 3713 1996 3785; baseline -0.002 -13"><span class='ocrx_word' id='word_1_574' title='bbox 352 3719 412 3772; x_wconf 86' lang='lat' dir='ltr'>in</span> <span class='ocrx_word' id='word_1_575' title='bbox 449 3725 498 3774; x_wconf 81' lang='lat' dir='ltr'>te</span> <span class='ocrx_word' id='word_1_576' title='bbox 527 3718 720 3772; x_wconf 85' lang='lat' dir='ltr'>anima</span> <span class='ocrx_word' id='word_1_577' title='bbox 748 3733 888 3772; x_wconf 90' lang='lat' dir='ltr'>mea.</span> <span class='ocrx_word' id='word_1_578' title='bbox 921 3715 1101 3772; x_wconf 90' lang='lat' dir='ltr'>Nemo</span> <span class='ocrx_word' id='word_1_579' title='bbox 1131 3716 1288 3771; x_wconf 91' lang='lat' dir='ltr'>enim</span> <span class='ocrx_word' id='word_1_580' title='bbox 1320 3715 1391 3769; x_wconf 90' lang='lat' dir='ltr'>ad</span> <span class='ocrx_word' id='word_1_581' title='bbox 1425 3720 1606 3769; x_wconf 87' lang='lat' dir='ltr'>Deum</span> <span class='ocrx_word' id='word_1_582' title='bbox 1637 3713 1859 3785; x_wconf 88' lang='lat' dir='ltr'>vigilat,</span> <span class='ocrx_word' id='word_1_583' title='bbox 1883 3714 1996 3770; x_wconf 88' lang='lat' dir='ltr'>nisi</span> 
     </span>
    </p>
   </div>
   <div class='ocr_carea' id='block_1_71' title="bbox 350 3802 1994 3879">
    <p class='ocr_par' dir='ltr' id='par_1_71' title="bbox 350 3802 1994 3879">
     <span class='ocr_line' id='line_1_71' title="bbox 350 3802 1994 3879; baseline -0.003 -17"><span class='ocrx_word' id='word_1_584' title='bbox 350 3823 489 3864; x_wconf 87' lang='lat' dir='ltr'>eum</span> <span class='ocrx_word' id='word_1_585' title='bbox 544 3807 709 3879; x_wconf 89' lang='lat' dir='ltr'>prius</span> <span class='ocrx_word' id='word_1_586' title='bbox 767 3807 946 3862; x_wconf 88' lang='lat' dir='ltr'>sitiat.</span> <span class='ocrx_word' id='word_1_587' title='bbox 1004 3806 1140 3861; x_wconf 91' lang='lat' dir='ltr'>Sitis</span> <span class='ocrx_word' id='word_1_588' title='bbox 1197 3805 1405 3860; x_wconf 82' lang='lat' dir='ltr'>animae</span> <span class='ocrx_word' id='word_1_589' title='bbox 1463 3802 1820 3858; x_wconf 90' lang='lat' dir='ltr'>desiderium</span> <span class='ocrx_word' id='word_1_590' title='bbox 1869 3807 1994 3871; x_wconf 87' lang='lat' dir='ltr'>est;</span> 
     </span>
    </p>
   </div>
   <div class='ocr_carea' id='block_1_72' title="bbox 350 3891 2000 3960">
    <p class='ocr_par' dir='ltr' id='par_1_72' title="bbox 350 3891 2000 3960">
     <span class='ocr_line' id='line_1_72' title="bbox 350 3891 2000 3960; baseline -0.002 -10"><span class='ocrx_word' id='word_1_591' title='bbox 350 3897 528 3952; x_wconf 84' lang='lat' dir='ltr'>sitivit</span> <span class='ocrx_word' id='word_1_592' title='bbox 556 3899 752 3951; x_wconf 82' lang='lat' dir='ltr'>anima</span> <span class='ocrx_word' id='word_1_593' title='bbox 782 3911 903 3951; x_wconf 87' lang='lat' dir='ltr'>mea</span> <span class='ocrx_word' id='word_1_594' title='bbox 935 3897 994 3950; x_wconf 88' lang='lat' dir='ltr'>in</span> <span class='ocrx_word' id='word_1_595' title='bbox 1039 3903 1110 3960; x_wconf 87' lang='lat' dir='ltr'>te,</span> <span class='ocrx_word' id='word_1_596' title='bbox 1162 3894 1218 3948; x_wconf 91' lang='lat' dir='ltr'>id</span> <span class='ocrx_word' id='word_1_597' title='bbox 1253 3896 1359 3959; x_wconf 87' lang='lat' dir='ltr'>est,</span> <span class='ocrx_word' id='word_1_598' title='bbox 1402 3891 1756 3947; x_wconf 89' lang='lat' dir='ltr'>desideravit</span> <span class='ocrx_word' id='word_1_599' title='bbox 1786 3907 1902 3946; x_wconf 92' lang='lat' dir='ltr'>non</span> <span class='ocrx_word' id='word_1_600' title='bbox 1931 3907 2000 3946; x_wconf 90' lang='lat' dir='ltr'>ea</span> 
     </span>
    </p>
   </div>
   <div class='ocr_carea' id='block_1_73' title="bbox 353 3981 1994 4054">
    <p class='ocr_par' dir='ltr' id='par_1_73' title="bbox 353 3981 1994 4054">
     <span class='ocr_line' id='line_1_73' title="bbox 353 3981 1994 4054; baseline 0 -17"><span class='ocrx_word' id='word_1_601' title='bbox 353 3985 509 4040; x_wconf 89' lang='lat' dir='ltr'>bona</span> <span class='ocrx_word' id='word_1_602' title='bbox 530 4000 656 4054; x_wconf 77' lang='lat' dir='ltr'>qua:</span> <span class='ocrx_word' id='word_1_603' title='bbox 678 3987 818 4038; x_wconf 91' lang='lat' dir='ltr'>sunt</span> <span class='ocrx_word' id='word_1_604' title='bbox 838 3982 898 4038; x_wconf 93' lang='lat' dir='ltr'>in</span> <span class='ocrx_word' id='word_1_605' title='bbox 922 3983 1030 4039; x_wconf 87' lang='lat' dir='ltr'>hoc</span> <span class='ocrx_word' id='word_1_606' title='bbox 1051 3984 1302 4049; x_wconf 89' lang='lat' dir='ltr'>deserto,</span> <span class='ocrx_word' id='word_1_607' title='bbox 1323 3981 1424 4037; x_wconf 90' lang='lat' dir='ltr'>sed</span> <span class='ocrx_word' id='word_1_608' title='bbox 1446 3998 1514 4037; x_wconf 89' lang='lat' dir='ltr'>ea</span> <span class='ocrx_word' id='word_1_609' title='bbox 1534 3997 1663 4052; x_wconf 63' lang='lat' dir='ltr'>quae</span> <span class='ocrx_word' id='word_1_610' title='bbox 1685 3986 1824 4036; x_wconf 89' lang='lat' dir='ltr'>sunt</span> <span class='ocrx_word' id='word_1_611' title='bbox 1843 3983 1904 4036; x_wconf 91' lang='lat' dir='ltr'>in</span> <span class='ocrx_word' id='word_1_612' title='bbox 1924 3990 1994 4053; x_wconf 91' lang='lat' dir='ltr'>te,</span> 
     </span>
    </p>
   </div>
   <div class='ocr_carea' id='block_1_74' title="bbox 354 4069 1998 4143">
    <p class='ocr_par' dir='ltr' id='par_1_74' title="bbox 354 4069 1998 4143">
     <span class='ocr_line' id='line_1_74' title="bbox 354 4069 1998 4143; baseline -0.001 -16"><span class='ocrx_word' id='word_1_613' title='bbox 354 4070 576 4127; x_wconf 90' lang='lat' dir='ltr'>scilicet</span> <span class='ocrx_word' id='word_1_614' title='bbox 605 4076 879 4126; x_wconf 67' lang='lat' dir='ltr'>aeternam</span> <span class='ocrx_word' id='word_1_615' title='bbox 912 4072 1197 4143; x_wconf 89' lang='lat' dir='ltr'>requiem,</span> <span class='ocrx_word' id='word_1_616' title='bbox 1229 4077 1505 4127; x_wconf 67' lang='lat' dir='ltr'>aeternam</span> <span class='ocrx_word' id='word_1_617' title='bbox 1553 4069 1998 4136; x_wconf 89' lang='lat' dir='ltr'>beatitudinem,</span> 
     </span>
    </p>
   </div>
   <div class='ocr_carea' id='block_1_75' title="bbox 355 4159 1999 4231">
    <p class='ocr_par' dir='ltr' id='par_1_75' title="bbox 355 4159 1999 4231">
     <span class='ocr_line' id='line_1_75' title="bbox 355 4159 1999 4231; baseline 0.001 -17"><span class='ocrx_word' id='word_1_618' title='bbox 355 4176 483 4231; x_wconf 69' lang='lat' dir='ltr'>quae</span> <span class='ocrx_word' id='word_1_619' title='bbox 516 4176 812 4231; x_wconf 90' lang='lat' dir='ltr'>nusquam</span> <span class='ocrx_word' id='word_1_620' title='bbox 843 4165 932 4214; x_wconf 84' lang='lat' dir='ltr'>est</span> <span class='ocrx_word' id='word_1_621' title='bbox 963 4161 1078 4215; x_wconf 89' lang='lat' dir='ltr'>nisi</span> <span class='ocrx_word' id='word_1_622' title='bbox 1108 4161 1168 4214; x_wconf 84' lang='lat' dir='ltr'>in</span> <span class='ocrx_word' id='word_1_623' title='bbox 1199 4169 1268 4216; x_wconf 88' lang='lat' dir='ltr'>te.</span> <span class='ocrx_word' id='word_1_624' title='bbox 1302 4161 1577 4230; x_wconf 84' lang='lat' dir='ltr'>Subjacet</span> <span class='ocrx_word' id='word_1_625' title='bbox 1605 4160 1763 4216; x_wconf 92' lang='lat' dir='ltr'>enim</span> <span class='ocrx_word' id='word_1_626' title='bbox 1797 4159 1999 4216; x_wconf 87' lang='lat' dir='ltr'>multis</span> 
     </span>
    </p>
   </div>
   <div class='ocr_carea' id='block_1_76' title="bbox 352 4248 1999 4322">
    <p class='ocr_par' dir='ltr' id='par_1_76' title="bbox 352 4248 1999 4322">
     <span class='ocr_line' id='line_1_76' title="bbox 352 4248 1999 4322; baseline -0.001 -16"><span class='ocrx_word' id='word_1_627' title='bbox 352 4249 750 4322; x_wconf 87' lang='lat' dir='ltr'>passionibus,</span> <span class='ocrx_word' id='word_1_628' title='bbox 809 4250 988 4321; x_wconf 90' lang='lat' dir='ltr'>cupit,</span> <span class='ocrx_word' id='word_1_629' title='bbox 1048 4250 1275 4316; x_wconf 89' lang='lat' dir='ltr'>metuit,</span> <span class='ocrx_word' id='word_1_630' title='bbox 1333 4248 1510 4317; x_wconf 90' lang='lat' dir='ltr'>dolet,</span> <span class='ocrx_word' id='word_1_631' title='bbox 1566 4249 1812 4321; x_wconf 87' lang='lat' dir='ltr'>gaudet:</span> <span class='ocrx_word' id='word_1_632' title='bbox 1865 4249 1999 4304; x_wconf 91' lang='lat' dir='ltr'>hinc</span> 
     </span>
    </p>
   </div>
   <div class='ocr_carea' id='block_1_77' title="bbox 351 4336 1998 4409">
    <p class='ocr_par' dir='ltr' id='par_1_77' title="bbox 351 4336 1998 4409">
     <span class='ocr_line' id='line_1_77' title="bbox 351 4336 1998 4409; baseline -0.001 -15"><span class='ocrx_word' id='word_1_633' title='bbox 351 4341 438 4396; x_wconf 90' lang='lat' dir='ltr'>ira</span> <span class='ocrx_word' id='word_1_634' title='bbox 467 4339 687 4408; x_wconf 88' lang='lat' dir='ltr'>turbat,</span> <span class='ocrx_word' id='word_1_635' title='bbox 721 4339 943 4402; x_wconf 88' lang='lat' dir='ltr'>odium,</span> <span class='ocrx_word' id='word_1_636' title='bbox 965 4337 1204 4407; x_wconf 91' lang='lat' dir='ltr'>invidia,</span> <span class='ocrx_word' id='word_1_637' title='bbox 1229 4342 1285 4392; x_wconf 90' lang='lat' dir='ltr'>et</span> <span class='ocrx_word' id='word_1_638' title='bbox 1305 4336 1614 4394; x_wconf 89' lang='lat' dir='ltr'>innumera</span> <span class='ocrx_word' id='word_1_639' title='bbox 1636 4338 1998 4409; x_wconf 84' lang='lat' dir='ltr'>hujusmodi.</span> 
     </span>
    </p>
   </div>
   <div class='ocr_carea' id='block_1_78' title="bbox 351 4425 2000 4500">
    <p class='ocr_par' dir='ltr' id='par_1_78' title="bbox 351 4425 2000 4500">
     <span class='ocr_line' id='line_1_78' title="bbox 351 4425 2000 4500; baseline 0 -16"><span class='ocrx_word' id='word_1_640' title='bbox 351 4430 421 4486; x_wconf 90' lang='lat' dir='ltr'>Et</span> <span class='ocrx_word' id='word_1_641' title='bbox 451 4429 578 4485; x_wconf 91' lang='lat' dir='ltr'>ideo</span> <span class='ocrx_word' id='word_1_642' title='bbox 635 4430 813 4485; x_wconf 75' lang='lat' dir='ltr'>sitivit</span> <span class='ocrx_word' id='word_1_643' title='bbox 868 4430 1060 4484; x_wconf 84' lang='lat' dir='ltr'>anima</span> <span class='ocrx_word' id='word_1_644' title='bbox 1116 4443 1237 4483; x_wconf 88' lang='lat' dir='ltr'>mea</span> <span class='ocrx_word' id='word_1_645' title='bbox 1290 4429 1348 4482; x_wconf 90' lang='lat' dir='ltr'>in</span> <span class='ocrx_word' id='word_1_646' title='bbox 1407 4436 1456 4483; x_wconf 90' lang='lat' dir='ltr'>te</span> <span class='ocrx_word' id='word_1_647' title='bbox 1510 4425 1909 4500; x_wconf 80' lang='lat' dir='ltr'>multipliciter,</span> <span class='ocrx_word' id='word_1_648' title='bbox 1941 4428 2000 4484; x_wconf 92' lang='lat' dir='ltr'>id</span> 
     </span>
    </p>
   </div>
   <div class='ocr_carea' id='block_1_79' title="bbox 2100 3259 3765 3342">
    <p class='ocr_par' dir='ltr' id='par_1_79' title="bbox 2100 3259 3765 3342">
     <span class='ocr_line' id='line_1_79' title="bbox 2100 3259 3765 3342; baseline 0.001 -25"><span class='ocrx_word' id='word_1_649' title='bbox 2100 3263 2503 3334; x_wconf 78' lang='lat' dir='ltr'>Appareamus</span> <span class='ocrx_word' id='word_1_650' title='bbox 2533 3277 2669 3331; x_wconf 79' lang='lat' dir='ltr'>ergo</span> <span class='ocrx_word' id='word_1_651' title='bbox 2699 3259 2750 3316; x_wconf 89' lang='lat' dir='ltr'>ei</span> <span class='ocrx_word' id='word_1_652' title='bbox 2780 3261 2841 3316; x_wconf 92' lang='lat' dir='ltr'>in</span> <span class='ocrx_word' id='word_1_653' title='bbox 2873 3262 3205 3327; x_wconf 89' lang='lat' dir='ltr'>sanctitate,</span> <span class='ocrx_word' id='word_1_654' title='bbox 3237 3267 3302 3317; x_wconf 92' lang='lat' dir='ltr'>ut</span> <span class='ocrx_word' id='word_1_655' title='bbox 3331 3263 3586 3317; x_wconf 87' lang='lat' dir='ltr'>virtutem</span> <span class='ocrx_word' id='word_1_656' title='bbox 3614 3263 3765 3342; x_wconf 41' lang='lat' dir='ltr'>ejus:</span> 
     </span>
    </p>
   </div>
   <div class='ocr_carea' id='block_1_80' title="bbox 2101 3349 3757 3423">
    <p class='ocr_par' dir='ltr' id='par_1_80' title="bbox 2101 3349 3757 3423">
     <span class='ocr_line' id='line_1_80' title="bbox 2101 3349 3757 3423; baseline 0 -19"><span class='ocrx_word' id='word_1_657' title='bbox 2101 3349 2407 3406; x_wconf 85' lang='lat' dir='ltr'>videamus</span> <span class='ocrx_word' id='word_1_658' title='bbox 2436 3353 2488 3406; x_wconf 86' lang='lat' dir='ltr'>et</span> <span class='ocrx_word' id='word_1_659' title='bbox 2513 3351 2772 3421; x_wconf 88' lang='lat' dir='ltr'>gloriam,</span> <span class='ocrx_word' id='word_1_660' title='bbox 2803 3349 2863 3405; x_wconf 94' lang='lat' dir='ltr'>id</span> <span class='ocrx_word' id='word_1_661' title='bbox 2909 3355 2998 3406; x_wconf 89' lang='lat' dir='ltr'>est</span> <span class='ocrx_word' id='word_1_662' title='bbox 3053 3350 3374 3423; x_wconf 88' lang='lat' dir='ltr'>Christum.</span> <span class='ocrx_word' id='word_1_663' title='bbox 3417 3350 3479 3407; x_wconf 91' lang='lat' dir='ltr'>Ut</span> <span class='ocrx_word' id='word_1_664' title='bbox 3507 3349 3757 3405; x_wconf 70' lang='lat' dir='ltr'>viderem</span> 
     </span>
    </p>
   </div>
   <div class='ocr_carea' id='block_1_81' title="bbox 2101 3439 3760 3511">
    <p class='ocr_par' dir='ltr' id='par_1_81' title="bbox 2101 3439 3760 3511">
     <span class='ocr_line' id='line_1_81' title="bbox 2101 3439 3760 3511; baseline 0 -17"><span class='ocrx_word' id='word_1_665' title='bbox 2101 3441 2360 3494; x_wconf 82' lang='lat' dir='ltr'>virtutem</span> <span class='ocrx_word' id='word_1_666' title='bbox 2389 3447 2561 3509; x_wconf 90' lang='lat' dir='ltr'>tuam,</span> <span class='ocrx_word' id='word_1_667' title='bbox 2593 3442 2650 3494; x_wconf 90' lang='lat' dir='ltr'>et</span> <span class='ocrx_word' id='word_1_668' title='bbox 2679 3439 3082 3495; x_wconf 84' lang='lat' dir='ltr'>inﬁrmitatem</span> <span class='ocrx_word' id='word_1_669' title='bbox 3134 3456 3328 3496; x_wconf 90' lang='lat' dir='ltr'>meam</span> <span class='ocrx_word' id='word_1_670' title='bbox 3362 3455 3375 3494; x_wconf 89' lang='lat'><strong>:</strong></span> <span class='ocrx_word' id='word_1_671' title='bbox 3424 3443 3474 3496; x_wconf 88' lang='lat' dir='ltr'>et</span> <span class='ocrx_word' id='word_1_672' title='bbox 3495 3439 3760 3511; x_wconf 86' lang='lat' dir='ltr'>gloriam,</span> 
     </span>
    </p>
   </div>
   <div class='ocr_carea' id='block_1_82' title="bbox 2102 3535 3762 3613">
    <p class='ocr_par' dir='ltr' id='par_1_82' title="bbox 2102 3535 3762 3613">
     <span class='ocr_line' id='line_1_82' title="bbox 2102 3535 3762 3613; baseline 0.001 -23"><span class='ocrx_word' id='word_1_673' title='bbox 2102 3540 2260 3592; x_wconf 85' lang='lat' dir='ltr'>tuam</span> <span class='ocrx_word' id='word_1_674' title='bbox 2289 3552 2480 3592; x_wconf 88' lang='lat' dir='ltr'>meam</span> <span class='ocrx_word' id='word_1_675' title='bbox 2513 3541 2707 3591; x_wconf 89' lang='lat' dir='ltr'>autem</span> <span class='ocrx_word' id='word_1_676' title='bbox 2735 3535 3142 3609; x_wconf 87' lang='lat' dir='ltr'>ignominiam.</span> <span class='ocrx_word' id='word_1_677' title='bbox 3176 3536 3428 3613; x_wconf 75' lang='lat' dir='ltr'>Etsicut</span> <span class='ocrx_word' id='word_1_678' title='bbox 3458 3535 3516 3592; x_wconf 91' lang='lat' dir='ltr'>in</span> <span class='ocrx_word' id='word_1_679' title='bbox 3547 3541 3602 3591; x_wconf 89' lang='lat' dir='ltr'>te</span> <span class='ocrx_word' id='word_1_680' title='bbox 3634 3536 3762 3610; x_wconf 82' lang='lat' dir='ltr'>glo-</span> 
     </span>
    </p>
   </div>
   <div class='ocr_carea' id='block_1_83' title="bbox 2106 3625 3764 3699">
    <p class='ocr_par' dir='ltr' id='par_1_83' title="bbox 2106 3625 3764 3699">
     <span class='ocr_line' id='line_1_83' title="bbox 2106 3625 3764 3699; baseline 0.001 -19"><span class='ocrx_word' id='word_1_681' title='bbox 2106 3626 2380 3682; x_wconf 88' lang='lat' dir='ltr'>riandum</span> <span class='ocrx_word' id='word_1_682' title='bbox 2411 3630 2517 3693; x_wconf 90' lang='lat' dir='ltr'>est,</span> <span class='ocrx_word' id='word_1_683' title='bbox 2545 3641 2660 3681; x_wconf 90' lang='lat' dir='ltr'>non</span> <span class='ocrx_word' id='word_1_684' title='bbox 2684 3625 2744 3680; x_wconf 93' lang='lat' dir='ltr'>in</span> <span class='ocrx_word' id='word_1_685' title='bbox 2766 3642 2880 3695; x_wconf 89' lang='lat' dir='ltr'>me,</span> <span class='ocrx_word' id='word_1_686' title='bbox 2916 3625 3043 3682; x_wconf 88' lang='lat' dir='ltr'>ideo</span> <span class='ocrx_word' id='word_1_687' title='bbox 3085 3630 3240 3681; x_wconf 85' lang='lat' dir='ltr'>tuam</span> <span class='ocrx_word' id='word_1_688' title='bbox 3277 3628 3538 3699; x_wconf 82' lang='lat' dir='ltr'>virtutem</span> <span class='ocrx_word' id='word_1_689' title='bbox 3563 3633 3618 3682; x_wconf 83' lang='lat' dir='ltr'>et</span> <span class='ocrx_word' id='word_1_690' title='bbox 3642 3625 3764 3699; x_wconf 73' lang='lat' dir='ltr'>glo-</span> 
     </span>
    </p>
   </div>
   <div class='ocr_carea' id='block_1_84' title="bbox 2103 3697 3766 3792">
    <p class='ocr_par' dir='ltr' id='par_1_84' title="bbox 2103 3697 3766 3792">
     <span class='ocr_line' id='line_1_84' title="bbox 2103 3697 3766 3792; baseline 0 -22"><span class='ocrx_word' id='word_1_691' title='bbox 2103 3718 2252 3770; x_wconf 87' lang='lat' dir='ltr'>riam</span> <span class='ocrx_word' id='word_1_692' title='bbox 2282 3719 2452 3769; x_wconf 89' lang='lat' dir='ltr'>tuam.</span> <span class='ocrx_word' id='word_1_693' title='bbox 2483 3715 2752 3782; x_wconf 85' lang='lat' dir='ltr'>Quoniam</span> <span class='ocrx_word' id='word_1_694' title='bbox 2778 3715 2974 3771; x_wconf 85' lang='lat' dir='ltr'>melior</span> <span class='ocrx_word' id='word_1_695' title='bbox 3018 3719 3097 3771; x_wconf 86' lang='lat' dir='ltr'>est</span> <span class='ocrx_word' id='word_1_696' title='bbox 3137 3697 3518 3792; x_wconf 74' lang='lat' dir='ltr'>misericordia</span> <span class='ocrx_word' id='word_1_697' title='bbox 3543 3697 3766 3770; x_wconf 60' lang='lat' dir='ltr'>tuasn-</span> 
     </span>
    </p>
   </div>
   <div class='ocr_carea' id='block_1_85' title="bbox 2103 3802 3776 3876">
    <p class='ocr_par' dir='ltr' id='par_1_85' title="bbox 2103 3802 3776 3876">
     <span class='ocr_line' id='line_1_85' title="bbox 2103 3802 3776 3876; baseline 0.002 -17"><span class='ocrx_word' id='word_1_698' title='bbox 2103 3820 2202 3876; x_wconf 85' lang='lat' dir='ltr'>per</span> <span class='ocrx_word' id='word_1_699' title='bbox 2234 3804 2391 3858; x_wconf 86' lang='lat' dir='ltr'>vitas.</span> <span class='ocrx_word' id='word_1_700' title='bbox 2417 3802 2553 3858; x_wconf 90' lang='lat' dir='ltr'>Vita</span> <span class='ocrx_word' id='word_1_701' title='bbox 2582 3803 2684 3857; x_wconf 87' lang='lat' dir='ltr'>illa</span> <span class='ocrx_word' id='word_1_702' title='bbox 2713 3803 2924 3858; x_wconf 64' lang='lat' dir='ltr'>anima:</span> <span class='ocrx_word' id='word_1_703' title='bbox 2979 3808 3036 3858; x_wconf 92' lang='lat' dir='ltr'>et</span> <span class='ocrx_word' id='word_1_704' title='bbox 3093 3803 3378 3874; x_wconf 88' lang='lat' dir='ltr'>corporis,</span> <span class='ocrx_word' id='word_1_705' title='bbox 3409 3821 3587 3876; x_wconf 91' lang='lat' dir='ltr'>quam</span> <span class='ocrx_word' id='word_1_706' title='bbox 3618 3803 3776 3862; x_wconf 64' lang='lat' dir='ltr'>mihi:</span> 
     </span>
    </p>
   </div>
   <div class='ocr_carea' id='block_1_86' title="bbox 2108 3891 3764 3965">
    <p class='ocr_par' dir='ltr' id='par_1_86' title="bbox 2108 3891 3764 3965">
     <span class='ocr_line' id='line_1_86' title="bbox 2108 3891 3764 3965; baseline -0.001 -16"><span class='ocrx_word' id='word_1_707' title='bbox 2108 3892 2320 3949; x_wconf 89' lang='lat' dir='ltr'>dedisti</span> <span class='ocrx_word' id='word_1_708' title='bbox 2339 3908 2442 3964; x_wconf 91' lang='lat' dir='ltr'>per</span> <span class='ocrx_word' id='word_1_709' title='bbox 2456 3891 2922 3948; x_wconf 88' lang='lat' dir='ltr'>misericordiam</span> <span class='ocrx_word' id='word_1_710' title='bbox 2941 3897 3126 3960; x_wconf 90' lang='lat' dir='ltr'>tuam,</span> <span class='ocrx_word' id='word_1_711' title='bbox 3151 3894 3278 3948; x_wconf 88' lang='lat' dir='ltr'>sine</span> <span class='ocrx_word' id='word_1_712' title='bbox 3292 3894 3764 3965; x_wconf 70' lang='lat' dir='ltr'>praecedentibus</span> 
     </span>
    </p>
   </div>
   <div class='ocr_carea' id='block_1_87' title="bbox 2109 3981 3769 4055">
    <p class='ocr_par' dir='ltr' id='par_1_87' title="bbox 2109 3981 3769 4055">
     <span class='ocr_line' id='line_1_87' title="bbox 2109 3981 3769 4055; baseline 0.001 -18"><span class='ocrx_word' id='word_1_713' title='bbox 2109 3981 2335 4038; x_wconf 89' lang='lat' dir='ltr'>meritis</span> <span class='ocrx_word' id='word_1_714' title='bbox 2365 3981 2532 4049; x_wconf 88' lang='lat' dir='ltr'>meis,</span> <span class='ocrx_word' id='word_1_715' title='bbox 2565 3981 2750 4054; x_wconf 90' lang='lat' dir='ltr'>gratis</span> <span class='ocrx_word' id='word_1_716' title='bbox 2780 3981 3062 4048; x_wconf 89' lang='lat' dir='ltr'>vocando,</span> <span class='ocrx_word' id='word_1_717' title='bbox 3111 3982 3296 4055; x_wconf 88' lang='lat' dir='ltr'>gratis</span> <span class='ocrx_word' id='word_1_718' title='bbox 3353 3986 3589 4054; x_wconf 85' lang='lat' dir='ltr'>peccata</span> <span class='ocrx_word' id='word_1_719' title='bbox 3620 3998 3769 4038; x_wconf 83' lang='lat' dir='ltr'>con-</span> 
     </span>
    </p>
   </div>
   <div class='ocr_carea' id='block_1_88' title="bbox 2109 4069 3768 4144">
    <p class='ocr_par' dir='ltr' id='par_1_88' title="bbox 2109 4069 3768 4144">
     <span class='ocr_line' id='line_1_88' title="bbox 2109 4069 3768 4144; baseline 0 -18"><span class='ocrx_word' id='word_1_720' title='bbox 2109 4071 2404 4138; x_wconf 88' lang='lat' dir='ltr'>donando,</span> <span class='ocrx_word' id='word_1_721' title='bbox 2433 4071 2618 4144; x_wconf 89' lang='lat' dir='ltr'>gratis</span> <span class='ocrx_word' id='word_1_722' title='bbox 2641 4069 3046 4143; x_wconf 84' lang='lat' dir='ltr'>justificando,</span> <span class='ocrx_word' id='word_1_723' title='bbox 3078 4070 3276 4126; x_wconf 84' lang='lat' dir='ltr'>melior</span> <span class='ocrx_word' id='word_1_724' title='bbox 3301 4075 3380 4126; x_wconf 90' lang='lat' dir='ltr'>est</span> <span class='ocrx_word' id='word_1_725' title='bbox 3426 4087 3592 4143; x_wconf 87' lang='lat' dir='ltr'>super</span> <span class='ocrx_word' id='word_1_726' title='bbox 3625 4074 3768 4127; x_wconf 75' lang='lat' dir='ltr'>vita:</span> 
     </span>
    </p>
   </div>
   <div class='ocr_carea' id='block_1_89' title="bbox 2107 4159 3788 4240">
    <p class='ocr_par' dir='ltr' id='par_1_89' title="bbox 2107 4159 3788 4240">
     <span class='ocr_line' id='line_1_89' title="bbox 2107 4159 3788 4240; baseline 0.001 -25"><span class='ocrx_word' id='word_1_727' title='bbox 2107 4159 2238 4216; x_wconf 90' lang='lat' dir='ltr'>illas</span> <span class='ocrx_word' id='word_1_728' title='bbox 2259 4177 2484 4226; x_wconf 87' lang='lat' dir='ltr'>omnes,</span> <span class='ocrx_word' id='word_1_729' title='bbox 2511 4176 2629 4232; x_wconf 89' lang='lat' dir='ltr'>qua</span> <span class='ocrx_word' id='word_1_730' title='bbox 2651 4162 2974 4232; x_wconf 84' lang='lat' dir='ltr'>suppetunt</span> <span class='ocrx_word' id='word_1_731' title='bbox 2998 4159 3112 4215; x_wconf 90' lang='lat' dir='ltr'>sibi</span> <span class='ocrx_word' id='word_1_732' title='bbox 3137 4159 3412 4218; x_wconf 85' lang='lat' dir='ltr'>mortales</span> <span class='ocrx_word' id='word_1_733' title='bbox 3437 4161 3493 4216; x_wconf 90' lang='lat' dir='ltr'>in</span> <span class='ocrx_word' id='word_1_734' title='bbox 3515 4160 3788 4240; x_wconf 52' lang='lat' dir='ltr'>diversis;</span> 
     </span>
    </p>
   </div>
   <div class='ocr_carea' id='block_1_90' title="bbox 2109 4247 3782 4322">
    <p class='ocr_par' dir='ltr' id='par_1_90' title="bbox 2109 4247 3782 4322">
     <span class='ocr_line' id='line_1_90' title="bbox 2109 4247 3782 4322; baseline 0.001 -16"><span class='ocrx_word' id='word_1_735' title='bbox 2109 4250 2342 4306; x_wconf 89' lang='lat' dir='ltr'>studiis.</span> <span class='ocrx_word' id='word_1_736' title='bbox 2376 4249 2442 4304; x_wconf 93' lang='lat' dir='ltr'>Et</span> <span class='ocrx_word' id='word_1_737' title='bbox 2469 4248 2608 4321; x_wconf 92' lang='lat' dir='ltr'>quia</span> <span class='ocrx_word' id='word_1_738' title='bbox 2635 4248 2754 4307; x_wconf 86' lang='lat' dir='ltr'>vita</span> <span class='ocrx_word' id='word_1_739' title='bbox 2783 4247 2885 4303; x_wconf 87' lang='lat' dir='ltr'>illa</span> <span class='ocrx_word' id='word_1_740' title='bbox 2917 4253 3122 4305; x_wconf 86' lang='lat' dir='ltr'>sancta</span> <span class='ocrx_word' id='word_1_741' title='bbox 3151 4267 3330 4322; x_wconf 91' lang='lat' dir='ltr'>quam</span> <span class='ocrx_word' id='word_1_742' title='bbox 3378 4249 3594 4306; x_wconf 90' lang='lat' dir='ltr'>dedisti</span> <span class='ocrx_word' id='word_1_743' title='bbox 3619 4249 3782 4318; x_wconf 64' lang='lat' dir='ltr'>mihi,</span> 
     </span>
    </p>
   </div>
   <div class='ocr_carea' id='block_1_91' title="bbox 2110 4337 3774 4414">
    <p class='ocr_par' dir='ltr' id='par_1_91' title="bbox 2110 4337 3774 4414">
     <span class='ocr_line' id='line_1_91' title="bbox 2110 4337 3774 4414; baseline 0.001 -19"><span class='ocrx_word' id='word_1_744' title='bbox 2110 4356 2213 4412; x_wconf 91' lang='lat' dir='ltr'>per</span> <span class='ocrx_word' id='word_1_745' title='bbox 2237 4337 2700 4394; x_wconf 90' lang='lat' dir='ltr'>misericordiam</span> <span class='ocrx_word' id='word_1_746' title='bbox 2722 4343 2908 4405; x_wconf 87' lang='lat' dir='ltr'>tuam,</span> <span class='ocrx_word' id='word_1_747' title='bbox 2930 4337 3136 4394; x_wconf 88' lang='lat' dir='ltr'>melior</span> <span class='ocrx_word' id='word_1_748' title='bbox 3155 4343 3245 4394; x_wconf 91' lang='lat' dir='ltr'>cst</span> <span class='ocrx_word' id='word_1_749' title='bbox 3263 4339 3424 4395; x_wconf 89' lang='lat' dir='ltr'>omni</span> <span class='ocrx_word' id='word_1_750' title='bbox 3446 4340 3567 4396; x_wconf 89' lang='lat' dir='ltr'>vita</span> <span class='ocrx_word' id='word_1_751' title='bbox 3583 4356 3774 4414; x_wconf 79' lang='lat' dir='ltr'>quam</span> 
     </span>
    </p>
   </div>
   <div class='ocr_carea' id='block_1_92' title="bbox 2110 4427 3775 4504">
    <p class='ocr_par' dir='ltr' id='par_1_92' title="bbox 2110 4427 3775 4504">
     <span class='ocr_line' id='line_1_92' title="bbox 2110 4427 3775 4504; baseline 0.001 -21"><span class='ocrx_word' id='word_1_752' title='bbox 2110 4444 2215 4501; x_wconf 82' lang='lat' dir='ltr'>ego</span> <span class='ocrx_word' id='word_1_753' title='bbox 2244 4427 2388 4484; x_wconf 91' lang='lat' dir='ltr'>mihi</span> <span class='ocrx_word' id='word_1_754' title='bbox 2445 4444 2680 4499; x_wconf 89' lang='lat' dir='ltr'>possem</span> <span class='ocrx_word' id='word_1_755' title='bbox 2737 4433 3027 4500; x_wconf 90' lang='lat' dir='ltr'>appetere,</span> <span class='ocrx_word' id='word_1_756' title='bbox 3091 4428 3242 4484; x_wconf 82' lang='lat' dir='ltr'>labia</span> <span class='ocrx_word' id='word_1_757' title='bbox 3297 4446 3422 4485; x_wconf 88' lang='lat' dir='ltr'>mea</span> <span class='ocrx_word' id='word_1_758' title='bbox 3477 4429 3775 4504; x_wconf 69' lang='lat' dir='ltr'>(Christus</span> 
     </span>
    </p>
   </div>
   <div class='ocr_carea' id='block_1_93' title="bbox 353 4513 3786 4592">
    <p class='ocr_par' dir='ltr' id='par_1_93' title="bbox 353 4513 3786 4592">
     <span class='ocr_line' id='line_1_93' title="bbox 353 4513 3786 4592; baseline 0 -18"><span class='ocrx_word' id='word_1_759' title='bbox 353 4523 461 4588; x_wconf 90' lang='lat' dir='ltr'>est,</span> <span class='ocrx_word' id='word_1_760' title='bbox 517 4524 754 4592; x_wconf 86' lang='lat' dir='ltr'>propter</span> <span class='ocrx_word' id='word_1_761' title='bbox 807 4518 1191 4591; x_wconf 87' lang='lat' dir='ltr'>multiplicem</span> <span class='ocrx_word' id='word_1_762' title='bbox 1278 4517 1631 4589; x_wconf 82' lang='lat' dir='ltr'>passionem,</span> <span class='ocrx_word' id='word_1_763' title='bbox 1716 4516 2002 4588; x_wconf 89' lang='lat' dir='ltr'>multipli-</span> <span class='ocrx_word' id='word_1_764' title='bbox 2033 4513 2078 4578; x_wconf 88' lang='lat' dir='ltr'>D</span> <span class='ocrx_word' id='word_1_765' title='bbox 2109 4517 2396 4589; x_wconf 90' lang='lat' dir='ltr'>meorum)</span> <span class='ocrx_word' id='word_1_766' title='bbox 2427 4516 2728 4572; x_wconf 87' lang='lat' dir='ltr'>laudabunt</span> <span class='ocrx_word' id='word_1_767' title='bbox 2756 4519 2825 4585; x_wconf 84' lang='lat' dir='ltr'>te,</span> <span class='ocrx_word' id='word_1_768' title='bbox 2853 4533 2966 4572; x_wconf 92' lang='lat' dir='ltr'>non</span> <span class='ocrx_word' id='word_1_769' title='bbox 3000 4533 3111 4572; x_wconf 88' lang='lat' dir='ltr'>me.</span> <span class='ocrx_word' id='word_1_770' title='bbox 3145 4517 3440 4574; x_wconf 80' lang='lat' dir='ltr'>Exteriore</span> <span class='ocrx_word' id='word_1_771' title='bbox 3468 4517 3628 4574; x_wconf 86' lang='lat' dir='ltr'>labia</span> <span class='ocrx_word' id='word_1_772' title='bbox 3653 4534 3786 4575; x_wconf 35' lang='lat' dir='ltr'>non.</span> 
     </span>
    </p>
   </div>
   <div class='ocr_carea' id='block_1_94' title="bbox 356 4605 2001 4675">
    <p class='ocr_par' dir='ltr' id='par_1_94' title="bbox 356 4605 2001 4675">
     <span class='ocr_line' id='line_1_94' title="bbox 356 4605 2001 4675; baseline -0.001 -13"><span class='ocrx_word' id='word_1_773' title='bbox 356 4623 480 4663; x_wconf 91' lang='lat' dir='ltr'>cem</span> <span class='ocrx_word' id='word_1_774' title='bbox 514 4608 806 4664; x_wconf 88' lang='lat' dir='ltr'>desiderat</span> <span class='ocrx_word' id='word_1_775' title='bbox 834 4609 1216 4664; x_wconf 88' lang='lat' dir='ltr'>curationem.</span> <span class='ocrx_word' id='word_1_776' title='bbox 1271 4608 1340 4662; x_wconf 88' lang='lat' dir='ltr'>Et</span> <span class='ocrx_word' id='word_1_777' title='bbox 1398 4622 1513 4662; x_wconf 92' lang='lat' dir='ltr'>non</span> <span class='ocrx_word' id='word_1_778' title='bbox 1571 4605 1762 4662; x_wconf 89' lang='lat' dir='ltr'>solum</span> <span class='ocrx_word' id='word_1_779' title='bbox 1793 4608 2001 4675; x_wconf 85' lang='lat' dir='ltr'>anima,</span> 
     </span>
    </p>
   </div>
   <div class='ocr_carea' id='block_1_95' title="bbox 358 4695 2006 4768">
    <p class='ocr_par' dir='ltr' id='par_1_95' title="bbox 358 4695 2006 4768">
     <span class='ocr_line' id='line_1_95' title="bbox 358 4695 2006 4768; baseline 0.001 -18"><span class='ocrx_word' id='word_1_780' title='bbox 358 4698 458 4751; x_wconf 92' lang='lat' dir='ltr'>sed</span> <span class='ocrx_word' id='word_1_781' title='bbox 482 4700 540 4751; x_wconf 91' lang='lat' dir='ltr'>et</span> <span class='ocrx_word' id='word_1_782' title='bbox 562 4713 692 4768; x_wconf 78' lang='lat' dir='ltr'>caro</span> <span class='ocrx_word' id='word_1_783' title='bbox 721 4713 845 4753; x_wconf 89' lang='lat' dir='ltr'>mea</span> <span class='ocrx_word' id='word_1_784' title='bbox 868 4699 1044 4754; x_wconf 81' lang='lat' dir='ltr'>sitivit</span> <span class='ocrx_word' id='word_1_785' title='bbox 1074 4700 1135 4753; x_wconf 84' lang='lat' dir='ltr'>in</span> <span class='ocrx_word' id='word_1_786' title='bbox 1163 4701 1236 4765; x_wconf 85' lang='lat' dir='ltr'>te,</span> <span class='ocrx_word' id='word_1_787' title='bbox 1269 4700 1611 4767; x_wconf 84' lang='lat' dir='ltr'>exspectans</span> <span class='ocrx_word' id='word_1_788' title='bbox 1637 4695 2006 4752; x_wconf 88' lang='lat' dir='ltr'>resurrectio-</span> 
     </span>
    </p>
   </div>
   <div class='ocr_carea' id='block_1_96' title="bbox 358 4784 2004 4854">
    <p class='ocr_par' dir='ltr' id='par_1_96' title="bbox 358 4784 2004 4854">
     <span class='ocr_line' id='line_1_96' title="bbox 358 4784 2004 4854; baseline 0.001 -15"><span class='ocrx_word' id='word_1_789' title='bbox 358 4800 515 4850; x_wconf 90' lang='lat' dir='ltr'>nem,</span> <span class='ocrx_word' id='word_1_790' title='bbox 539 4789 603 4840; x_wconf 90' lang='lat' dir='ltr'>ut</span> <span class='ocrx_word' id='word_1_791' title='bbox 626 4785 827 4841; x_wconf 88' lang='lat' dir='ltr'>anima</span> <span class='ocrx_word' id='word_1_792' title='bbox 845 4787 1270 4842; x_wconf 89' lang='lat' dir='ltr'>beatitudinem</span> <span class='ocrx_word' id='word_1_793' title='bbox 1299 4803 1310 4841; x_wconf 93' lang='lat'>:</span> <span class='ocrx_word' id='word_1_794' title='bbox 1333 4785 1435 4842; x_wconf 90' lang='lat' dir='ltr'>sed</span> <span class='ocrx_word' id='word_1_795' title='bbox 1462 4791 1518 4840; x_wconf 91' lang='lat' dir='ltr'>et</span> <span class='ocrx_word' id='word_1_796' title='bbox 1539 4784 1638 4840; x_wconf 89' lang='lat' dir='ltr'>illa</span> <span class='ocrx_word' id='word_1_797' title='bbox 1665 4801 1831 4854; x_wconf 84' lang='lat' dir='ltr'>quam</span> <span class='ocrx_word' id='word_1_798' title='bbox 1858 4784 2004 4840; x_wconf 86' lang='lat' dir='ltr'>mul-</span> 
     </span>
    </p>
   </div>
   <div class='ocr_carea' id='block_1_97' title="bbox 359 4873 2006 4946">
    <p class='ocr_par' dir='ltr' id='par_1_97' title="bbox 359 4873 2006 4946">
     <span class='ocr_line' id='line_1_97' title="bbox 359 4873 2006 4946; baseline 0 -18"><span class='ocrx_word' id='word_1_799' title='bbox 359 4874 638 4945; x_wconf 85' lang='lat' dir='ltr'>tipliciter,</span> <span class='ocrx_word' id='word_1_800' title='bbox 656 4873 712 4929; x_wconf 92' lang='lat' dir='ltr'>id</span> <span class='ocrx_word' id='word_1_801' title='bbox 735 4880 826 4928; x_wconf 90' lang='lat' dir='ltr'>est</span> <span class='ocrx_word' id='word_1_802' title='bbox 848 4874 1030 4929; x_wconf 89' lang='lat' dir='ltr'>multo</span> <span class='ocrx_word' id='word_1_803' title='bbox 1053 4873 1186 4946; x_wconf 87' lang='lat' dir='ltr'>plus</span> <span class='ocrx_word' id='word_1_804' title='bbox 1207 4891 1384 4946; x_wconf 89' lang='lat' dir='ltr'>quam</span> <span class='ocrx_word' id='word_1_805' title='bbox 1408 4873 1632 4940; x_wconf 88' lang='lat' dir='ltr'>anima;</span> <span class='ocrx_word' id='word_1_806' title='bbox 1660 4873 1796 4944; x_wconf 89' lang='lat' dir='ltr'>quia</span> <span class='ocrx_word' id='word_1_807' title='bbox 1815 4875 2006 4928; x_wconf 86' lang='lat' dir='ltr'>anima</span> 
     </span>
    </p>
   </div>
   <div class='ocr_carea' id='block_1_98' title="bbox 358 4961 2005 5036">
    <p class='ocr_par' dir='ltr' id='par_1_98' title="bbox 358 4961 2005 5036">
     <span class='ocr_line' id='line_1_98' title="bbox 358 4961 2005 5036; baseline 0 -18"><span class='ocrx_word' id='word_1_808' title='bbox 358 4962 765 5036; x_wconf 89' lang='lat' dir='ltr'>impassibilis,</span> <span class='ocrx_word' id='word_1_809' title='bbox 798 4979 927 5019; x_wconf 90' lang='lat' dir='ltr'>caro</span> <span class='ocrx_word' id='word_1_810' title='bbox 950 4969 1143 5018; x_wconf 87' lang='lat' dir='ltr'>autem</span> <span class='ocrx_word' id='word_1_811' title='bbox 1174 4961 1441 5018; x_wconf 86' lang='lat' dir='ltr'>mortalis</span> <span class='ocrx_word' id='word_1_812' title='bbox 1461 4967 1516 5018; x_wconf 90' lang='lat' dir='ltr'>et</span> <span class='ocrx_word' id='word_1_813' title='bbox 1538 4962 1855 5033; x_wconf 87' lang='lat' dir='ltr'>passibilis.</span> <span class='ocrx_word' id='word_1_814' title='bbox 1881 4962 2005 5018; x_wconf 92' lang='lat' dir='ltr'>Non</span> 
     </span>
    </p>
   </div>
   <div class='ocr_carea' id='block_1_99' title="bbox 356 5050 2006 5124">
    <p class='ocr_par' dir='ltr' id='par_1_99' title="bbox 356 5050 2006 5124">
     <span class='ocr_line' id='line_1_99' title="bbox 356 5050 2006 5124; baseline -0.001 -16"><span class='ocrx_word' id='word_1_815' title='bbox 356 5069 490 5109; x_wconf 88' lang='lat' dir='ltr'>caro</span> <span class='ocrx_word' id='word_1_816' title='bbox 517 5055 712 5121; x_wconf 86' lang='lat' dir='ltr'>sitivit,</span> <span class='ocrx_word' id='word_1_817' title='bbox 738 5053 840 5109; x_wconf 87' lang='lat' dir='ltr'>sed</span> <span class='ocrx_word' id='word_1_818' title='bbox 863 5056 1076 5118; x_wconf 86' lang='lat' dir='ltr'>anima,</span> <span class='ocrx_word' id='word_1_819' title='bbox 1103 5052 1480 5108; x_wconf 88' lang='lat' dir='ltr'>considerans</span> <span class='ocrx_word' id='word_1_820' title='bbox 1502 5050 1885 5124; x_wconf 87' lang='lat' dir='ltr'>multiplicem</span> <span class='ocrx_word' id='word_1_821' title='bbox 1909 5053 2006 5107; x_wconf 89' lang='lat' dir='ltr'>de-</span> 
     </span>
    </p>
   </div>
   <div class='ocr_carea' id='block_1_100' title="bbox 359 5140 2004 5215">
    <p class='ocr_par' dir='ltr' id='par_1_100' title="bbox 359 5140 2004 5215">
     <span class='ocr_line' id='line_1_100' title="bbox 359 5140 2004 5215; baseline -0.001 -18"><span class='ocrx_word' id='word_1_822' title='bbox 359 5143 578 5198; x_wconf 88' lang='lat' dir='ltr'>fectum</span> <span class='ocrx_word' id='word_1_823' title='bbox 611 5143 843 5199; x_wconf 90' lang='lat' dir='ltr'>carnis:</span> <span class='ocrx_word' id='word_1_824' title='bbox 878 5141 1016 5215; x_wconf 89' lang='lat' dir='ltr'>quia</span> <span class='ocrx_word' id='word_1_825' title='bbox 1069 5142 1293 5215; x_wconf 86' lang='lat' dir='ltr'>vigilat,</span> <span class='ocrx_word' id='word_1_826' title='bbox 1351 5145 1407 5196; x_wconf 92' lang='lat' dir='ltr'>et</span> <span class='ocrx_word' id='word_1_827' title='bbox 1460 5140 1518 5195; x_wconf 92' lang='lat' dir='ltr'>in</span> <span class='ocrx_word' id='word_1_828' title='bbox 1573 5140 1683 5196; x_wconf 92' lang='lat' dir='ltr'>hoc</span> <span class='ocrx_word' id='word_1_829' title='bbox 1713 5140 2004 5209; x_wconf 89' lang='lat' dir='ltr'>lassatur;</span> 
     </span>
    </p>
   </div>
   <div class='ocr_carea' id='block_1_101' title="bbox 359 5239 2008 5312">
    <p class='ocr_par' dir='ltr' id='par_1_101' title="bbox 359 5239 2008 5312">
     <span class='ocr_line' id='line_1_101' title="bbox 359 5239 2008 5312; baseline -0.001 -16"><span class='ocrx_word' id='word_1_830' title='bbox 359 5241 596 5312; x_wconf 88' lang='lat' dir='ltr'>dormit,</span> <span class='ocrx_word' id='word_1_831' title='bbox 631 5246 689 5297; x_wconf 91' lang='lat' dir='ltr'>et</span> <span class='ocrx_word' id='word_1_832' title='bbox 716 5241 776 5296; x_wconf 91' lang='lat' dir='ltr'>in</span> <span class='ocrx_word' id='word_1_833' title='bbox 809 5241 918 5297; x_wconf 91' lang='lat' dir='ltr'>hoc</span> <span class='ocrx_word' id='word_1_834' title='bbox 971 5241 1264 5307; x_wconf 88' lang='lat' dir='ltr'>lassatur;</span> <span class='ocrx_word' id='word_1_835' title='bbox 1299 5243 1436 5307; x_wconf 89' lang='lat' dir='ltr'>stat,</span> <span class='ocrx_word' id='word_1_836' title='bbox 1496 5239 1676 5308; x_wconf 88' lang='lat' dir='ltr'>sedet,</span> <span class='ocrx_word' id='word_1_837' title='bbox 1732 5239 2008 5304; x_wconf 87' lang='lat' dir='ltr'>comedit,</span> 
     </span>
    </p>
   </div>
   <div class='ocr_carea' id='block_1_102' title="bbox 361 5327 2011 5395">
    <p class='ocr_par' dir='ltr' id='par_1_102' title="bbox 361 5327 2011 5395">
     <span class='ocr_line' id='line_1_102' title="bbox 361 5327 2011 5395; baseline -0.002 -8"><span class='ocrx_word' id='word_1_838' title='bbox 361 5332 580 5388; x_wconf 87' lang='lat' dir='ltr'>esurit:</span> <span class='ocrx_word' id='word_1_839' title='bbox 615 5336 672 5387; x_wconf 91' lang='lat' dir='ltr'>et</span> <span class='ocrx_word' id='word_1_840' title='bbox 701 5331 760 5386; x_wconf 91' lang='lat' dir='ltr'>in</span> <span class='ocrx_word' id='word_1_841' title='bbox 792 5331 884 5387; x_wconf 91' lang='lat' dir='ltr'>his</span> <span class='ocrx_word' id='word_1_842' title='bbox 916 5330 1191 5386; x_wconf 90' lang='lat' dir='ltr'>omnibus</span> <span class='ocrx_word' id='word_1_843' title='bbox 1220 5328 1507 5385; x_wconf 84' lang='lat' dir='ltr'>lassitudo</span> <span class='ocrx_word' id='word_1_844' title='bbox 1555 5332 1611 5383; x_wconf 89' lang='lat' dir='ltr'>et</span> <span class='ocrx_word' id='word_1_845' title='bbox 1659 5327 1920 5395; x_wconf 87' lang='lat' dir='ltr'>satietas,</span> <span class='ocrx_word' id='word_1_846' title='bbox 1955 5333 2011 5384; x_wconf 92' lang='lat' dir='ltr'>et</span> 
     </span>
    </p>
   </div>
   <div class='ocr_carea' id='block_1_103' title="bbox 361 5417 2013 5495">
    <p class='ocr_par' dir='ltr' id='par_1_103' title="bbox 361 5417 2013 5495">
     <span class='ocr_line' id='line_1_103' title="bbox 361 5417 2013 5495; baseline -0.002 -18"><span class='ocrx_word' id='word_1_847' title='bbox 361 5420 492 5477; x_wconf 87' lang='lat' dir='ltr'>ideo</span> <span class='ocrx_word' id='word_1_848' title='bbox 533 5421 696 5477; x_wconf 88' lang='lat' dir='ltr'>nulla</span> <span class='ocrx_word' id='word_1_849' title='bbox 725 5421 975 5495; x_wconf 90' lang='lat' dir='ltr'>requies.</span> <span class='ocrx_word' id='word_1_850' title='bbox 1000 5422 1069 5476; x_wconf 89' lang='lat' dir='ltr'>Et</span> <span class='ocrx_word' id='word_1_851' title='bbox 1111 5421 1261 5476; x_wconf 91' lang='lat' dir='ltr'>hanc</span> <span class='ocrx_word' id='word_1_852' title='bbox 1282 5418 1440 5476; x_wconf 89' lang='lat' dir='ltr'>sitim</span> <span class='ocrx_word' id='word_1_853' title='bbox 1474 5417 1658 5473; x_wconf 88' lang='lat' dir='ltr'>habeo</span> <span class='ocrx_word' id='word_1_854' title='bbox 1682 5417 1742 5472; x_wconf 92' lang='lat' dir='ltr'>in</span> <span class='ocrx_word' id='word_1_855' title='bbox 1765 5417 1874 5473; x_wconf 90' lang='lat' dir='ltr'>hac</span> <span class='ocrx_word' id='word_1_856' title='bbox 1895 5418 2013 5474; x_wconf 89' lang='lat' dir='ltr'>vita</span> 
     </span>
    </p>
   </div>
   <div class='ocr_carea' id='block_1_104' title="bbox 363 5507 2013 5585">
    <p class='ocr_par' dir='ltr' id='par_1_104' title="bbox 363 5507 2013 5585">
     <span class='ocr_line' id='line_1_104' title="bbox 363 5507 2013 5585; baseline -0.002 -19"><span class='ocrx_word' id='word_1_857' title='bbox 363 5511 465 5568; x_wconf 88' lang='lat' dir='ltr'>ubi</span> <span class='ocrx_word' id='word_1_858' title='bbox 487 5511 804 5568; x_wconf 87' lang='lat' dir='ltr'>sitiendum</span> <span class='ocrx_word' id='word_1_859' title='bbox 826 5515 915 5569; x_wconf 88' lang='lat' dir='ltr'>est</span> <span class='ocrx_word' id='word_1_860' title='bbox 941 5529 953 5568; x_wconf 89' lang='lat'>:</span> <span class='ocrx_word' id='word_1_861' title='bbox 988 5511 1128 5585; x_wconf 88' lang='lat' dir='ltr'>quia</span> <span class='ocrx_word' id='word_1_862' title='bbox 1155 5514 1247 5566; x_wconf 91' lang='lat' dir='ltr'>est</span> <span class='ocrx_word' id='word_1_863' title='bbox 1275 5509 1448 5584; x_wconf 90' lang='lat' dir='ltr'>plena</span> <span class='ocrx_word' id='word_1_864' title='bbox 1475 5507 1839 5582; x_wconf 88' lang='lat' dir='ltr'>iudigentiis,</span> <span class='ocrx_word' id='word_1_865' title='bbox 1861 5507 2013 5564; x_wconf 89' lang='lat' dir='ltr'>scili-</span> 
     </span>
    </p>
   </div>
   <div class='ocr_carea' id='block_1_105' title="bbox 365 5597 2011 5674">
    <p class='ocr_par' dir='ltr' id='par_1_105' title="bbox 365 5597 2011 5674">
     <span class='ocr_line' id='line_1_105' title="bbox 365 5597 2011 5674; baseline 0 -18"><span class='ocrx_word' id='word_1_866' title='bbox 365 5603 455 5656; x_wconf 85' lang='lat' dir='ltr'>cet</span> <span class='ocrx_word' id='word_1_867' title='bbox 481 5602 542 5657; x_wconf 89' lang='lat' dir='ltr'>in</span> <span class='ocrx_word' id='word_1_868' title='bbox 569 5605 724 5660; x_wconf 80' lang='lat' dir='ltr'>terra</span> <span class='ocrx_word' id='word_1_869' title='bbox 754 5599 964 5660; x_wconf 82' lang='lat' dir='ltr'>deserta</span> <span class='ocrx_word' id='word_1_870' title='bbox 995 5608 1047 5659; x_wconf 84' lang='lat' dir='ltr'>et</span> <span class='ocrx_word' id='word_1_871' title='bbox 1074 5600 1228 5660; x_wconf 87' lang='lat' dir='ltr'>invia</span> <span class='ocrx_word' id='word_1_872' title='bbox 1257 5607 1308 5659; x_wconf 83' lang='lat' dir='ltr'>et</span> <span class='ocrx_word' id='word_1_873' title='bbox 1335 5599 1621 5674; x_wconf 75' lang='lat' dir='ltr'>inaquoea.</span> <span class='ocrx_word' id='word_1_874' title='bbox 1659 5597 1895 5658; x_wconf 86' lang='lat' dir='ltr'>Deserta</span> <span class='ocrx_word' id='word_1_875' title='bbox 1923 5600 2011 5658; x_wconf 72' lang='lat' dir='ltr'>est</span> 
     </span>
    </p>
   </div>
   <div class='ocr_carea' id='block_1_106' title="bbox 2115 4603 3770 4678">
    <p class='ocr_par' dir='ltr' id='par_1_106' title="bbox 2115 4603 3770 4678">
     <span class='ocr_line' id='line_1_106' title="bbox 2115 4603 3770 4678; baseline 0.001 -16"><span class='ocrx_word' id='word_1_876' title='bbox 2115 4606 2464 4662; x_wconf 88' lang='lat' dir='ltr'>erubescant</span> <span class='ocrx_word' id='word_1_877' title='bbox 2494 4610 2549 4661; x_wconf 91' lang='lat' dir='ltr'>te</span> <span class='ocrx_word' id='word_1_878' title='bbox 2598 4603 2859 4661; x_wconf 81' lang='lat' dir='ltr'>confiteri</span> <span class='ocrx_word' id='word_1_879' title='bbox 2911 4622 3107 4661; x_wconf 90' lang='lat' dir='ltr'>coram</span> <span class='ocrx_word' id='word_1_880' title='bbox 3169 4605 3531 4663; x_wconf 87' lang='lat' dir='ltr'>hominibus.</span> <span class='ocrx_word' id='word_1_881' title='bbox 3564 4606 3680 4678; x_wconf 87' lang='lat' dir='ltr'>Sic,</span> <span class='ocrx_word' id='word_1_882' title='bbox 3709 4605 3770 4662; x_wconf 86' lang='lat' dir='ltr'>id</span> 
     </span>
    </p>
   </div>
   <div class='ocr_carea' id='block_1_107' title="bbox 2114 4693 3806 4762">
    <p class='ocr_par' dir='ltr' id='par_1_107' title="bbox 2114 4693 3806 4762">
     <span class='ocr_line' id='line_1_107' title="bbox 2114 4693 3806 4762; baseline 0.001 -12"><span class='ocrx_word' id='word_1_883' title='bbox 2114 4699 2205 4750; x_wconf 90' lang='lat' dir='ltr'>est</span> <span class='ocrx_word' id='word_1_884' title='bbox 2231 4693 2525 4750; x_wconf 90' lang='lat' dir='ltr'>laudando</span> <span class='ocrx_word' id='word_1_885' title='bbox 2557 4694 2831 4760; x_wconf 86' lang='lat' dir='ltr'>exterius,</span> <span class='ocrx_word' id='word_1_886' title='bbox 2866 4693 3178 4750; x_wconf 86' lang='lat' dir='ltr'>benedieam</span> <span class='ocrx_word' id='word_1_887' title='bbox 3205 4699 3258 4750; x_wconf 90' lang='lat' dir='ltr'>te</span> <span class='ocrx_word' id='word_1_888' title='bbox 3295 4697 3358 4750; x_wconf 88' lang='lat' dir='ltr'>in</span> <span class='ocrx_word' id='word_1_889' title='bbox 3386 4699 3503 4751; x_wconf 83' lang='lat' dir='ltr'>vita</span> <span class='ocrx_word' id='word_1_890' title='bbox 3532 4712 3682 4762; x_wconf 71' lang='lat' dir='ltr'>mea,</span> <span class='ocrx_word' id='word_1_891' title='bbox 3713 4695 3806 4752; x_wconf 73' lang='grc' dir='ltr'>ἰὰ-.</span> 
     </span>
    </p>
   </div>
   <div class='ocr_carea' id='block_1_108' title="bbox 2114 4782 3772 4858">
    <p class='ocr_par' dir='ltr' id='par_1_108' title="bbox 2114 4782 3772 4858">
     <span class='ocr_line' id='line_1_108' title="bbox 2114 4782 3772 4858; baseline 0 -16"><span class='ocrx_word' id='word_1_892' title='bbox 2114 4789 2202 4842; x_wconf 90' lang='lat' dir='ltr'>est</span> <span class='ocrx_word' id='word_1_893' title='bbox 2227 4782 2601 4840; x_wconf 89' lang='lat' dir='ltr'>laudabiliter</span> <span class='ocrx_word' id='word_1_894' title='bbox 2630 4783 2872 4838; x_wconf 85' lang='lat' dir='ltr'>vivendo</span> <span class='ocrx_word' id='word_1_895' title='bbox 2923 4782 3324 4856; x_wconf 90' lang='lat' dir='ltr'>multiplicabo</span> <span class='ocrx_word' id='word_1_896' title='bbox 3376 4783 3583 4841; x_wconf 89' lang='lat' dir='ltr'>laudes</span> <span class='ocrx_word' id='word_1_897' title='bbox 3614 4790 3772 4858; x_wconf 79' lang='lat' dir='ltr'>tuas,</span> 
     </span>
    </p>
   </div>
   <div class='ocr_carea' id='block_1_109' title="bbox 2115 4863 3795 4950">
    <p class='ocr_par' dir='ltr' id='par_1_109' title="bbox 2115 4863 3795 4950">
     <span class='ocr_line' id='line_1_109' title="bbox 2115 4863 3795 4950; baseline 0.001 -21"><span class='ocrx_word' id='word_1_898' title='bbox 2115 4881 2172 4930; x_wconf 89' lang='lat' dir='ltr'>et</span> <span class='ocrx_word' id='word_1_899' title='bbox 2203 4891 2317 4929; x_wconf 92' lang='lat' dir='ltr'>non</span> <span class='ocrx_word' id='word_1_900' title='bbox 2350 4871 2539 4929; x_wconf 90' lang='lat' dir='ltr'>solum</span> <span class='ocrx_word' id='word_1_901' title='bbox 2573 4889 2677 4944; x_wconf 89' lang='lat' dir='ltr'>ego</span> <span class='ocrx_word' id='word_1_902' title='bbox 2710 4871 2960 4928; x_wconf 88' lang='lat' dir='ltr'>laudabo</span> <span class='ocrx_word' id='word_1_903' title='bbox 2990 4879 3044 4928; x_wconf 89' lang='lat' dir='ltr'>te</span> <span class='ocrx_word' id='word_1_904' title='bbox 3075 4872 3264 4929; x_wconf 90' lang='lat' dir='ltr'>verbis</span> <span class='ocrx_word' id='word_1_905' title='bbox 3321 4881 3381 4930; x_wconf 93' lang='lat' dir='ltr'>et</span> <span class='ocrx_word' id='word_1_906' title='bbox 3437 4891 3638 4947; x_wconf 88' lang='lat' dir='ltr'>opere,</span> 
     </span>
    </p>
   </div>
   <div class='ocr_carea' id='block_1_110' title="bbox 2117 4961 3774 5035">
    <p class='ocr_par' dir='ltr' id='par_1_110' title="bbox 2117 4961 3774 5035">
     <span class='ocr_line' id='line_1_110' title="bbox 2117 4961 3774 5035; baseline 0 -14"><span class='ocrx_word' id='word_1_907' title='bbox 2117 4965 2187 5021; x_wconf 88' lang='lat' dir='ltr'>ad</span> <span class='ocrx_word' id='word_1_908' title='bbox 2216 4962 2549 5035; x_wconf 86' lang='lat' dir='ltr'>exemplum</span> <span class='ocrx_word' id='word_1_909' title='bbox 2601 4961 2850 5017; x_wconf 89' lang='lat' dir='ltr'>aliorum</span> <span class='ocrx_word' id='word_1_910' title='bbox 2907 4963 3094 5018; x_wconf 85' lang='lat' dir='ltr'>levabo</span> <span class='ocrx_word' id='word_1_911' title='bbox 3146 4979 3344 5018; x_wconf 83' lang='lat' dir='ltr'>manus</span> <span class='ocrx_word' id='word_1_912' title='bbox 3393 4980 3564 5030; x_wconf 86' lang='lat' dir='ltr'>meas,</span> <span class='ocrx_word' id='word_1_913' title='bbox 3599 4965 3660 5020; x_wconf 92' lang='lat' dir='ltr'>id</span> <span class='ocrx_word' id='word_1_914' title='bbox 3685 4967 3774 5030; x_wconf 66' lang='lat' dir='ltr'>est</span> 
     </span>
    </p>
   </div>
   <div class='ocr_carea' id='block_1_111' title="bbox 2117 5051 3788 5124">
    <p class='ocr_par' dir='ltr' id='par_1_111' title="bbox 2117 5051 3788 5124">
     <span class='ocr_line' id='line_1_111' title="bbox 2117 5051 3788 5124; baseline 0.001 -15"><span class='ocrx_word' id='word_1_915' title='bbox 2117 5055 2330 5109; x_wconf 90' lang='lat' dir='ltr'>bonam</span> <span class='ocrx_word' id='word_1_916' title='bbox 2364 5051 2759 5124; x_wconf 86' lang='lat' dir='ltr'>Operationem</span> <span class='ocrx_word' id='word_1_917' title='bbox 2791 5067 2980 5107; x_wconf 90' lang='lat' dir='ltr'>meam</span> <span class='ocrx_word' id='word_1_918' title='bbox 3014 5051 3146 5108; x_wconf 88' lang='lat' dir='ltr'>aliis</span> <span class='ocrx_word' id='word_1_919' title='bbox 3186 5069 3508 5124; x_wconf 83' lang='lat' dir='ltr'>proponam</span> <span class='ocrx_word' id='word_1_920' title='bbox 3532 5054 3606 5109; x_wconf 87' lang='lat' dir='ltr'>ad</span> <span class='ocrx_word' id='word_1_921' title='bbox 3639 5053 3788 5116; x_wconf 60' lang='lat' dir='ltr'>imio,</span> 
     </span>
    </p>
   </div>
   <div class='ocr_carea' id='block_1_112' title="bbox 2116 5139 3794 5216">
    <p class='ocr_par' dir='ltr' id='par_1_112' title="bbox 2116 5139 3794 5216">
     <span class='ocr_line' id='line_1_112' title="bbox 2116 5139 3794 5216; baseline 0.001 -19"><span class='ocrx_word' id='word_1_922' title='bbox 2116 5143 2383 5198; x_wconf 87' lang='lat' dir='ltr'>tandum.</span> <span class='ocrx_word' id='word_1_923' title='bbox 2413 5140 2726 5213; x_wconf 88' lang='lat' dir='ltr'>Gregorius</span> <span class='ocrx_word' id='word_1_924' title='bbox 2751 5155 2762 5193; x_wconf 95' lang='lat'><strong>:</strong></span> <span class='ocrx_word' id='word_1_925' title='bbox 2789 5139 2872 5195; x_wconf 89' lang='lat' dir='ltr'>sic</span> <span class='ocrx_word' id='word_1_926' title='bbox 2897 5141 3042 5196; x_wconf 78' lang='lat' dir='ltr'>fiant</span> <span class='ocrx_word' id='word_1_927' title='bbox 3062 5158 3239 5214; x_wconf 82' lang='lat' dir='ltr'>opera</span> <span class='ocrx_word' id='word_1_928' title='bbox 3267 5147 3464 5198; x_wconf 90' lang='lat' dir='ltr'>vestra</span> <span class='ocrx_word' id='word_1_929' title='bbox 3512 5142 3572 5199; x_wconf 93' lang='lat' dir='ltr'>in</span> <span class='ocrx_word' id='word_1_930' title='bbox 3606 5159 3794 5216; x_wconf 37' lang='lat' dir='ltr'>aper-5</span> 
     </span>
    </p>
   </div>
   <div class='ocr_carea' id='block_1_113' title="bbox 2117 5228 3806 5305">
    <p class='ocr_par' dir='ltr' id='par_1_113' title="bbox 2117 5228 3806 5305">
     <span class='ocr_line' id='line_1_113' title="bbox 2117 5228 3806 5305; baseline 0.002 -17"><span class='ocrx_word' id='word_1_931' title='bbox 2117 5237 2197 5300; x_wconf 90' lang='lat' dir='ltr'>to,</span> <span class='ocrx_word' id='word_1_932' title='bbox 2232 5234 2522 5302; x_wconf 89' lang='lat' dir='ltr'>quatenus</span> <span class='ocrx_word' id='word_1_933' title='bbox 2543 5229 2788 5285; x_wconf 87' lang='lat' dir='ltr'>intentio</span> <span class='ocrx_word' id='word_1_934' title='bbox 2807 5228 2884 5285; x_wconf 90' lang='lat' dir='ltr'>sit</span> <span class='ocrx_word' id='word_1_935' title='bbox 2906 5230 2965 5285; x_wconf 91' lang='lat' dir='ltr'>in</span> <span class='ocrx_word' id='word_1_936' title='bbox 2989 5231 3215 5288; x_wconf 91' lang='lat' dir='ltr'>occulto</span> <span class='ocrx_word' id='word_1_937' title='bbox 3241 5249 3255 5300; x_wconf 88' lang='lat'><strong>;</strong></span> <span class='ocrx_word' id='word_1_938' title='bbox 3283 5232 3438 5304; x_wconf 92' lang='lat' dir='ltr'>quod</span> <span class='ocrx_word' id='word_1_939' title='bbox 3463 5232 3738 5305; x_wconf 86' lang='lat' dir='ltr'>sequitur</span> <span class='ocrx_word' id='word_1_940' title='bbox 3757 5249 3806 5292; x_wconf 54' lang='lat'>:..</span> 
     </span>
    </p>
   </div>
   <div class='ocr_carea' id='block_1_114' title="bbox 2121 5327 3810 5406">
    <p class='ocr_par' dir='ltr' id='par_1_114' title="bbox 2121 5327 3810 5406">
     <span class='ocr_line' id='line_1_114' title="bbox 2121 5327 3810 5406; baseline 0.004 -21"><span class='ocrx_word' id='word_1_941' title='bbox 2121 5331 2190 5385; x_wconf 88' lang='lat' dir='ltr'>Et</span> <span class='ocrx_word' id='word_1_942' title='bbox 2217 5328 2363 5384; x_wconf 87' lang='lat' dir='ltr'>alios</span> <span class='ocrx_word' id='word_1_943' title='bbox 2421 5327 2604 5383; x_wconf 89' lang='lat' dir='ltr'>levabo</span> <span class='ocrx_word' id='word_1_944' title='bbox 2659 5329 2721 5382; x_wconf 90' lang='lat' dir='ltr'>in</span> <span class='ocrx_word' id='word_1_945' title='bbox 2757 5329 2983 5384; x_wconf 84' lang='lat' dir='ltr'>nomine</span> <span class='ocrx_word' id='word_1_946' title='bbox 3039 5338 3135 5386; x_wconf 89' lang='lat' dir='ltr'>tuo</span> <span class='ocrx_word' id='word_1_947' title='bbox 3189 5329 3595 5403; x_wconf 81' lang='lat' dir='ltr'>gloriﬁcando,</span> <span class='ocrx_word' id='word_1_948' title='bbox 3660 5347 3810 5406; x_wconf 69' lang='lat'>11011,.</span> 
     </span>
    </p>
   </div>
   <div class='ocr_carea' id='block_1_115' title="bbox 2121 5417 3800 5499">
    <p class='ocr_par' dir='ltr' id='par_1_115' title="bbox 2121 5417 3800 5499">
     <span class='ocr_line' id='line_1_115' title="bbox 2121 5417 3800 5499; baseline -0.002 -25"><span class='ocrx_word' id='word_1_949' title='bbox 2121 5436 2248 5476; x_wconf 91' lang='lat' dir='ltr'>meo</span> <span class='ocrx_word' id='word_1_950' title='bbox 2276 5437 2289 5488; x_wconf 87' lang='lat'><strong>;</strong></span> <span class='ocrx_word' id='word_1_951' title='bbox 2324 5420 2382 5472; x_wconf 86' lang='lat' dir='ltr'>ut</span> <span class='ocrx_word' id='word_1_952' title='bbox 2414 5417 2673 5472; x_wconf 90' lang='lat' dir='ltr'>videntes</span> <span class='ocrx_word' id='word_1_953' title='bbox 2701 5432 2862 5488; x_wconf 86' lang='lat' dir='ltr'>opera</span> <span class='ocrx_word' id='word_1_954' title='bbox 2921 5423 3102 5475; x_wconf 89' lang='lat' dir='ltr'>vestra</span> <span class='ocrx_word' id='word_1_955' title='bbox 3153 5418 3292 5475; x_wconf 84' lang='lat' dir='ltr'>bona</span> <span class='ocrx_word' id='word_1_956' title='bbox 3329 5420 3643 5497; x_wconf 70' lang='lat' dir='ltr'>gloriﬁcent</span> <span class='ocrx_word' id='word_1_957' title='bbox 3673 5427 3800 5499; x_wconf 60' lang='grc' dir='ltr'>Ρστ,</span> 
     </span>
    </p>
   </div>
   <div class='ocr_carea' id='block_1_116' title="bbox 2121 5504 3802 5582">
    <p class='ocr_par' dir='ltr' id='par_1_116' title="bbox 2121 5504 3802 5582">
     <span class='ocr_line' id='line_1_116' title="bbox 2121 5504 3802 5582; baseline 0.002 -17"><span class='ocrx_word' id='word_1_958' title='bbox 2121 5517 2262 5565; x_wconf 85' lang='lat' dir='ltr'>trem</span> <span class='ocrx_word' id='word_1_959' title='bbox 2309 5515 2548 5563; x_wconf 88' lang='lat' dir='ltr'>vestrum</span> <span class='ocrx_word' id='word_1_960' title='bbox 2586 5504 2793 5578; x_wconf 84' lang='lat' dir='ltr'>(Matth.</span> <span class='ocrx_word' id='word_1_961' title='bbox 2854 5506 2932 5579; x_wconf 78' lang='grc' dir='ltr'>ν),</span> <span class='ocrx_word' id='word_1_962' title='bbox 2991 5508 3102 5564; x_wconf 88' lang='lat' dir='ltr'>hoc</span> <span class='ocrx_word' id='word_1_963' title='bbox 3157 5515 3360 5582; x_wconf 87' lang='lat' dir='ltr'>petens</span> <span class='ocrx_word' id='word_1_964' title='bbox 3416 5527 3452 5568; x_wconf 78' lang='lat'><strong><em>8</em></strong></span> <span class='ocrx_word' id='word_1_965' title='bbox 3509 5516 3590 5582; x_wconf 84' lang='lat' dir='ltr'>te,</span> <span class='ocrx_word' id='word_1_966' title='bbox 3637 5515 3802 5574; x_wconf 60' lang='grc' dir='ltr'>πων</span> 
     </span>
    </p>
   </div>
   <div class='ocr_carea' id='block_1_117' title="bbox 2120 5593 3812 5680">
    <p class='ocr_par' dir='ltr' id='par_1_117' title="bbox 2120 5593 3812 5680">
     <span class='ocr_line' id='line_1_117' title="bbox 2120 5593 3812 5680; baseline 0.003 -24"><span class='ocrx_word' id='word_1_967' title='bbox 2120 5597 2281 5676; x_wconf 84' lang='lat' dir='ltr'>adipe</span> <span class='ocrx_word' id='word_1_968' title='bbox 2309 5604 2360 5658; x_wconf 88' lang='lat' dir='ltr'>et</span> <span class='ocrx_word' id='word_1_969' title='bbox 2379 5593 2718 5675; x_wconf 81' lang='lat' dir='ltr'>pinguedine</span> <span class='ocrx_word' id='word_1_970' title='bbox 2743 5594 3025 5673; x_wconf 82' lang='lat' dir='ltr'>repleatur</span> <span class='ocrx_word' id='word_1_971' title='bbox 3051 5600 3251 5658; x_wconf 81' lang='lat' dir='ltr'>anima</span> <span class='ocrx_word' id='word_1_972' title='bbox 3269 5615 3420 5662; x_wconf 86' lang='lat' dir='ltr'>mea.</span> <span class='ocrx_word' id='word_1_973' title='bbox 3455 5601 3658 5680; x_wconf 69' lang='lat' dir='ltr'>Adspe</span> <span class='ocrx_word' id='word_1_974' title='bbox 3683 5603 3812 5680; x_wconf 55' lang='grc' dir='ltr'>αξξ</span> 
     </span>
    </p>
   </div>
   <div class='ocr_carea' id='block_1_118' title="bbox 3643 251 3854 324">
    <p class='ocr_par' dir='ltr' id='par_1_118' title="bbox 3643 251 3854 324">
     <span class='ocr_line' id='line_1_118' title="bbox 3643 251 3854 324; baseline -0.009 0"><span class='ocrx_word' id='word_1_975' title='bbox 3643 251 3854 324; x_wconf 61' lang='grc' dir='ltr'>κε’</span> 
     </span>
    </p>
   </div>
  </div>
