4014 6194
323 361 441 429 468

324 594 618 649 transacto
650 592 755 648 hoc
787 594 997 650 saeculo
1023 594 1282 662 volubili,
1318 596 1475 667 quod
1508 595 1756 650 volvitur
1787 596 1846 650 in
1880 612 1967 650 se-

321 682 603 752 ptenario,
637 682 694 736 id
727 688 834 747 est,
870 700 1112 738 numero
1161 689 1383 755 septem
1435 685 1661 739 dierum
1697 704 1709 740 :
1743 686 1829 740 vel
1862 685 1967 739 hoc

324 772 497 826 modo
530 774 879 844 septenario,
914 773 1051 843 quia
1083 774 1139 827 in
1171 776 1499 844 septenario
1540 775 1824 845 accipitur
1850 776 1969 830 vita

323 861 609 931 cujusque
641 860 815 915 unius
845 861 1048 931 diei,in
1086 879 1202 933 qua
1233 862 1459 933 operari
1494 879 1839 917 concessum
1858 868 1963 918 est.

321 959 649 1029 Septimum
682 963 771 1014 est
798 960 941 1014 illud
976 960 1232 1031 spatium
1261 960 1564 1031 temporis,
1595 962 1651 1015 in
1686 978 1801 1032 quo
1836 969 1967 1032 post

234 1034 241 1040 ’
320 1046 500 1119 hujus
529 1048 656 1102 vitae
679 1048 993 1103 transitum
1025 1055 1389 1121 exspectatur
1410 1051 1753 1106 resurrectio
1782 1070 1793 1117 ;
1818 1058 1969 1107 octa-

316 1153 479 1203 vum,
514 1136 643 1208 ipsa
673 1138 1018 1193 resurrectio
1040 1138 1154 1192 :vel
1186 1140 1323 1211 quia
1354 1141 1717 1212 septenarius
1738 1145 1967 1195 constat

318 1240 388 1281 ex
418 1226 673 1279 ternario
693 1230 748 1281 et
765 1227 1226 1297 quaternario.in
1251 1230 1619 1299 quaternario
1644 1230 1967 1301 accipimus

318 1313 612 1369 carnalem
644 1317 1075 1386 generationem
1104 1335 1116 1381 ;
1150 1317 1285 1387 quia
1316 1334 1525 1389 corpus
1573 1326 1823 1389 quatuor
1850 1319 1965 1373 ele-

319 1403 534 1459 mentis
564 1409 810 1470 constat,
828 1404 1050 1459 scilicet
1076 1404 1207 1461 illos
1238 1408 1337 1477 qui
1357 1407 1665 1462 carnaliter
1696 1409 1967 1462 vixerunt

318 1497 455 1547 ante
482 1493 794 1547 adventum
847 1494 1099 1548 Domini.
1135 1499 1242 1549 Per
1287 1496 1607 1551 ternarium
1643 1498 1965 1568 accipimus

317 1580 739 1653 spiritales,qui
764 1583 997 1637 fuerunt
1014 1586 1467 1653 postadventum
1486 1586 1711 1639 Domini
1732 1590 1967 1657 propter

316 1668 609 1740 triplicem
642 1670 849 1725 animae
899 1673 1245 1741 potestatem
1278 1670 1411 1742 quia
1442 1678 1531 1726 est
1582 1672 1961 1741 rationabilis,

313 1757 629 1813 irascibilis
656 1764 715 1834 et
746 1758 1238 1829 concupiscibilis,
1265 1760 1480 1830 quibus
1504 1760 1805 1815 adduntur
1825 1762 1961 1827 duo,

313 1846 580 1903 doctrina
608 1850 665 1902 et
692 1847 1226 1902 virtus.Transacto
1249 1864 1384 1920 ergo
1410 1849 1515 1903 hoc
1546 1850 1962 1920 septenario,id
2000 1880 2044 1941 Β

312 1940 421 2005 est,
437 1934 725 2007 completo
757 1953 999 1991 numero
1019 1936 1303 2002 fidelium,
1320 1939 1418 2009 qui
1436 1940 1506 1993 de
1531 1943 1777 2009 utraque
1799 1956 1969 2010 gene-

313 2024 536 2080 ratione
582 2029 670 2079 est
720 2026 1136 2091 assumendus,
1190 2026 1425 2081 finietur
1472 2028 1587 2082 ista
1636 2028 1961 2099 captivitas.

315 2122 497 2179 Tituli
518 2124 874 2177 constructio
892 2123 1107 2177 :Verba
1123 2123 1303 2194 hujus
1324 2124 1533 2195 psalmi
1557 2125 1889 2180 referuntur
1910 2128 1969 2179 in

320 2211 505 2277 ﬁnem,
539 2210 759 2266 scilicet
790 2217 1143 2281 temporum,
1179 2212 1399 2267 scilicet
1429 2213 1811 2284 intelligenda
1846 2215 1969 2268 ﬁeri

318 2304 633 2370 postquam
651 2300 805 2353 venit
823 2300 1120 2370 plenitudo
1134 2305 1488 2372 temporum.
1507 2304 1763 2357 Psalmus
1776 2304 1966 2373 David,

318 2386 376 2441 id
410 2393 517 2455 est,
571 2389 723 2442 bona
771 2390 1025 2459 operatio
1077 2391 1361 2461 cujusque
1413 2391 1618 2445 lidelis.
1656 2391 1814 2446 Unus
1862 2393 1971 2447 fuit

314 2476 521 2541 David,
554 2477 656 2531 sed
690 2494 806 2531 non
836 2494 1068 2548 semper
1091 2496 1244 2533 unus
1274 2479 1655 2551 intelligitur:
1681 2497 1806 2551 quae
1829 2498 1969 2552 ope-

313 2565 464 2620 ratio
490 2569 585 2619 est
609 2568 905 2635 canticum,
940 2566 995 2620 id
1030 2571 1136 2633 est,
1160 2567 1471 2622 exsultatio
1504 2570 1573 2623 de
1600 2570 1773 2623 verbo
1805 2586 1965 2640 pere-

310 2652 753 2726 grinationis,id
772 2654 956 2723 est,de
978 2654 1307 2725 cognitione
1331 2656 1964 2727 peregrinationis,quae

308 2742 567 2814 cognitio
600 2743 663 2797 fit
692 2759 813 2797 cum
846 2743 1136 2814 incipiunt
1163 2745 1455 2813 proﬁcisci,
1479 2744 1563 2798 vel
1597 2746 1751 2816 quod
1784 2748 1963 2800 canti-

307 2847 441 2887 cum
462 2834 527 2887 fit
556 2848 679 2887 cum
703 2832 991 2902 incipiunt
1017 2834 1310 2903 proﬁcisci.
1344 2833 1465 2887 Vox
1486 2838 1573 2887 est
1602 2850 1738 2905 ergo
1765 2835 1821 2888 in
1856 2836 1962 2889 hoc

304 2920 544 2994 psalmo
565 2921 829 2976 omnium
855 2920 1135 2991 fidelium,
1152 2922 1577 2976 attendentium
1598 2925 1750 2993 quod
1779 2942 1962 2994 quan-

303 3010 416 3065 diu
432 3026 638 3064 sumus
651 3009 709 3063 in
724 3009 833 3063 hoc
848 3010 1554 3081 corpore,peregrinamur
1568 3028 1600 3065 a
1613 3012 1964 3069 DominoDe

304 3115 436 3170 qua
458 3098 1056 3170 peregrinationejam
1081 3098 1216 3165 exit,
1233 3100 1333 3170 qui
1366 3101 1559 3154 radice
1581 3101 1879 3156 charitatis
1904 3102 1963 3156 in

303 3187 652 3244 caelestibus
675 3188 798 3258 jam
823 3188 949 3242 fixit
974 3205 1071 3242 cor
1093 3204 1288 3256 suum,
1314 3194 1370 3243 (t
1392 3190 1475 3243 sic
1499 3189 1795 3260 hymnizat
1817 3192 1960 3245 Deo:

396 3298 461 3350 7e
523 3294 671 3350 decet
734 3294 991 3366 hymnus,
1063 3295 1225 3353 Deus,
1287 3297 1341 3347 te
1408 3295 1570 3348 decet
1637 3295 1766 3349 laus
1834 3313 1965 3351 vera

305 3384 513 3441 cordis
570 3388 625 3439 et
682 3382 893 3455 operis,
965 3400 1078 3437 non
1140 3382 1361 3451 Jovem,
1433 3399 1547 3437 non
1607 3383 1968 3454 Apollonem,

305 3491 434 3531 non
469 3472 747 3528 saeculum
788 3471 947 3528 istud
981 3490 992 3527 ε
1034 3471 1139 3525 tibi
1172 3470 1279 3525 soli
1330 3471 1597 3529 decenter
1647 3471 1969 3543 bymnitur,

305 3580 436 3622 non
496 3563 555 3617 in
616 3559 955 3634 Babylonia,
1016 3560 1117 3615 sed
1168 3562 1224 3614 in
1277 3559 1429 3626 Sion,
1492 3560 1548 3614 id
1599 3566 1705 3625 est,
1769 3561 1826 3614 in
1880 3578 1973 3632 po-

306 3651 459 3728 pulo
514 3651 614 3707 illo
665 3650 762 3722 qui
823 3650 1155 3721 speculator
1206 3653 1313 3716 est,
1365 3649 1421 3702 id
1476 3654 1581 3713 est,
1625 3650 1723 3720 qui
1774 3649 1867 3704 hic
1912 3666 1971 3704 se

306 3759 436 3800 non
468 3742 680 3796 habere
712 3744 1043 3794 manentem
1078 3738 1368 3793 civitatem
1405 3740 1596 3807 (Hebr.
1632 3740 1751 3808 xui)
1784 3743 1971 3794 atten-

308 3833 429 3897 dit,
462 3830 563 3885 sed
617 3830 873 3884 futuram
929 3826 1190 3895 inquirit,
1240 3826 1474 3898 alonge
1524 3844 1651 3881 eam
1684 3828 1967 3882 salutans.

308 3921 460 3975 Duae
491 3918 755 3973 civitates
781 3920 920 3971 sunt
954 3932 965 3970 :
1001 3932 1117 3970 una
1148 3915 1528 3982 confusionis,
1556 3915 1735 3970 altera
1766 3916 1972 3971 divinae

307 4008 586 4064 visionis.
643 4005 751 4070 Qui
800 4006 951 4060 inter
996 4005 1148 4059 cives
1196 4004 1575 4071 confusionis,
1628 4006 1818 4059 adhuc
1870 4022 1970 4076 pe-

312 4095 642 4169 regrinaris
672 4096 903 4166 suspira
932 4094 1001 4147 ad
1056 4092 1304 4164 patriam
1336 4098 1519 4163 tuam,
1554 4098 1722 4148 canta
1774 4112 1841 4147 ex
1892 4110 1971 4157 re,

312 4204 439 4244 non
486 4184 678 4242 solum
708 4200 863 4239 voce.
920 4189 994 4238 Te
1040 4182 1189 4237 decet
1232 4192 1490 4252 hymnus,
1524 4183 1680 4249 Deus,
1714 4184 1770 4235 in
1822 4182 1971 4251 Sion,

314 4278 466 4351 quia
537 4290 652 4331 non
717 4279 798 4329 est
880 4288 1117 4343 speciosa
1184 4272 1301 4324 laus
1382 4272 1441 4323 in
1518 4286 1607 4324 ore
1676 4274 1976 4341 peccatoris

314 4366 514 4438 (Eccli.
580 4364 693 4432 xv),
748 4362 875 4416 ideo
934 4363 995 4415 in
1052 4360 1201 4426 Sion,
1254 4363 1310 4413 et
1358 4375 1473 4413 non
1524 4359 1581 4412 in
1638 4359 1971 4431 Babylonia.

312 4457 391 4513 Et
420 4455 526 4509 tibi
554 4452 824 4508 reddetur
869 4454 1049 4505 votum
1102 4452 1159 4503 in
1189 4449 1511 4503 Jerusalem.
1548 4448 1605 4502 Si
1658 4449 1973 4513 innovaris,

304 4546 443 4617 jam
495 4559 611 4597 non
661 4542 719 4595 in
775 4538 1094 4611 Babylonia
1154 4542 1357 4591 cantas
1411 4556 1422 4591 :
1476 4542 1606 4591 vota
1656 4538 1871 4603 reddis,
1925 4540 1972 4594 si

1455 364 2060 433 ENAIIRA'I‘IONES
2101 368 2183 433 ῑΝ
2231 370 2609 437 PSALMOS.

325 499 463 557 ﬂeat
506 499 657 559 hanc
724 506 985 561 nostram
1053 504 1578 579 peregrinationem
1648 507 1964 563 ﬁniendam
1996 506 2051 571 Α,
2082 506 2163 578 (II
2209 506 2386 562 Thess.
2449 512 2525 581 ιν)

3610 368 3729 438 468

2582 525 2595 565 :
2654 509 2741 565 vel
2788 508 2916 565 ideo
2973 511 3036 563 tu
3094 498 3320 573 exaudi,
3366 506 3505 580 quia
3547 509 3618 564 ad
3673 514 3731 566 te

2080 602 2446 652 convertetur
2494 598 2685 655 omnis
2734 600 2928 667 homo,
2976 599 3116 671 quia
3158 603 3220 654 tu
3274 597 3433 654 solus
3483 597 3730 655 Redem-

2079 689 2211 757 ptor
2272 702 2283 739 :
2346 685 2428 740 vel
2494 688 2631 757 quia
2680 688 2823 743 dixit
2880 692 2941 744 in
2990 689 3120 744 Sion
3168 693 3224 743 et
3272 689 3330 743 in
3379 688 3727 755 Jerusalem,

2080 790 2149 829 ne
2198 774 2462 829 videatur
2522 775 2892 832 solummodo
2952 780 3022 833 de
3078 778 3321 834 Judaico
3379 777 3591 850 populo
3641 779 3729 833 di-

2080 867 2259 929 ctum,
2293 864 2641 919 determinat
2694 883 2840 937 quos
2885 868 3023 922 velit
3072 868 3334 939 accipere
3386 886 3398 923 :
3447 867 3535 922 vel
3585 867 3633 923 si
3666 867 3726 923 in

2078 969 2326 1024 persona
2372 953 2732 1021 Judaeorum,
2768 960 2941 1011 notus
2991 957 3050 1011 in
3092 958 3295 1012 Judaaa
3344 961 3568 1013 tantum
3604 974 3727 1029 pre-

2079 1042 2274 1109 mitur,
2326 1059 2427 1114 per
2474 1043 2580 1099 hoc
2629 1046 2995 1116 captivamur
3043 1064 3077 1101 a
3123 1046 3433 1119 gentibus;
3486 1048 3584 1103 sed
3636 1048 3725 1103 fu-

2075 1136 2277 1187 turum
2308 1137 2396 1187 est
2439 1134 2673 1204 quando
2707 1134 2778 1189 ad
2829 1134 3095 1190 notitiam
3148 1138 3325 1191 veniet
3370 1140 3547 1193 omnis
3595 1153 3726 1192 caro

2077 1238 2178 1294 per
2242 1222 2495 1276 Verbum
2580 1240 2713 1278 caro
2792 1224 3030 1279 factum.
3102 1229 3167 1279 In
3231 1230 3282 1280 te
3347 1226 3728 1283 benedicentur

2075 1326 2255 1365 omnes
2282 1316 2466 1382 gentes
2495 1312 2647 1379 (Gen.
2693 1314 2797 1382 xu)
2845 1331 2857 1367 :
2913 1312 2999 1367 vel
3032 1315 3222 1369 acturi
3263 1318 3402 1369 sunt
3451 1320 3585 1370 ante
3616 1317 3724 1370 tri-

2076 1400 2255 1456 bunal
2310 1406 2479 1456 tuum
2527 1407 2646 1457 tam
2682 1403 2818 1458 boni
2872 1420 3051 1474 quam
3105 1404 3267 1459 mali.
3322 1405 3391 1459 Et
3438 1422 3587 1476 opus
3637 1408 3725 1460 est

2077 1495 2137 1544 ut
2187 1490 2483 1557 exaudias,
2539 1492 2678 1563 quia
2726 1494 2890 1548 verba
2938 1494 3258 1564 iniquorum
3310 1495 3729 1564 przvaluerunt

2073 1595 2235 1650 super
2264 1596 2359 1635 nos
2404 1599 2421 1634 :
2472 1581 2647 1636 verba
2695 1582 2983 1653 serpentis
3034 1587 3089 1636 et
3118 1584 3244 1637 Evae
3278 1582 3456 1637 nimis
3501 1583 3723 1654 iniqua,

2073 1680 2242 1732 Eritis
2299 1680 2439 1733 sicut
2496 1678 2577 1734 dii
2634 1685 2789 1751 (Gen.
2850 1681 2955 1750 ιιι).
3016 1680 3203 1735 Nimis
3260 1681 3543 1736 dominati
3589 1685 3729 1737 sunt

2075 1766 2263 1832 nobis,
2325 1767 2463 1837 quia
2540 1769 3000 1840 captivaverunt,
3055 1770 3194 1841 quia
3268 1770 3562 1840 ejecerunt
3621 1787 3726 1826 nos

2075 1856 2145 1911 de
2178 1857 2448 1927 paradiso
2484 1874 2496 1911 :
2532 1857 2619 1911 vel
2663 1858 2800 1929 quia
2855 1858 3104 1929 quisque
3143 1859 3203 1913 in
3240 1876 3357 1931 qua
3402 1859 3586 1930 patria
3619 1877 3726 1915 na-

2074 1949 2171 1999 tus
2229 1949 2317 1999 est
2366 1944 2526 2000 illius
2579 1950 2635 2001 et
2682 1944 2947 2018 linguam
2991 1952 3046 2001 et
3093 1964 3286 2003 mores
3333 1948 3527 2013 discit,
3588 1948 3727 2003 dicit

2077 2034 2186 2089 iste
2226 2036 2352 2105 jam
2402 2036 2472 2089 de
2520 2035 2837 2107 Babylonia
2885 2037 2942 2090 in
2994 2054 3109 2107 qua
3156 2041 3331 2092 natus
3381 2041 3487 2107 est,
3540 2036 3727 2091 redire

2079 2124 2318 2195 cupiens
2364 2124 2423 2178 in
2473 2124 2799 2180 Jerusalem
2844 2142 2855 2180 :
2909 2125 3055 2181 Vere
3104 2127 3481 2181 mendacium
3533 2126 3725 2181 colue-

2080 2218 2216 2267 runt
2268 2216 2461 2283 patres
2519 2215 2701 2268 nostri
2753 2216 2881 2283 (Jer.
2946 2218 3080 2281 xv1),
3132 2230 3309 2285 prava
3366 2230 3473 2268 nos
3523 2214 3730 2268 docue-

2080 2306 2237 2368 runt,
2273 2302 2497 2357 scilicet
2545 2303 2841 2357 dimittere
2890 2307 3238 2369 Creatorem,
3272 2302 3372 2373 qui
3420 2319 3527 2357 nos
3572 2302 3725 2369 fecit,

2079 2396 2136 2445 et
2164 2391 2405 2445 adorare
2448 2409 2514 2445 ea
2563 2408 2689 2462 qua:
2740 2392 2985 2447 fecimus
3019 2410 3031 2446 :
3061 2391 3356 2446 dimittere
3401 2396 3729 2446 Creatorem

2080 2483 2136 2533 et
2210 2480 2451 2533 adorare
2527 2484 2875 2548 creaturam,
2944 2479 3031 2534 vel
3112 2479 3386 2551 dogmata
3469 2479 3727 2550 philoso-

2079 2584 2208 2621 rum
2262 2573 2319 2622 et
2368 2567 2605 2622 fatuitas
2668 2568 2974 2639 gentilium
3037 2586 3049 2623 :
3105 2569 3519 2639 przevatuerunt
3577 2569 3727 2634 dico,

2077 2665 2178 2719 sed
2224 2682 2338 2719 non
2391 2666 2795 2720 demerserunt
2841 2683 2855 2732 ;
2910 2667 3050 2737 quia
3098 2667 3486 2737 iniquitatibus
3533 2669 3734 2721 nostris

2074 2757 2131 2807 tu
2159 2754 2545 2825 propitiaberis
2594 2773 2612 2807 :
2664 2753 2927 2825 loquitur
2975 2755 3046 2809 ad
3081 2754 3378 2810 Christum
3434 2754 3604 2827 quasi
3656 2756 3729 2810 ad

2075 2843 2428 2913 pontificem.
2466 2842 2804 2914 Propitiatio
2838 2847 2925 2897 est
2972 2844 3271 2899 miseratio
3302 2843 3561 2899 exhibita
3591 2848 3722 2916 post

2073 2931 2427 2985 sacriﬁcium
2464 2932 2590 2986 vita
2620 2939 2675 2986 et
2716 2932 2981 2987 Christus
3013 2931 3212 2987 volens
3266 2932 3566 3004 propitiari
3617 2949 3717 3003 po-

2074 3020 2209 3090 pulo
2260 3037 2387 3086 suo,
2421 3020 2611 3074 factus
2663 3025 2751 3075 est
2799 3022 3095 3087 sacerdos,
3145 3038 3319 3076 orans
3362 3023 3435 3077 ad
3487 3026 3717 3077 Patrem

2074 3108 2311 3162 elevatis
2344 3109 2401 3161 in
2435 3124 2605 3162 cruce
2652 3109 2927 3163 manibus
2959 3127 2971 3163 :
3007 3113 3071 3163 ut
3101 3110 3292 3181 possis
3324 3110 3533 3177 dicere,
3567 3111 3717 3165 Diri-

2074 3200 2244 3265 gatur
2272 3199 2447 3250 oratio
2498 3213 2621 3250 mea
2665 3200 2803 3251 sicut
2857 3200 3149 3252 incensum
3195 3201 3256 3252 in
3299 3204 3582 3269 conspectu
3629 3208 3719 3254 tuo

2079 3283 2193 3351 (Ps.
2228 3284 2372 3351 CXL).
2424 3284 2688 3338 Hostiam
2734 3284 2964 3352 obtulit,
2998 3286 3137 3354 quia
3186 3286 3245 3339 in
3294 3303 3395 3341 ara
3440 3287 3630 3340 crucis
3662 3304 3723 3341 se

2077 3370 2273 3441 ipsum
2308 3369 2649 3436 immolavit,
2684 3371 2808 3442 ipse
2841 3372 3118 3443 pontifex,
3147 3373 3272 3444 ipse
3326 3374 3519 3429 hostia
3554 3391 3567 3428 :
3599 3374 3726 3445 ipse

2081 3458 2445 3530 propitiator,
2481 3458 2606 3529 ipse
2659 3460 2993 3531 propitiatio
3030 3478 3041 3516 :
3075 3465 3131 3516 et
3160 3461 3377 3533 quibus
3429 3466 3490 3518 tu
3541 3464 3734 3536 propi-

2079 3547 2344 3613 tiaberis,
2406 3547 2559 3602 beati
2611 3553 2819 3614 erunt;
2882 3550 2982 3603 sed
3034 3549 3173 3621 quia
3222 3550 3504 3606 unitatem
3560 3552 3735 3624 elegit

2082 3653 2196 3692 non
2260 3635 2778 3707 multiplicitatem,
2840 3648 2971 3691 non'
3023 3637 3348 3706 haereticos,
3408 3656 3524 3693 non
3585 3641 3738 3695 schi-

2082 3725 2379 3792 smaticos,
2434 3725 2562 3781 ideo
2612 3726 3022 3781 convenienter
3067 3726 3207 3781 dicit
3256 3744 3267 3781 :
3328 3730 3528 3783 Beatus
3578 3745 3738 3801 quem

2080 3816 2298 3883 elegisti
2346 3831 2447 3885 per
2493 3815 2767 3886 gratiam,
2799 3820 2852 3870 et
2904 3817 3257 3886 assumpsisti
3295 3832 3397 3887 per
3442 3816 3739 3887 aequitatis

2083 3904 2344 3973 regulam
2398 3922 2409 3958 :
2468 3905 2609 3973 quia
2666 3922 2815 3975 quos
2874 3920 3049 3959 vocas
3109 3921 3211 3977 per
3267 3905 3541 3977 gratiam,
3603 3906 3735 3962 illos

2083 3997 2285 4063 postea
2342 3992 2600 4045 assumis
2660 4008 2760 4062 per
2808 3992 3104 4063 justitiam
3177 4012 3189 4049 :
3260 3994 3350 4050 vel
3418 4012 3592 4067 quem
3652 4000 3737 4063 tu,

2084 4090 2271 4149 Pater,
2306 4087 2532 4159 elegisti
2576 4090 2857 4161 vocando,
2886 4096 2943 4146 et
3000 4092 3376 4164 assumpsisti
3427 4094 3498 4149 de
3544 4111 3743 4150 massa

2088 4177 2451 4248 perditorum
2499 4195 2598 4249 per
2627 4180 2883 4235 Verbum
2930 4185 3120 4236 tuum.
3169 4186 3237 4237 Et
3283 4199 3479 4238 revera
3525 4184 3736 4254 beatus,

2086 4266 2223 4338 quia
2282 4266 2613 4321 inhabitabit
2670 4271 2727 4323 in
2786 4270 2948 4325 atriis
3010 4273 3139 4335 tuis,
3202 4272 3256 4325 id
3316 4276 3425 4336 est,
3478 4286 3593 4325 non
3650 4271 3739 4324 di-

2088 4354 2414 4410 movebitur
2463 4354 2598 4410 ullis
2642 4358 3094 4413 adversitatibus
3142 4359 3213 4413 ab
3270 4358 3378 4412 hac
3432 4358 3740 4428 temporali

2089 4442 2389 4509 Ecclesia;
2448 4444 2544 4515 qui
2596 4445 2948 4499 inhabitabit
2995 4446 3051 4498 in
3102 4445 3267 4508 atrio,
3301 4461 3415 4499 non
3465 4444 3740 4500 exclude-

2088 4537 2185 4586 tur
2232 4550 2265 4586 a
2316 4530 2550 4603 palatio.
2602 4532 2941 4587 Inhabitabit
2990 4533 3120 4588 ideo
3169 4531 3328 4598 dicit,
3379 4534 3518 4604 quia
3567 4534 3737 4590 multi

315 4607 386 4689 in
437 4632 614 4687 ﬁnem
666 4607 1019 4702 perseveras.
1064 4627 1167 4681 Hic
1219 4627 1677 4692 vovendum,‘ibi
1728 4628 1974 4681 redden-
2010 4607 2053 4670 Ῑ)
2086 4621 2353 4675 habitant
2408 4620 2559 4675 hanc
2615 4620 2996 4690 temporalem
3058 4619 3392 4693 Εθοῖθδίθῐη,
3454 4622 3553 4678 8θά
3622 4640 3739 4679 non

315 4724 490 4791 dum,
526 4719 625 4775 ubi
672 4720 780 4775 erit
812 4735 944 4772 vera
996 4734 1126 4788 pax,
1156 4733 1359 4769 verum
1396 4716 1699 4787 gaudium.
1736 4716 1793 4770 Si
1844 4717 1976 4787 quis

314 4812 475 4867 bene
529 4809 743 4882 cogitat
793 4807 932 4878 quid
984 4809 1184 4860 voveat
1228 4805 1366 4870 Deo,
1415 4810 1616 4859 voveat
1668 4810 1724 4858 et
1774 4806 1978 4860 reddat

316 4899 611 4971 seipsum,
647 4902 703 4952 et
735 4901 796 4951 ut
827 4913 918 4951 me
952 4897 1287 4949 innovatum
1330 4894 1433 4948 tibi
1471 4894 1704 4947 tandem
1738 4894 1975 4949 offeram

318 4989 387 5045 in
418 4985 749 5044 Jerusalem
796 4985 1003 5041 exaudi
1031 4992 1336 5039 orationem
1386 5000 1582 5049 meam,
1613 4983 1824 5036 factam
1875 5001 1977 5054 pro

320 5074 765 5151 perseverantia
817 5078 882 5128 ut
930 5073 1067 5127 illuc
1126 5072 1491 5143 perveniam,
1553 5088 1666 5127 non
1718 5071 1982 5126 detinear

323 5166 600 5237 captivus
648 5164 707 5218 in
768 5162 1083 5235 Babylonia
1134 5178 1145 5214 :
1202 5162 1326 5215 ideo
1384 5161 1608 5226 exaudi,
1670 5165 1735 5214 ut
1782 5177 1976 5231 perve-

322 5256 540 5312 niam:
590 5253 728 5325 quia
775 5252 845 5307 ad
894 5255 965 5316 te,
999 5251 1058 5305 in
1106 5266 1220 5320 quo
1260 5253 1348 5303 est
1393 5250 1540 5303 visio
1589 5251 1769 5320 pacis,
1804 5252 1980 5305 omnis

322 5360 459 5400 caro
510 5345 710 5412 veniet,
762 5342 820 5395 id
879 5344 986 5406 est,
1048 5339 1118 5393 de
1169 5337 1325 5391 omni
1379 5353 1589 5407 genere
1648 5338 1979 5409 hominum,

324 5433 455 5489 sive
504 5430 804 5487 masculus
857 5430 975 5485 sive
1025 5426 1261 5495 femina,
1318 5426 1438 5480 sive
1490 5425 1653 5495 liber,
1696 5426 1815 5480 sive
1861 5444 1980 5481 ser-

322 5538 461 5588 vus,
508 5521 671 5576 dives
702 5519 789 5574 vel
844 5533 1084 5590 pauper,
1142 5515 1332 5570 veniet
1379 5514 1449 5567 ad
1515 5517 1571 5567 te
1629 5519 1686 5568 et
1744 5514 1837 5568 hic
1894 5531 1980 5570 re-

324 5610 694 5669 surrectione
754 5608 961 5679 prima,
1012 5610 1068 5659 et
1126 5603 1499 5676 postmodum
1559 5603 1981 5657 resurrectione

326 5699 615 5766 secunda,
668 5696 807 5769 quia
864 5696 1151 5766 rapiemur
1205 5693 1419 5749 obviam
1475 5690 1689 5748 Christo
1746 5694 1807 5745 in
1853 5707 1983 5746 aera

2086 4708 2456 4775 inhabitant;
2515 4708 2653 4779 quia
2685 4709 2755 4762 ad
2810 4713 3046 4778 tempus
3079 4709 3342 4775 credunt,
3399 4711 3540 4766 etin
3599 4716 3743 4767 tem-

2089 4816 2225 4870 pore
2258 4797 2605 4852 tentationis
2665 4796 2965 4851 recedunt.
3016 4798 3245 4852 Atrium
3278 4804 3366 4855 est
3412 4800 3625 4854 habilis
3655 4799 3743 4853 lo—

2090 4904 2193 4941 cus
2228 4891 2359 4940 ante
2388 4887 2657 4951 domum,
2684 4884 2763 4939 ita
2786 4888 2841 4939 et
2872 4885 2927 4938 in
2960 4891 3299 4942 ornamento
3322 4887 3600 4941 virtutum
3625 4886 3745 4940 haec

2090 4974 2431 5047 temporalis
2464 4973 2723 5029 Ecclesia
2783 4975 3055 5045 prmeedit
3099 4974 3260 5029 illam
3316 4992 3441 5047 quze
3472 4991 3747 5030 mansura

2092 5069 2179 5118 est
2210 5064 2268 5117 in
2321 5066 2627 5116 reternum.
2694 5061 3031 5117 Inhabitabit
3060 5065 3119 5116 in
3164 5064 3322 5117 atriis
3368 5062 3498 5129 tuis,
3528 5063 3585 5117 id
3637 5067 3744 5128 est,

2090 5160 2484 5232 perseverabit
2513 5160 2571 5213 in
2606 5160 2713 5214 hac
2742 5159 3057 5231 temporali
3092 5159 3368 5226 Ecclesia,
3401 5164 3458 5215 et
3505 5160 3742 5215 tandem

2092 5251 2429 5321 reptebimur
2490 5250 2547 5302 in
2624 5249 2779 5304 bonis
2834 5250 3031 5303 domus
3075 5253 3203 5319 tum,
3238 5252 3303 5302 ut
3341 5247 3741 5320 intelligamus

2092 5339 2151 5394 in
2185 5336 2281 5391 illo
2332 5337 2500 5391 beato
2553 5336 2770 5391 multos
2807 5353 2819 5391 :
2851 5335 2982 5389 ideo
3028 5335 3169 5391 dicit
3215 5338 3569 5408 reptebimur,
3602 5334 3742 5408 quia

2090 5425 2199 5482 etsi
2259 5426 2334 5480 sit
2381 5426 2440 5478 in
2495 5424 2782 5479 charilate
2835 5423 3051 5494 unitas,
3114 5424 3172 5478 in
3228 5424 3493 5496 personis
3539 5429 3738 5479 tamen

2089 5518 2178 5570 est
2235 5512 2529 5568 distinctio
2581 5530 2595 5566 :
2658 5512 2821 5584 prius
2880 5510 3038 5582 pleni
3097 5528 3305 5567 sumus
3352 5514 3505 5568 bonis
3550 5514 3741 5569 domus

2091 5601 2212 5666 Dei,
2276 5600 2331 5653 id
2393 5606 2501 5666 est,
2563 5599 2842 5672 angelicis
2887 5599 3221 5667 virtutibus,
3274 5602 3375 5656 sed
3429 5600 3531 5656 illa
3586 5603 3743 5657 bona

2091 5688 2504 5745 evacuavimus
2543 5704 2554 5743 :
2589 5689 2689 5745 sed
2714 5689 2952 5745 tandem
2968 5689 3301 5761 replebimur
3321 5689 3380 5746 in
3412 5689 3528 5749 illis
3548 5690 3738 5758 bonis,
