4014 6194
273 387 392 457 467
851 393 1151 458 REMIGII
1196 394 1945 462 ANTISSIODORENSIS
1990 394 2161 460 OPP.
2211 394 2411 460 PARS
2455 390 2504 458 l.
2537 390 3110 461 —-EXEGETICA.
3570 386 3688 458 488

278 526 495 602 quibus
549 525 725 600 plena
787 532 879 585 est
941 529 1133 585 domus
1191 534 1312 597 tua,
1370 530 1429 588 id
1494 537 1603 601 est,
1663 532 1924 603 angelica
1952 532 2004 598 Α
2035 530 2385 603 impotentes
2413 534 2471 586 et
2501 527 2716 586 multos
2749 545 2763 585 :
2794 528 2883 586 vel
2912 544 3115 585 sonum
3149 527 3421 599 ﬂuctuum
3449 525 3596 599 ejus,
3626 523 3688 582 id

280 623 547 676 creatura
595 635 773 691 quam
821 618 1117 674 inhabitas
1152 636 1165 674 :
1199 620 1286 676 vel
1337 619 1456 676 illis
1504 623 1676 690 bonis,
1711 622 1927 693 quibus
2036 626 2126 675 est
2153 619 2406 675 visiones
2453 618 2810 691 principum.
2868 618 2936 673 Et
2976 618 3115 688 quia
3144 616 3267 673 hac
3315 615 3601 673 videbunt
3629 614 3690 671 in

280 709 457 782 plena.
517 711 607 763 est
659 708 847 763 domus
912 713 1033 772 tua,
1095 709 1151 763 id
1209 714 1315 775 est,
1376 709 1644 765 Christus
1710 709 1931 765 scilicet

290 795 733 854 immortalitate
747 802 803 852 et
830 796 1321 869 impassibilitate,
1337 798 1425 853 vel
1441 799 1752 855 virtutibus
1764 799 1929 855 Chri-

286 888 362 943 sti
377 885 484 943 tui:
499 884 585 942 vel
601 886 658 940 in
675 885 790 941 illis
804 886 1200 958 bonis,quibus
1214 886 1296 942 illi
1313 893 1452 943 sunt
1466 888 1617 959 pleni
1637 889 1698 943 in
1711 888 1928 960 quibus

283 975 534 1032 habitas.
567 978 635 1029 Et
666 991 736 1031 ne
767 974 899 1046 quis
929 976 1082 1031 bona
1110 976 1225 1031 ista
1254 981 1418 1048 putet
1454 995 1685 1041 aurum,
1722 994 1925 1048 argen-

232 1118 235 1121 .
281 1068 431 1132 tum,
453 1068 641 1119 vestes
669 1064 1206 1137 pretiosas,quibus
1234 1067 1445 1121 domus
1478 1066 1812 1122 mortalium
1837 1082 1927 1121 or-

283 1158 521 1220 nantur,
556 1153 863 1225 subjungit
895 1172 907 1209 :
951 1154 1211 1209 Sanctum
1247 1162 1325 1210 est
1365 1156 1633 1223 templum
1662 1159 1836 1219 tuum,
1871 1156 1927 1210 id

284 1245 392 1308 est,
417 1241 516 1314 qui
550 1246 689 1297 sunt
710 1242 921 1298 domus
946 1247 1214 1307 tua,sunt
1234 1244 1515 1315 templum
1540 1249 1707 1300 tuum
1732 1261 1745 1299 :
1773 1244 1928 1315 quod

278 1329 569 1403 templum
597 1331 859 1386 mirabile
887 1332 1059 1398 est,id
1078 1337 1168 1388 est
1187 1333 1571 1389 desiderabile
1592 1338 1649 1389 et
1677 1332 1929 1388 amabile

284 1437 401 1477 non
432 1420 493 1476 in
525 1420 761 1489 divitiis,
786 1420 1008 1476 scilicet
1030 1438 1142 1476 non
1168 1422 1225 1476 in
1260 1438 1422 1489 auro,
1448 1439 1561 1477 non
1583 1421 1644 1476 in
1668 1427 1925 1495 argento,

283 1509 384 1567 sed
417 1510 477 1563 in
504 1510 789 1579 aequitate,
822 1508 880 1564 id
920 1514 1008 1564 est
1030 1509 1284 1580 justitia.
1318 1509 1378 1566 Si
1406 1510 1561 1566 enim
1593 1511 1837 1582 mquitas
1869 1512 1926 1567 in

281 1596 400 1653 illis
414 1595 700 1653 mirabilis
721 1614 836 1653 non
860 1604 1036 1664 esset,
1062 1598 1231 1654 multi
1253 1600 1439 1655 sancti
1468 1599 1737 1672 pannosi,
1759 1617 1929 1657 senes

280 1685 974 1758 decrepiti,despicabiles
994 1686 1455 1760 viderentur,qui
1477 1692 1672 1745 tamen
1697 1694 1931 1761 pr0pter

280 1775 573 1847 aequitatis
593 1775 859 1831 decorem
883 1775 943 1831 in
984 1775 1205 1832 honore
1245 1776 1553 1832 habentur.
1580 1777 1676 1833 Vel
1692 1779 1929 1849 replebi-

277 1881 406 1920 mur
433 1865 499 1921 in
529 1865 683 1920 bonis
710 1865 899 1921 domus
927 1865 1126 1931 tuanid
1155 1870 1243 1920 est
1266 1865 1553 1932 Ecclesia,
1579 1883 1707 1938 qua:
1738 1867 1928 1922 diver-
1960 1900 2009 1966 Β

280 1952 364 2011 sis
388 1969 702 2009 munerum
716 1952 1114 2025 spiritualium
1128 1955 1377 2009 excubat
1396 1954 1588 2020 bonis,
1602 1955 1650 2010 si
1677 1972 1928 2027 praesen-

277 2042 363 2099 tia
409 2043 564 2099 bona
592 2041 864 2099 volumus
917 2042 1180 2114 accipere
1232 2043 1492 2098 Sanctum
1537 2054 1615 2100 est
1664 2045 1930 2116 templum

280 2135 457 2187 tuum.
489 2130 551 2186 Si
578 2130 879 2187 Christum
909 2131 1517 2203 accipimus,sanctum
1547 2137 1627 2188 est
1655 2132 1931 2206 templum

279 2221 341 2276 in
371 2236 488 2293 quo
520 2220 797 2278 inhabitat
816 2223 995 2277 omnis
1013 2221 1301 2292 plenitudo
1330 2222 1648 2278 divinitatis
1676 2224 1812 2292 (Col.
1842 2223 1925 2295 ιι),

280 2312 347 2365 ut
374 2310 585 2383 domus
606 2310 683 2366 sit
702 2309 977 2378 Ecclesia,
1001 2310 1287 2383 templum
1320 2311 1607 2368 Christus.
1634 2314 1701 2370 Et
1724 2318 1787 2369 ut
1812 2312 1930 2368 illis

279 2398 452 2456 bonis
497 2398 848 2471 repleamur,
881 2399 966 2456 vel
1001 2401 1141 2472 quia
1188 2402 1373 2456 beatus
1423 2407 1513 2457 est
1562 2419 1722 2473 quem
1750 2408 1812 2458 tu
1842 2418 1931 2457 as-

278 2488 580 2558 sumpsisti,
613 2489 831 2543 exaudi
865 2504 983 2554 nos,
1017 2491 1154 2544 Deus
1199 2491 1464 2545 salutaris
1507 2497 1696 2547 noster
1727 2508 1739 2546 :
1776 2492 1933 2547 mitte

279 2590 440 2646 quem
472 2577 745 2631 missurus
774 2592 828 2631 es
857 2577 1057 2647 (Exod.
1093 2581 1191 2646 ιν),
1217 2577 1493 2633 salutaris
1522 2585 1932 2646 noster,‘assu-

282 2662 495 2718 mendo
518 2666 789 2718 naturam
815 2652 1094 2718 noetram.
1119 2665 1200 2720 'l‘u
1233 2665 1564 2737 exaudi,qui
1596 2683 1657 2723 es
1678 2683 1797 2738 spes
1815 2684 1929 2722 non

282 2749 474 2807 solum
503 2750 742 2816 Judaeaa,
776 2751 876 2807 sed
906 2753 1156 2807 omnium
1194 2752 1393 2821 ﬁnium
1422 2762 1604 2824 terrae,
1638 2754 1695 2809 id
1728 2758 1837 2820 est,
1870 2755 1928 2810 in

282 2854 399 2911 quo
428 2855 633 2895 omnes
656 2843 856 2913 gentes
888 2844 1140 2895 omnium
1169 2842 1371 2911 ﬁnium
1394 2845 1581 2912 terrae,
1614 2842 1669 2897 id
1696 2847 1804 2908 est,
1828 2843 1928 2915 qui

281 2927 553 2985 habitant
575 2929 635 2984 in
654 2928 871 2985 ﬁnibus
893 2929 1181 3002 gentium,
1205 2930 1261 2984 id
1293 2934 1404 2997 est,
1428 2930 1487 2986 in
1518 2930 1730 2986 insulis
1752 2932 1929 2988 mari—

283 3017 377 3073 nis
411 3042 425 3076 :
452 3017 524 3072 ad
555 3017 689 3074 illos
723 3018 880 3073 enim
912 3035 1102 3090 usque
1132 3019 1391 3091 pervenit
1436 3018 1643 3074 notitia
1672 3024 1790 3075 tua.
1826 3019 1929 3076 Vel

283 3096 531 3163 omnium
548 3107 752 3178 ﬁnium
781 3107 1025 3174 terrae,id
1059 3112 1166 3173 est,
1194 3108 1519 3180 gentilium,
1543 3109 1929 3166 ambientium

284 3212 393 3252 nos
413 3194 630 3251 cultam
666 3199 904 3252 terram.
930 3195 1033 3252 Vel
1055 3199 1300 3253 omnium
1318 3197 1517 3268 ﬁnium
1538 3202 1723 3261 terrae,
1739 3198 1794 3253 id
1819 3202 1927 3270 est,

2039 708 2382 779 majoribus,
2416 708 2787 763 turbabuntur
2830 712 3031 779 gentes,
3065 706 3120 761 id
3179 710 3267 763 est
3314 704 3594 762 minores.
3628 709 3693 762 ει

2038 798 2308 853 timebunt
2332 800 2427 869 qui
2454 798 2707 853 habitant
2726 795 3073 860 terminos,id
3094 799 3204 860 est,
3225 794 3327 867 qui
3350 810 3542 865 neque
3562 809 3691 849 car-

2038 886 2201 942 nales
2231 891 2391 954 sunt,
2425 903 2529 941 nec
2568 884 2978 957 omninojusti
3012 902 3025 940 :
3056 882 3143 939 vel
3175 882 3236 938 in
3272 881 3493 938 malum
3531 899 3545 938 :
3581 881 3692 946 Qui

2036 981 2325 1033 conturbas
2350 992 2450 1048 per
2478 974 2611 1031 illos
2642 979 2870 1030 montes
2896 973 3236 1045 profundum
3261 973 3460 1039 maris,
3487 970 3547 1027 id
3579 975 3690 1041 est,

2039 1066 2330 1137 profunda
2350 1065 2525 1119 corda
2549 1064 2961 1136 impiorum,ut
2986 1068 3463 1118 commoveantur
3485 1064 3691 1116 contra

2040 1159 2285 1210 montes.
2322 1154 2539 1209 Revera
2566 1153 2913 1209 conturbata
2955 1155 3149 1219 erunt,
3185 1165 3321 1204 nam
3351 1165 3548 1205 sonum
3576 1150 3684 1218 ﬂu-

2036 1252 2194 1298 tuum
2221 1247 2363 1315 eius,
2398 1241 2682 1298 subaudis
2706 1242 2841 1313 quis
2862 1256 2964 1312 per
2986 1256 3048 1296 se
3068 1238 3406 1306 sustinebit,
3434 1238 3536 1294 ubi
3560 1254 3685 1294 ma-

2036 1348 2218 1405 gnum
2252 1331 2389 1403 quid
2423 1329 2715 1387 incurrit?
2745 1328 2902 1386 Solet
2921 1327 3167 1384 defectio
3199 1328 3510 1383 verborum
3535 1326 3680 1384 ﬁeri.

2037 1420 2164 1475 Nisi
2193 1422 2325 1493 quia
2354 1421 2616 1477 Dominus
2636 1422 2755 1475 erat
2783 1420 2843 1473 in
2870 1417 3188 1484 nobis,cum
3218 1417 3575 1487 insurgerent
3594 1415 3693 1472 ho-

2037 1512 2211 1565 mines
2257 1512 2318 1565 in
2348 1525 2463 1579 nos,
2519 1508 2666 1583 forte
2706 1510 2855 1564 vivos
2899 1506 3262 1576 deglutissent
3302 1505 3416 1577 (Ps.
3465 1508 3690 1573 cum).

2038 1598 2243 1655 Sanum
2287 1600 2570 1669 ﬂuctuum,
2604 1598 2662 1653 id
2694 1601 2804 1663 est,
2836 1595 3028 1651 minas
3057 1598 3116 1650 et
3144 1599 3395 1651 terrores
3425 1609 3699 1667 persecu-

2038 1692 2231 1744 torum
2264 1688 2393 1758 ejus
2426 1686 2626 1742 maris.
2659 1684 2911 1757 Exponit
2939 1683 3081 1756 quid
3112 1698 3215 1755 per
3244 1698 3405 1739 mare
3429 1681 3569 1739 velit
3599 1681 3694 1738 in-

2037 1776 2241 1849 telligi.
2277 1777 2590 1832 Turbantur
2634 1779 2857 1845 gentes:
2892 1773 2993 1829 sed
3041 1788 3168 1843 quae
3208 1770 3395 1827 cura?
3423 1770 3693 1827 Tandem

2037 1866 2332 1921 timebunt
2352 1883 2466 1920 non
2487 1864 2679 1921 solum
2701 1863 2799 1919 alii
2822 1861 3150 1929 viciniores,
3165 1860 3268 1916 sed
3293 1860 3470 1917 etiam
3492 1860 3578 1916 illi
3598 1863 3697 1932 qui

2038 1955 2292 2011 habitant
2322 1957 2581 2011 terminos
2599 1952 2850 2019 terrae,id
2871 1956 2961 2007 est
2984 1948 3397 2006 remotissimi:
3420 1948 3511 2006 vel
3526 1951 3693 2006 time-

2040 2044 2173 2099 bunt
2204 2044 2386 2116 prius,
2413 2044 2511 2116 qui
2535 2048 2667 2116 post
2685 2043 2955 2098 timorem
2978 2056 3041 2096 se
3069 2038 3454 2096 inhabitando
3472 2038 3690 2096 facient

2039 2133 2340 2189 terminos.
2378 2134 2659 2188 Timebunt
2689 2132 2839 2197 dico,
2867 2148 2903 2186 ιι
2928 2129 3123 2201 signis,
3156 2127 3214 2184 id
3236 2132 3327 2184 est
3357 2126 3682 2199 miraculis,

2040 2239 2153 2277 non
2187 2222 2501 2293 montium,
2528 2221 2627 2277 sed
2647 2223 2778 2288 tuis,
2805 2221 3031 2275 Domino
3062 2221 3384 2289 cooperante
3402 2226 3455 2274 et
3476 2233 3685 2275 sermo-

2038 2326 2165 2366 nem
2188 2311 2550 2382 conﬁrmante
2576 2307 2923 2380 sequentibus
2950 2307 3122 2378 signis
3153 2305 3339 2378 (Marc.
3368 2306 3507 2378 XVI).
3539 2305 3691 2371 Quid

2038 2398 2176 2455 inde
2227 2400 2382 2471 quod
2428 2398 2723 2455 timebunt
2765 2400 2823 2452 et
2854 2394 3144 2453 credent?
3170 2395 3373 2451 Exitus
3424 2397 3697 2451 matutini

2037 2491 2087 2544 et
2115 2488 2302 2545 exitus
2331 2504 2547 2560 vespere
2591 2486 2905 2553 delectabis,
2936 2485 2993 2540 id
3041 2487 3152 2552 est,
3183 2483 3361 2539 facies
3403 2499 3506 2539 eos
3535 2484 3691 2541 exire

2041 2578 2513 2649 prosperitatem,
2554 2592 2682 2649 qum
2722 2574 3090 2647 significatur
3144 2589 3244 2645 per
3286 2572 3685 2639 matutinum;

2043 2670 2100 2721 et
2128 2664 2562 2730 adversitatem,
2596 2681 2722 2737 quae
2766 2663 3139 2737 significatur
3178 2676 3283 2733 per
3330 2677 3637 2734 vesperam
3670 2680 3683 2720 :

2043 2757 2107 2809 ut
2138 2770 2325 2825 neque
2371 2752 2724 2809 extollantur
2772 2750 3172 2825 prosperitate,
3207 2766 3313 2807 nec
3342 2750 3689 2825 frangantur

2039 2842 2407 2898 adversitate.
2433 2842 2491 2897 Si
2523 2859 2638 2897 non
2669 2841 2918 2898 delectat
2936 2846 2993 2895 te
3020 2838 3233 2907 exitus,
3256 2855 3373 2895 non
3394 2838 3689 2897 laborabis

2039 2930 2211 2987 exire.
2230 2931 2377 2995 Quid
2408 2930 2651 2987 lucreris
2672 2935 2730 2986 et
2760 2929 2887 3003 ipse
2904 2926 3202 2984 damneris
3218 2926 3247 2983 ?
3269 2928 3412 2984 Ecce
3438 2928 3683 2985 verbum

2041 3019 2267 3076 Domini
2283 3021 2437 3092 quod
2462 3024 2518 3075 te
2541 3018 2928 3091 delectet,quo
2950 3016 3200 3073 traheris
3217 3017 3286 3072 ad
3301 3032 3412 3071 non
3434 3033 3684 3073 consen-

2038 3108 2306 3163 tiendum
2321 3108 2500 3181 ei,qui
2514 3107 2617 3164 tibi
2633 3106 2853 3179 aliquid
2863 3103 3677 3179 promittitutjustitiamdese—

2039 3201 2227 3265 ras,ut
2246 3197 2508 3252 fraudem
2526 3194 3024 3262 facias,manetibi
3037 3197 3150 3251 est:
3169 3192 3666 3266 quodtihilucrum

286 3284 553 3342 omnium
583 3283 818 3340 illorum
839 3287 941 3356 qui
958 3301 1021 3341 se
1051 3303 1084 3341 a
1099 3285 1345 3341 terrenis
1376 3290 1930 3357 contraxerunt,non
1962 3274 2004 3341 C
2042 3284 2363 3358 blanditur,
2385 3290 2442 3342 et
2460 3285 2708 3357 laqueus
2727 3288 2817 3340 est
2839 3284 3051 3340 :habes
3072 3300 3192 3355 qua
3210 3298 3527 3355 exeas,qua
3543 3298 3669 3339 eva-

287 3390 547 3447 corpore,
571 3375 672 3430 sed
697 3373 1020 3429 affectione.
1049 3376 1112 3429 Et
1134 3389 1271 3446 epes
1293 3374 1352 3429 in
1371 3377 1518 3431 mari
1543 3376 1716 3446 longe,
1739 3374 1798 3430 id
1820 3379 1928 3441 est,

283 3463 459 3520 etiam
481 3463 565 3518 illi
586 3463 715 3518 inte
728 3463 1048 3535 sperabunt
1068 3464 1165 3535 qui
1189 3467 1329 3518 sunt
1348 3464 1590 3534 mare,id
1613 3467 1703 3520 est
1722 3464 1929 3530 amari,

280 3557 339 3608 et
366 3553 426 3607 in
458 3552 748 3624 profundo
771 3552 952 3623 hujus
981 3550 1178 3608 saeculi
1211 3556 1528 3618 versantes,
1554 3556 1611 3609 et
1630 3553 1759 3608 ideo
1776 3554 1931 3625 longe

280 3657 315 3696 a
342 3644 399 3695 te
433 3658 446 3697 :
477 3639 567 3696 vel
598 3643 662 3696 in
708 3642 882 3710 mari,
914 3640 1301 3713 expositivum
1333 3644 1422 3697 est
1469 3640 1648 3707 illius,
1681 3644 1930 3697 omnium

278 3730 477 3801 ﬁnium
505 3737 672 3786 terra)
702 3747 719 3783 :
753 3734 821 3785 ut
849 3729 1004 3785 dicat
1034 3746 1148 3786 non
1202 3729 1392 3786 solum
1425 3730 1625 3799 ﬁnium
1654 3732 1836 3798 terrx,
1867 3730 1925 3786 id

276 3820 386 3887 est,
419 3819 476 3872 in
508 3819 672 3882 mari,
707 3817 931 3873 scilicet
960 3818 1019 3873 in
1054 3818 1288 3885 insulis,
1322 3820 1421 3873 sed
1454 3819 1631 3873 etiam
1665 3818 1721 3873 in
1756 3817 1927 3892 longo

277 3905 426 3962 mari
451 3923 464 3962 :
491 3906 549 3961 id
571 3911 680 3973 est,
703 3907 764 3962 in
791 3907 1029 3963 remotis
1050 3906 1283 3963 insulis.
1308 3908 1610 3973 Quomodo
1630 3924 1767 3980 spes
1786 3923 1926 3980 gen~

275 3994 428 4050 tium
462 3994 696 4050 futurus
725 3995 804 4050 sit
833 3996 1338 4061 ostendit,scilicet
1356 3996 1640 4052 mittendo
1662 3998 1926 4053 doctores

276 4099 416 4139 suos
446 4099 634 4155 usque
665 4085 736 4139 ad
772 4084 917 4139 fines
946 4088 1132 4155 terrae,
1159 4085 1256 4156 qui
1281 4102 1412 4140 eum
1450 4085 1740 4140 ducentin
1773 4086 1925 4140 noti-

272 4172 416 4228 tiam
448 4172 713 4228 omnium
764 4172 1048 4245 gentium.
1084 4178 1199 4227 Hoc
1230 4174 1401 4229 modo
1450 4174 1636 4230 factus
1667 4180 1757 4231 est
1789 4177 1927 4231 Deus

270 4277 390 4333 spes
408 4262 657 4317 omnium
681 4261 879 4331 ﬁnium
904 4268 1065 4318 terra?
1087 4279 1103 4315 :
1124 4266 1457 4332 Prasparans
1480 4273 1707 4332 montes,
1734 4264 1789 4318 id
1813 4269 1920 4333 est,

272 4350 569 4424 apostolos
598 4350 762 4423 prius
791 4368 825 4406 a
847 4354 898 4406 te
924 4349 1308 4413 illuminatos,
1332 4350 1541 4405 deinde
1568 4350 1714 4407 alios
1735 4356 1923 4409 trans-

246 4441 584 4497 ‘fundentes
605 4440 804 4497 lumen
823 4444 1015 4495 tuum:
1040 4441 1100 4494 in
1121 4441 1323 4495 virtute
1343 4443 1456 4510 tua,
1481 4457 1594 4496 non
1618 4458 1724 4496 sua
1745 4458 1757 4497 :
1784 4443 1924 4514 quia

267 4528 329 4586 in
358 4522 422 4585 se
444 4530 751 4598 infirmi,in
767 4533 823 4585 te
854 4529 1068 4585 fortes:
1096 4528 1332 4584 inﬁrma
1353 4529 1556 4584 mundi
1580 4529 1919 4603 elegitDeus

2039 3374 2144 3429 das
2168 3390 2181 3430 :
2212 3390 2444 3431 recurre
2468 3375 2540 3431 ad
2568 3373 2809 3430 verbum
2832 3372 2953 3429 Dei.
2988 3374 3133 3442 Quid
3157 3373 3381 3445 prodest
3403 3373 3611 3428 homini
3630 3372 3679 3427 si

1992 3496 1997 3507 ι
2042 3465 2358 3519 universum
2373 3463 2641 3519 mundum
2661 3464 3141 3530 lucretur,animee
3152 3477 3277 3518 vero
3294 3461 3685 3519 detrimentum

2033 3555 2284 3624 patiatur
2303 3556 2328 3605 .9
2356 3554 2373 3624 (
2390 3550 2571 3609 1Valth.
2602 3552 2740 3624 xvx).
2760 3551 2922 3615 Quod
2956 3551 3004 3606 si
3036 3550 3235 3607 minus
3266 3556 3461 3607 tecum
3490 3550 3687 3623 agitur

2039 3644 2103 3696 ut
2132 3642 2468 3697 committas
2498 3639 2743 3712 aliquid,
2773 3656 3009 3713 vespere
3037 3639 3145 3695 tibi
3176 3639 3458 3711 est,quod
3489 3639 3689 3695 turba-

2038 3728 2138 3795 ris,
2172 3730 2327 3801 quod
2355 3728 2523 3801 quasi
2554 3729 2811 3785 irruente
2841 3733 3008 3785 nocte
3050 3728 3336 3802 gravaris,
3368 3728 3471 3784 sed
3504 3727 3687 3785 habes

2036 3825 2092 3872 et
2120 3817 2215 3872 hic
2247 3835 2365 3891 qua
2410 3818 2644 3883 evadas,
2675 3819 2919 3874 verbum
2968 3817 3092 3874 Dei.
3125 3818 3325 3887 Nolite,
3360 3816 3578 3889 inquit,
3609 3818 3687 3873 ti-

2035 3923 2185 3962 mere
2214 3922 2298 3962 eos
2352 3908 2451 3978 qui
2491 3907 2742 3962 occidunt
2786 3922 2982 3977 corpus
3013 3906 3218 3978 (Matth.
3250 3909 3330 3976 ι),
3358 3908 3418 3962 et
3463 3904 3549 3962 sic
3577 3905 3685 3962 de-

2036 3994 2272 4051 lectabit
2300 3999 2356 4052 te
2401 3998 2584 4053 exitus
2635 3998 2907 4052 matutini
2935 4005 2988 4052 et
3033 3997 3222 4052 exitus
3270 4011 3509 4069 vespere,
3544 3994 3691 4069 quia

2035 4090 2352 4157 utrumque
2375 4088 2747 4141 contemnere
2768 4085 2938 4141 faciet
2970 4102 2982 4141 :
3014 4085 3124 4141 hoc
3146 4085 3318 4141 modo
3334 4083 3685 4142 delectabis:

2040 4175 2280 4229 Visitasti
2327 4181 2532 4228 terram
2584 4173 2686 4246 qui
2734 4174 2899 4246 prius
2948 4178 3115 4230 erant
3162 4190 3351 4242 mane,
3383 4173 3567 4230 factos
3610 4174 3683 4228 ad
3721 4208 3738 4222 ο

2032 4268 2271 4334 terram,
2302 4266 2471 4334 aptos
2500 4262 2572 4318 ad
2605 4261 2831 4318 cultum
2865 4279 2877 4319 :
2908 4261 3169 4319 visitabis
3190 4262 3597 4333 justiticando,
3629 4266 3692 4319 et

2029 4352 2410 4424 praeparando
2441 4351 2617 4409 corda
2637 4367 2837 4407 eorum
2872 4352 2945 4408 ad
2977 4350 3364 4408 sulcationem
3384 4351 3543 4409 verbi
3568 4352 3686 4408 tui.

2028 4442 2095 4496 Et
2126 4442 2421 4497 inebriasti
2457 4457 2619 4503 eam;
2654 4441 3039 4513 multiplicasti
3085 4436 3417 4513 locupletare
3441 4456 3595 4506 eam,
3626 4441 3689 4497 id

2028 4529 2433 4603 est,spirituali
2448 4529 2637 4603 gratia
2648 4529 3145 4603 etmultiplicibus
3158 4530 3328 4587 donis
3347 4528 3692 4587 ditasti.Per

268 4622 335 4693 ut
381 4619 763 4675 confunderet
793 4618 965 4674 fortia
995 4619 1043 4687 (1
1067 4622 1193 4675 Cor.
1220 4618 1259 4688 ι)
1285 4635 1302 4673 :
1328 4623 1430 4674 tua
1460 4619 1609 4685 dico,
1642 4621 1919 4677 accinctus
1946 4637 1995 4702 D
2028 4636 2177 4692 quos
2208 4623 2401 4675 autem
2436 4617 2739 4675 ministros
2768 4618 3025 4676 visitabit
3050 4623 3074 4675 Ρ
3101 4621 3332 4675 Flumen
3360 4619 3463 4676 Dei
3502 4619 3689 4692 reple-

261 4707 528 4779 potentia.
562 4707 619 4762 id
651 4712 760 4775 est,
794 4707 913 4763 illis
952 4708 1294 4779 potentibus
1328 4708 1635 4765 ministris.
1687 4709 1867 4766 Aliter
1898 4729 1911 4767 :

262 4797 598 4875 Prxparans
626 4803 834 4851 montes
882 4797 940 4850 in
970 4798 1173 4852 virtute
1201 4800 1315 4867 tua,
1350 4796 1404 4851 id
1453 4801 1562 4864 est,
1598 4798 1654 4851 in
1687 4797 1915 4855 Christo

263 4882 511 4941 eminuit
536 4885 711 4939 virtus
731 4887 847 4950 tua,
870 4884 970 4955 qui
992 4884 1258 4941 Christus
1283 4888 1409 4940 erat
1426 4887 1701 4942 accinctus
1718 4894 1913 4958 poten-

260 4975 361 5049 tia,
390 4973 452 5045 id
486 4978 595 5045 est,
624 4972 844 5046 potenti
875 4989 1048 5028 carne
1076 4971 1326 5028 immuni
1359 4990 1392 5029 a
1424 4979 1679 5047 peccato,
1702 4978 1795 5048 qui
1813 4994 1915 5049 per

259 5046 395 5119 illos
426 5068 657 5141 montes
685 5060 1004 5118 virtutibus
1036 5067 1092 5117 et
1125 5062 1424 5118 miraculis
1465 5046 1757 5121 conturbas
1780 5046 1910 5138 pro-

257 5142 495 5229 fundum
518 5144 690 5223 maris
719 5152 792 5207 ab
822 5151 1255 5217 bonum,etiam
1292 5152 1579 5222 profunda
1607 5154 1780 5210 corda
1808 5156 1914 5212 im-

258 5228 491 5316 piorum
523 5238 972 5305 amaricantium
1014 5238 1407 5313 profunditate
1453 5246 1821 5312 peccatorum
1857 5250 1913 5301 et

259 5326 585 5388 secundum
601 5326 752 5387 hanc
765 5322 1113 5387 sententiam
1132 5327 1227 5400 qui
1243 5330 1557 5386 conturbas
1574 5335 1910 5404 sonum/luc-

259 5418 417 5499 tuum
456 5422 597 5499 ejus,
636 5420 707 5499 id,
736 5423 856 5499 lest,
888 5418 1095 5473 timere
1153 5417 1295 5474 facis
1344 5420 1805 5478 contradicentes
1854 5428 1931 5479 et

257 5488 816 5579 pe'rsequentes,vel
840 5488 1136 5581 conturbas
1155 5507 1497 5577 profundum
1524 5511 1720 5578 maris,
1743 5508 1801 5565 id
1823 5515 1912 5567 est

257 5586 558 5649 diabolum
589 5586 609 5648 Ξ
638 5612 835 5651 sonum
880 5597 1151 5664 ﬂuctuum
1201 5596 1339 5664 ejus,
1372 5595 1430 5649 id
1483 5601 1592 5663 est,
1624 5603 1820 5653 vatum
1853 5603 1909 5655 et

255 5678 742 5755 philosophorum
766 5697 1071 5757 murmura
1094 5685 1149 5735 et
1171 5680 1501 5737 inconditos
1525 5684 1907 5741 fremitus.ln-

2026 4714 2143 4764 tum
2172 4711 2247 4764 est
2277 4709 2453 4780 aquis.
2486 4708 2666 4771 Quasi
2697 4708 2852 4764 dicat
2882 4724 2895 4761 :
2931 4708 3169 4779 Aranda
3183 4712 3273 4764 est
3304 4716 3457 4765 terra
3476 4705 3607 4778 illa,
3631 4713 3693 4765 et

2026 4797 2190 4869 prius
2218 4796 2516 4867 irriganda
2549 4813 2563 4851 ε
2599 4796 2700 4852 sed
2724 4795 2890 4868 prius
2903 4798 3106 4868 ﬂumen
3129 4797 3248 4863 Dei,
3271 4796 3329 4852 id
3351 4799 3443 4852 est
3471 4794 3690 4869 primi-

2022 4886 2141 4942 tiva
2170 4883 2426 4940 Ecclesia
2470 4883 2829 4949 Judaeorum,
2865 4901 2896 4941 a
2928 4900 3046 4956 qua
3075 4882 3181 4939 rivi
3229 4887 3682 4953 emanaverunt,

2022 4979 2205 5030 totam
2238 4979 2450 5028 terram
2497 4971 2829 5045 irrigantes.
2864 4971 3014 5028 Illud
3059 4972 3268 5043 ﬂumen
3298 4972 3572 5042 repletum
3604 4980 3691 5029 est

2022 5064 2200 5134 aquis,
2238 5062 2294 5117 id
2351 5066 2461 5127 est,
2493 5060 2899 5133 spiritualibus
2947 5060 3118 5119 donis
3164 5065 3223 5117 et
3269 5059 3691 5135 prxdicatione

2020 5151 2299 5220 veritatis,
2317 5155 2374 5206 et
2394 5148 2476 5205 sic
2499 5154 2655 5206 terra
2678 5149 2780 5207 illa
2800 5150 3147 5223 irrigavit,et
3168 5166 3272 5222 per
3293 5148 3432 5205 illud
3453 5148 3687 5207 ﬂumen

2020 5240 2317 5314 irrigando
2347 5243 2585 5311 terram,
2604 5241 2823 5311 parasti
2849 5240 3031 5297 cibum
3063 5240 3312 5307 illorum,
3335 5237 3561 5296 scilicet
3576 5255 3687 5311 pa-

2020 5348 2150 5387 nem
2185 5329 2312 5385 vitae
2342 5332 2399 5384 et
2420 5327 2756 5385 intellectus
2787 5328 2905 5385 illis
2936 5329 3149 5386 dedisti
3178 5346 3192 5384 :
3220 5328 3321 5401 qui
3352 5327 3517 5398 prius
3546 5326 3687 5384 fue-

2018 5424 2151 5476 rant
2183 5434 2361 5489 mare,
2395 5432 2554 5472 nunc
2607 5423 2741 5473 sunt
2783 5417 2921 5474 facti
2963 5417 3121 5475 culta
3149 5422 3321 5474 terra.
3356 5415 3535 5472 Cibus
3565 5413 3688 5472 iste

2018 5525 2134 5565 non
2161 5506 2435 5563 dentibus
2469 5505 2787 5576 manditur,
2807 5507 2907 5563 sed
2930 5505 3111 5562 animi
3141 5504 3416 5562 aviditate
3436 5503 3684 5560 devora-

2018 5604 2134 5667 tur,
2166 5596 2239 5651 de
2270 5611 2385 5666 quo
2417 5594 2640 5650 dictum
2675 5601 2763 5650 est
2794 5612 2808 5650 ι
2837 5597 3047 5651 Panem
3092 5595 3411 5666 angelorum
3434 5591 3684 5648 mandu-

2015 5686 2159 5742 cavit
2190 5684 2347 5739 homo
2378 5684 2549 5755 (Psal.
2579 5685 2809 5756 LXXVII).
2836 5685 2923 5742 'l‘u
2940 5686 3180 5757 parasti,
3197 5682 3465 5756 quoniam
3492 5683 3580 5738 ita
3597 5689 3689 5737 est

257 5768 331 5825 de
350 5762 746 5837 turbabuntur,
770 5764 909 5837 quia
926 5768 1210 5823 videbunt
1240 5773 1472 5825 sanctos
1502 5786 1641 5827 suos
1662 5777 1719 5827 et
1747 5778 1907 5832 vates
2010 5772 2355 5847 praeparatio
2385 5771 2523 5843 ejus,
2556 5771 2796 5842 scilicet,
2830 5771 2945 5830 cibi
2976 5789 3079 5847 per
3109 5769 3387 5847 gratiam,
3419 5784 3537 5829 non
3565 5782 3683 5841 per
