4014 6194
294 354 410 426 469

1412 357 2025 432 ENARBATIONES
2073 364 2150 429 IN
2196 360 2580 433 PSALMOS.

3476 335 3481 339 ’
3582 304 3703 433 ita

297 492 592 555 meritum.
645 496 715 556 Et
764 496 902 573 qbia
931 515 1000 557 ex
1028 503 1085 556 te
1115 466 1336 557 habent
1363 504 1577 571 totum,
1610 518 1642 556 ο
1673 500 1938 570 Domine,
1971 502 2025 568 Α
2056 505 2212 572 sunt,
2241 500 2342 572 qui
2373 501 2429 556 in
2451 502 2787 574 captivitate
2807 495 3025 558 detenti
3046 512 3159 557 non
3185 495 3354 557 sunt:
3379 514 3413 556 o
3432 496 3699 570 Domine,

295 590 361 642 ut
382 586 599 643 ﬂumen
623 587 767 644 illud
784 588 1081 662 repleatur
1100 590 1292 662 aquis,
1317 595 1380 645 tu
1403 593 1617 646 inebria
1639 592 1782 646 rivos
1804 592 1944 658 eius,

293 676 352 732 id
383 680 473 732 est
502 677 820 750 apostolos,
853 694 922 735 ex
952 680 1170 747 quibus
1202 680 1395 751 ipsum
1428 681 1644 736 ﬂumen
1678 679 1866 752 magis
1890 682 1947 734 et

294 764 486 836 magis
516 771 819 840 augeatur,
853 772 909 822 et
938 784 1042 839 per
1068 767 1201 823 illos
1231 770 1381 823 rivos
1412 769 1636 823 inebria
1664 770 1945 837 genimina

291 854 435 925 ejus,
493 854 551 910 id
582 859 700 922 est,
749 856 1065 928 multiplica
1107 873 1474 913 successores
1505 858 1565 912 in
1610 858 1811 913 eodem
1844 874 1942 929 po-

290 941 458 1014 pulo,
510 948 566 999 et
614 944 697 999 sic
746 950 947 1016 postea
986 946 1225 1017 gentilis
1253 945 1506 1018 populus
1536 948 1856 1015 germinans
1884 948 1943 999 in
1966 980 1977 997 η.

287 1032 603 1089 stillicidiis
655 1034 919 1104 ejusdem
972 1034 1257 1100 ﬂuminis,
1302 1035 1359 1089 id
1394 1040 1502 1100 est,
1538 1036 1594 1090 in
1628 1035 1943 1091 levioribus

289 1120 610 1190 doctrinis;
653 1122 824 1193 juxta
874 1121 1016 1178 illud
1056 1140 1067 1176 :
1121 1127 1227 1179 Lac
1264 1125 1412 1180 vobis
1439 1132 1623 1196 potum
1654 1124 1795 1191 dedi,
1829 1141 1945 1178 non

288 1224 470 1265 escam
518 1212 568 1278 (I
597 1211 717 1267 Cor.
753 1212 863 1283 ιιι).
913 1213 1243 1279 Laetabitur,
1298 1213 1352 1267 id
1386 1219 1508 1280 est,
1559 1231 1689 1284 cum
1741 1212 1943 1268 laetitia

288 1299 570 1355 succedet
616 1300 882 1356 Ecclesiae
932 1302 1002 1356 de
1044 1301 1282 1357 Judzeis.
1334 1301 1559 1356 Aliter:
1612 1304 1941 1373 Multiplice-

286 1390 366 1444 sti
392 1387 727 1460 locupletare
754 1407 876 1444 eam
899 1434 912 1455 ,
944 1390 999 1444 id
1036 1394 1151 1458 est,
1196 1389 1622 1462 multiplicibus
1652 1392 1822 1447 donis
1852 1393 1939 1447 di-

284 1481 414 1533 tare
443 1477 788 1550 disposuisti
829 1478 995 1534 illam
1025 1484 1260 1534 terram.
1294 1480 1470 1544 Quasi
1502 1480 1719 1552 aliquis
1746 1481 1899 1537 dicat
1924 1497 1936 1536 :

286 1574 360 1631 Et
389 1575 546 1631 unde
578 1574 679 1631 illa
709 1575 1061 1648 multiplicia
1091 1577 1287 1632 dona?
1314 1571 1549 1634 Flumen
1594 1580 1710 1647 Dei,
1743 1579 1798 1633 id
1832 1583 1939 1649 est,

282 1663 539 1735 Spiritus
560 1670 799 1721 sanctus
830 1682 863 1720 a
891 1665 1060 1721 Patre
1090 1671 1147 1721 et
1177 1665 1322 1721 Filio
1349 1683 1653 1738 emanans,
1678 1668 1939 1739 repletus,

283 1752 345 1808 id
379 1758 487 1815 est.
521 1752 925 1827 multipliciter
952 1765 1031 1810 est
1071 1754 1281 1827 plenus
1312 1772 1502 1828 aquis,
1535 1756 1591 1810 id
1624 1762 1733 1827 est,
1766 1757 1938 1828 spiri-

281 1842 547 1899 tualibus
575 1842 763 1938 donis,
792 1860 911 1938 pon
944 1845 1016 1899 ab
1042 1843 1175 1912 alio,
1209 1845 1309 1899 sed
1344 1862 1377 1899 a
1406 1861 1468 1900 se
1502 1845 1729 1916 plenus.
1753 1847 1823 1901 Et
1848 1851 1939 1914 tu,
1971 1873 2017 1938 Β

282 1934 460 2000 Deus,
487 1948 591 2004 per
612 1932 756 1988 illud
786 1932 1004 1988 ﬂumen
1034 1934 1316 1989 mittendo
1339 1934 1622 2006 Spiritum
1650 1941 1704 1991 et
1724 1934 1938 1990 inebri-

280 2022 440 2077 ando
458 2022 654 2088 corda,
667 2024 887 2093 parasti
901 2023 1083 2077 cibum
1105 2024 1333 2078 illorum
1354 2023 1455 2094 qui
1480 2024 1612 2078 facti
1634 2029 1772 2079 sunt
1787 2028 1941 2080 terra

277 2113 409 2177 tua,
432 2111 625 2166 dando
649 2112 802 2166 dona
819 2110 1071 2183 singulis
1099 2111 1502 2167 convenientia
1522 2128 1624 2183 pro
1647 2113 1821 2168 modo
1840 2129 1939 2168 cu-

272 2197 526 2269 jusque.
545 2198 632 2253 Tu
656 2197 767 2254 hoc
786 2199 961 2254 facis:
986 2201 1249 2270 quoniam
1270 2202 1347 2255 ita
1366 2204 1444 2255 est
1461 2203 1806 2271 prwparatio
1826 2203 1942 2272 ejus

280 2289 492 2342 terrea:
520 2286 637 2341 nisi
659 2303 693 2342 a
707 2291 789 2354 te,
804 2288 997 2358 parari
1019 2304 1134 2343 non
1159 2293 1374 2358 posset.
1391 2290 1549 2344 Rivos
1564 2291 1682 2361 ejus
1696 2290 1938 2358 inebria,

280 2375 447 2446 quod
480 2374 620 2430 alibi
651 2374 869 2441 sulcos,
900 2376 959 2431 id
980 2381 1087 2444 est,
1117 2378 1294 2432 corda
1324 2377 1485 2433 illius
1515 2382 1683 2434 terrae
1712 2394 1941 2433 vomere

274 2462 720 2536 praedicationis
750 2465 1045 2535 proscissa
1074 2465 1300 2538 repleas
1326 2466 1648 2538 gratiarum
1676 2467 1939 2537 ejusdem

272 2550 967 2624 ﬂuminisEtmultipiica
980 2556 1263 2625 genimina
1275 2554 1477 2625 ejus,id
1499 2555 1942 2628 est,multiplica

266 2639 333 2695 in
375 2639 603 2695 Christo
634 2645 942 2712 generatos
974 2641 1191 2713 ubique
1222 2646 1532 2698 terrarum.
1558 2647 1625 2698 Et
1652 2648 1792 2698 tunc
1813 2660 1935 2715 ger-

263 2730 522 2799 minans,
555 2728 615 2783 id
648 2732 758 2797 est,
792 2730 958 2785 rudis
990 2730 1060 2785 ad
1092 2730 1264 2785 ﬁdem
1317 2732 1618 2799 accedens,
1652 2733 1939 2789 laetabitur

262 2819 329 2873 in‘
361 2818 688 2874 stillicidiis
715 2818 836 2888 ejus
866 2819 1162 2885 ﬂuminis,
1213 2819 1421 2875 videns
1475 2822 1763 2876 mundum
1806 2823 1930 2892 jam

257 2906 359 2980 ple
383 2922 523 2962 num
556 2896 931 2962 credentibus
964 2923 1031 2962 ex
1060 2908 1217 2963 omni
1252 2913 1437 2981 parte.
1493 2909 1558 2965 Et
1611 2910 1719 2965 hoc
1760 2911 1933 2966 modo

259 2996 636 3068 reparando,
687 2996 979 3052 Benedices
1009 3012 1218 3052 corona
1248 2998 1387 3052 anni
1415 2998 1769 3067 benignitatis
1798 3008 1929 3056 tuae.

262 3095 484 3150 Annus
515 3093 914 3165 benignitatis,
946 3097 1179 3167 tempus
1209 3096 1617 3167 reparationis.
1644 3098 1793 3151 Anni
1820 3098 1936 3151 fue-

263 3187 450 3253 runt,
485 3182 623 3238 anni
666 3181 1014 3239 sterilitatis.
1066 3183 1295 3240 Coronae
1340 3186 1507 3250 anni,
1558 3184 1797 3256 gloriosi
1845 3184 1934 3239 vi-

264 3275 507 3337 ctores,
538 3271 977 3344 triumphantes
1021 3288 1156 3327 cum
1190 3271 1419 3327 Christo
1450 3273 1521 3327 de
1550 3271 1802 3328 diabolo.
1846 3272 1935 3327 111i

263 3374 523 3431 coronae,
572 3360 630 3415 id
678 3365 787 3427 est,
841 3358 957 3415 illis
987 3359 1328 3423 victoribus,
1362 3359 1460 3430 qui
1493 3365 1665 3414 erunt
1693 3359 1751 3414 in
1785 3346 1937 3415 anno

267 3450 666 3519 benignitatis,
691 3450 743 3505 id
777 3453 886 3517 est,
910 3453 1170 3520 tempore
1199 3447 1602 3521 reparationis.
1628 3448 1939 3515 Benedices,

262 3539 326 3595 id
362 3543 496 3605 est,
533 3537 923 3611 multiplicare
951 3537 1129 3593 facies
1161 3554 1469 3592 numerum
1518 3536 1776 3592 ﬁdelium
1810 3541 1935 3592 tuo-

264 3646 435 3684 rum.
476 3628 541 3683 Et
567 3630 750 3699 campi
780 3630 893 3696 tui,
928 3627 985 3683 id
1017 3631 1133 3696 est,
1169 3627 1270 3698 qui
1302 3643 1543 3694 corona,
1576 3626 1633 3682 id
1670 3632 1786 3691 est,
1829 3627 1937 3682 hu-

264 3718 442 3773 milis
497 3718 776 3789 populus,
810 3733 985 3789 quem
1016 3721 1079 3771 tu
1114 3720 1282 3771 tuum
1316 3715 1501 3771 fecisti
1536 3733 1639 3788 per
1668 3716 1939 3789 gratiam,

265 3807 649 3878 replebuntur
677 3807 937 3875 ubertate,
975 3803 1336 3860 abundantia
1364 3804 1667 3861 virtutum.
1702 3804 1807 3860 Per
1836 3805 1943 3859 hos

264 3896 614 3968 accipimus
670 3895 905 3950 Judzeos
955 3896 1082 3964 jam
1151 3892 1512 3949 humiliatos.
1586 3896 1945 3965 Pinguescent

263 3986 467 4039 etiam
514 3982 760 4054 speciosa
807 3982 1036 4053 deserti,
1089 3982 1145 4037 id
1181 3986 1269 4037 est
1298 3982 1577 4054 gentiles,
1630 3983 1730 4054 qui
1782 3979 1944 4054 prius

265 4076 457 4128 erant
482 4072 712 4137 inculti,
741 4072 877 4128 tacti
900 4071 1149 4143 speciosi
1177 4071 1389 4127 timore
1412 4071 1566 4126 verbi
1598 4071 1719 4139 Dei,
1746 4072 1947 4127 exstir-

266 4163 445 4234 patis
469 4161 606 4216 inde
630 4161 896 4216 sentibus
921 4161 1218 4225 vitiorum,
1248 4162 1606 4230 pinguescent
1632 4159 1947 4215 virtutibus

266 4255 331 4307 et
388 4249 573 4322 adipe
620 4250 909 4305 bonorum
974 4264 1233 4320 operum.
1289 4249 1352 4303 Et
1402 4249 1565 4304 colles
1608 4247 1715 4315 tui,
1749 4249 1807 4302 id
1838 4252 1945 4315 est,

268 4348 624 4406 eminentes
682 4347 836 4403 inter
891 4348 1067 4415 alios,
1128 4346 1354 4402 scilicet
1410 4363 1611 4401 eorum
1661 4346 1948 4415 doctores,

267 4436 671 4494 exsultatione
691 4439 1064 4507 accingentur,
1089 4435 1146 4490 id
1169 4440 1277 4507 est,
1297 4434 1557 4507 undique
1574 4435 1953 4507 stipabuntur

266 4525 610 4584 exsuitanti
635 4526 810 4580 turba
830 4524 1115 4581 ﬁdelium.
1133 4525 1382 4596 Exponit
1402 4524 1556 4595 quod
1581 4523 1750 4579 dixit:
1780 4523 1951 4579 Colles

2052 590 2191 661 quia
2222 593 2284 644 tu
2317 590 2726 661 propitiaberis
2756 591 2851 647 hic
2881 588 3293 663 iniquitatibus
3322 588 3566 659 nostris,
3606 574 3703 673 be:

2052 680 2294 745 nediccs,
2349 678 2779 735 incrementum
2810 679 3009 747 dabis,
3059 694 3303 757 corona,
3338 658 3703 773 multitudini}

2054 767 2313 823 ﬁdelium
2338 771 2394 823 te
2415 768 2831 823 ambientium:
2860 768 2943 823 vel
2971 768 3289 824 victoribus
3315 768 3412 840 qui
3436 765 3532 824 hic
3553 764 3707 824 inter

2052 858 2383 912 mundanas
2426 856 2731 912 illecebras
2779 858 3023 915 victores
3070 857 3459 914 exstiterunt:
3491 842 3703 935 coronat
3766 857 3779 861 ’

2051 946 2179 1001 dico
2209 948 2348 1001 anni
2377 946 2732 1017 benignitatis
2761 954 2890 1014 tuae,
2923 946 2982 1002 id
3016 951 3123 1014 est,
3152 946 3259 1003 tibi
3282 949 3617 1018 prmparataa
3640 945 3702 1018 in

2052 1039 2314 1107 tempore
2344 1016 2747 1107 plenitudinis,
2777 1051 2911 1090 cum
2943 1016 3363 1106 benignitatem
3393 1016 3557 1091 tuam
3588 1016 3701 1092 hu:-

2052 1140 2225 1178 mano
2272 1124 2467 1195 generi
2514 1122 2850 1179 exhibuisti.
2902 1124 2965 1178 Et
2992 1125 3176 1195 campi
3203 1126 3307 1195 tui,
3339 1123 3526 1180 Judzei
3557 1108 3702 1180 culti

2049 1229 2280 1268 vomere
2309 1213 2467 1268 verbi
2498 1213 2606 1278 tui,
2661 1211 3001 1268 omnimoda
3046 1212 3293 1268 ubertate
3322 1213 3702 1285 rapiebantur,

2051 1318 2186 1357 cum
2224 1302 2378 1357 Deus
2412 1302 2523 1357 erit
2553 1302 2753 1357 omnia
2782 1302 2841 1356 in
2874 1300 3172 1357 omnibus.
3196 1302 3561 1373 Pinguescent
3577 1318 3701 1374 spe-

2049 1393 2191 1447 ciosa
2242 1392 2477 1460 deserti,
2535 1391 2590 1445 id
2626 1395 2744 1460 est,
2795 1390 2895 1463 qui
2928 1390 3000 1445 de
3042 1389 3245 1462 gentili
3297 1390 3511 1462 populo
3565 1389 3701 1446 facti

2050 1485 2225 1536 erunt
2245 1480 2584 1553 Speciosi,id
2607 1485 2695 1535 est
2715 1479 2917 1535 ﬁdeles
2940 1479 3104 1551 prius
3127 1479 3255 1534 sine
3277 1478 3525 1534 humore
3538 1478 3701 1536 verbi

2050 1570 2173 1638 Dei,
2198 1569 2356 1624 omni
2383 1568 2580 1625 laetitia
2601 1568 3010 1640 replebuntur:
3039 1571 3096 1623 et
3124 1570 3267 1622 tunc
3287 1567 3471 1633 colles,
3495 1566 3555 1622 id
3586 1571 3699 1636 est,

2050 1658 2274 1730 prmlati
2301 1659 2359 1712 in
2378 1662 2625 1731 utroque
2639 1658 2851 1730 populo
2863 1655 3702 1728 exsultationeaccingenturﬁd

2051 1750 2159 1813 est,
2194 1764 2408 1819 magna
2436 1747 2655 1814 latitia,
2684 1751 2981 1819 portantes
3008 1744 3343 1818 manipulos
3375 1761 3535 1801 suos.
3562 1745 3703 1802 lude

2050 1836 2446 1904 exsultabunt,
2474 1838 2628 1909 quod
2661 1854 2776 1892 non
2810 1837 3026 1891 frustra
3055 1834 3493 1891 laboraverunt.
3518 1833 3706 1891 Induti

2047 1934 2194 1997 sunt,
2225 1926 2510 1981 subaudis
2531 1924 2937 1989 exsultatione,
2961 1941 3086 1980 cum
3107 1925 3345 1980 mortale
3368 1925 3467 1980 hoc
3494 1922 3703 1981 induet
3804 1920 3808 1927 ’

2049 2016 2520 2070 immortalitatem
2567 2016 2615 2085 (Ι
2642 2017 2764 2072 Cor.
2799 2017 2914 2071 xvi.
2966 2015 3176 2070 Arietes
3225 2015 3431 2082 ovium,
3476 2012 3534 2067 id
3588 2016 3697 2081 est,

2048 2103 2226 2158 duces
2276 2120 2519 2176 gregum
2568 2102 2822 2171 Christi;
2874 2111 2925 2158 et
2952 2104 3157 2173 valles,
3214 2101 3273 2156 id
3328 2106 3445 2167 est,
3494 2117 3699 2157 eorum

2049 2192 2318 2264 subjecti,
2366 2193 2726 2247 abundabunt
2752 2194 3057 2261 frumento,
3106 2191 3163 2245 id
3196 2194 3304 2259 est,
3338 2205 3490 2262 pane
3522 2204 3699 2261 ange-

2048 2279 2260 2336 lorum.
2296 2282 2362 2336 Et
2392 2298 2527 2337 cum
2549 2280 2800 2336 viderint
2820 2280 2987 2335 illum
3012 2296 3187 2351 quem
3215 2278 3316 2335 diu
3341 2277 3702 2346 esurierunt,

2048 2369 2195 2424 facie
2224 2371 2297 2425 ad
2329 2370 2558 2437 faciem,
2591 2374 2732 2425 tunc
2764 2369 3099 2425 clamabunt.
3144 2368 3294 2432 Quid
3335 2366 3698 2435 clamabunt,

2049 2460 2393 2533 subjungit:
2427 2458 2643 2514 Etenim
2672 2458 2940 2530 hymnum
2969 2458 3192 2522 dicent,
3246 2457 3301 2510 id
3337 2459 3457 2521 est,
3498 2458 3700 2511 votum

2047 2548 2291 2603 reddent
2310 2548 2366 2602 in
2384 2547 2731 2603 Jerusalem.
2751 2549 2912 2603 Beati
2924 2549 3021 2619 qui
3038 2546 3299 2602 habitant
3321 2546 3378 2600 in
3400 2544 3558 2600 domo
3577 2547 3695 2613 tua,

2044 2638 2107 2690 in
2133 2637 2393 2691 saeculum
2420 2636 2617 2693 saeculi
2647 2635 2952 2690 laudabunt
2980 2642 3028 2691 te
3059 2635 3232 2706 (Psal.
3268 2634 3522 2705 Lxxxm).

2599 2759 2929 2816 PSALMUS
2980 2759 3140 2815 LXV.

2168 2867 2224 2904 ΙΝ
2268 2866 2446 2905 FINEM
2484 2866 2773 2906 CANTICUM
2813 2865 3022 2905 PSALMI
3063 2863 3567 2905 RESURRIC’I‘IONIS.

2115 2963 2142 2988 ‹‹
2176 2938 2430 2995 Jubilate
2465 2943 2595 3011 Deo,
2630 2938 2823 2995 omnis
2853 2942 3036 3005 terra;
3071 2937 3368 3010 psalmum
3398 2936 3572 2993 dicite
3595 2952 3694 2992 no—

2045 3050 2073 3079 ‹‹
2105 3028 2250 3083 mini
2281 3029 2431 3098 ejus,
2486 3029 2621 3083 date
2649 3027 2896 3100 gloriam
2927 3026 3087 3082 laudi
3120 3027 3268 3098 ejus.
3322 3027 3505 3083 Dicite
3533 3026 3650 3082 Deo
3678 3041 3691 3080 :

2044 3140 2071 3166 ‹‹
2106 3119 2293 3182 Quam
2324 3116 2608 3172 terribilia
2629 3122 2768 3172 sunt
2788 3131 2965 3188 opera
2994 3120 3116 3183 tua,
3141 3116 3422 3172 Domine:
3456 3116 3516 3171 in
3540 3111 3693 3169 mul-

2045 3227 2072 3253 ‹‹
2107 3204 2357 3258 titudine
2387 3204 2617 3259 virtutis
2646 3212 2757 3259 tua:
2791 3204 3148 3259 mentientur
3186 3202 3294 3258 tibi
3322 3202 3547 3258 inimici
3577 3203 3686 3260 tui.

2047 3314 2076 3343 ‹‹
2110 3292 2314 3347 Omnis
2344 3296 2498 3346 terra
2530 3292 2729 3347 adoret
2760 3296 2837 3356 te,
2868 3297 2925 3347 et
2954 3291 3166 3363 psallat
3209 3291 3338 3357 tibi,
3391 3290 3687 3362 psalmum

2052 3403 2078 3429 ‹‹
2110 3378 2267 3435 dicat
2313 3379 2536 3435 nomini
2586 3384 2706 3434 tuo.
2757 3379 2965 3435 Venite
2994 3383 3053 3433 et
3092 3378 3281 3434 videte
3328 3393 3504 3450 opera
3547 3377 3691 3445 Dei;

2051 3491 2078 3518 ‹‹
2110 3467 2419 3523 terrribilis
2450 3468 2509 3521 in
2541 3466 2805 3523 conciliis
2836 3484 3013 3538 super
3043 3466 3197 3523 ﬁlios
3227 3467 3556 3523 hominum.
3584 3465 3694 3532 Qui

2051 3582 2077 3607 ‹‹
2113 3556 2398 3613 convertit
2429 3572 2588 3611 mare
2621 3557 2680 3611 in
2712 3556 2938 3612 aridam
2973 3574 2985 3611 :
3036 3556 3096 3611 in
3129 3555 3372 3612 ﬂumine
3402 3559 3700 3627 pertrans-

2051 3669 2079 3696 ‹‹
2112 3646 2283 3701 ibunt
2313 3645 2579 3717 pede,ibi
2604 3643 2935 3700 laetabimur
2963 3644 3023 3699 in
3054 3644 3201 3716 ipso.
3231 3642 3335 3710 Qui
3368 3641 3706 3698 dominatur

2053 3760 2080 3786 ‹‹
2112 3734 2173 3790 in
2196 3735 2410 3791 virtute
2432 3751 2541 3791 sua
2564 3735 2620 3790 in
2648 3738 2954 3801 aeternum,
2976 3732 3131 3790 oculi
3154 3733 3283 3805 ejus
3310 3748 3486 3804 super
3504 3737 3708 3813 gentes

2053 3847 2080 3875 α
2114 3824 2487 3897 respiciunt:
2549 3825 2648 3896 qui
2697 3827 3065 3896 exasperant,
3117 3839 3235 3877 non
3284 3819 3615 3877 exaltentur
3641 3818 3702 3877 in

2055 3936 2082 3962 «
2117 3913 2471 3985 semetipsis.
2506 3912 2855 3985 Benedicite,
2882 3915 3104 3985 gentes,
3130 3912 3313 3968 Deum
3336 3913 3628 3977 nostrum,
3650 3912 3709 3966 et

2056 4026 2081 4051 ‹‹
2117 4001 2379 4058 auditam
2413 4001 2582 4056 facite
2612 4018 2810 4056 vocem
2840 4000 3033 4057 laudis
3056 4001 3205 4073 ejus.
3229 4000 3338 4067 Qui
3361 3999 3560 4073 posuit
3579 3998 3705 4055 ani-

2057 4113 2085 4140 ‹‹
2117 4106 2275 4144 mam
2312 4106 2501 4144 meam
2535 4090 2605 4144 ad
2636 4090 2841 4156 vitam,
2873 4094 3071 4146 etnon
3095 4090 3258 4146 dedit
3281 4089 3341 4145 in
3363 4088 3709 4146 commotio-

2059 4202 2085 4228 ‹‹
2121 4194 2253 4232 nem
2289 4178 2464 4249 pedes
2497 4194 2675 4233 meos.
2710 4179 2996 4244 Quoniam
3044 4178 3305 4250 probasti
3356 4194 3486 4245 nos,
3535 4176 3712 4243 Deus,

2061 4289 2088 4316 ‹‹
2124 4266 2255 4338 igne
2282 4282 2388 4321 nos
2419 4266 2784 4337 examinasti,
2813 4256 2967 4323 sicut
2988 4267 3359 4323 examinatur
3380 4268 3711 4337 argentum.

2064 4376 2091 4403 «
2125 4354 2407 4410 lnduxisti
2445 4371 2549 4410 nos
2580 4355 2639 4409 in
2670 4354 2973 4427 laqueum,
3020 4354 3273 4427 posuisti
3302 4350 3714 4409 tribulationes

2063 4467 2090 4492 ‹‹
2124 4443 2183 4497 in
2218 4444 2390 4498 dorso
2422 4448 2642 4516 nostro,
2666 4443 3004 4515 imposuisti
3033 4443 3303 4498 homines
3325 4456 3503 4512 super
3527 4438 3718 4509 capita

2067 4556 2093 4583 ‹‹
2128 4537 2344 4588 nostra.
2397 4531 2801 4587 Transivimus
2851 4549 2953 4602 per
3005 4532 3203 4604 ignem
3257 4534 3314 4586 et
3362 4544 3600 4602 aquam,
3658 4529 3717 4582 et

263 4616 662 4674 exsultatione
682 4616 1062 4685 accingentur.
1090 4614 1273 4669 Induti
1298 4613 1740 4679 sunt,subaudis
1769 4610 1954 4667 multo
1988 4606 2033 4670 D
2066 4646 2093 4673 ι(
2126 4621 2377 4678 eduxisti
2411 4637 2516 4676 nos
2551 4621 2608 4675 in
2642 4621 3031 4693 refrigerium.
3084 4619 3342 4676 Introibo
3382 4619 3443 4675 in
3473 4619 3714 4675 domum

263 4704 524 4773 vellere,
575 4706 779 4760 arietes
831 4705 1032 4769 ovium,
1065 4702 1124 4757 id
1154 4706 1260 4773 est,
1296 4701 1721 4773 praedicatores,
1772 4702 1952 4756 duces

266 4808 543 4867 gregum
560 4791 800 4857 Christi,
816 4792 1076 4863 undique
1097 4794 1266 4847 erunt
1290 4788 1552 4845 ﬁdelium
1576 4788 1953 4845 multitudine

264 4882 457 4939 velut
486 4880 621 4937 lana
654 4880 933 4953 coeperti.
975 4881 1037 4934 Et
1067 4880 1234 4935 valles
1263 4878 1625 4935 abundabunt
1654 4880 1954 4951 frumento,

266 4970 338 5027 id
377 4974 499 5037 est,
520 4969 840 5025 virtutibus
871 4972 928 5024 et
954 4968 1125 5024 bonis
1155 4968 1450 5039 operibus,
1472 4970 1750 5039 frumento
1780 4968 1951 5022 abun-

267 5062 512 5118 dabunt
528 5076 643 5115 non
665 5059 884 5115 hordeo
906 5057 1059 5130 quod
1092 5057 1231 5113 foris
1260 5056 1500 5129 tegitur,
1531 5060 1586 5111 et
1609 5057 1770 5112 intus
1792 5055 1952 5123 latet,

269 5159 338 5216 id
380 5161 502 5224 est,
529 5173 705 5230 opera
733 5156 889 5212 bona
908 5156 969 5211 in
991 5159 1186 5227 aperto
1219 5154 1452 5226 facient,
1482 5159 1549 5210 ut
1577 5154 1840 5210 videntes
1861 5154 1957 5210 alii

272 5246 634 5322 gloriﬁcent
681 5244 1000 5301 Dominum
1033 5259 1255 5298 eorum.
1296 5242 1367 5296 Et
1394 5247 1534 5298 tunc
1565 5260 1768 5298 omnes
1799 5244 1961 5298 colles

272 5340 336 5393 et
372 5337 569 5407 campi
595 5334 933 5405 clamabunt,
967 5338 1023 5388 et
1052 5332 1159 5387 hoc
1190 5332 1414 5403 probat.
1448 5332 1664 5385 Etenim
1696 5332 1964 5402 hymnum

269 5426 507 5493 dicent,
538 5423 598 5480 id
630 5428 738 5489 est,
770 5424 944 5480 corde
974 5428 1032 5478 et
1060 5438 1232 5494 opere
1258 5419 1442 5474 Deum
1475 5419 1822 5475 laudabunt.
1854 5418 1967 5475 Ali-

267 5521 382 5574 ter
426 5530 444 5569 :
498 5514 791 5571 Benedices
820 5528 1032 5569 coronae
1062 5512 1203 5567 anni
1232 5509 1592 5576 benignitatis
1623 5513 1750 5564 tute.
1807 5513 1962 5566 Huc-

268 5617 499 5677 nsque
518 5603 662 5660 dixit
682 5601 967 5677 populum
992 5600 1092 5657 Dei
1118 5598 1444 5655 rediturum
1470 5599 1539 5652 de
1564 5597 1882 5671 Babylonia
1904 5599 1964 5654 in

271 5694 448 5753 Sion
488 5707 500 5746 :
558 5691 772 5750 dehinc
825 5692 898 5748 de
945 5688 1418 5747 remuneratione
1463 5702 1643 5760 quam
1673 5688 1964 5761 recepturi

2062 4735 2089 4761 ‹‹
2122 4713 2288 4767 tuam
2324 4712 2381 4766 in
2417 4710 2800 4777 holocaustis,
2855 4709 3094 4765 reddam
3127 4708 3234 4765 tibi
3267 4714 3400 4766 vota
3427 4723 3558 4764 mea
3587 4723 3714 4779 qua

2064 4824 2090 4850 ‹‹
2126 4801 2525 4856 distinxerunt
2556 4798 2712 4854 labia
2744 4815 2892 4854 mea.
2928 4799 2997 4853 Et
3027 4797 3289 4855 locutum
3322 4801 3413 4855 est
3433 4814 3497 4853 os
3522 4810 3719 4852 meum

2066 4913 2092 4938 ‹‹
2126 4889 2186 4944 in
2209 4889 2587 4944 tribulatione
2610 4904 2757 4943 mea.
2775 4886 3128 4945 Holocausta
3144 4887 3466 4944 medullata
3480 4884 3722 4941 oll'eram

2066 5000 2093 5026 ‹‹
2128 4976 2232 5031 tibi
2264 4993 2399 5031 cum
2434 4977 2670 5031 incenso
2703 4975 2975 5046 arietum,
2999 4977 3240 5032 offeram
3263 4974 3369 5031 tibi
3390 4974 3564 5030 boves
3585 4986 3719 5027 cum

2071 5087 2097 5115 «
2132 5065 2329 5121 hircis.
2380 5064 2588 5120 Venite
2621 5070 2678 5120 et
2707 5065 2923 5133 audite,
2973 5071 3032 5121 et
3080 5064 3352 5131 narrabo,
3385 5076 3591 5118 omnes
3619 5059 3722 5132 qui

2070 5177 2097 5203 ‹‹
2131 5153 2351 5209 timetis
2372 5153 2578 5219 Deum,
2604 5157 2827 5225 quanta
2852 5154 2986 5209 fecit
3007 5153 3215 5209 anime
3239 5168 3400 5208 meae.
3418 5150 3501 5205 Ad
3522 5149 3720 5222 ipsum

2073 5267 2099 5294 ‹‹
2133 5259 2231 5298 ore
2280 5257 2409 5298 meo
2461 5240 2727 5309 clamavi,
2776 5247 2834 5298 et
2879 5240 3123 5297 exaltavi
3180 5240 3289 5297 sub
3337 5238 3540 5312 lingua
3568 5252 3722 5293 mea.

2072 5355 2101 5383 η
2134 5331 2513 5402 Iniquitatem
2548 5330 2595 5386 si
2629 5330 2824 5403 aspexi
2849 5330 2906 5385 in
2941 5330 3114 5386 corde
3137 5346 3287 5401 meo,
3312 5344 3427 5385 non
3452 5324 3727 5383 exaudiet

2075 5446 2101 5471 ‹‹
2138 5421 2443 5476 Dominus.
2499 5424 2811 5491 Propterea
2857 5419 3155 5475 exaudivit
3200 5418 3358 5474 Deus
3386 5420 3445 5473 et
3471 5413 3725 5472 attendit

2076 5532 2103 5560 ‹‹
2137 5508 2262 5564 voci
2285 5508 2714 5581 deprecationis
2736 5525 2896 5565 mese.
2922 5507 3269 5565 Benedictus
3291 5506 3468 5573 Deus,
3485 5502 3584 5578 qui
3608 5518 3725 5560 non

2082 5620 2109 5648 ‹‹
2141 5598 2359 5653 amovit
2389 5596 2707 5654 orationem
2752 5614 2941 5654 meam
2975 5601 3033 5653 et
3064 5594 3524 5653 misericordiam
3555 5608 3724 5649 suam

2082 5709 2110 5739 «
2140 5703 2175 5743 Β.
2205 5702 2315 5744 me.
2342 5708 2371 5738 ))
