4014 6194
311 340 425 405 471

941 487 1336 544 ENARRATIO.

392 608 677 666 Canticum
704 612 927 682 psalmi,
958 611 1015 667 id
1042 617 1150 677 est,
1175 613 1483 668 exsultatio
1515 616 1572 668 et
1599 611 1800 666 laetitia
1829 626 1962 681 ope-

318 700 562 755 rationis
585 701 771 763 bonze,
796 700 1017 756 scilicet
1038 701 1477 757 resurrectionis
1501 701 1730 757 Domini
1756 699 1964 754 nostri.

320 787 619 844 Canticum
643 787 878 861 psalmi,
895 795 984 844 est
1005 790 1261 862 hymnus
1285 789 1609 863 spiritualis
1628 789 1884 845 scientiae
1900 805 1968 842 ex

322 878 598 950 operibus
629 879 870 950 adeptae.
921 878 1194 935 Psalmus
1225 879 1456 944 cantici,
1509 884 1597 934 est
1636 876 1968 950 praedicatio

326 965 465 1021 boni
497 967 687 1038 operis
717 967 1020 1023 existentis
1062 985 1164 1039 per
1195 969 1450 1024 scientiae
1495 973 1552 1022 et
1606 966 1969 1040 cognotionis

323 1053 667 1110 doctrinam.
726 1058 880 1111 Hanc
921 1057 1367 1112 exsultationem
1402 1057 1661 1112 continet
1693 1056 1782 1110 hic
1814 1055 1968 1136 psal;

322 1144 707 1210 mus,scilicet
720 1147 1000 1218 gaudium
1021 1146 1508 1202 victoriosissimaz
1529 1145 1970 1200 resurrectionis

320 1233 551 1288 Domini
577 1235 758 1290 nostri
782 1235 923 1290 Jesu
947 1235 1183 1301 Christi,
1209 1253 1335 1307 qua:
1360 1234 1655 1307 praecessit
1679 1235 1734 1288 in
1760 1233 1969 1304 capite,

323 1326 379 1376 et
403 1329 684 1394 sequetur
711 1323 771 1378 in
803 1341 1063 1396 corpore,
1100 1325 1194 1379 hic
1227 1327 1284 1379 in
1322 1341 1424 1395 spe
1449 1329 1505 1379 et
1531 1324 1766 1378 tandem
1799 1323 1855 1376 in
1890 1339 1970 1377 re.

322 1411 482 1468 Hanc
513 1412 956 1468 resurrectionis
990 1430 1151 1484 spem
1185 1413 1371 1467 Judaei
1407 1411 1518 1467 sibi
1551 1411 1658 1466 soli
1691 1411 1972 1466 attribue-

321 1499 484 1568 bant,
541 1505 962 1572 praesumentes
995 1502 1065 1556 de
1089 1501 1322 1571 justitia
1356 1501 1718 1567 meritorum,
1753 1516 1970 1571 praesu-

325 1594 552 1645 mentes
578 1590 753 1644 etiam
776 1591 928 1662 quod
955 1591 1025 1644 de
1042 1605 1251 1662 genere
1276 1588 1741 1661 patriarcharum
1763 1593 1820 1643 et
1840 1603 1974 1660 pro-

324 1677 636 1750 phetarum
669 1683 871 1734 erant:
920 1683 976 1733 et
1025 1679 1096 1732 ad
1130 1677 1260 1732 illos
1292 1677 1448 1733 solos
1480 1677 1807 1748 specialiter
1839 1693 1975 1748 pro-

325 1766 558 1840 phetica
588 1767 743 1822 dicta
787 1765 1005 1822 directa
1036 1771 1220 1821 erant.
1273 1766 1488 1821 Horum
1541 1765 1973 1821 contumaciam

887 347 1190 415 REMIGII
1235 349 1987 438 ANTISSIOD‘ORENSIS
2033 348 2206 426 OPP.
2256 349 2448 412 PARS
2495 348 2545 410 Ι.
2580 379 2658 395 --
2685 343 3145 411 EXEGETICA.

3604 341 3717 405 472

1989 486 2042 552 Α
2073 485 2163 552 cit,
2191 482 2376 540 multo
2399 483 2595 538 minus
2611 482 2715 537 tibi
2740 484 2936 555 parcet
2957 479 3148 552 (Ibid.)
3175 495 3187 536 :
3221 475 3321 551 qui
3346 491 3482 532 eum
3502 472 3724 531 sterilis

2075 590 2233 629 esses
2258 590 2358 644 per
2382 571 2944 636 naturam,insertus
2965 586 3027 625 es
3045 569 3103 623 in
3127 564 3543 640 pinguedinem
3563 563 3723 620 olea.

2075 671 2480 744 Augustinus:
2521 691 2542 719 ι
2569 671 2799 726 Fratres
2830 667 2964 738 mei,
2997 666 3149 723 sicut
3178 682 3292 720 non
3323 669 3414 720 est
3434 661 3726 718 insultan-

2075 762 2217 816 dum
2248 761 2424 815 veteri
2457 761 2742 829 fracturae,
2775 759 2851 814 ita
2875 775 2978 813 nec
3001 773 3179 824 novae,
3204 757 3261 810 id
3294 758 3382 810 est
3410 752 3725 820 haereticis,

2077 851 2176 904 sed
2211 866 2312 920 pro
2343 850 2428 905 eis
2461 849 2768 904 orandum.
2819 849 3015 902 Potens
3044 854 3122 902 est
3160 846 3311 900 enim
3355 844 3494 898 Deus
3527 844 3730 897 iterum

2076 941 2317 994 inserere
2349 939 2472 994 illos
2504 937 2708 1010 (Ibid).
2745 938 2935 992 Fusus
2966 933 3208 1007 sanguis
3231 931 3448 988 Christi
3471 932 3731 986 donatus

2078 1034 2168 1084 est
2189 1027 2639 1092 homicidis,non
2664 1027 2853 1081 dicam
2881 1024 3143 1080 deicidis:
3168 1027 3226 1078 et
3249 1037 3426 1093 quem
3447 1021 3734 1075 fuderunt

2083 1133 2188 1189 per
2211 1115 2651 1185 insaniam,jam
2675 1116 2883 1170 bibunt
2905 1131 3007 1185 per
3026 1109 3742 1167 misericordiamﬂevera

2083 1206 2343 1261 timenda
2373 1211 2509 1259 sunt
2530 1221 2704 1276 opera
2724 1209 2846 1270 tua,
2883 1202 3020 1274 quia
3050 1203 3109 1256 in
3135 1199 3494 1255 multitudine
3513 1200 3737 1254 virtutis

2079 1299 2185 1350 tuae
2205 1297 2538 1350 mentientur
2558 1294 2658 1349 tibi
2685 1293 2904 1347 inimici
2925 1293 3024 1348 tui.
3046 1289 3156 1345 Alii
3179 1289 3402 1344 inimici
3425 1287 3499 1343 ad
3525 1286 3638 1343 hoc
3661 1289 3738 1343 de

2080 1383 2190 1438 sibi
2225 1381 2532 1438 contrariis
2563 1382 2939 1446 mentientur,
2973 1384 3041 1434 ut
3075 1394 3273 1433 eorum
3322 1376 3648 1448 potentiam
3679 1381 3740 1431 et

2081 1472 2325 1545 gloriam
2344 1472 2616 1526 minuant
2631 1489 2643 1526 :
2661 1471 2761 1526 sed
2783 1470 2866 1524 tui
2887 1467 3109 1524 inimici
3128 1467 3199 1522 ad
3216 1467 3322 1522 hoc
3339 1465 3736 1530 mentiuntur,

2081 1567 2145 1616 ut
2167 1561 2421 1616 emineat
2442 1561 2627 1616 virtus
2656 1564 2776 1614 tua.
2809 1563 2872 1613 In
2897 1556 3258 1613 multitudine
3278 1557 3498 1610 virtutis
3515 1563 3652 1622 tuae,
3675 1554 3737 1609 id

2081 1655 2192 1721 est,
2225 1655 2289 1705 ut
2311 1649 2499 1705 multa
2521 1650 2865 1704 ostendatur
2889 1647 3094 1712 virtus,
3117 1645 3176 1700 id
3198 1649 3286 1699 est
3311 1642 3575 1715 potentia
3596 1647 3734 1700 tua:

2082 1749 2416 1805 mentientur
2437 1749 2561 1811 tibi,
2584 1747 2643 1801 id
2665 1751 2754 1802 est
2774 1746 2845 1800 ad
2872 1743 3119 1817 gloriam
3150 1747 3314 1798 tuam
3343 1758 3355 1796 :
3390 1743 3610 1796 inimici
3628 1742 3736 1809 tui,

326 1830 610 1928 propheta
640 1855 697 1911 in
730 1855 838 1911 hoc
869 1855 1096 1928 psalmo
1129 1855 1454 1920 contundit,
1505 1871 1685 1927 agens
1727 1871 1830 1926 pro
1864 1854 1976 1909 fide
2004 1836 2377 1928 Βιῖυάἃὲίελίη
2402 1835 2561 1892 “uno
2585 1839 2746 1928 Fama
2768 1839 2824 1889 et
2846 1831 3302 1928 t3m_mani_f‘_33t_a
3323 1830 3600 1928 δξῑξὲτυίί
3619 1830 3740 1928 νίζ’

327 1944 592 2017 gentium
622 1949 960 2000 vocaturum
994 1945 1065 2000 ad
1100 1945 1364 2000 eamdem
1402 1959 1587 2015 spem.

397 2034 636 2091 Jubilate
662 2035 789 2104 Deo,
823 2036 998 2089 omnis
1029 2043 1195 2104 terra,
1249 2038 1450 2088 vocata
1501 2034 1572 2087 ad
1605 2031 1854 2104 gloriam
1887 2047 1974 2086 re-

329 2124 730 2180 surrectionis.
753 2122 987 2178 Jubilus
1011 2129 1100 2178 est
1119 2127 1283 2177 tanta
1302 2120 1500 2176 laetitia
1521 2121 1735 2190 cordis,
1758 2124 1978 2192 quanta

326 2212 520 2269 verbis
543 2211 788 2284 exprimi
819 2229 932 2268 non
956 2211 1160 2282 possit.
1179 2213 1378 2266 Omnis
1403 2218 1570 2276 terra,
1588 2210 1644 2264 id
1673 2215 1761 2264 est
1785 2209 1978 2264 catho-

328 2300 442 2357 lica
469 2301 726 2358 Ecclesia
760 2319 772 2358 :
826 2300 1094 2373 quisquis
1131 2305 1350 2372 partem
1385 2300 1548 2370 facit,
1579 2299 1877 2354 abscissus
1908 2298 1978 2353 de

329 2393 473 2456 toto,
532 2391 759 2446 ululare
808 2390 951 2458 vult,
1006 2408 1122 2444 non
1148 2389 1422 2462 jubilare.
1478 2389 1743 2458 Jubilate,
1778 2388 1836 2442 id
1868 2391 1976 2454 est,

331 2480 621 2551 erumpite
643 2481 701 2534 in
725 2496 922 2534 vocem
951 2479 1325 2550 gaudiorum,
1360 2477 1408 2533 si
1443 2495 1555 2532 non
1580 2478 1824 2550 potestis
1853 2494 1976 2532 ver—

330 2567 565 2632 borum,
596 2584 713 2621 non
759 2567 884 2621 sola
910 2568 1134 2630 Judzea,
1183 2568 1280 2621 sed
1316 2568 1494 2620 omnis
1523 2571 1671 2620 terra
1702 2565 1890 2636 posita
1920 2565 1980 2619 in

334 2670 436 2727 spe
458 2654 902 2710 resurrectionis
927 2654 1120 2725 gloriae
1145 2654 1398 2708 filiorum
1428 2653 1613 2720 Dei,in
1639 2653 1824 2724 capite
1845 2670 1984 2724 pres-

334 2743 539 2813 missa,
595 2742 757 2814 prius
809 2744 879 2798 de
912 2749 1096 2798 morte
1127 2742 1313 2796 tristis
1363 2743 1645 2796 Psalmum
1682 2741 1851 2797 dicite
1879 2759 1982 2797 no-

333 2833 479 2887 mini
506 2833 643 2902 ejus,
677 2832 734 2887 id
766 2836 873 2899 est,
901 2832 1048 2887 bene
1075 2831 1396 2903 operamini
1428 2847 1542 2885 non
1566 2831 1636 2884 ad
1660 2830 1981 2886 humanam

337 2921 593 2988 laudem,
625 2922 726 2976 sed
756 2921 828 2976 ad
861 2920 1142 2976 honorem
1177 2920 1297 2974 Dei.
1334 2918 1605 2985 Psallere,
1639 2924 1726 2974 est
1757 2919 1982 2974 musico

337 3010 730 3066 instrumento
757 3009 931 3081 pulsu
955 3025 1239 3064 manuum
1265 3009 1387 3064 voci
1416 3008 1766 3063 concordare
1791 3025 1803 3063 :
1835 3006 1986 3080 psal-

339 3115 476 3154 mus
505 3103 595 3154 est
625 3099 807 3154 melos
840 3097 1130 3153 redditum
1164 3114 1231 3153 ex
1264 3097 1362 3152 illo
1393 3097 1782 3152 instrumento
1832 3099 1984 3170 quod

337 3191 578 3244 vocatur
607 3187 972 3290 psalterium.
1006 3187 1252 3244 Jubilate
1287 3187 1345 3241 in
1379 3185 1561 3254 vobis,
1591 3187 1868 3256 psalmum
1897 3187 1981 3241 di-
2016 3223 2058 3290 Ο

337 3279 444 3333 cite
473 3278 545 3333 ad
577 3276 742 3333 alios.

410 3365 518 3431 Qui
540 3364 933 3436 intusjubilat
957 3365 1026 3421 ad
1050 3365 1408 3419 audientiam
1421 3363 1539 3430 Dei,
1559 3363 1770 3435 psallat
1795 3365 1863 3418 ad
1881 3381 1983 3419 au-

338 3455 613 3512 dientiam
631 3456 968 3511 hominum:
988 3473 1098 3510 non
1115 3460 1306 3509 autem
1323 3454 1560 3521 sibi,sed
1586 3451 1980 3523 nominiejus:

338 3549 403 3600 ut
424 3544 523 3599 alii
551 3545 816 3599 videntes
847 3560 1012 3615 Opera
1037 3548 1212 3598 vestra
1245 3543 1401 3602 bona.
1433 3543 1736 3612 gloriﬁcent
1764 3543 1984 3596 Patrem

335 3643 575 3690 vestrum
597 3635 820 3706 (Matth.
849 3637 924 3704 v).
951 3633 1016 3687 Et
1037 3631 1370 3704 jubilando,
1401 3633 1533 3687 Date
1561 3632 1801 3698 gloriam
1831 3631 1984 3685 laudi

328 3724 466 3795 ejus.
518 3725 624 3791 Qui
652 3724 951 3792 gloriatur,
1002 3724 1061 3776 in
1097 3723 1328 3777 Domino
1357 3719 1641 3791 glorietur
1684 3720 1731 3790 (Ι
1760 3719 1880 3775 Cor.
1917 3721 1976 3790 1).

328 3816 466 3878 Vos,
486 3817 707 3886 gentes,
733 3810 909 3867 nolite
931 3810 1146 3864 imitari
1171 3809 1576 3880 superbientes
1599 3807 1857 3877 Judzeos,
1881 3809 1978 3880 qui

327 3900 644 3970 dejustitia
667 3899 1010 3954 meritorum
1035 3901 1479 3969 praesumentes,
1504 3895 1768 3950 invident
1793 3897 1976 3968 genti-

329 3988 442 4042 bus
473 3987 720 4059 gratiam
747 3985 1058 4058 Evangelii,
1085 3986 1239 4058 quod
1273 3984 1356 4040 eis
1386 3988 1621 4057 peccata
1648 3985 1976 4040 condonen-

328 4080 449 4142 tur,
484 4075 650 4146 quasi
689 4091 801 4129 non
833 4075 1086 4129 habeant
1116 4075 1268 4146 quod
1305 4075 1386 4129 eis
1428 4074 1808 4141 condonetur,
1842 4091 1974 4129 cum

329 4167 527 4219 tamen
553 4163 836 4234 scriptum
861 4163 963 4217 sit:
991 4163 1184 4218 Omnes
1204 4165 1352 4218 enim
1367 4167 1728 4234 peccaverunt
1749 4170 1800 4218 et
1822 4173 1976 4232 egent

328 4253 518 4327 gloria
568 4253 667 4307 Dei
714 4253 886 4320 (Rom.
942 4253 1062 4322 ιιι);
1113 4257 1169 4306 et
1215 4257 1497 4322 tanquam
1538 4252 1686 4321 justi
1728 4252 1974 4323 operarii

329 4343 518 4416 ipsam
549 4341 990 4397 resurrectionis
1013 4340 1253 4412 gloriam
1278 4341 1582 4411 praemium
1606 4340 1714 4395 sibi
1738 4343 1976 4412 promit-

327 4437 481 4498 tunt,
509 4434 718 4503 putant
743 4447 804 4486 se
828 4447 956 4485 esse
988 4447 1160 4485 sanos
1183 4447 1315 4484 cum
1340 4429 1460 4484 sint
1479 4435 1825 4501 aegrotantes
1847 4449 1858 4486 :
1883 4437 1973 4486 at-

329 4538 442 4594 que
473 4521 602 4576 ideo
638 4518 1026 4592 periculosius
1049 4523 1350 4591 aegrotant,
1379 4518 1477 4590 qui
1501 4518 1548 4573 si
1573 4518 1777 4574 mitius
1800 4537 1974 4592 aegro-

2085 1930 2181 1981 tus
2213 1925 2335 1996 Dei,
2369 1941 2547 1997 quam
2580 1924 2638 1978 in
2671 1921 3118 1979 resurrectione.
3150 1921 3342 1990 Majus
3365 1919 3530 1974 tuita
3551 1922 3740 1975 morte

2084 2029 2411 2085 resurgere,
2447 2029 2624 2084 quam
2657 2029 2772 2066 non
2805 2010 2973 2066 mori.
2999 2009 3156 2065 Hanc
3186 2008 3460 2064 virtutem
3482 2008 3610 2080 ipse
3635 2008 3738 2063 Do-

2087 2104 2284 2158 minus
2339 2102 2499 2174 prius
2541 2099 2973 2156 commendavit
3001 2115 3135 2154 cum
3167 2097 3417 2153 diceret:
3453 2096 3739 2153 Generatio

2085 2210 2254 2264 prava
2284 2198 2334 2248 et
2362 2208 2623 2264 perversa
2652 2193 2876 2260 signum
2896 2190 3118 2260 quaerit,
3139 2195 3188 2243 et
3210 2189 3433 2257 signum
3449 2203 3560 2242 nou
3581 2186 3738 2242 dabi-

2088 2292 2180 2338 tur
2208 2284 2278 2348 ei,
2310 2282 2422 2336 nisi
2448 2283 2670 2352 signum
2689 2282 2839 2336 Iona:
2857 2278 3159 2350 prOphetae.
3184 2276 3336 2331 Sicut
3357 2277 3470 2346 fuit
3487 2277 3656 2333 Jonas
3677 2279 3740 2332 in

2087 2379 2272 2426 ventre
2300 2372 2408 2426 ceti
2435 2370 2614 2425 tribus
2643 2368 2834 2424 diebus
2863 2371 2913 2422 et
2944 2366 3119 2421 tribus
3147 2365 3417 2431 noctibus,
3437 2367 3521 2422 sic
3548 2367 3660 2421 erit
3678 2367 3738 2436 ﬁ-

2095 2460 2204 2516 lius
2241 2461 2478 2516 hominis
2509 2461 2570 2513 in
2615 2458 2773 2513 corde
2801 2465 2966 2513 terra?
2997 2455 3174 2512 tribus
3219 2455 3417 2510 diebus
3467 2463 3519 2510 et
3564 2456 3736 2510 tribus

2088 2551 2339 2606 noctibus
2388 2549 2601 2620 (Matth.
2636 2564 2750 2613 x11;
2781 2551 2946 2603 Joan.
2981 2545 3063 2615 ιι).
3113 2544 3278 2599 Sicut
3323 2542 3494 2598 illum
3547 2545 3736 2599 vivum

2091 2644 2254 2693 cetus
2301 2637 2583 2702 evomuit,
2637 2636 2717 2690 ita
2764 2641 2822 2690 et
2867 2633 3165 2689 Christum
3217 2637 3421 2688 terra:
3483 2638 3544 2688 et
3590 2633 3738 2688 inte-

2092 2728 2204 2782 rim
2237 2725 2506 2783 eamdem
2537 2725 2810 2780 virtutem
2864 2721 3309 2778 resurrectionis
3365 2723 3736 2778 commenda-

2090 2816 2192 2883 vit,
2226 2831 2358 2870 cum
2407 2813 2596 2869 Judmi
2646 2815 2992 2884 quererent,
3042 2816 3112 2868 In
3158 2828 3270 2882 qua
3312 2813 3578 2886 pptestate
3627 2811 3741 2868 haec
3804 2821 3809 2832 ‘

2091 2906 2269 2975 facis?
2315 2901 2524 2972 (Matth.
2558 2903 2719 2972 ιαμ).
2771 2902 2839 2957 Et
2885 2899 3024 2956 ille:
3059 2899 3263 2956 Solvite
3310 2899 3580 2972 templum
3625 2903 3737 2971 hoc,

2094 3001 2144 3048 et
2172 3000 2289 3063 post
2319 2991 2560 3047 triduum
2596 2991 2958 3046 reaedificabo
3003 2990 3146 3045 illud
3193 2989 3362 3061 (Joan.
3410 2990 3494 3059 ιι).
3545 2990 3737 3045 Incre-

2097 3081 2215 3137 duli
2248 3081 2428 3136 Judaei
2461 3080 2603 3135 visis
2644 3079 2844 3135 multis
2892 3079 3210 3135 virtutibus
3254 3076 3569 3148 multisque
3618 3079 3732 3132 mi-

2095 3170 2332 3236 raculis,
2384 3186 2518 3224 cum
2573 3186 2781 3225 causas
2832 3168 3038 3224 mortis
3076 3168 3134 3223 in
3168 3184 3297 3224 eum
3327 3169 3643 3238 quaererent
3669 3169 3728 3223 et

2096 3277 2211 3315 non
2239 3260 2586 3329 invenirent,
2612 3259 2977 3314 adducerunt
2997 3257 3217 3313 multos
3239 3255 3414 3312 falsos
3437 3259 3630 3322 testes,
3651 3255 3723 3310 ad

2096 3348 2373 3404 ultimum
2427 3348 2796 3403 adduxerunt
2840 3346 2972 3402 illos
3015 3346 3116 3418 qui
3148 3346 3452 3401 dicerent:
3507 3349 3736 3400 Possum

2093 3438 2369 3494 destruere
2403 3438 2665 3508 templum
2694 3436 2872 3501 istud,
2897 3445 2948 3490 et
2973 3445 3094 3507 post
3126 3435 3376 3491 triduum
3407 3434 3740 3505 reardiﬁcare

2093 3528 2235 3583 illud
2261 3517 2468 3599 (Mdtlh.
2501 3527 2676 3596 xxvr).
2713 3525 3076 3597 Augustinus
3105 3541 3117 3578 :
3169 3523 3450 3595 Mentiris,
3483 3540 3516 3578 o
3545 3523 3742 3578 Judaee

2092 3616 2237 3672 false
2257 3615 2424 3671 testis
2449 3631 2460 3669 :
2496 3613 2642 3669 dixit
2663 3613 2840 3684 enim,
2866 3613 3104 3668 Solvite:
3124 3612 3451 3668 voluntarie
3473 3612 3740 3683 moritur,

2092 3722 2206 3760 non
2241 3705 2626 3760 necessitate:
2656 3704 2812 3774 ponit
2842 3703 3109 3773 animam,
3132 3718 3289 3758 nemo
3322 3703 3486 3757 tollit.
3517 3701 3745 3757 Mentiti

2090 3800 2230 3848 sunt
2250 3808 2406 3863 ergo,
2432 3796 2495 3846 ut
2515 3791 2938 3863 crucifigereris
2965 3808 2976 3847 :
3016 3791 3142 3847 ideo
3173 3791 3508 3862 cruciﬁxus,
3534 3793 3600 3845 ut
3620 3806 3744 3845 mo-

2090 3880 2332 3947 rereris;
2364 3881 2490 3935 ideo
2516 3885 2809 3946 mortuus,
2847 3884 2914 3935 ut
2944 3896 3275 3953 resurgeres
3301 3899 3313 3935 :
3347 3877 3741 3945 resurrexisti,

2088 3974 2155 4024 ut
2184 3970 2485 4025 credentes
2516 3969 2904 4024 salvarentur.
2961 3969 3179 4024 Iterum
3221 3973 3277 4023 te
3307 3968 3592 4023 moriente
3625 3972 3686 4022 et
3713 3983 3746 4022 a

2088 4062 2275 4112 morte
2307 4061 2669 4128 resurgente,
2715 4056 2944 4112 mentiti
2975 4060 3114 4112 sunt
3144 4072 3256 4112 non
3291 4056 3424 4122 sibi,
3475 4056 3579 4112 sed
3611 4054 3742 4118 tibi,

2088 4154 2316 4209 Inimici
2350 4155 2434 4210 tui
2468 4154 2641 4226 positi
2672 4159 2814 4210 sunt
2843 4155 3115 4210 custodes
3145 4155 3217 4210 ad
3249 4153 3611 4225 sepulcrum.
3646 4153 3741 4207 Vi-

2089 4245 2292 4299 dentes
2323 4260 2458 4299 eum
2492 4260 2815 4316 resurgere,
2850 4243 3124 4299 dixerunt
3147 4243 3448 4299 veritatem
3474 4267 3487 4310 ;
3521 4241 3627 4298 sed
3650 4259 3743 4299 ea-

2087 4334 2216 4387 dem
2271 4332 2517 4387 avaritia
2569 4349 2695 4404 quae
2736 4332 3046 4404 captivavit
3075 4331 3431 4404 discipulum
3463 4331 3744 4388 comitem

2085 4421 2320 4492 Christi,
2355 4419 2665 4492 captivavit
2696 4421 2944 4476 militem
2977 4421 3279 4478 custodem
3313 4419 3588 4492 sepulcri.
3629 4423 3746 4476 Au-

2087 4515 2217 4565 ctus
2231 4517 2318 4565 est
2335 4529 2368 4565 n
2380 4526 2616 4565 umerus
2633 4509 3040 4565 mentientium
3055 4515 3120 4565 ut
3133 4515 3444 4582 augeretur
3456 4526 3748 4566 numerus

325 4593 537 4675 tarent,
554 4599 856 4679 nunquam
881 4606 1202 4678 phrenetici
1228 4607 1486 4662 medium
1503 4607 1852 4662 occiderent.
1868 4609 1975 4663 Sed
2008 4593 2052 4657 Ι)
2086 4599 2445 4655 credentium
2467 4617 2478 4654 :
2505 4603 2709 4654 contra
2730 4599 3041 4654 mendaces
3062 4599 3387 4672 apparuisti
3411 4599 3744 4670 veracibus,

325 4697 453 4751 date
472 4696 704 4766 gloriam
727 4696 880 4750 laudi
903 4698 1039 4766 ejus,
1066 4697 1121 4749 id
1146 4700 1254 4766 est,
1270 4694 1589 4766 dejustitia
1613 4695 1786 4750 nolite
1809 4695 1975 4752 nobis

324 4782 571 4857 gloriam
599 4784 756 4850 dare,
782 4785 882 4838 sed
910 4783 1044 4839 Deo.
1072 4783 1402 4838 Jubilantes
1425 4788 1481 4837 et
1502 4784 1846 4854 gaudentes,
1872 4801 1972 4838 no-

323 4872 424 4928 lite
447 4871 612 4928 vobis
631 4871 908 4942 gaudere,
925 4888 996 4926 ne
1020 4889 1120 4942 per
1145 4871 1482 4943 superbiam
1513 4871 1798 4926 amittatis
1820 4873 1975 4943 quod

322 4979 426 5034 per
453 4959 848 5016 humilitatem
882 4960 1211 5031 accepistis,
1254 4961 1355 5015 sed
1390 4959 1583 5031 potius
1616 4952 1974 5032 terreamini,

321 5051 583 5108 videntes
606 5050 750 5105 alios
771 5065 875 5121 per
898 5048 1232 5119 superbiam
1257 5049 1543 5119 abjectos:
1567 5049 1753 5117 dicite,
1779 5067 1890 5105 non
1916 5050 1974 5106 in

322 5157 441 5210 ore,
475 5140 575 5196 sed
597 5140 658 5194 in
682 5139 853 5195 corde
879 5139 1006 5204 Deo,
1041 5137 1096 5192 id
1125 5142 1233 5206 est,
1257 5137 1326 5191 ad
1360 5136 1594 5192 laudem
1633 5138 1726 5194 Dri
1754 5155 1766 5192 :
1804 5141 1976 5207 Quam

322 5230 597 5287 terribilia
625 5237 753 5283 sunt
782 5244 945 5299 opera
977 5231 1095 5292 tua,
1116 5227 1373 5293 Domine,
1400 5225 1456 5280 id
1479 5231 1585 5295 est,
1612 5244 1745 5282 cum
1769 5227 1976 5285 timore

321 5324 379 5374 et
410 5324 661 5373 tremore
690 5322 941 5372 vestram
977 5316 1226 5372 salutem
1259 5315 1603 5386 operamini.

392 5407 669 5462 Abscissa
717 5411 806 5461 est
848 5405 995 5471 olea,
1050 5409 1107 5458 et
1149 5410 1211 5459 tu
1243 5404 1493 5460 oleaster
1523 5404 1801 5474 insertus,
1851 5406 1976 5462 Noli

321 5497 498 5552 altum
527 5511 734 5566 sapere,
768 5494 857 5549 sed
887 5496 1019 5548 time
1063 5495 1236 5564 (Rom.
1269 5497 1370 5560 xu).
1419 5493 1537 5548 noli
1568 5492 1766 5548 extolli
1799 5511 1975 5564 super

321 5601 518 5639 ramos
548 5584 839 5655 praecisos.
890 5582 1014 5638 Non
1047 5582 1200 5637 enim
1236 5588 1296 5638 tu
1331 5583 1586 5638 radicem
1618 5593 1835 5654 portas,
1870 5586 1971 5640 sed

321 5671 486 5726 radix
515 5676 589 5725 te.
625 5672 686 5724 Si
713 5673 865 5726 enim.
898 5675 1045 5725 Deus
1076 5672 1425 5726 naturalibus
1453 5674 1630 5726 ramis
1660 5688 1769 5726 non
1787 5689 1972 5743 peper-

2085 4689 2185 4744 sed
2209 4705 2357 4759 quos
2378 4692 2437 4742 tu
2467 4687 2672 4743 fecisti.
2690 4689 3082 4760 Augustinus:
3115 4710 3135 4740 ε
3155 4691 3294 4761 Age,
3311 4687 3454 4743 false
3474 4687 3673 4744 testis.
3689 4687 3748 4744 Si

2085 4777 2472 4850 vigilabas,qu
2482 4793 2580 4831 are
2596 4794 2710 4832 non
2733 4777 3082 4849 prohibebas
3095 4778 3122 4832 Ῡ
3138 4777 3192 4832 Si
3212 4776 3570 4843 dormiebas,
3584 4777 3748 4832 unde

2086 4866 2202 4922 scis
2228 4866 2381 4936 quod
2406 4867 2624 4920 factum
2649 4865 2763 4920 sit?
2791 4890 2810 4914 ιο
2842 4866 3105 4922 Mentiris
3125 4865 3232 4921 tibi
3252 4865 3570 4922 etChristo.
3587 4865 3749 4921 Men-

2084 4956 2232 5024 tiris,
2250 4958 2347 5010 sed
2371 4973 2463 5010 me
2487 4955 2556 5009 de
2580 4972 2711 5009 vera
2729 4955 2987 5027 potentia
3005 4961 3231 5010 certum
3257 4953 3748 5010 facis.Dubitatu-

2084 5061 2184 5099 rus
2205 5048 2478 5099 t‘orlassse
2492 5043 2715 5098 fueram
2736 5059 2748 5096 :
2771 5043 2872 5098 sed
2891 5060 3004 5098 non
3025 5043 3167 5100 sinit
3184 5043 3496 5099 manifesta
3511 5041 3747 5105 falsitas

2084 5137 2213 5203 tua,
2263 5150 2368 5188 nec
2399 5148 2641 5205 possum
2674 5149 2708 5186 a
2737 5136 2901 5187 tanta
2933 5131 3184 5188 falsitate
3233 5149 3348 5188 non
3399 5131 3744 5188 dissentire.

2087 5230 2233 5302 Ergo
2265 5247 2368 5302 pro
2398 5228 2592 5285 ablata
2621 5229 2825 5285 Judzea
2849 5231 3026 5285 omnis
3053 5233 3202 5286 terra
3232 5229 3418 5292 adoret
3444 5236 3515 5296 te,
3545 5228 3605 5284 id
3631 5233 3744 5291 est,

2083 5324 2139 5376 te
2171 5324 2475 5375 veneretur
2505 5323 2568 5372 ut
2598 5320 2799 5383 Deum.
2824 5335 2937 5374 non
2967 5324 3305 5375 contemnat
3326 5323 3390 5392 ut
3412 5317 3744 5383 hominem,

2084 5410 2221 5480 quia
2253 5425 2388 5479 pars
2419 5411 2583 5462 terra:
2616 5406 2863 5462 adhaesit
2893 5408 3218 5479 mendacio,
3241 5405 3596 5480 generalitas
3632 5406 3744 5462 ad-

2085 5502 2354 5552 monetur
2384 5497 2454 5551 ad
2487 5496 2790 5550 veritatem
2816 5513 2827 5551 :
2862 5496 2967 5551 tibi
2990 5513 3051 5552 se
3083 5497 3376 5560 humiliet,
3401 5496 3544 5568 quia
3564 5494 3738 5567 paulo

2083 5592 2220 5641 ante
2253 5586 2414 5640 fuisti
2446 5583 2819 5640 humillimus
2851 5583 3004 5642 inter
3034 5602 3245 5642 manus
3296 5583 3738 5650 mentientium,

2083 5673 2408 5731 altissimus
2439 5689 2617 5745 super
2646 5673 2916 5731 verticem
2963 5673 3334 5734 laudantium
3367 5673 3742 5747 angelorum.
