4014 6194
244 330 351 399 4⁸78

1352 338 1505 399 ENA
1519 333 1963 399 “RATIONES
2008 332 2087 395 ΙΝ
2131 333 2273 396 PSA
2286 334 2514 399 LMOS.

3520 337 3641 401 878

240 467 449 528 Adoret
489 483 608 537 ore,
637 475 692 527 et
716 469 923 541 psallat
969 486 1162 543 opere,
1196 473 1319 539 tibi,
1354 489 1469 528 non
1500 472 1611 527 sibi
1645 488 1659 527 :
1697 476 1759 527 ut
1790 471 1875 526 vi-
1906 470 1960 537 Α
1988 470 2240 535 dandus,
2273 470 2333 527 in
2363 487 2478 543 quo
2509 487 2713 529 omnes
2744 472 2945 543 gentes
2983 466 3450 527 benedictionem
3482 468 3641 527 acci-

241 560 438 616 dentes
468 559 621 614 bona
643 576 837 631 opera,
860 559 1189 633 gloriﬁcent
1209 567 1283 617 te.
1310 563 1375 617 Et
1390 563 1542 634 quod
1571 569 1623 617 te
1655 563 1876 629 adorat,

240 646 340 704 tibi
372 646 587 719 psallit,
612 648 750 720 quia
775 650 975 719 gratiae
1000 655 1109 705 tuae
1133 658 1240 722 est,
1268 653 1400 708 inde
1430 653 1701 723 psalmum
1732 652 1881 707 dicat

240 738 455 793 nomini
484 741 593 792 tuo.
636 739 821 793 Venite
852 740 924 793 ab
974 741 1131 795 omni
1164 746 1319 796 terra
1361 743 1669 810 credendo,
1707 742 1880 797 relin-

241 827 399 898 quite
428 828 777 882 mentientes
808 828 1043 884 Judaeos
1068 846 1080 886 :
1108 839 1157 885 et
1179 831 1430 895 videte,id
1461 832 1883 901 est,mtelligite

240 930 407 985 Opera.
457 918 699 981 Domini,
733 916 853 971 haec
902 917 1165 974 scilicet:
1202 921 1484 976 Terribilis
1531 925 1591 976 in
1638 924 1883 977 consiliis

238 1020 398 1075 super
412 1004 556 1073 ﬁlios
572 1005 969 1063 hominum.Ne
990 1010 1303 1064 attendatis
1320 1011 1563 1065 formam
1580 1028 1611 1081 q
1624 1029 1695 1065 ua
1708 1011 1882 1066 homo

236 1093 389 1148 inter
440 1093 729 1161 homines,
765 1096 865 1150 sed
916 1097 1223 1153 consilium
1256 1099 1515 1154 terribile
1562 1117 1678 1171 quo
1711 1118 1885 1171 super

238 1180 528 1237 homines.
577 1182 704 1237 Filii
755 1184 1055 1240 hominum
1106 1188 1529 1259 cruciﬁgentes,
1583 1189 1880 1257 excascati;

236 1278 571 1344 cruciﬁxus,
607 1285 696 1335 est
742 1281 1028 1337 exaltatus
1064 1302 1076 1351 ;
1110 1301 1235 1354 quae
1275 1284 1359 1339 illi
1414 1287 1597 1340 moliti
1652 1293 1791 1341 sunt
1824 1287 1883 1342 in

237 1372 488 1423 mortem
516 1368 835 1437 unius,iste
866 1373 1149 1427 convertit
1177 1373 1235 1427 in
1256 1374 1505 1430 salutem
1533 1375 1882 1445 multorumf;

238 1470 368 1525 quae
398 1470 601 1509 eorum
632 1454 839 1511 callida
878 1459 1121 1515 consilia
1144 1461 1476 1517 machinata
1507 1468 1644 1517 sunt
1665 1456 1736 1519 ad
1758 1482 1886 1535 per-

243 1542 550 1609 ditionem,
583 1544 691 1598 iste
712 1546 875 1615 justo
899 1547 1126 1617 judicio
1157 1552 1411 1606 exercuit
1437 1552 1568 1607 aliis
1598 1553 1666 1607 ad
1702 1553 1886 1608 salva-

234 1630 499 1699 tioncm;
542 1632 674 1688 aliis
719 1635 789 1688 ad
836 1636 1176 1703 caecitatem,
1232 1643 1297 1694 ut
1337 1642 1573 1696 tandem
1619 1643 1887 1697 excaecati

237 1718 716 1789 humiliarentur,
733 1723 1027 1779 humiliati
1040 1728 1475 1798 conﬁterentur,
1493 1732 1739 1785 confessi
1756 1730 1888 1785 illu-

1992 562 2348 635 piunt,sicut
2369 563 2425 618 in
2454 562 2641 634 primo
2669 560 3136 618 maledictionem
3156 558 3637 631 acceperunt,cui

1991 653 2209 708 dictum
2260 657 2349 707 est
2397 670 2409 707 :
2463 655 2521 707 In
2566 669 2885 723 quocunque
2929 652 3018 707 die
3058 650 3400 707 comederitis
3448 664 3517 705 ea:
3560 664 3641 719 eo,

1993 746 2161 798 morte
2212 741 2541 797 moriemini
2592 743 2744 812 (Gen.
2800 747 2907 810 IIl).
2961 742 3113 797 Sicut
3146 743 3203 796 in
3248 740 3418 795 Adam
3460 754 3645 794 omnes

1993 835 2328 897 moriuntur,
2362 834 2439 886 ita
2468 840 2521 887 et
2569 833 2624 885 in
2674 832 2887 886 Christo
2917 847 3099 886 omnes
3145 830 3569 900 viviﬁcabuntur
3600 829 3647 899 (1

1994 924 2113 978 Cor.
2164 924 2278 991 xv).
2330 920 2432 977 Vel
2484 920 2776 975 benediczte
2818 921 2877 975 in
2927 921 3113 985 vobis,
3160 920 3410 974 auditam
3452 920 3640 989 facile,

1995 1019 2139 1073 aliis.
2182 1019 2311 1073 Ideo
2364 1017 2657 1072 benedicite
2705 1022 2877 1071 Deum
2920 1026 3188 1085 nostrum,
3222 1016 3278 1071 id
3335 1020 3443 1081 est,
3477 1014 3645 1070 illum

1995 1125 2166 1180 quem
2202 1124 2307 1162 nos
2323 1108 2509 1161 Judaai
2533 1105 2958 1172 benedicimus,
2976 1105 3114 1175 quia
3132 1122 3246 1159 non
3268 1105 3459 1159 solum
3481 1103 3650 1159 vobis

1994 1196 2263 1269 praestitit
2295 1196 2775 1263 misericordiam,
2810 1196 2910 1249 sed
2955 1200 3011 1249 et
3042 1193 3231 1259 nobis,
3265 1192 3433 1249 illum
3488 1194 3649 1249 bene-

1993 1286 2175 1352 dicite,
2210 1302 2384 1356 quem
2423 1302 2527 1355 ego
2578 1284 2756 1339 David
2804 1283 3081 1338 benedice
3117 1301 3129 1338 :
3165 1285 3279 1354 Qui
3304 1284 3482 1353 posuit
3509 1284 3639 1338 ani-

1992 1393 2143 1430 mam
2190 1392 2367 1430 meam
2416 1374 2489 1429 ad
2539 1376 2729 1440 vitam,
2765 1373 2823 1428 id
2872 1377 2965 1428 est
3010 1370 3344 1427 humiliavit
3390 1373 3650 1427 animam

1997 1482 2205 1530 meam,
2261 1464 2394 1519 fecit
2442 1463 2767 1533 intelligere
2817 1465 3120 1534 peccatum
3172 1476 3389 1528 meum,
3424 1465 3490 1515 ut
3542 1460 3653 1515 hoc

1999 1555 2172 1609 modo
2219 1553 2670 1623 viveret;juxta
2720 1551 2913 1605 illud:
2948 1551 3225 1606 Conclusit
3274 1551 3418 1604 Deus
3467 1550 3657 1605 omnia

1996 1643 2092 1698 sub
2131 1646 2374 1713 peccato,
2406 1650 2466 1697 ut
2512 1641 2755 1696 omnium
2803 1642 3159 1695 misereretur
3188 1640 3364 1709 (Rom.
3417 1638 3517 1709 xi).
3549 1637 3655 1694 Vel

2000 1731 2250 1803 positam
2285 1731 2344 1785 in
2380 1736 2562 1786 morte
2592 1730 2651 1785 in
2680 1731 2889 1797 Adam,
2925 1728 3116 1799 posuit
3146 1729 3217 1783 ad
3248 1727 3429 1782 vitam
3460 1727 3521 1781 in
3552 1742 3651 1782 se:

234 1808 711 1866 minarentur.Et
740 1812 798 1867 in
834 1812 940 1869 hoc
972 1815 1423 1888 terribilis,quia
1451 1821 1710 1874 convertit
1738 1836 1891 1875 mare
1920 1846 1969 1909 Β
1999 1820 2087 1875 vel
2121 1820 2452 1874 humiliavit
2476 1819 2734 1874 animam
2769 1834 2958 1873 meam
2992 1817 3193 1873 multis
3225 1815 3656 1888 angustiis,per

234 1897 301 1951 in
325 1896 565 1963 aridam,
603 1899 656 1952 id
688 1905 1104 1967 est,mundum
1137 1906 1558 1963 amaricantem
1591 1909 1746 1964 curis
1770 1926 1892 1981 per-

231 1984 501 2053 niciosis,
522 1987 850 2045 szevientem
880 1990 1156 2048 ﬂuctibus
1172 1997 1896 2065 persecutionum,conver-

232 2075 310 2128 tit
344 2076 405 2128 in
451 2076 691 2145 aridam,
724 2077 782 2132 id
837 2084 945 2147 est,
981 2081 1037 2136 in
1092 2086 1328 2155 terram,
1362 2091 1427 2140 ut
1457 2086 1615 2142 sitiat
1663 2087 1892 2142 dulcem

232 2163 713 2231 aquam,scilicet
734 2167 984 2238 gratiam
1014 2172 1197 2226 sancti
1216 2173 1467 2243 Spiritus
1492 2180 1548 2229 et
1570 2176 1895 2231 doctrinam

230 2248 422 2303 Verbi
447 2250 566 2306 Dei.
591 2256 657 2307 Et
687 2271 995 2312 conversos
1026 2275 1282 2331 eousque
1314 2264 1621 2333 promovit,
1650 2266 1800 2336 quod
1837 2267 1898 2319 in

226 2339 481 2407 ﬂumine
507 2344 919 2411 pertransibunt
948 2347 1093 2417 pede,
1126 2349 1182 2403 id
1218 2354 1325 2416 est,
1358 2368 1425 2406 ex
1452 2352 1622 2407 facili.
1658 2354 1898 2409 Flumen

236 2429 337 2481 est
362 2428 625 2485 mundus
647 2436 837 2487 totus:
862 2436 999 2505 quia
1021 2437 1160 2492 dum
1184 2440 1293 2493 hoc
1322 2440 1565 2506 decedit,
1599 2442 1742 2497 illud
1766 2460 1899 2498 suc-

241 2513 520 2569 ceditzvel
542 2516 667 2587 ipse
691 2521 989 2594 ordo,ipsa
1008 2525 1065 2579 in
1090 2527 1263 2582 rebus
1285 2528 1535 2584 habendi
1558 2532 1894 2598 necessitas,

239 2612 549 2682 quoddam
580 2614 797 2671 ﬂumen
831 2626 937 2673 est.
967 2623 1025 2676 In
1054 2624 1164 2678 hoc
1188 2625 1428 2680 flumine
1444 2628 1596 2698 pede,
1621 2629 1676 2683 id
1699 2634 1805 2694 est,
1832 2647 1899 2684 ex

237 2700 403 2755 facili
436 2702 743 2770 transitur,
767 2707 815 2761 si
846 2709 946 2778 qui
966 2710 1023 2764 in
1042 2728 1107 2765 eo
1128 2719 1298 2780 sunt,
1318 2715 1378 2768 in
1409 2717 1633 2771 aridam
1657 2734 1895 2772 conver-

234 2792 466 2857 tentur,
488 2807 602 2846 non
632 2791 1207 2866 illigentur,credant
1239 2803 1294 2856 in
1328 2803 1647 2860 Christum.
1669 2807 1761 2862 Sic
1780 2824 1895 2861 non

224 2877 342 2933 erit
378 2881 727 2950 quaerendus
750 2888 1102 2958 equus,quia
1119 2891 1245 2956 ejus
1269 2891 1574 2949 humilitas
1587 2899 1888 2967 transpor-

225 2966 401 3023 tabit
432 2984 445 3021 :
483 2972 547 3022 ut
576 2971 729 3041 quod
764 2976 1005 3030 mortale
1036 2981 1122 3032 est
1155 2984 1210 3033 et
1252 2979 1493 3050 ﬂuxum,
1526 2966 1769 3041 tandem,
1797 2988 1898 3043 ﬁat

231 3054 587 3112 immortale
608 3062 663 3113 et
694 3059 1136 3134 incorruptibile
1161 3084 1173 3121 :
1199 3068 1285 3123 vel
1312 3070 1530 3140 pede,id
1554 3075 1897 3142 est,Christo

230 3142 416 3211 duce,
456 3146 744 3204 credendo
777 3149 834 3204 in
866 3167 1023 3224 eum,
1047 3155 1145 3225 qui
1170 3157 1400 3227 pede,id
1433 3164 1517 3214 est
1542 3161 1892 3231 humilitate,

2003 1927 2152 1982 quas
2182 1910 2433 1964 deducat
2462 1926 2589 1964 eam
2623 1910 2694 1963 ad
2728 1908 2904 1963 vitam
2941 1911 3239 1962 aaternam.
3271 1906 3337 1959 Et
3365 1921 3476 1961 non
3504 1903 3656 1960 dedit

2004 2001 2063 2053 in
2083 2000 2501 2053 commotionem
2518 1997 2675 2069 pedes
2696 2013 2863 2061 meos,
2882 1996 2937 2049 id
2963 2000 3071 2063 est,
3095 1994 3155 2049 in
3178 1992 3659 2049 tribulationibus

2002 2087 2135 2142 fecit
2157 2103 2248 2141 me
2275 2087 2357 2141 ita
2377 2090 2867 2157 perseverantem,
2893 2088 2956 2138 ut
2976 2083 3314 2140 affectiones
3330 2098 3469 2137 meae
3488 2080 3653 2136 nullo

2005 2176 2178 2231 modo
2230 2179 2750 2230 commoverentur.
2786 2175 2950 2229 Nemo
2995 2173 3152 2227 enim
3184 2172 3401 2226 mittens
3433 2185 3665 2223 manum

2004 2267 2064 2320 in
2084 2269 2362 2333 aratrum,
2388 2273 2529 2320 retro
2551 2264 2721 2319 debet
2742 2262 3031 2333 respicere
3052 2262 3203 2331 (Luc.
3234 2261 3332 2327 ix).
3366 2261 3492 2313 Non
3513 2256 3660 2313 dedit

2007 2356 2065 2409 in
2095 2356 2524 2420 commotionem,
2558 2354 2656 2408 sed
2704 2352 2897 2424 potius
2949 2352 3005 2404 in
3040 2348 3465 2421 probationem,
3518 2362 3656 2417 quo-

2005 2446 2162 2498 niam
2187 2445 2434 2514 probasti
2464 2444 2734 2505 nos,Dcus
2766 2460 2784 2494 :
2816 2439 2903 2494 vel
2927 2440 3035 2494 hoc
3060 2438 3231 2493 modo
3253 2436 3650 2492 continuatur.

2008 2532 2183 2597 Quasi
2213 2533 2367 2587 dicat
2399 2548 2410 2585 :
2449 2532 2608 2586 Unde
2630 2535 2797 2586 erant
2824 2516 3093 2584 movendi
3128 2526 3306 2597 pedes
3330 2526 3358 2579 ‘t
3387 2524 3533 2590 Quia
3556 2538 3658 2595 per

2002 2623 2204 2675 multas
2248 2622 2629 2689 tribulationes
2678 2620 2950 2674 introitur
2978 2620 3039 2672 in
3068 2632 3301 2687 regnum
3353 2615 3473 2669 Dei.
3508 2613 3662 2681 Quo-

2004 2712 2157 2765 niam
2200 2711 2445 2781 probasti
2490 2726 2608 2777 nos,
2640 2710 2802 2775 Deus,
2838 2708 2896 2762 id
2950 2711 3039 2761 est
3087 2707 3145 2760 in
3190 2702 3660 2775 experimentum

2006 2798 2245 2863 duxisti,
2281 2803 2343 2853 ut
2385 2816 2483 2854 cor
2532 2805 2800 2853 nostrum
2847 2797 3254 2867 probaremus,
3289 2792 3442 2864 quod
3491 2791 3663 2846 nobis

2006 2893 2137 2942 ante
2169 2887 2425 2942 laborem
2458 2886 2823 2958 incognitum
2858 2890 3000 2940 erat.
3036 2882 3364 2939 Toleranda
3394 2884 3533 2935 sunt
3564 2878 3664 2936 ﬂa-

2006 2976 2159 3048 gella
2189 2976 2571 3047 corripientis,
2607 2980 2670 3029 ut
2700 2992 2816 3029 non
2850 2974 2926 3029 sit
2959 2973 3192 3027 tandem
3227 2968 3517 3025 sententia
3548 2984 3660 3039 pu-

2008 3064 2240 3121 nientis.
2274 3065 2391 3119 Hoc
2450 3064 2621 3119 modo
2667 3063 2911 3135 probasti
2950 3080 2968 3116 :
3019 3064 3145 3133 igne
3172 3076 3270 3115 nos
3302 3058 3659 3125 examinasti,

2006 3154 2139 3226 igne
2170 3153 2718 3218 tribulationis,non
2753 3160 2810 3206 ut
2843 3152 3207 3215 absumeres,
3230 3150 3329 3204 sed
3365 3152 3429 3202 ut
3454 3145 3661 3201 sordes

231 3249 357 3288 non
402 3249 581 3304 equo,
615 3234 674 3291 id
722 3241 827 3304 est,
860 3240 1049 3296 elatus
1098 3246 1393 3314 superbia,
1426 3249 1693 3303 transivit
1741 3211 1896 3306 hum;
1926 3211 1968 3276 Ο
2011 3243 2289 3296 auferres.
2324 3244 2478 3296 aicut
2531 3243 2888 3295 examinatur
2916 3242 3227 3310 argentum.
3262 3236 3391 3290 Non
3441 3234 3662 3289 incine-

231 3323 571 3391 mundum,
609 3330 1031 3396 pertransibunt
1072 3334 1299 3401 ﬂumen,
1327 3334 1385 3388 id
1436 3340 1544 3400 est,
1580 3340 1902 3406 sperabunt

230 3413 536 3467 naculum
566 3413 744 3470 istud.
779 3419 889 3483 Ibi,
925 3418 981 3473 id
1016 3425 1123 3488 est,
1158 3421 1215 3476 in
1263 3422 1361 3477 illa
1407 3426 1755 3481 transitione
1785 3428 1902 3483 sive

228 3500 293 3556 in
318 3502 624 3572 praesenti,
646 3504 765 3560 sive
800 3507 859 3561 in
892 3507 1107 3576 futura,
1140 3510 1456 3567 (tutabimur
1480 3513 1571 3568 hic
1596 3515 1651 3568 in
1685 3532 1807 3587 spe,
1843 3518 1901 3572 in

228 3587 339 3643 illa
374 3605 442 3643 re
473 3607 484 3643 :
511 3606 625 3643 non
653 3591 711 3645 in
738 3595 962 3650 meritis
982 3598 1219 3666 nostris,
1246 3600 1346 3655 sed
1378 3603 1436 3655 in
1462 3603 1574 3673 ipso
1604 3605 1699 3673 qui
1724 3605 1902 3659 domi-

227 3686 412 3733 natur
447 3680 508 3733 in
541 3680 741 3735 virtute
771 3699 875 3738 sua
905 3688 1262 3757 resurgendo
1296 3707 1308 3745 :
1344 3690 1443 3760 qui
1476 3691 1639 3761 prius
1672 3694 1904 3749 servivit

225 3765 289 3822 in
323 3766 684 3823 inﬁrmitate
719 3786 729 3824 :
765 3774 825 3825 in
858 3776 1091 3846 propria
1110 3781 1309 3834 virtute
1339 3779 1677 3847 dominatur,
1704 3800 1816 3838 non
1841 3785 1901 3839 in

227 3854 547 3921 aliena,ut
569 3856 743 3913 homo
775 3860 873 3931 qui
905 3862 963 3917 in
1003 3865 1379 3922 multitudine
1402 3870 1654 3925 militum
1676 3879 1898 3943 regnat.

223 3952 312 4008 Ibi
338 3954 679 4041 iactabimur
700 3973 812 4012 non
838 3960 1029 4016 solum
1055 3963 1261 4030 Judaei,
1288 3968 1388 4022 sed
1413 3972 1469 4022 et
1489 3974 1692 4039 gentes
1718 3988 1731 4035 ;
1764 3971 1904 4041 quia

224 4040 386 4095 oculi
417 4041 547 4112 ejus
568 4057 732 4112 super
758 4051 940 4115 gentes
959 4053 1281 4121 respiciunt,
1306 4054 1361 4108 id
1386 4060 1674 4124 est,vocat
1699 4040 1903 4128 gentes

223 4129 302 4184 ad
327 4129 954 4204 misericordiam,non
977 4137 1167 4194 solum
1190 4141 1901 4217 Judeos,sicutscriptum

224 4221 321 4272 est
357 4234 371 4271 :
416 4218 615 4274 Gentes
643 4225 828 4277 autem
855 4240 1019 4296 super
1036 4229 1414 4286 misericordia
1444 4233 1711 4288 honorare
1732 4237 1904 4290 Deum

218 4306 419 4374 (Rom.
458 4306 574 4377 xv).
608 4308 677 4363 Et
706 4310 835 4367 ideo
873 4315 1009 4386 quia
1041 4334 1246 4373 omnes
1277 4326 1448 4391 egent
1478 4321 1900 4395 misericordia,

221 4397 357 4485 tarn
393 4395 589 4485 Judaai
621 4414 795 4469 quam
818 4404 1084 4474 gentiles,
1111 4409 1207 4478 qui
1226 4418 1571 4479 exasperant,
1594 4411 1650 4465 id
1671 4417 1778 4479 est,
1803 4414 1901 4485 qui

218 4481 492 4555 litigant
532 4484 902 4559 indignantes
951 4494 1021 4547 de
1064 4496 1362 4551 vocatione
1394 4499 1677 4570 gentium,
1711 4506 1768 4556 et
1818 4481 1902 4557 sic

2013 3330 2151 3384 rasti
2185 3334 2247 3383 ut
2277 3329 2527 3399 paleam,
2549 3330 2649 3383 sed
2683 3345 2862 3398 puros
2894 3324 3202 3382 reddidisti
3234 3328 3301 3380 ut
3331 3325 3661 3394 argentum.

2012 3428 2129 3483 Hoc
2177 3427 2350 3481 modo
2394 3426 2759 3481 examinasti.
2792 3425 3076 3482 Induxisti
3130 3440 3227 3478 nos
3268 3424 3328 3477 in
3380 3421 3660 3492 laqueum,

2012 3516 2269 3588 corporis
2302 3532 2417 3570 non
2443 3515 2655 3570 mentis
2690 3531 2702 3569 :
2740 3515 2839 3585 qui
2860 3530 3074 3586 corpus
3107 3513 3347 3585 quidem
3380 3512 3662 3579 necteret,

2011 3607 2111 3661 sed
2147 3606 2355 3660 animae
2381 3604 2615 3659 vincula
2645 3604 2892 3660 solveret
2923 3620 2936 3657 :
2970 3620 3084 3659 non
3102 3607 3167 3657 ut
3190 3602 3659 3665 absumeremur,

2011 3696 2111 3750 sed
2146 3700 2208 3749 ut
2236 3693 2607 3749 liberationes
2633 3698 2762 3748 tuas
2781 3692 3197 3765 experiremur.
3214 3688 3460 3744 Posuisti
3484 3686 3665 3741 tribu-

2011 3784 2238 3839 lationes
2288 3785 2341 3837 in
2394 3784 2551 3839 dorso
2582 3792 2767 3839 nostro
2819 3781 2971 3836 male
3002 3780 3166 3852 prius
3213 3780 3403 3832 erecto
3440 3792 3452 3831 :
3487 3773 3545 3829 id
3577 3778 3668 3829 est

2011 3873 2193 3927 fecisti
2218 3890 2320 3928 nos
2347 3873 2616 3928 incudem
2637 3878 2823 3927 tuam.
2849 3870 3038 3926 Erecti
3064 3883 3298 3924 eramus
3319 3863 3663 3938 superbien-

2010 3963 2082 4017 do
2114 3963 2433 4017 incurvasti
2466 3979 2571 4016 nos
2606 3967 2668 4015 ut
2698 3960 3168 4015 humiliaremur.
3202 3958 3319 4013 Hoc
3351 3954 3524 4011 modo
3556 3970 3659 4027 po-

2010 4052 2179 4106 suisti
2230 4050 2636 4105 tribulationes
2671 4067 2683 4104 :
2719 4052 3031 4122 Imposuisti
3078 4049 3329 4104 homines
3357 4061 3527 4117 super
3571 4060 3665 4099 ca-

2007 4142 2125 4211 pita
2155 4144 2362 4193 nostra.
2386 4138 2659 4193 Vidimus
2684 4139 3040 4211 superiores,
3057 4137 3157 4211 qui
3181 4135 3351 4191 nobis
3378 4137 3547 4190 erant
3565 4149 3665 4203 pe-

2002 4228 2162 4297 jores
2184 4244 2195 4291 ;
2221 4228 2318 4282 sed
2344 4244 2450 4282 nos
2468 4227 2634 4284 illaesi
2670 4231 3025 4285 transivimus
3042 4243 3141 4298 per
3162 4228 3347 4294 ignem
3365 4228 3418 4278 et
3440 4237 3663 4292 aquam.

2011 4323 2348 4379 Similitudo
2380 4325 2452 4379 ab
2484 4324 2617 4396 olla,
2651 4344 2776 4397 quae
2810 4327 2860 4381 si
2892 4327 2968 4380 sit
2992 4326 3139 4380 bene
3169 4327 3332 4378 cocta
3362 4321 3516 4391 igne,
3548 4333 3663 4371 non

2012 4413 2349 4468 dissolvitur
2378 4431 2531 4485 aqua
2563 4433 2575 4469 :
2610 4416 2690 4470 ita
2711 4419 2768 4471 et
2785 4432 2890 4470 nos
2923 4414 3145 4469 fuimus
3176 4408 3407 4466 solidati
3439 4406 3497 4460 in
3530 4420 3663 4477 pas-

2013 4501 2197 4567 sione,
2228 4508 2292 4556 ut
2323 4501 2620 4557 blanditiae
2654 4519 2765 4557 non
2802 4506 3042 4573 possent
3075 4516 3180 4555 nos
3210 4494 3529 4551 dissolvere
3563 4510 3575 4548 :
3609 4496 3668 4547 et

217 4576 428 4665 Deum
466 4573 578 4628 sibi
612 4585 955 4649 exasperant,
991 4583 1047 4637 id
1081 4589 1188 4650 est,
1222 4573 1435 4665 iratum
1489 4589 1757 4657 reddunt,
1793 4607 1902 4647 non
1932 4582 1980 4645 Ι)
2008 4592 2244 4646 tandem
2279 4596 2590 4664 postquam
2625 4607 2729 4645 nos
2763 4589 3031 4661 probasti,
3061 4586 3336 4642 induxisti
3364 4599 3459 4640 nos
3487 4584 3549 4639 in
3578 4598 3664 4638 re-

213 4663 567 4716 exaltentur
598 4666 659 4719 in
706 4671 1030 4741 semetipsis,
1063 4672 1117 4727 id
1178 4680 1285 4743 est,
1315 4663 1435 4730 non
1468 4676 1794 4748 gloriantur
1844 4680 1905 4736 in

218 4750 480 4806 meritis
508 4752 655 4822 suis,
690 4754 808 4812 imo
841 4756 1226 4818 humilientur
1255 4764 1312 4818 in
1358 4782 1439 4832 se,
1472 4768 1812 4824 conﬁtentes
1845 4787 1907 4826 se

215 4847 590 4910 peccatores
612 4847 670 4897 et
691 4860 857 4917 egere
881 4849 1298 4923 misericordia,
1325 4858 1391 4908 ut
1420 4854 1478 4909 in
1502 4862 1615 4911 Deo
1646 4858 1905 4913 exulten-

212 4932 346 4985 tur.
370 4928 551 4987 Unde
569 4933 705 5003 quia
719 4936 865 4992 oculi
874 4940 1160 5013 ejussuper
1172 4946 1357 5012 gentes
1371 4946 1689 5015 respiciunt,
1700 4948 1908 5003 benedi-

209 5019 359 5083 cite,
393 5028 611 5088 gentes,
631 5021 802 5079 Deum
822 5030 1155 5097 nostrum,id
1179 5037 1669 5099 est,communem
1683 5035 1906 5092 Judan-

214 5122 369 5162 rurn
392 5110 464 5161 et
484 5110 965 5181 gentiumJudai
987 5110 1491 5195 agantdejustitia
1505 5140 1611 5178 sua
1627 5142 1640 5191 ;
1657 5126 1757 5181 sed
1780 5142 1904 5194 vos,

208 5204 761 5276 gentes,benedicite
779 5214 953 5271 Deum
973 5217 1044 5272 de
1065 5218 1467 5276 misericordia
1486 5221 1649 5276 vobis
1672 5222 1902 5292 collata,

214 5303 272 5349 et
306 5292 595 5351 auditam
634 5302 803 5368 facite
841 5320 1021 5360 vocem
1059 5307 1239 5362 laudis
1266 5311 1403 5379 ejus,
1435 5308 1491 5363 id
1524 5315 1612 5364 est
1642 5310 1811 5367 facite
1843 5319 1907 5369 ut

206 5383 537 5439 audiatur
558 5402 569 5438 :
603 5389 743 5457 quia
758 5407 949 5450 omnes
970 5401 1332 5466 peccauerunt
1356 5402 1411 5452 et
1425 5406 1579 5468 egent
1603 5398 1793 5466 gloria
1810 5402 1907 5457 Dei

207 5474 422 5541 (Rom.
473 5473 578 5545 In),
610 5494 717 5534 non
759 5498 879 5539 sua.
913 5484 1243 5553 Benedicite,
1276 5486 1333 5541 id
1383 5492 1491 5554 est,
1523 5487 1905 5547 humiliamini

204 5562 325 5619 sub
354 5565 593 5650 potenti
627 5582 800 5625 manu
827 5572 946 5641 Dei,
990 5583 1049 5630 ut
1075 5590 1165 5631 vos
1211 5574 1424 5631 exultet
1453 5578 1499 5647 (I
1530 5581 1673 5632 Petr.
1704 5580 1779 5650 v).
1813 5582 1901 5638 Ab

207 5647 536 5713 omnibus
565 5658 981 5731 gentibusjure
1008 5669 1099 5721 est
1121 5665 1575 5738 benedicendus,
1592 5666 1649 5725 id
1672 5647 1759 5726 est
1784 5668 1903 5727 lau-

2013 4682 2311 4752 frigerium
2337 4699 2349 4747 ;
2385 4679 2692 4750 subjungit
2725 4696 2737 4733 :
2771 4678 3007 4734 Introibo
3029 4678 3090 4731 in
3116 4676 3340 4732 domum
3368 4678 3539 4729 tuam.
3561 4668 3664 4726 Vel

2013 4769 2109 4825 hic
2138 4772 2378 4826 edumisti
2422 4785 2520 4824 nos
2567 4771 2628 4822 in
2672 4769 3031 4839 refrigerium
3078 4766 3313 4831 mentis,
3349 4767 3662 4833 postquam

2013 4860 2394 4913 transivimus
2420 4874 2519 4929 per
2537 4858 2719 4927 ignem
2737 4864 2789 4911 et
2804 4873 3147 4927 aquam,non
3174 4859 3239 4909 ut
3257 4854 3661 4923 frigescamus,

2015 4949 2113 5004 sed
2150 4953 2215 5002 ut
2243 4946 2423 5018 quieti
2456 4946 2645 5017 magis
2694 4945 3041 4999 ferveamus.
3076 4943 3318 5000 Introibo
3349 4943 3409 4994 in
3438 4939 3667 4992 domum

2015 5046 2168 5093 tuam
2220 5052 2397 5106 super
2426 5033 2719 5089 caelestem
2768 5032 3123 5097 Jerusalem,
3155 5041 3549 5101 supernorum
3582 5023 3665 5078 ci-

2012 5126 2173 5180 vium
2203 5124 2561 5189 societatem,
2584 5124 2643 5176 in
2677 5122 3024 5188 holocaustis,
3050 5121 3151 5175 ubi
3183 5134 3277 5174 me
3308 5116 3546 5171 oﬁ‘eram
3577 5116 3687 5167 to-'

2013 5220 2139 5271 tum
2172 5215 2554 5283 absumptum
2580 5211 2712 5283 igne
2744 5211 2960 5278 divino,
2983 5226 3115 5264 cum
3150 5201 3527 5276 corruptibile
3557 5201 3667 5257 hoc

2014 5314 2219 5368 induet
2266 5310 2763 5381 incorruptionem
2816 5310 2862 5379 (I
2893 5308 3011 5363 Cor.
3050 5307 3166 5377 xv),
3200 5309 3258 5360 et
3308 5300 3506 5358 anima
3555 5298 3668 5353 erit

2013 5403 2141 5457 sine
2171 5401 2408 5468 oﬁ‘ensa,
2433 5405 2571 5453 tunc
2602 5398 2837 5452 reddam
2862 5399 2965 5452 tibi
2994 5401 3120 5451 vota
3148 5410 3291 5459 mea,
3315 5391 3372 5446 id
3395 5393 3504 5457 est,
3538 5403 3663 5443 me-

2013 5492 2205 5563 ipsum
2235 5506 2407 5560 quem
2434 5488 2541 5542 tibi
2562 5487 2654 5541 hic
2675 5485 3110 5557 vovi.Quisquis
3133 5485 3279 5539 bene
3295 5475 3662 5551 cogitatquid

2011 5580 2360 5648 voveatDeo,
2376 5576 2843 5647 voveatseipsum
2868 5581 2925 5631 et
2937 5575 3142 5631 reddat
3162 5576 3373 5628 totum.
3390 5568 3665 5637 Quaevota

2012 5670 2176 5744 prius
2194 5668 2252 5725 in
2266 5665 2756 5725 tribulationibus
2768 5665 3145 5722 distinxerunt
3158 5660 3307 5719 labia
3316 5674 3457 5727 mea,
3470 5656 3528 5714 id
3552 5659 3661 5725 est,
