  <div class='ocr_page' id='page_1' title='image "/cluster/home/n/w/nwhite01/storage/ocr_20150623/131/hvd.32044054759923/245.png"; bbox 0 0 4014 6194; ppageno 0'>
   <div class='ocr_carea' id='block_1_1' title="bbox 362 376 482 445">
    <p class='ocr_par' dir='ltr' id='par_1_1' title="bbox 362 376 482 445">
     <span class='ocr_line' id='line_1_1' title="bbox 362 376 482 445; baseline 0 -1"><span class='ocrx_word' id='word_1_1' title='bbox 362 376 482 445; x_wconf 67' lang='grc' dir='ltr'><strong>ιτα</strong></span> 
     </span>
    </p>
   </div>
   <div class='ocr_carea' id='block_1_2' title="bbox 937 373 3202 446">
    <p class='ocr_par' dir='ltr' id='par_1_2' title="bbox 937 373 3202 446">
     <span class='ocr_line' id='line_1_2' title="bbox 937 373 3202 446; baseline -0.004 -2"><span class='ocrx_word' id='word_1_2' title='bbox 937 376 1246 446; x_wconf 75' lang='lat' dir='ltr'><strong>REMIGII</strong></span> <span class='ocrx_word' id='word_1_3' title='bbox 1287 375 2040 446; x_wconf 74' lang='lat' dir='ltr'><strong>ANTISSIODOHENSIS</strong></span> <span class='ocrx_word' id='word_1_4' title='bbox 2086 375 2261 442; x_wconf 84' lang='lat' dir='ltr'><strong>OPP.</strong></span> <span class='ocrx_word' id='word_1_5' title='bbox 2307 376 2509 441; x_wconf 78' lang='lat' dir='ltr'><strong>PARS</strong></span> <span class='ocrx_word' id='word_1_6' title='bbox 2551 374 2600 440; x_wconf 87' lang='lat' dir='ltr'><strong>l.</strong></span> <span class='ocrx_word' id='word_1_7' title='bbox 2633 373 3202 441; x_wconf 80' lang='lat' dir='ltr'><strong>—EXEGETICA.</strong></span> 
     </span>
    </p>
   </div>
   <div class='ocr_carea' id='block_1_3' title="bbox 3657 365 3779 435">
    <p class='ocr_par' dir='ltr' id='par_1_3' title="bbox 3657 365 3779 435">
     <span class='ocr_line' id='line_1_3' title="bbox 3657 365 3779 435; baseline 0.016 -2"><span class='ocrx_word' id='word_1_8' title='bbox 3657 365 3779 435; x_wconf 69' lang='grc' dir='ltr'><strong>ιπθ</strong></span> 
     </span>
    </p>
   </div>
   <div class='ocr_carea' id='block_1_4' title="bbox 359 507 3776 591">
    <p class='ocr_par' dir='ltr' id='par_1_4' title="bbox 359 507 3776 591">
     <span class='ocr_line' id='line_1_4' title="bbox 359 507 3776 591; baseline -0.003 -19"><span class='ocrx_word' id='word_1_9' title='bbox 359 513 634 572; x_wconf 75' lang='lat' dir='ltr'><strong>distincte</strong></span> <span class='ocrx_word' id='word_1_10' title='bbox 663 521 1080 588; x_wconf 78' lang='lat' dir='ltr'><strong>separaverunt</strong></span> <span class='ocrx_word' id='word_1_11' title='bbox 1109 533 1143 572; x_wconf 91' lang='lat' dir='ltr'><strong>a</strong></span> <span class='ocrx_word' id='word_1_12' title='bbox 1173 533 1288 572; x_wconf 91' lang='lat' dir='ltr'><strong>non</strong></span> <span class='ocrx_word' id='word_1_13' title='bbox 1317 518 1609 573; x_wconf 90' lang='lat' dir='ltr'><strong>vovendis.</strong></span> <span class='ocrx_word' id='word_1_14' title='bbox 1649 518 1774 572; x_wconf 81' lang='lat' dir='ltr'><strong>Haec</strong></span> <span class='ocrx_word' id='word_1_15' title='bbox 1807 516 2010 572; x_wconf 89' lang='lat' dir='ltr'><strong>distin-</strong></span> <span class='ocrx_word' id='word_1_16' title='bbox 2036 524 2092 591; x_wconf 78' lang='grc' dir='ltr'><strong>Α</strong></span> <span class='ocrx_word' id='word_1_17' title='bbox 2121 513 2368 568; x_wconf 70' lang='grc' dir='ltr'><strong>εωαὶιαυί</strong></span> <span class='ocrx_word' id='word_1_18' title='bbox 2394 513 2494 567; x_wconf 87' lang='lat' dir='ltr'><strong>sub</strong></span> <span class='ocrx_word' id='word_1_19' title='bbox 2523 513 2721 584; x_wconf 78' lang='lat' dir='ltr'><strong>lingua</strong></span> <span class='ocrx_word' id='word_1_20' title='bbox 2766 528 2904 568; x_wconf 87' lang='lat' dir='ltr'><strong>mea.</strong></span> <span class='ocrx_word' id='word_1_21' title='bbox 2937 517 3080 566; x_wconf 88' lang='lat' dir='ltr'><strong>Nam</strong></span> <span class='ocrx_word' id='word_1_22' title='bbox 3109 513 3161 566; x_wconf 93' lang='lat' dir='ltr'><strong>si</strong></span> <span class='ocrx_word' id='word_1_23' title='bbox 3199 508 3393 580; x_wconf 70' lang='lat' dir='ltr'><strong>aspexi</strong></span> <span class='ocrx_word' id='word_1_24' title='bbox 3418 507 3776 579; x_wconf 85' lang='lat' dir='ltr'><strong>iniquitatem</strong></span> 
     </span>
    </p>
   </div>
   <div class='ocr_carea' id='block_1_5' title="bbox 360 604 2008 674">
    <p class='ocr_par' dir='ltr' id='par_1_5' title="bbox 360 604 2008 674">
     <span class='ocr_line' id='line_1_5' title="bbox 360 604 2008 674; baseline -0.001 -13"><span class='ocrx_word' id='word_1_25' title='bbox 360 605 496 671; x_wconf 89' lang='lat' dir='ltr'><strong>ctio,</strong></span> <span class='ocrx_word' id='word_1_26' title='bbox 517 608 582 660; x_wconf 91' lang='lat' dir='ltr'><strong>ut</strong></span> <span class='ocrx_word' id='word_1_27' title='bbox 603 609 658 660; x_wconf 88' lang='lat' dir='ltr'><strong>te</strong></span> <span class='ocrx_word' id='word_1_28' title='bbox 679 621 940 672; x_wconf 78' lang='lat' dir='ltr'><strong>accuses,</strong></span> <span class='ocrx_word' id='word_1_29' title='bbox 966 605 1131 661; x_wconf 90' lang='lat' dir='ltr'><strong>illum</strong></span> <span class='ocrx_word' id='word_1_30' title='bbox 1159 604 1363 662; x_wconf 86' lang='lat' dir='ltr'><strong>laudes</strong></span> <span class='ocrx_word' id='word_1_31' title='bbox 1385 624 1397 673; x_wconf 93' lang='lat'><strong>;</strong></span> <span class='ocrx_word' id='word_1_32' title='bbox 1427 623 1459 660; x_wconf 89' lang='lat' dir='ltr'><strong>a</strong></span> <span class='ocrx_word' id='word_1_33' title='bbox 1478 611 1532 661; x_wconf 88' lang='lat' dir='ltr'><strong>te</strong></span> <span class='ocrx_word' id='word_1_34' title='bbox 1557 605 1657 660; x_wconf 90' lang='lat' dir='ltr'><strong>tibi</strong></span> <span class='ocrx_word' id='word_1_35' title='bbox 1684 604 1828 660; x_wconf 87' lang='lat' dir='ltr'><strong><em>nihil</em></strong></span> <span class='ocrx_word' id='word_1_36' title='bbox 1853 605 2008 674; x_wconf 88' lang='lat' dir='ltr'><strong>boni,</strong></span> 
     </span>
    </p>
   </div>
   <div class='ocr_carea' id='block_1_6' title="bbox 363 693 2012 767">
    <p class='ocr_par' dir='ltr' id='par_1_6' title="bbox 363 693 2012 767">
     <span class='ocr_line' id='line_1_6' title="bbox 363 693 2012 767; baseline -0.001 -17"><span class='ocrx_word' id='word_1_37' title='bbox 363 693 552 751; x_wconf 91' lang='lat' dir='ltr'><strong>abillo</strong></span> <span class='ocrx_word' id='word_1_38' title='bbox 579 693 723 748; x_wconf 87' lang='lat' dir='ltr'><strong><em>nihil</em></strong></span> <span class='ocrx_word' id='word_1_39' title='bbox 747 693 920 761; x_wconf 89' lang='lat' dir='ltr'><strong>mali;</strong></span> <span class='ocrx_word' id='word_1_40' title='bbox 955 698 1011 748; x_wconf 85' lang='lat' dir='ltr'><strong>te</strong></span> <span class='ocrx_word' id='word_1_41' title='bbox 1041 694 1906 767; x_wconf 81' lang='lat' dir='ltr'><strong>egentem,illumsufﬁcientem</strong></span> <span class='ocrx_word' id='word_1_42' title='bbox 1928 698 2012 748; x_wconf 90' lang='lat' dir='ltr'><strong>:te</strong></span> 
     </span>
    </p>
   </div>
   <div class='ocr_carea' id='block_1_7' title="bbox 327 782 2008 858">
    <p class='ocr_par' dir='ltr' id='par_1_7' title="bbox 327 782 2008 858">
     <span class='ocr_line' id='line_1_7' title="bbox 327 782 2008 858; baseline -0.001 -19"><span class='ocrx_word' id='word_1_43' title='bbox 327 856 329 858; x_wconf 20' lang='grc' dir='ltr'><strong>η</strong></span> <span class='ocrx_word' id='word_1_44' title='bbox 361 788 746 856; x_wconf 86' lang='lat' dir='ltr'><strong>peccatorem,</strong></span> <span class='ocrx_word' id='word_1_45' title='bbox 770 782 938 838; x_wconf 91' lang='lat' dir='ltr'><strong>illum</strong></span> <span class='ocrx_word' id='word_1_46' title='bbox 974 783 1409 840; x_wconf 83' lang='lat' dir='ltr'><strong>misericordem</strong></span> <span class='ocrx_word' id='word_1_47' title='bbox 1439 809 1452 851; x_wconf 85' lang='lat'><strong>;</strong></span> <span class='ocrx_word' id='word_1_48' title='bbox 1485 789 1540 839; x_wconf 90' lang='lat' dir='ltr'><strong>te</strong></span> <span class='ocrx_word' id='word_1_49' title='bbox 1563 782 2008 847; x_wconf 68' lang='lat' dir='ltr'><strong>mendacem,“-</strong></span> 
     </span>
    </p>
   </div>
   <div class='ocr_carea' id='block_1_8' title="bbox 361 870 2010 945">
    <p class='ocr_par' dir='ltr' id='par_1_8' title="bbox 361 870 2010 945">
     <span class='ocr_line' id='line_1_8' title="bbox 361 870 2010 945; baseline 0 -18"><span class='ocrx_word' id='word_1_50' title='bbox 361 870 486 927; x_wconf 89' lang='lat' dir='ltr'><strong>lum</strong></span> <span class='ocrx_word' id='word_1_51' title='bbox 517 889 798 928; x_wconf 90' lang='lat' dir='ltr'><strong>veracem.</strong></span> <span class='ocrx_word' id='word_1_52' title='bbox 835 873 898 927; x_wconf 83' lang='lat' dir='ltr'><strong>Et</strong></span> <span class='ocrx_word' id='word_1_53' title='bbox 930 873 1171 928; x_wconf 74' lang='lat' dir='ltr'><strong>offeram</strong></span> <span class='ocrx_word' id='word_1_54' title='bbox 1204 873 1308 928; x_wconf 89' lang='lat' dir='ltr'><strong>tibi</strong></span> <span class='ocrx_word' id='word_1_55' title='bbox 1332 891 1400 929; x_wconf 93' lang='lat' dir='ltr'><strong>ea</strong></span> <span class='ocrx_word' id='word_1_56' title='bbox 1425 891 1552 945; x_wconf 67' lang='lat' dir='ltr'><strong>quae</strong></span> <span class='ocrx_word' id='word_1_57' title='bbox 1583 874 1820 929; x_wconf 88' lang='lat' dir='ltr'><strong>locutum</strong></span> <span class='ocrx_word' id='word_1_58' title='bbox 1848 880 1928 927; x_wconf 88' lang='lat' dir='ltr'><strong>est</strong></span> <span class='ocrx_word' id='word_1_59' title='bbox 1954 889 2010 927; x_wconf 88' lang='lat' dir='ltr'><strong>os</strong></span> 
     </span>
    </p>
   </div>
   <div class='ocr_carea' id='block_1_9' title="bbox 359 960 2008 1031">
    <p class='ocr_par' dir='ltr' id='par_1_9' title="bbox 359 960 2008 1031">
     <span class='ocr_line' id='line_1_9' title="bbox 359 960 2008 1031; baseline -0.001 -14"><span class='ocrx_word' id='word_1_60' title='bbox 359 977 566 1031; x_wconf 88' lang='lat' dir='ltr'><strong>meum,</strong></span> <span class='ocrx_word' id='word_1_61' title='bbox 601 960 820 1016; x_wconf 86' lang='lat' dir='ltr'><strong>scilicet</strong></span> <span class='ocrx_word' id='word_1_62' title='bbox 841 977 905 1017; x_wconf 90' lang='lat' dir='ltr'><strong>os</strong></span> <span class='ocrx_word' id='word_1_63' title='bbox 937 961 1127 1018; x_wconf 80' lang='lat' dir='ltr'><strong>cordis</strong></span> <span class='ocrx_word' id='word_1_64' title='bbox 1159 962 1283 1018; x_wconf 91' lang='lat' dir='ltr'><strong>voci</strong></span> <span class='ocrx_word' id='word_1_65' title='bbox 1310 978 1653 1018; x_wconf 90' lang='lat' dir='ltr'><strong>consonum.</strong></span> <span class='ocrx_word' id='word_1_66' title='bbox 1673 966 1742 1016; x_wconf 88' lang='lat' dir='ltr'><strong>In</strong></span> <span class='ocrx_word' id='word_1_67' title='bbox 1770 962 2008 1016; x_wconf 87' lang='lat' dir='ltr'><strong>tribula-</strong></span> 
     </span>
    </p>
   </div>
   <div class='ocr_carea' id='block_1_10' title="bbox 359 1049 2005 1122">
    <p class='ocr_par' dir='ltr' id='par_1_10' title="bbox 359 1049 2005 1122">
     <span class='ocr_line' id='line_1_10' title="bbox 359 1049 2005 1122; baseline -0.001 -16"><span class='ocrx_word' id='word_1_68' title='bbox 359 1052 506 1106; x_wconf 96' lang='lat' dir='ltr'><strong>tione</strong></span> <span class='ocrx_word' id='word_1_69' title='bbox 523 1049 728 1113; x_wconf 86' lang='lat' dir='ltr'><strong>mea,id</strong></span> <span class='ocrx_word' id='word_1_70' title='bbox 753 1054 843 1105; x_wconf 90' lang='lat' dir='ltr'><strong>est</strong></span> <span class='ocrx_word' id='word_1_71' title='bbox 873 1066 1049 1122; x_wconf 88' lang='lat' dir='ltr'><strong>quam</strong></span> <span class='ocrx_word' id='word_1_72' title='bbox 1067 1049 1503 1106; x_wconf 83' lang='lat' dir='ltr'><strong>tribulationem</strong></span> <span class='ocrx_word' id='word_1_73' title='bbox 1533 1050 1774 1121; x_wconf 85' lang='lat' dir='ltr'><strong>cognovi</strong></span> <span class='ocrx_word' id='word_1_74' title='bbox 1795 1065 2005 1116; x_wconf 85' lang='lat' dir='ltr'><strong>meam,</strong></span> 
     </span>
    </p>
   </div>
   <div class='ocr_carea' id='block_1_11' title="bbox 352 1137 2010 1211">
    <p class='ocr_par' dir='ltr' id='par_1_11' title="bbox 352 1137 2010 1211">
     <span class='ocr_line' id='line_1_11' title="bbox 352 1137 2010 1211; baseline -0.001 -17"><span class='ocrx_word' id='word_1_75' title='bbox 352 1138 410 1194; x_wconf 88' lang='lat' dir='ltr'><strong>id</strong></span> <span class='ocrx_word' id='word_1_76' title='bbox 436 1143 525 1194; x_wconf 89' lang='lat' dir='ltr'><strong>est</strong></span> <span class='ocrx_word' id='word_1_77' title='bbox 541 1137 685 1192; x_wconf 92' lang='lat' dir='ltr'><strong>mihi</strong></span> <span class='ocrx_word' id='word_1_78' title='bbox 711 1138 1086 1210; x_wconf 92' lang='lat' dir='ltr'><strong>utilem,quia</strong></span> <span class='ocrx_word' id='word_1_79' title='bbox 1104 1140 1388 1195; x_wconf 78' lang='lat' dir='ltr'><strong>tribulatio</strong></span> <span class='ocrx_word' id='word_1_80' title='bbox 1407 1140 1729 1211; x_wconf 77' lang='lat' dir='ltr'><strong>patientiam</strong></span> <span class='ocrx_word' id='word_1_81' title='bbox 1751 1144 2010 1209; x_wconf 76' lang='lat' dir='ltr'><strong>operatur</strong></span> 
     </span>
    </p>
   </div>
   <div class='ocr_carea' id='block_1_12' title="bbox 356 1228 2008 1300">
    <p class='ocr_par' dir='ltr' id='par_1_12' title="bbox 356 1228 2008 1300">
     <span class='ocr_line' id='line_1_12' title="bbox 356 1228 2008 1300; baseline -0.002 -16"><span class='ocrx_word' id='word_1_82' title='bbox 356 1229 530 1300; x_wconf 83' lang='lat' dir='ltr'><strong>(Rom.</strong></span> <span class='ocrx_word' id='word_1_83' title='bbox 554 1228 631 1299; x_wconf 87' lang='lat' dir='ltr'><strong>v).</strong></span> <span class='ocrx_word' id='word_1_84' title='bbox 652 1231 784 1282; x_wconf 72' lang='lat' dir='ltr'><strong>Hinc</strong></span> <span class='ocrx_word' id='word_1_85' title='bbox 805 1229 951 1294; x_wconf 91' lang='lat' dir='ltr'><strong>vovi,</strong></span> <span class='ocrx_word' id='word_1_86' title='bbox 983 1228 1102 1283; x_wconf 65' lang='lat' dir='ltr'><strong>haec</strong></span> <span class='ocrx_word' id='word_1_87' title='bbox 1119 1229 1360 1284; x_wconf 83' lang='lat' dir='ltr'><strong>locutum</strong></span> <span class='ocrx_word' id='word_1_88' title='bbox 1378 1233 1527 1284; x_wconf 84' lang='lat' dir='ltr'><strong>estos</strong></span> <span class='ocrx_word' id='word_1_89' title='bbox 1549 1245 1730 1282; x_wconf 88' lang='lat' dir='ltr'><strong>meum</strong></span> <span class='ocrx_word' id='word_1_90' title='bbox 1752 1230 1811 1282; x_wconf 90' lang='lat' dir='ltr'><strong>in</strong></span> <span class='ocrx_word' id='word_1_91' title='bbox 1838 1229 2008 1282; x_wconf 85' lang='lat' dir='ltr'><strong>tribu-</strong></span> 
     </span>
    </p>
   </div>
   <div class='ocr_carea' id='block_1_13' title="bbox 359 1316 2009 1389">
    <p class='ocr_par' dir='ltr' id='par_1_13' title="bbox 359 1316 2009 1389">
     <span class='ocr_line' id='line_1_13' title="bbox 359 1316 2009 1389; baseline 0 -17"><span class='ocrx_word' id='word_1_92' title='bbox 359 1316 570 1374; x_wconf 77' lang='lat' dir='ltr'><strong>latione</strong></span> <span class='ocrx_word' id='word_1_93' title='bbox 591 1333 730 1372; x_wconf 91' lang='lat' dir='ltr'><strong>mea.</strong></span> <span class='ocrx_word' id='word_1_94' title='bbox 750 1317 1070 1374; x_wconf 85' lang='lat' dir='ltr'><strong>Holocausta</strong></span> <span class='ocrx_word' id='word_1_95' title='bbox 1101 1319 1399 1373; x_wconf 86' lang='lat' dir='ltr'><strong>medullata</strong></span> <span class='ocrx_word' id='word_1_96' title='bbox 1431 1317 1795 1389; x_wconf 73' lang='lat' dir='ltr'><strong>o/feramtibi,</strong></span> <span class='ocrx_word' id='word_1_97' title='bbox 1830 1318 1885 1370; x_wconf 89' lang='lat' dir='ltr'><strong>id</strong></span> <span class='ocrx_word' id='word_1_98' title='bbox 1920 1321 2009 1372; x_wconf 89' lang='lat' dir='ltr'><strong>est</strong></span> 
     </span>
    </p>
   </div>
   <div class='ocr_carea' id='block_1_14' title="bbox 358 1403 2003 1478">
    <p class='ocr_par' dir='ltr' id='par_1_14' title="bbox 358 1403 2003 1478">
     <span class='ocr_line' id='line_1_14' title="bbox 358 1403 2003 1478; baseline -0.002 -15"><span class='ocrx_word' id='word_1_99' title='bbox 358 1403 758 1463; x_wconf 82' lang='lat' dir='ltr'><strong>sacriﬁciailla</strong></span> <span class='ocrx_word' id='word_1_100' title='bbox 781 1422 908 1476; x_wconf 68' lang='lat' dir='ltr'><strong>quae</strong></span> <span class='ocrx_word' id='word_1_101' title='bbox 931 1406 1101 1478; x_wconf 89' lang='lat' dir='ltr'><strong>plena</strong></span> <span class='ocrx_word' id='word_1_102' title='bbox 1123 1406 1560 1462; x_wconf 88' lang='lat' dir='ltr'><strong>eruntinteriori</strong></span> <span class='ocrx_word' id='word_1_103' title='bbox 1580 1405 2003 1475; x_wconf 87' lang='lat' dir='ltr'><strong>charitate,non</strong></span> 
     </span>
    </p>
   </div>
   <div class='ocr_carea' id='block_1_15' title="bbox 353 1493 2004 1561">
    <p class='ocr_par' dir='ltr' id='par_1_15' title="bbox 353 1493 2004 1561">
     <span class='ocr_line' id='line_1_15' title="bbox 353 1493 2004 1561; baseline -0.002 -10"><span class='ocrx_word' id='word_1_104' title='bbox 353 1493 646 1558; x_wconf 83' lang='lat' dir='ltr'><strong>exteriori,</strong></span> <span class='ocrx_word' id='word_1_105' title='bbox 678 1494 1062 1550; x_wconf 89' lang='lat' dir='ltr'><strong>desiderando</strong></span> <span class='ocrx_word' id='word_1_106' title='bbox 1094 1511 1210 1550; x_wconf 90' lang='lat' dir='ltr'><strong>non</strong></span> <span class='ocrx_word' id='word_1_107' title='bbox 1242 1494 1599 1561; x_wconf 85' lang='lat' dir='ltr'><strong>transitoria,</strong></span> <span class='ocrx_word' id='word_1_108' title='bbox 1635 1495 1733 1549; x_wconf 89' lang='lat' dir='ltr'><strong>sed</strong></span> <span class='ocrx_word' id='word_1_109' title='bbox 1767 1498 2004 1549; x_wconf 67' lang='lat' dir='ltr'><strong>interna.</strong></span> 
     </span>
    </p>
   </div>
   <div class='ocr_carea' id='block_1_16' title="bbox 352 1590 2003 1664">
    <p class='ocr_par' dir='ltr' id='par_1_16' title="bbox 352 1590 2003 1664">
     <span class='ocr_line' id='line_1_16' title="bbox 352 1590 2003 1664; baseline -0.001 -17"><span class='ocrx_word' id='word_1_110' title='bbox 352 1590 531 1658; x_wconf 83' lang='lat' dir='ltr'><strong>Quasi</strong></span> <span class='ocrx_word' id='word_1_111' title='bbox 561 1590 715 1646; x_wconf 88' lang='lat' dir='ltr'><strong>dicat</strong></span> <span class='ocrx_word' id='word_1_112' title='bbox 750 1608 762 1646; x_wconf 93' lang='lat'>:</span> <span class='ocrx_word' id='word_1_113' title='bbox 796 1591 897 1647; x_wconf 85' lang='lat' dir='ltr'><strong>Hic</strong></span> <span class='ocrx_word' id='word_1_114' title='bbox 930 1592 1084 1664; x_wconf 84' lang='lat' dir='ltr'><strong>ignis</strong></span> <span class='ocrx_word' id='word_1_115' title='bbox 1115 1592 1512 1648; x_wconf 77' lang='lat' dir='ltr'><strong>tribulationis</strong></span> <span class='ocrx_word' id='word_1_116' title='bbox 1545 1591 1720 1647; x_wconf 86' lang='lat' dir='ltr'><strong>talem</strong></span> <span class='ocrx_word' id='word_1_117' title='bbox 1752 1591 2003 1648; x_wconf 87' lang='lat' dir='ltr'><strong>hostiam</strong></span> 
     </span>
    </p>
   </div>
   <div class='ocr_carea' id='block_1_17' title="bbox 355 1680 2006 1753">
    <p class='ocr_par' dir='ltr' id='par_1_17' title="bbox 355 1680 2006 1753">
     <span class='ocr_line' id='line_1_17' title="bbox 355 1680 2006 1753; baseline -0.001 -16"><span class='ocrx_word' id='word_1_118' title='bbox 355 1684 542 1753; x_wconf 87' lang='lat' dir='ltr'><strong>parat.</strong></span> <span class='ocrx_word' id='word_1_119' title='bbox 577 1680 810 1752; x_wconf 75' lang='lat' dir='ltr'><strong>Oﬂeram</strong></span> <span class='ocrx_word' id='word_1_120' title='bbox 842 1681 943 1736; x_wconf 88' lang='lat' dir='ltr'><strong>tibi</strong></span> <span class='ocrx_word' id='word_1_121' title='bbox 974 1681 1152 1752; x_wconf 81' lang='lat' dir='ltr'><strong>boves,</strong></span> <span class='ocrx_word' id='word_1_122' title='bbox 1185 1681 1242 1735; x_wconf 94' lang='lat' dir='ltr'><strong>id</strong></span> <span class='ocrx_word' id='word_1_123' title='bbox 1275 1685 1364 1736; x_wconf 88' lang='lat' dir='ltr'><strong>est</strong></span> <span class='ocrx_word' id='word_1_124' title='bbox 1402 1681 1829 1736; x_wconf 86' lang='lat' dir='ltr'><strong>contumaciam</strong></span> <span class='ocrx_word' id='word_1_125' title='bbox 1861 1680 2006 1753; x_wconf 81' lang='lat' dir='ltr'><strong>legis</strong></span> 
     </span>
    </p>
   </div>
   <div class='ocr_carea' id='block_1_18' title="bbox 355 1769 2002 1843">
    <p class='ocr_par' dir='ltr' id='par_1_18' title="bbox 355 1769 2002 1843">
     <span class='ocr_line' id='line_1_18' title="bbox 355 1769 2002 1843; baseline -0.001 -18"><span class='ocrx_word' id='word_1_126' title='bbox 355 1773 737 1826; x_wconf 85' lang='lat' dir='ltr'><strong>retractantes</strong></span> <span class='ocrx_word' id='word_1_127' title='bbox 767 1774 825 1825; x_wconf 92' lang='lat' dir='ltr'><strong>et</strong></span> <span class='ocrx_word' id='word_1_128' title='bbox 853 1769 969 1825; x_wconf 91' lang='lat' dir='ltr'><strong>leni</strong></span> <span class='ocrx_word' id='word_1_129' title='bbox 993 1771 1140 1843; x_wconf 87' lang='lat' dir='ltr'><strong>jugo</strong></span> <span class='ocrx_word' id='word_1_130' title='bbox 1162 1769 1373 1826; x_wconf 89' lang='lat' dir='ltr'><strong>Christi</strong></span> <span class='ocrx_word' id='word_1_131' title='bbox 1392 1770 1540 1826; x_wconf 91' lang='lat' dir='ltr'><strong>colla</strong></span> <span class='ocrx_word' id='word_1_132' title='bbox 1569 1769 2002 1826; x_wconf 84' lang='lat' dir='ltr'><strong>submittentes:</strong></span> 
     </span>
    </p>
   </div>
   <div class='ocr_carea' id='block_1_19' title="bbox 359 1857 2001 1931">
    <p class='ocr_par' dir='ltr' id='par_1_19' title="bbox 359 1857 2001 1931">
     <span class='ocr_line' id='line_1_19' title="bbox 359 1857 2001 1931; baseline 0.001 -18"><span class='ocrx_word' id='word_1_133' title='bbox 359 1857 494 1914; x_wconf 82' lang='lat' dir='ltr'><strong>Cum</strong></span> <span class='ocrx_word' id='word_1_134' title='bbox 521 1860 712 1924; x_wconf 77' lang='lat' dir='ltr'><strong>hircis,</strong></span> <span class='ocrx_word' id='word_1_135' title='bbox 735 1858 794 1914; x_wconf 92' lang='lat' dir='ltr'><strong>id</strong></span> <span class='ocrx_word' id='word_1_136' title='bbox 827 1864 917 1914; x_wconf 90' lang='lat' dir='ltr'><strong>est</strong></span> <span class='ocrx_word' id='word_1_137' title='bbox 937 1875 1070 1914; x_wconf 91' lang='lat' dir='ltr'><strong>cum</strong></span> <span class='ocrx_word' id='word_1_138' title='bbox 1093 1859 1209 1915; x_wconf 89' lang='lat' dir='ltr'><strong>illis</strong></span> <span class='ocrx_word' id='word_1_139' title='bbox 1233 1859 1330 1931; x_wconf 91' lang='lat' dir='ltr'><strong>qui</strong></span> <span class='ocrx_word' id='word_1_140' title='bbox 1365 1859 1527 1931; x_wconf 89' lang='lat' dir='ltr'><strong>prius</strong></span> <span class='ocrx_word' id='word_1_141' title='bbox 1550 1859 1708 1914; x_wconf 91' lang='lat' dir='ltr'><strong>fetidi</strong></span> <span class='ocrx_word' id='word_1_142' title='bbox 1731 1859 2001 1931; x_wconf 87' lang='lat' dir='ltr'><strong>peccatis,</strong></span> 
     </span>
    </p>
   </div>
   <div class='ocr_carea' id='block_1_20' title="bbox 355 1948 2002 2020">
    <p class='ocr_par' dir='ltr' id='par_1_20' title="bbox 355 1948 2002 2020">
     <span class='ocr_line' id='line_1_20' title="bbox 355 1948 2002 2020; baseline -0.001 -17"><span class='ocrx_word' id='word_1_143' title='bbox 355 1948 734 2020; x_wconf 84' lang='lat' dir='ltr'><strong>postmodum</strong></span> <span class='ocrx_word' id='word_1_144' title='bbox 765 1948 1104 2020; x_wconf 72' lang='lat' dir='ltr'><strong>pmnitentia</strong></span> <span class='ocrx_word' id='word_1_145' title='bbox 1132 1953 1190 2003; x_wconf 93' lang='lat' dir='ltr'><strong>et</strong></span> <span class='ocrx_word' id='word_1_146' title='bbox 1210 1948 1596 2020; x_wconf 77' lang='lat' dir='ltr'><strong>eleemosynis</strong></span> <span class='ocrx_word' id='word_1_147' title='bbox 1628 1964 1694 2003; x_wconf 87' lang='lat' dir='ltr'><strong>ea</strong></span> <span class='ocrx_word' id='word_1_148' title='bbox 1712 1949 2002 2003; x_wconf 80' lang='lat' dir='ltr'><strong>mundan-</strong></span> 
     </span>
    </p>
   </div>
   <div class='ocr_carea' id='block_1_21' title="bbox 354 2036 2002 2108">
    <p class='ocr_par' dir='ltr' id='par_1_21' title="bbox 354 2036 2002 2108">
     <span class='ocr_line' id='line_1_21' title="bbox 354 2036 2002 2108; baseline -0.001 -16"><span class='ocrx_word' id='word_1_149' title='bbox 354 2040 464 2103; x_wconf 88' lang='lat' dir='ltr'><strong>tes,</strong></span> <span class='ocrx_word' id='word_1_150' title='bbox 498 2036 556 2091; x_wconf 92' lang='lat' dir='ltr'><strong>in</strong></span> <span class='ocrx_word' id='word_1_151' title='bbox 589 2036 760 2092; x_wconf 90' lang='lat' dir='ltr'><strong>bonis</strong></span> <span class='ocrx_word' id='word_1_152' title='bbox 782 2036 1058 2108; x_wconf 88' lang='lat' dir='ltr'><strong>operibus</strong></span> <span class='ocrx_word' id='word_1_153' title='bbox 1089 2040 1478 2107; x_wconf 87' lang='lat' dir='ltr'><strong>perseverant.</strong></span> <span class='ocrx_word' id='word_1_154' title='bbox 1498 2037 1707 2092; x_wconf 77' lang='lat' dir='ltr'><strong>Haecin</strong></span> <span class='ocrx_word' id='word_1_155' title='bbox 1739 2052 1873 2091; x_wconf 90' lang='lat' dir='ltr'><strong>voce</strong></span> <span class='ocrx_word' id='word_1_156' title='bbox 1899 2037 2002 2091; x_wconf 88' lang='lat' dir='ltr'><strong>Ec-</strong></span> 
     </span>
    </p>
   </div>
   <div class='ocr_carea' id='block_1_22' title="bbox 351 2124 2003 2197">
    <p class='ocr_par' dir='ltr' id='par_1_22' title="bbox 351 2124 2003 2197">
     <span class='ocr_line' id='line_1_22' title="bbox 351 2124 2003 2197; baseline -0.001 -16"><span class='ocrx_word' id='word_1_157' title='bbox 351 2125 558 2182; x_wconf 72' lang='lat' dir='ltr'><strong>clesiae.</strong></span> <span class='ocrx_word' id='word_1_158' title='bbox 593 2125 653 2181; x_wconf 90' lang='lat' dir='ltr'><strong>Si</strong></span> <span class='ocrx_word' id='word_1_159' title='bbox 683 2129 878 2180; x_wconf 88' lang='lat' dir='ltr'><strong>autem</strong></span> <span class='ocrx_word' id='word_1_160' title='bbox 912 2125 972 2179; x_wconf 90' lang='lat' dir='ltr'><strong>in</strong></span> <span class='ocrx_word' id='word_1_161' title='bbox 1025 2140 1276 2196; x_wconf 88' lang='lat' dir='ltr'><strong>persona</strong></span> <span class='ocrx_word' id='word_1_162' title='bbox 1330 2124 1504 2180; x_wconf 90' lang='lat' dir='ltr'><strong>unius</strong></span> <span class='ocrx_word' id='word_1_163' title='bbox 1537 2125 1747 2191; x_wconf 84' lang='lat' dir='ltr'><strong>ﬁdelis,</strong></span> <span class='ocrx_word' id='word_1_164' title='bbox 1779 2126 2003 2197; x_wconf 75' lang='lat' dir='ltr'><strong>offeram</strong></span> 
     </span>
    </p>
   </div>
   <div class='ocr_carea' id='block_1_23' title="bbox 353 2214 2002 2286">
    <p class='ocr_par' dir='ltr' id='par_1_23' title="bbox 353 2214 2002 2286">
     <span class='ocr_line' id='line_1_23' title="bbox 353 2214 2002 2286; baseline -0.002 -15"><span class='ocrx_word' id='word_1_165' title='bbox 353 2216 459 2272; x_wconf 88' lang='lat' dir='ltr'><strong>tibi</strong></span> <span class='ocrx_word' id='word_1_166' title='bbox 485 2215 799 2271; x_wconf 73' lang='lat' dir='ltr'><strong>holocausta</strong></span> <span class='ocrx_word' id='word_1_167' title='bbox 828 2215 1160 2286; x_wconf 86' lang='lat' dir='ltr'><strong>medullata,</strong></span> <span class='ocrx_word' id='word_1_168' title='bbox 1187 2214 1245 2269; x_wconf 90' lang='lat' dir='ltr'><strong>id</strong></span> <span class='ocrx_word' id='word_1_169' title='bbox 1279 2218 1366 2271; x_wconf 91' lang='lat' dir='ltr'><strong>est</strong></span> <span class='ocrx_word' id='word_1_170' title='bbox 1398 2214 1640 2286; x_wconf 88' lang='lat' dir='ltr'><strong>pinguia</strong></span> <span class='ocrx_word' id='word_1_171' title='bbox 1656 2218 1712 2270; x_wconf 86' lang='lat' dir='ltr'><strong>et</strong></span> <span class='ocrx_word' id='word_1_172' title='bbox 1742 2218 2002 2286; x_wconf 89' lang='lat' dir='ltr'><strong>accepta-</strong></span> 
     </span>
    </p>
   </div>
   <div class='ocr_carea' id='block_1_24' title="bbox 2123 597 3775 674">
    <p class='ocr_par' dir='ltr' id='par_1_24' title="bbox 2123 597 3775 674">
     <span class='ocr_line' id='line_1_24' title="bbox 2123 597 3775 674; baseline -0.004 -18"><span class='ocrx_word' id='word_1_173' title='bbox 2123 603 2183 657; x_wconf 85' lang='lat' dir='ltr'><strong>in</strong></span> <span class='ocrx_word' id='word_1_174' title='bbox 2208 601 2366 658; x_wconf 84' lang='lat' dir='ltr'><strong>corde</strong></span> <span class='ocrx_word' id='word_1_175' title='bbox 2385 619 2522 669; x_wconf 88' lang='lat' dir='ltr'><strong>meo,</strong></span> <span class='ocrx_word' id='word_1_176' title='bbox 2547 619 2682 658; x_wconf 92' lang='lat' dir='ltr'><strong>cum</strong></span> <span class='ocrx_word' id='word_1_177' title='bbox 2714 607 2866 658; x_wconf 86' lang='lat' dir='ltr'><strong>esset</strong></span> <span class='ocrx_word' id='word_1_178' title='bbox 2885 602 3131 674; x_wconf 64' lang='lat' dir='ltr'><strong>aaquitas</strong></span> <span class='ocrx_word' id='word_1_179' title='bbox 3154 601 3211 655; x_wconf 92' lang='lat' dir='ltr'><strong>in</strong></span> <span class='ocrx_word' id='word_1_180' title='bbox 3234 616 3351 665; x_wconf 92' lang='lat' dir='ltr'><strong>ore,</strong></span> <span class='ocrx_word' id='word_1_181' title='bbox 3375 614 3485 654; x_wconf 86' lang='lat' dir='ltr'><strong>non</strong></span> <span class='ocrx_word' id='word_1_182' title='bbox 3514 597 3775 653; x_wconf 76' lang='lat' dir='ltr'><strong>exaudiet</strong></span> 
     </span>
    </p>
   </div>
   <div class='ocr_carea' id='block_1_25' title="bbox 2120 687 3774 762">
    <p class='ocr_par' dir='ltr' id='par_1_25' title="bbox 2120 687 3774 762">
     <span class='ocr_line' id='line_1_25' title="bbox 2120 687 3774 762; baseline -0.004 -16"><span class='ocrx_word' id='word_1_183' title='bbox 2120 691 2405 747; x_wconf 79' lang='lat' dir='ltr'><strong>Dominus.</strong></span> <span class='ocrx_word' id='word_1_184' title='bbox 2433 692 2740 762; x_wconf 82' lang='lat' dir='ltr'><strong>PrOprium</strong></span> <span class='ocrx_word' id='word_1_185' title='bbox 2764 690 2871 746; x_wconf 93' lang='lat' dir='ltr'><strong>hoc</strong></span> <span class='ocrx_word' id='word_1_186' title='bbox 2891 695 2979 746; x_wconf 90' lang='lat' dir='ltr'><strong>est</strong></span> <span class='ocrx_word' id='word_1_187' title='bbox 3005 689 3265 761; x_wconf 90' lang='lat' dir='ltr'><strong>corporis</strong></span> <span class='ocrx_word' id='word_1_188' title='bbox 3288 687 3524 744; x_wconf 88' lang='lat' dir='ltr'><strong>Christi.</strong></span> <span class='ocrx_word' id='word_1_189' title='bbox 3552 687 3774 758; x_wconf 76' lang='lat' dir='ltr'><strong>Depre—</strong></span> 
     </span>
    </p>
   </div>
   <div class='ocr_carea' id='block_1_26' title="bbox 2121 775 3772 851">
    <p class='ocr_par' dir='ltr' id='par_1_26' title="bbox 2121 775 3772 851">
     <span class='ocr_line' id='line_1_26' title="bbox 2121 775 3772 851; baseline -0.004 -17"><span class='ocrx_word' id='word_1_190' title='bbox 2121 779 2344 835; x_wconf 88' lang='lat' dir='ltr'><strong>hensus</strong></span> <span class='ocrx_word' id='word_1_191' title='bbox 2378 781 2568 836; x_wconf 86' lang='lat' dir='ltr'><strong>forsan</strong></span> <span class='ocrx_word' id='word_1_192' title='bbox 2602 784 2690 836; x_wconf 88' lang='lat' dir='ltr'><strong>est</strong></span> <span class='ocrx_word' id='word_1_193' title='bbox 2708 779 2921 851; x_wconf 88' lang='lat' dir='ltr'><strong>aliquis</strong></span> <span class='ocrx_word' id='word_1_194' title='bbox 2941 779 2968 834; x_wconf 84' lang='lat'><strong>?</strong></span> <span class='ocrx_word' id='word_1_195' title='bbox 2997 778 3434 849; x_wconf 90' lang='lat' dir='ltr'><strong>Male,inquies,</strong></span> <span class='ocrx_word' id='word_1_196' title='bbox 3459 775 3616 842; x_wconf 88' lang='lat' dir='ltr'><strong>fecit,</strong></span> <span class='ocrx_word' id='word_1_197' title='bbox 3643 791 3772 846; x_wconf 90' lang='lat' dir='ltr'><strong>per-</strong></span> 
     </span>
    </p>
   </div>
   <div class='ocr_carea' id='block_1_27' title="bbox 2119 864 3776 940">
    <p class='ocr_par' dir='ltr' id='par_1_27' title="bbox 2119 864 3776 940">
     <span class='ocr_line' id='line_1_27' title="bbox 2119 864 3776 940; baseline -0.005 -16"><span class='ocrx_word' id='word_1_198' title='bbox 2119 885 2284 924; x_wconf 89' lang='lat' dir='ltr'><strong>verse</strong></span> <span class='ocrx_word' id='word_1_199' title='bbox 2313 869 2448 924; x_wconf 82' lang='lat' dir='ltr'><strong>fecit</strong></span> <span class='ocrx_word' id='word_1_200' title='bbox 2475 888 2488 924; x_wconf 92' lang='lat'><strong>:</strong></span> <span class='ocrx_word' id='word_1_201' title='bbox 2523 874 2579 924; x_wconf 91' lang='lat' dir='ltr'><strong>et</strong></span> <span class='ocrx_word' id='word_1_202' title='bbox 2605 870 2759 940; x_wconf 93' lang='lat' dir='ltr'><strong>quod</strong></span> <span class='ocrx_word' id='word_1_203' title='bbox 2793 870 2849 922; x_wconf 92' lang='lat' dir='ltr'><strong>in</strong></span> <span class='ocrx_word' id='word_1_204' title='bbox 2872 869 2982 923; x_wconf 92' lang='lat' dir='ltr'><strong>alio</strong></span> <span class='ocrx_word' id='word_1_205' title='bbox 3013 867 3458 934; x_wconf 85' lang='lat' dir='ltr'><strong>clamas,forsan</strong></span> <span class='ocrx_word' id='word_1_206' title='bbox 3489 864 3616 936; x_wconf 90' lang='lat' dir='ltr'><strong>ipse</strong></span> <span class='ocrx_word' id='word_1_207' title='bbox 3633 864 3776 918; x_wconf 62' lang='lat' dir='ltr'><strong>alia.</strong></span> 
     </span>
    </p>
   </div>
   <div class='ocr_carea' id='block_1_28' title="bbox 2119 954 3774 1029">
    <p class='ocr_par' dir='ltr' id='par_1_28' title="bbox 2119 954 3774 1029">
     <span class='ocr_line' id='line_1_28' title="bbox 2119 954 3774 1029; baseline -0.004 -17"><span class='ocrx_word' id='word_1_208' title='bbox 2119 962 2244 1013; x_wconf 88' lang='lat' dir='ltr'><strong>ctas</strong></span> <span class='ocrx_word' id='word_1_209' title='bbox 2277 974 2288 1012; x_wconf 77' lang='grc' dir='ltr'>ε</span> <span class='ocrx_word' id='word_1_210' title='bbox 2321 974 2425 1013; x_wconf 89' lang='lat' dir='ltr'><strong>nec</strong></span> <span class='ocrx_word' id='word_1_211' title='bbox 2477 958 2616 1028; x_wconf 87' lang='lat' dir='ltr'><strong>quia</strong></span> <span class='ocrx_word' id='word_1_212' title='bbox 2665 957 2815 1025; x_wconf 89' lang='lat' dir='ltr'><strong>fecit,</strong></span> <span class='ocrx_word' id='word_1_213' title='bbox 2861 959 2962 1013; x_wconf 91' lang='lat' dir='ltr'><strong>sed</strong></span> <span class='ocrx_word' id='word_1_214' title='bbox 3018 957 3158 1029; x_wconf 89' lang='lat' dir='ltr'><strong>quia</strong></span> <span class='ocrx_word' id='word_1_215' title='bbox 3211 954 3613 1026; x_wconf 88' lang='lat' dir='ltr'><strong>deprehensus</strong></span> <span class='ocrx_word' id='word_1_216' title='bbox 3661 959 3774 1017; x_wconf 86' lang='lat' dir='ltr'><strong>est,</strong></span> 
     </span>
    </p>
   </div>
   <div class='ocr_carea' id='block_1_29' title="bbox 2119 1044 3772 1118">
    <p class='ocr_par' dir='ltr' id='par_1_29' title="bbox 2119 1044 3772 1118">
     <span class='ocr_line' id='line_1_29' title="bbox 2119 1044 3772 1118; baseline -0.004 -16"><span class='ocrx_word' id='word_1_217' title='bbox 2119 1046 2360 1112; x_wconf 89' lang='lat' dir='ltr'><strong>clamas,</strong></span> <span class='ocrx_word' id='word_1_218' title='bbox 2392 1047 2449 1101; x_wconf 92' lang='lat' dir='ltr'><strong>id</strong></span> <span class='ocrx_word' id='word_1_219' title='bbox 2482 1051 2572 1102; x_wconf 91' lang='lat' dir='ltr'><strong>est</strong></span> <span class='ocrx_word' id='word_1_220' title='bbox 2620 1048 2808 1102; x_wconf 91' lang='lat' dir='ltr'><strong>facere</strong></span> <span class='ocrx_word' id='word_1_221' title='bbox 2839 1047 3212 1118; x_wconf 82' lang='lat' dir='ltr'><strong>disponebas,</strong></span> <span class='ocrx_word' id='word_1_222' title='bbox 3268 1044 3380 1098; x_wconf 88' lang='lat' dir='ltr'><strong>nisi</strong></span> <span class='ocrx_word' id='word_1_223' title='bbox 3417 1044 3507 1097; x_wconf 85' lang='lat' dir='ltr'><strong>lex</strong></span> <span class='ocrx_word' id='word_1_224' title='bbox 3538 1046 3772 1097; x_wconf 88' lang='lat' dir='ltr'><strong>contra-</strong></span> 
     </span>
    </p>
   </div>
   <div class='ocr_carea' id='block_1_30' title="bbox 2115 1133 3773 1205">
    <p class='ocr_par' dir='ltr' id='par_1_30' title="bbox 2115 1133 3773 1205">
     <span class='ocr_line' id='line_1_30' title="bbox 2115 1133 3773 1205; baseline -0.001 -16"><span class='ocrx_word' id='word_1_225' title='bbox 2115 1135 2226 1190; x_wconf 89' lang='lat' dir='ltr'><strong>irct</strong></span> <span class='ocrx_word' id='word_1_226' title='bbox 2251 1153 2262 1191; x_wconf 94' lang='lat'>:</span> <span class='ocrx_word' id='word_1_227' title='bbox 2295 1135 2527 1191; x_wconf 91' lang='lat' dir='ltr'><strong>Dilectio</strong></span> <span class='ocrx_word' id='word_1_228' title='bbox 2553 1141 2747 1191; x_wconf 92' lang='lat' dir='ltr'><strong>autem</strong></span> <span class='ocrx_word' id='word_1_229' title='bbox 2768 1144 2916 1205; x_wconf 76' lang='lat' dir='ltr'><strong>foras</strong></span> <span class='ocrx_word' id='word_1_230' title='bbox 2939 1137 3113 1189; x_wconf 82' lang='lat' dir='ltr'><strong>mittit</strong></span> <span class='ocrx_word' id='word_1_231' title='bbox 3134 1136 3394 1189; x_wconf 86' lang='lat' dir='ltr'><strong>timorem</strong></span> <span class='ocrx_word' id='word_1_232' title='bbox 3413 1135 3461 1200; x_wconf 90' lang='lat' dir='ltr'><strong>(I</strong></span> <span class='ocrx_word' id='word_1_233' title='bbox 3485 1133 3773 1203; x_wconf 82' lang='lat' dir='ltr'><strong>Joan.1v).</strong></span> 
     </span>
    </p>
   </div>
   <div class='ocr_carea' id='block_1_31' title="bbox 2115 1219 3775 1297">
    <p class='ocr_par' dir='ltr' id='par_1_31' title="bbox 2115 1219 3775 1297">
     <span class='ocr_line' id='line_1_31' title="bbox 2115 1219 3775 1297; baseline -0.002 -18"><span class='ocrx_word' id='word_1_234' title='bbox 2115 1224 2238 1279; x_wconf 88' lang='lat' dir='ltr'><strong>Non</strong></span> <span class='ocrx_word' id='word_1_235' title='bbox 2262 1229 2351 1280; x_wconf 87' lang='lat' dir='ltr'><strong>est</strong></span> <span class='ocrx_word' id='word_1_236' title='bbox 2368 1219 3021 1297; x_wconf 87' lang='lat' dir='ltr'><strong>aspiciendainiquitas,</strong></span> <span class='ocrx_word' id='word_1_237' title='bbox 3045 1224 3146 1278; x_wconf 88' lang='lat' dir='ltr'><strong>sed</strong></span> <span class='ocrx_word' id='word_1_238' title='bbox 3171 1221 3566 1293; x_wconf 89' lang='lat' dir='ltr'><strong>despicienda.</strong></span> <span class='ocrx_word' id='word_1_239' title='bbox 3588 1220 3775 1291; x_wconf 84' lang='lat' dir='ltr'><strong>Digna</strong></span> 
     </span>
    </p>
   </div>
   <div class='ocr_carea' id='block_1_32' title="bbox 2115 1310 3771 1384">
    <p class='ocr_par' dir='ltr' id='par_1_32' title="bbox 2115 1310 3771 1384">
     <span class='ocr_line' id='line_1_32' title="bbox 2115 1310 3771 1384; baseline -0.002 -16"><span class='ocrx_word' id='word_1_240' title='bbox 2115 1317 2204 1368; x_wconf 90' lang='lat' dir='ltr'><strong>est</strong></span> <span class='ocrx_word' id='word_1_241' title='bbox 2233 1313 2452 1384; x_wconf 87' lang='lat' dir='ltr'><strong>despici</strong></span> <span class='ocrx_word' id='word_1_242' title='bbox 2486 1317 2551 1367; x_wconf 89' lang='lat' dir='ltr'><strong>ut</strong></span> <span class='ocrx_word' id='word_1_243' title='bbox 2579 1312 2852 1378; x_wconf 87' lang='lat' dir='ltr'><strong>calcetur,</strong></span> <span class='ocrx_word' id='word_1_244' title='bbox 2877 1330 2991 1367; x_wconf 88' lang='lat' dir='ltr'><strong>non</strong></span> <span class='ocrx_word' id='word_1_245' title='bbox 3023 1310 3206 1384; x_wconf 87' lang='lat' dir='ltr'><strong>aspici</strong></span> <span class='ocrx_word' id='word_1_246' title='bbox 3238 1315 3302 1366; x_wconf 92' lang='lat' dir='ltr'><strong>ut</strong></span> <span class='ocrx_word' id='word_1_247' title='bbox 3332 1315 3578 1365; x_wconf 87' lang='lat' dir='ltr'><strong>ametur.</strong></span> <span class='ocrx_word' id='word_1_248' title='bbox 3604 1313 3771 1364; x_wconf 83' lang='lat' dir='ltr'><strong>Intus</strong></span> 
     </span>
    </p>
   </div>
   <div class='ocr_carea' id='block_1_33' title="bbox 2115 1397 3772 1474">
    <p class='ocr_par' dir='ltr' id='par_1_33' title="bbox 2115 1397 3772 1474">
     <span class='ocr_line' id='line_1_33' title="bbox 2115 1397 3772 1474; baseline -0.001 -19"><span class='ocrx_word' id='word_1_249' title='bbox 2115 1401 2219 1456; x_wconf 89' lang='lat' dir='ltr'><strong>tibi</strong></span> <span class='ocrx_word' id='word_1_250' title='bbox 2253 1419 2424 1457; x_wconf 89' lang='lat' dir='ltr'><strong>omne</strong></span> <span class='ocrx_word' id='word_1_251' title='bbox 2465 1419 2800 1474; x_wconf 89' lang='lat' dir='ltr'><strong>perversum</strong></span> <span class='ocrx_word' id='word_1_252' title='bbox 2852 1401 3178 1473; x_wconf 89' lang='lat' dir='ltr'><strong>displiceat,</strong></span> <span class='ocrx_word' id='word_1_253' title='bbox 3213 1400 3261 1455; x_wconf 91' lang='lat' dir='ltr'><strong>si</strong></span> <span class='ocrx_word' id='word_1_254' title='bbox 3294 1399 3519 1472; x_wconf 88' lang='lat' dir='ltr'><strong>placere</strong></span> <span class='ocrx_word' id='word_1_255' title='bbox 3567 1398 3658 1452; x_wconf 89' lang='lat' dir='ltr'><strong>vis</strong></span> <span class='ocrx_word' id='word_1_256' title='bbox 3692 1397 3772 1454; x_wconf 91' lang='lat' dir='ltr'><strong>illi</strong></span> 
     </span>
    </p>
   </div>
   <div class='ocr_carea' id='block_1_34' title="bbox 2117 1487 3772 1561">
    <p class='ocr_par' dir='ltr' id='par_1_34' title="bbox 2117 1487 3772 1561">
     <span class='ocr_line' id='line_1_34' title="bbox 2117 1487 3772 1561; baseline -0.001 -18"><span class='ocrx_word' id='word_1_257' title='bbox 2117 1489 2216 1561; x_wconf 88' lang='lat' dir='ltr'><strong>qui</strong></span> <span class='ocrx_word' id='word_1_258' title='bbox 2249 1490 2409 1545; x_wconf 87' lang='lat' dir='ltr'><strong>intus</strong></span> <span class='ocrx_word' id='word_1_259' title='bbox 2456 1491 2630 1545; x_wconf 89' lang='lat' dir='ltr'><strong>videt.</strong></span> <span class='ocrx_word' id='word_1_260' title='bbox 2667 1491 2984 1561; x_wconf 84' lang='lat' dir='ltr'><strong>Propterea,</strong></span> <span class='ocrx_word' id='word_1_261' title='bbox 3020 1489 3074 1543; x_wconf 92' lang='lat' dir='ltr'><strong>id</strong></span> <span class='ocrx_word' id='word_1_262' title='bbox 3107 1494 3217 1559; x_wconf 90' lang='lat' dir='ltr'><strong>est,</strong></span> <span class='ocrx_word' id='word_1_263' title='bbox 3251 1487 3385 1556; x_wconf 88' lang='lat' dir='ltr'><strong>quia</strong></span> <span class='ocrx_word' id='word_1_264' title='bbox 3428 1487 3678 1542; x_wconf 85' lang='lat' dir='ltr'><strong>clamavi</strong></span> <span class='ocrx_word' id='word_1_265' title='bbox 3713 1492 3772 1542; x_wconf 88' lang='lat' dir='ltr'><strong>ut</strong></span> 
     </span>
    </p>
   </div>
   <div class='ocr_carea' id='block_1_35' title="bbox 2116 1575 3769 1643">
    <p class='ocr_par' dir='ltr' id='par_1_35' title="bbox 2116 1575 3769 1643">
     <span class='ocr_line' id='line_1_35' title="bbox 2116 1575 3769 1643; baseline -0.002 -10"><span class='ocrx_word' id='word_1_266' title='bbox 2116 1578 2488 1634; x_wconf 81' lang='lat' dir='ltr'><strong>clamandum</strong></span> <span class='ocrx_word' id='word_1_267' title='bbox 2515 1579 2642 1643; x_wconf 91' lang='lat' dir='ltr'><strong>fuit,</strong></span> <span class='ocrx_word' id='word_1_268' title='bbox 2668 1580 2958 1634; x_wconf 74' lang='lat' dir='ltr'><strong>exaudivit</strong></span> <span class='ocrx_word' id='word_1_269' title='bbox 2981 1579 3133 1633; x_wconf 87' lang='lat' dir='ltr'><strong>Deus.</strong></span> <span class='ocrx_word' id='word_1_270' title='bbox 3160 1578 3244 1632; x_wconf 89' lang='lat' dir='ltr'><strong>Ita</strong></span> <span class='ocrx_word' id='word_1_271' title='bbox 3271 1582 3326 1632; x_wconf 92' lang='lat' dir='ltr'><strong>et</strong></span> <span class='ocrx_word' id='word_1_272' title='bbox 3347 1593 3444 1631; x_wconf 86' lang='lat' dir='ltr'><strong>vos</strong></span> <span class='ocrx_word' id='word_1_273' title='bbox 3476 1575 3769 1640; x_wconf 82' lang='lat' dir='ltr'><strong>exaudiet,</strong></span> 
     </span>
    </p>
   </div>
   <div class='ocr_carea' id='block_1_36' title="bbox 2115 1664 3772 1735">
    <p class='ocr_par' dir='ltr' id='par_1_36' title="bbox 2115 1664 3772 1735">
     <span class='ocr_line' id='line_1_36' title="bbox 2115 1664 3772 1735; baseline -0.002 -12"><span class='ocrx_word' id='word_1_274' title='bbox 2115 1667 2164 1723; x_wconf 89' lang='lat' dir='ltr'><strong>si</strong></span> <span class='ocrx_word' id='word_1_275' title='bbox 2199 1672 2348 1722; x_wconf 89' lang='lat' dir='ltr'><strong>recte</strong></span> <span class='ocrx_word' id='word_1_276' title='bbox 2379 1667 2450 1722; x_wconf 91' lang='lat' dir='ltr'><strong>ad</strong></span> <span class='ocrx_word' id='word_1_277' title='bbox 2483 1683 2614 1723; x_wconf 90' lang='lat' dir='ltr'><strong>eum</strong></span> <span class='ocrx_word' id='word_1_278' title='bbox 2639 1667 3050 1722; x_wconf 89' lang='lat' dir='ltr'><strong>clamaveritis.</strong></span> <span class='ocrx_word' id='word_1_279' title='bbox 3076 1667 3290 1721; x_wconf 83' lang='lat' dir='ltr'><strong>Revera</strong></span> <span class='ocrx_word' id='word_1_280' title='bbox 3305 1664 3772 1735; x_wconf 85' lang='lat' dir='ltr'><strong>exaudivit,quia</strong></span> 
     </span>
    </p>
   </div>
   <div class='ocr_carea' id='block_1_37' title="bbox 2114 1752 3767 1826">
    <p class='ocr_par' dir='ltr' id='par_1_37' title="bbox 2114 1752 3767 1826">
     <span class='ocr_line' id='line_1_37' title="bbox 2114 1752 3767 1826; baseline -0.001 -16"><span class='ocrx_word' id='word_1_281' title='bbox 2114 1756 2364 1820; x_wconf 83' lang='lat' dir='ltr'><strong>attendit,</strong></span> <span class='ocrx_word' id='word_1_282' title='bbox 2399 1755 2455 1809; x_wconf 89' lang='lat' dir='ltr'><strong>id</strong></span> <span class='ocrx_word' id='word_1_283' title='bbox 2497 1760 2604 1821; x_wconf 88' lang='lat' dir='ltr'><strong>est,</strong></span> <span class='ocrx_word' id='word_1_284' title='bbox 2638 1755 2777 1826; x_wconf 87' lang='lat' dir='ltr'><strong>quia</strong></span> <span class='ocrx_word' id='word_1_285' title='bbox 2827 1753 3116 1810; x_wconf 78' lang='lat' dir='ltr'><strong>attentuni</strong></span> <span class='ocrx_word' id='word_1_286' title='bbox 3169 1770 3231 1810; x_wconf 91' lang='lat' dir='ltr'><strong>se</strong></span> <span class='ocrx_word' id='word_1_287' title='bbox 3260 1752 3516 1809; x_wconf 89' lang='lat' dir='ltr'><strong>ostendit</strong></span> <span class='ocrx_word' id='word_1_288' title='bbox 3563 1753 3767 1823; x_wconf 85' lang='lat' dir='ltr'><strong>fuisse,</strong></span> 
     </span>
    </p>
   </div>
   <div class='ocr_carea' id='block_1_38' title="bbox 2113 1841 3767 1916">
    <p class='ocr_par' dir='ltr' id='par_1_38' title="bbox 2113 1841 3767 1916">
     <span class='ocr_line' id='line_1_38' title="bbox 2113 1841 3767 1916; baseline -0.001 -18"><span class='ocrx_word' id='word_1_289' title='bbox 2113 1846 2230 1898; x_wconf 84' lang='lat' dir='ltr'><strong>voci</strong></span> <span class='ocrx_word' id='word_1_290' title='bbox 2277 1845 2677 1915; x_wconf 83' lang='lat' dir='ltr'><strong>deprecationis</strong></span> <span class='ocrx_word' id='word_1_291' title='bbox 2723 1859 2862 1900; x_wconf 65' lang='lat' dir='ltr'><strong>meae</strong></span> <span class='ocrx_word' id='word_1_292' title='bbox 2891 1863 2909 1898; x_wconf 90' lang='lat'><em>:</em></span> <span class='ocrx_word' id='word_1_293' title='bbox 2941 1843 3103 1899; x_wconf 64' lang='lat' dir='ltr'><strong>factis</strong></span> <span class='ocrx_word' id='word_1_294' title='bbox 3148 1859 3248 1916; x_wconf 89' lang='lat' dir='ltr'><strong>pro</strong></span> <span class='ocrx_word' id='word_1_295' title='bbox 3299 1841 3571 1914; x_wconf 86' lang='lat' dir='ltr'><strong>peccatis.</strong></span> <span class='ocrx_word' id='word_1_296' title='bbox 3607 1841 3767 1897; x_wconf 91' lang='lat' dir='ltr'><strong>Unde</strong></span> 
     </span>
    </p>
   </div>
   <div class='ocr_carea' id='block_1_39' title="bbox 2115 1930 3768 2004">
    <p class='ocr_par' dir='ltr' id='par_1_39' title="bbox 2115 1930 3768 2004">
     <span class='ocr_line' id='line_1_39' title="bbox 2115 1930 3768 2004; baseline -0.001 -16"><span class='ocrx_word' id='word_1_297' title='bbox 2115 1933 2422 1988; x_wconf 86' lang='lat' dir='ltr'><strong>benedictus</strong></span> <span class='ocrx_word' id='word_1_298' title='bbox 2471 1934 2631 1998; x_wconf 87' lang='lat' dir='ltr'><strong>Deus,</strong></span> <span class='ocrx_word' id='word_1_299' title='bbox 2664 1933 2720 1987; x_wconf 94' lang='lat' dir='ltr'><strong>id</strong></span> <span class='ocrx_word' id='word_1_300' title='bbox 2753 1940 2861 2000; x_wconf 89' lang='lat' dir='ltr'><strong>est,</strong></span> <span class='ocrx_word' id='word_1_301' title='bbox 2916 1931 3339 2004; x_wconf 87' lang='lat' dir='ltr'><strong>multiplicetur</strong></span> <span class='ocrx_word' id='word_1_302' title='bbox 3388 1931 3445 1984; x_wconf 91' lang='lat' dir='ltr'><strong>in</strong></span> <span class='ocrx_word' id='word_1_303' title='bbox 3488 1930 3638 1997; x_wconf 84' lang='lat' dir='ltr'><strong>suis,</strong></span> <span class='ocrx_word' id='word_1_304' title='bbox 3671 1935 3768 2003; x_wconf 87' lang='lat' dir='ltr'><strong>qui</strong></span> 
     </span>
    </p>
   </div>
   <div class='ocr_carea' id='block_1_40' title="bbox 2112 2021 3764 2092">
    <p class='ocr_par' dir='ltr' id='par_1_40' title="bbox 2112 2021 3764 2092">
     <span class='ocr_line' id='line_1_40' title="bbox 2112 2021 3764 2092; baseline -0.001 -16"><span class='ocrx_word' id='word_1_305' title='bbox 2112 2037 2219 2076; x_wconf 80' lang='lat' dir='ltr'><strong>non</strong></span> <span class='ocrx_word' id='word_1_306' title='bbox 2244 2024 2446 2076; x_wconf 87' lang='lat' dir='ltr'><strong>amovit</strong></span> <span class='ocrx_word' id='word_1_307' title='bbox 2471 2023 2774 2078; x_wconf 87' lang='lat' dir='ltr'><strong>orationem</strong></span> <span class='ocrx_word' id='word_1_308' title='bbox 2803 2037 2981 2076; x_wconf 88' lang='lat' dir='ltr'><strong>meam</strong></span> <span class='ocrx_word' id='word_1_309' title='bbox 3013 2021 3225 2076; x_wconf 82' lang='lat' dir='ltr'><strong>factam</strong></span> <span class='ocrx_word' id='word_1_310' title='bbox 3249 2037 3352 2092; x_wconf 92' lang='lat' dir='ltr'><strong>pro</strong></span> <span class='ocrx_word' id='word_1_311' title='bbox 3381 2036 3764 2091; x_wconf 86' lang='lat' dir='ltr'><strong>perseveran-</strong></span> 
     </span>
    </p>
   </div>
   <div class='ocr_carea' id='block_1_41' title="bbox 2113 2107 3766 2180">
    <p class='ocr_par' dir='ltr' id='par_1_41' title="bbox 2113 2107 3766 2180">
     <span class='ocr_line' id='line_1_41' title="bbox 2113 2107 3766 2180; baseline 0 -16"><span class='ocrx_word' id='word_1_312' title='bbox 2113 2109 2216 2177; x_wconf 88' lang='lat' dir='ltr'><strong>tia,</strong></span> <span class='ocrx_word' id='word_1_313' title='bbox 2250 2109 2307 2164; x_wconf 87' lang='lat' dir='ltr'><strong>id</strong></span> <span class='ocrx_word' id='word_1_314' title='bbox 2355 2114 2462 2179; x_wconf 88' lang='lat' dir='ltr'><strong>est,</strong></span> <span class='ocrx_word' id='word_1_315' title='bbox 2497 2127 2610 2165; x_wconf 88' lang='lat' dir='ltr'><strong>non</strong></span> <span class='ocrx_word' id='word_1_316' title='bbox 2663 2109 2891 2164; x_wconf 88' lang='lat' dir='ltr'><strong>distulit</strong></span> <span class='ocrx_word' id='word_1_317' title='bbox 2921 2109 3059 2164; x_wconf 89' lang='lat' dir='ltr'><strong>dare</strong></span> <span class='ocrx_word' id='word_1_318' title='bbox 3107 2109 3261 2180; x_wconf 90' lang='lat' dir='ltr'><strong>quod</strong></span> <span class='ocrx_word' id='word_1_319' title='bbox 3317 2107 3496 2163; x_wconf 88' lang='lat' dir='ltr'><strong>oravi.</strong></span> <span class='ocrx_word' id='word_1_320' title='bbox 3530 2108 3596 2162; x_wconf 84' lang='lat' dir='ltr'><strong>Et</strong></span> <span class='ocrx_word' id='word_1_321' title='bbox 3650 2125 3766 2164; x_wconf 85' lang='lat' dir='ltr'><strong>non</strong></span> 
     </span>
    </p>
   </div>
   <div class='ocr_carea' id='block_1_42' title="bbox 2114 2199 3767 2269">
    <p class='ocr_par' dir='ltr' id='par_1_42' title="bbox 2114 2199 3767 2269">
     <span class='ocr_line' id='line_1_42' title="bbox 2114 2199 3767 2269; baseline -0.002 -15"><span class='ocrx_word' id='word_1_322' title='bbox 2114 2199 2332 2254; x_wconf 89' lang='lat' dir='ltr'><strong>amovit</strong></span> <span class='ocrx_word' id='word_1_323' title='bbox 2385 2200 2834 2255; x_wconf 85' lang='lat' dir='ltr'><strong>misericordiam</strong></span> <span class='ocrx_word' id='word_1_324' title='bbox 2863 2215 3021 2253; x_wconf 89' lang='lat' dir='ltr'><strong>suam</strong></span> <span class='ocrx_word' id='word_1_325' title='bbox 3073 2215 3107 2253; x_wconf 93' lang='lat' dir='ltr'><strong>a</strong></span> <span class='ocrx_word' id='word_1_326' title='bbox 3144 2213 3250 2264; x_wconf 88' lang='lat' dir='ltr'><strong>me,</strong></span> <span class='ocrx_word' id='word_1_327' title='bbox 3283 2214 3399 2269; x_wconf 88' lang='lat' dir='ltr'><strong>qua</strong></span> <span class='ocrx_word' id='word_1_328' title='bbox 3426 2202 3618 2264; x_wconf 90' lang='lat' dir='ltr'><strong>vocat,</strong></span> <span class='ocrx_word' id='word_1_329' title='bbox 3652 2214 3767 2269; x_wconf 88' lang='lat' dir='ltr'><strong>qua</strong></span> 
     </span>
    </p>
   </div>
   <div class='ocr_carea' id='block_1_43' title="bbox 348 2287 2000 2375">
    <p class='ocr_par' dir='ltr' id='par_1_43' title="bbox 348 2303 2000 2375">
     <span class='ocr_line' id='line_1_43' title="bbox 348 2303 2000 2375; baseline -0.001 -15"><span class='ocrx_word' id='word_1_330' title='bbox 348 2303 493 2360; x_wconf 89' lang='lat' dir='ltr'><strong>bilia</strong></span> <span class='ocrx_word' id='word_1_331' title='bbox 526 2320 538 2361; x_wconf 94' lang='lat'>:</span> <span class='ocrx_word' id='word_1_332' title='bbox 572 2321 696 2359; x_wconf 88' lang='lat' dir='ltr'><strong>cum</strong></span> <span class='ocrx_word' id='word_1_333' title='bbox 727 2305 948 2360; x_wconf 87' lang='lat' dir='ltr'><strong>incenso</strong></span> <span class='ocrx_word' id='word_1_334' title='bbox 981 2307 1240 2375; x_wconf 86' lang='lat' dir='ltr'><strong>arietum,</strong></span> <span class='ocrx_word' id='word_1_335' title='bbox 1272 2303 1330 2359; x_wconf 93' lang='lat' dir='ltr'><strong>id</strong></span> <span class='ocrx_word' id='word_1_336' title='bbox 1363 2309 1452 2360; x_wconf 90' lang='lat' dir='ltr'><strong>est</strong></span> <span class='ocrx_word' id='word_1_337' title='bbox 1483 2303 1787 2360; x_wconf 87' lang='lat' dir='ltr'><strong>lasciviam</strong></span> <span class='ocrx_word' id='word_1_338' title='bbox 1819 2303 1877 2358; x_wconf 93' lang='lat' dir='ltr'><strong>in</strong></span> <span class='ocrx_word' id='word_1_339' title='bbox 1911 2320 2000 2364; x_wconf 89' lang='lat' dir='ltr'><strong>me</strong></span> 
     </span>
    </p>
   </div>
   <div class='ocr_carea' id='block_1_44' title="bbox 2119 2287 2414 2375">
    <p class='ocr_par' dir='ltr' id='par_1_44' title="bbox 2119 2287 2414 2358">
     <span class='ocr_line' id='line_1_44' title="bbox 2119 2287 2414 2358; baseline -0.003 -15"><span class='ocrx_word' id='word_1_340' title='bbox 2119 2287 2414 2358; x_wconf 87' lang='lat' dir='ltr'><strong>iustiﬁcat.</strong></span> 
     </span>
    </p>
   </div>
   <div class='ocr_carea' id='block_1_45' title="bbox 351 2391 2001 2466">
    <p class='ocr_par' dir='ltr' id='par_1_45' title="bbox 351 2391 2001 2466">
     <span class='ocr_line' id='line_1_45' title="bbox 351 2391 2001 2466; baseline -0.002 -16"><span class='ocrx_word' id='word_1_341' title='bbox 351 2393 684 2462; x_wconf 87' lang='lat' dir='ltr'><strong>mactando,</strong></span> <span class='ocrx_word' id='word_1_342' title='bbox 711 2394 934 2466; x_wconf 75' lang='lat' dir='ltr'><strong>offeram</strong></span> <span class='ocrx_word' id='word_1_343' title='bbox 964 2395 1070 2449; x_wconf 89' lang='lat' dir='ltr'><strong>tibi</strong></span> <span class='ocrx_word' id='word_1_344' title='bbox 1099 2393 1268 2460; x_wconf 89' lang='lat' dir='ltr'><strong>boves,</strong></span> <span class='ocrx_word' id='word_1_345' title='bbox 1298 2394 1635 2464; x_wconf 87' lang='lat' dir='ltr'><strong>superbiam</strong></span> <span class='ocrx_word' id='word_1_346' title='bbox 1670 2391 2001 2458; x_wconf 89' lang='lat' dir='ltr'><strong>mactando,</strong></span> 
     </span>
    </p>
   </div>
   <div class='ocr_carea' id='block_1_46' title="bbox 348 2479 1998 2538">
    <p class='ocr_par' dir='ltr' id='par_1_46' title="bbox 348 2479 1998 2538">
     <span class='ocr_line' id='line_1_46' title="bbox 348 2479 1998 2538; baseline -0.001 -2"><span class='ocrx_word' id='word_1_347' title='bbox 348 2497 478 2537; x_wconf 84' lang='lat' dir='ltr'><strong>cum</strong></span> <span class='ocrx_word' id='word_1_348' title='bbox 512 2483 684 2537; x_wconf 81' lang='lat' dir='ltr'><strong>hircis</strong></span> <span class='ocrx_word' id='word_1_349' title='bbox 713 2482 1048 2538; x_wconf 89' lang='lat' dir='ltr'><strong>damnando</strong></span> <span class='ocrx_word' id='word_1_350' title='bbox 1080 2482 1319 2537; x_wconf 87' lang='lat' dir='ltr'><strong>fetorem</strong></span> <span class='ocrx_word' id='word_1_351' title='bbox 1373 2482 1670 2538; x_wconf 91' lang='lat' dir='ltr'><strong>vitiorum.</strong></span> <span class='ocrx_word' id='word_1_352' title='bbox 1704 2481 1807 2536; x_wconf 87' lang='lat' dir='ltr'><strong>Vel</strong></span> <span class='ocrx_word' id='word_1_353' title='bbox 1839 2479 1998 2536; x_wconf 93' lang='lat' dir='ltr'><strong>holo-</strong></span> 
     </span>
    </p>
   </div>
   <div class='ocr_carea' id='block_1_47' title="bbox 349 2568 2000 2640">
    <p class='ocr_par' dir='ltr' id='par_1_47' title="bbox 349 2568 2000 2640">
     <span class='ocr_line' id='line_1_47' title="bbox 349 2568 2000 2640; baseline -0.001 -17"><span class='ocrx_word' id='word_1_354' title='bbox 349 2573 622 2624; x_wconf 88' lang='lat' dir='ltr'><strong>caustum</strong></span> <span class='ocrx_word' id='word_1_355' title='bbox 655 2570 868 2624; x_wconf 90' lang='lat' dir='ltr'><strong>damus</strong></span> <span class='ocrx_word' id='word_1_356' title='bbox 899 2570 1015 2626; x_wconf 91' lang='lat' dir='ltr'><strong>Deo</strong></span> <span class='ocrx_word' id='word_1_357' title='bbox 1046 2570 1321 2640; x_wconf 86' lang='lat' dir='ltr'><strong>spiritum</strong></span> <span class='ocrx_word' id='word_1_358' title='bbox 1352 2569 1812 2625; x_wconf 86' lang='lat' dir='ltr'><strong>contribulatum</strong></span> <span class='ocrx_word' id='word_1_359' title='bbox 1851 2585 1862 2623; x_wconf 90' lang='lat'>:</span> <span class='ocrx_word' id='word_1_360' title='bbox 1898 2568 2000 2622; x_wconf 91' lang='lat' dir='ltr'><strong>sed</strong></span> 
     </span>
    </p>
   </div>
   <div class='ocr_carea' id='block_1_48' title="bbox 350 2655 1999 2728">
    <p class='ocr_par' dir='ltr' id='par_1_48' title="bbox 350 2655 1999 2728">
     <span class='ocr_line' id='line_1_48' title="bbox 350 2655 1999 2728; baseline -0.001 -16"><span class='ocrx_word' id='word_1_361' title='bbox 350 2661 494 2713; x_wconf 85' lang='lat' dir='ltr'><strong>tunc</strong></span> <span class='ocrx_word' id='word_1_362' title='bbox 515 2655 925 2724; x_wconf 89' lang='lat' dir='ltr'><strong>medullatum,</strong></span> <span class='ocrx_word' id='word_1_363' title='bbox 945 2672 1080 2712; x_wconf 90' lang='lat' dir='ltr'><strong>cum</strong></span> <span class='ocrx_word' id='word_1_364' title='bbox 1111 2657 1274 2712; x_wconf 89' lang='lat' dir='ltr'><strong>intus</strong></span> <span class='ocrx_word' id='word_1_365' title='bbox 1303 2658 1565 2728; x_wconf 79' lang='lat' dir='ltr'><strong>gerimus</strong></span> <span class='ocrx_word' id='word_1_366' title='bbox 1586 2657 1761 2712; x_wconf 84' lang='lat' dir='ltr'><strong>fidem</strong></span> <span class='ocrx_word' id='word_1_367' title='bbox 1788 2660 1846 2712; x_wconf 91' lang='lat' dir='ltr'><strong>et</strong></span> <span class='ocrx_word' id='word_1_368' title='bbox 1865 2672 1999 2727; x_wconf 94' lang='lat' dir='ltr'><strong>ope-</strong></span> 
     </span>
    </p>
   </div>
   <div class='ocr_carea' id='block_1_49' title="bbox 350 2742 1997 2818">
    <p class='ocr_par' dir='ltr' id='par_1_49' title="bbox 350 2742 1997 2818">
     <span class='ocr_line' id='line_1_49' title="bbox 350 2742 1997 2818; baseline -0.002 -16"><span class='ocrx_word' id='word_1_369' title='bbox 350 2745 661 2802; x_wconf 85' lang='lat' dir='ltr'><strong>rationem.</strong></span> <span class='ocrx_word' id='word_1_370' title='bbox 693 2745 795 2801; x_wconf 85' lang='lat' dir='ltr'><strong>His</strong></span> <span class='ocrx_word' id='word_1_371' title='bbox 847 2746 1080 2800; x_wconf 90' lang='lat' dir='ltr'><strong>duabus</strong></span> <span class='ocrx_word' id='word_1_372' title='bbox 1112 2745 1288 2800; x_wconf 88' lang='lat' dir='ltr'><strong>rebus</strong></span> <span class='ocrx_word' id='word_1_373' title='bbox 1331 2745 1644 2818; x_wconf 85' lang='lat' dir='ltr'><strong>diligenter</strong></span> <span class='ocrx_word' id='word_1_374' title='bbox 1672 2742 1997 2814; x_wconf 89' lang='lat' dir='ltr'><strong>completis,</strong></span> 
     </span>
    </p>
   </div>
   <div class='ocr_carea' id='block_1_50' title="bbox 351 2833 1998 2910">
    <p class='ocr_par' dir='ltr' id='par_1_50' title="bbox 351 2833 1998 2910">
     <span class='ocr_line' id='line_1_50' title="bbox 351 2833 1998 2910; baseline -0.002 -20"><span class='ocrx_word' id='word_1_375' title='bbox 351 2834 643 2910; x_wconf 86' lang='lat' dir='ltr'><strong>perfectus</strong></span> <span class='ocrx_word' id='word_1_376' title='bbox 693 2835 946 2890; x_wconf 78' lang='lat' dir='ltr'><strong>efficitur</strong></span> <span class='ocrx_word' id='word_1_377' title='bbox 990 2833 1380 2890; x_wconf 90' lang='lat' dir='ltr'><strong>Christianus.</strong></span> <span class='ocrx_word' id='word_1_378' title='bbox 1415 2835 1484 2888; x_wconf 85' lang='lat' dir='ltr'><strong>Et</strong></span> <span class='ocrx_word' id='word_1_379' title='bbox 1525 2834 1646 2888; x_wconf 69' lang='lat' dir='ltr'><strong>haec</strong></span> <span class='ocrx_word' id='word_1_380' title='bbox 1691 2833 1998 2888; x_wconf 84' lang='lat' dir='ltr'><strong>holocausta</strong></span> 
     </span>
    </p>
   </div>
   <div class='ocr_carea' id='block_1_51' title="bbox 345 2921 2000 2997">
    <p class='ocr_par' dir='ltr' id='par_1_51' title="bbox 345 2921 2000 2997">
     <span class='ocr_line' id='line_1_51' title="bbox 345 2921 2000 2997; baseline -0.004 -15"><span class='ocrx_word' id='word_1_381' title='bbox 345 2925 581 2997; x_wconf 79' lang='lat' dir='ltr'><strong>oﬂeram</strong></span> <span class='ocrx_word' id='word_1_382' title='bbox 609 2940 734 2978; x_wconf 88' lang='lat' dir='ltr'><strong>cum</strong></span> <span class='ocrx_word' id='word_1_383' title='bbox 772 2925 989 2979; x_wconf 87' lang='lat' dir='ltr'><strong>incenso</strong></span> <span class='ocrx_word' id='word_1_384' title='bbox 1035 2925 1296 2990; x_wconf 88' lang='lat' dir='ltr'><strong>arietum,</strong></span> <span class='ocrx_word' id='word_1_385' title='bbox 1331 2923 1388 2978; x_wconf 92' lang='lat' dir='ltr'><strong>id</strong></span> <span class='ocrx_word' id='word_1_386' title='bbox 1421 2926 1510 2978; x_wconf 83' lang='lat' dir='ltr'><strong>est</strong></span> <span class='ocrx_word' id='word_1_387' title='bbox 1557 2939 1692 2978; x_wconf 92' lang='lat' dir='ltr'><strong>cum</strong></span> <span class='ocrx_word' id='word_1_388' title='bbox 1739 2921 2000 2977; x_wconf 90' lang='lat' dir='ltr'><strong>oratione</strong></span> 
     </span>
    </p>
   </div>
   <div class='ocr_carea' id='block_1_52' title="bbox 349 3011 2001 3085">
    <p class='ocr_par' dir='ltr' id='par_1_52' title="bbox 349 3011 2001 3085">
     <span class='ocr_line' id='line_1_52' title="bbox 349 3011 2001 3085; baseline -0.002 -17"><span class='ocrx_word' id='word_1_389' title='bbox 349 3012 746 3085; x_wconf 70' lang='lat' dir='ltr'><strong>prmlatorum.</strong></span> <span class='ocrx_word' id='word_1_390' title='bbox 782 3012 1068 3084; x_wconf 85' lang='lat' dir='ltr'><strong>imitando</strong></span> <span class='ocrx_word' id='word_1_391' title='bbox 1117 3027 1235 3078; x_wconf 92' lang='lat' dir='ltr'><strong>eos,</strong></span> <span class='ocrx_word' id='word_1_392' title='bbox 1268 3011 1491 3083; x_wconf 72' lang='lat' dir='ltr'><strong>offeram</strong></span> <span class='ocrx_word' id='word_1_393' title='bbox 1523 3012 1630 3066; x_wconf 86' lang='lat' dir='ltr'><strong>tibi</strong></span> <span class='ocrx_word' id='word_1_394' title='bbox 1682 3011 1830 3066; x_wconf 89' lang='lat' dir='ltr'><strong>boves</strong></span> <span class='ocrx_word' id='word_1_395' title='bbox 1876 3026 2001 3064; x_wconf 90' lang='lat' dir='ltr'><strong>cum</strong></span> 
     </span>
    </p>
   </div>
   <div class='ocr_carea' id='block_1_53' title="bbox 349 3099 2001 3173">
    <p class='ocr_par' dir='ltr' id='par_1_53' title="bbox 349 3099 2001 3173">
     <span class='ocr_line' id='line_1_53' title="bbox 349 3099 2001 3173; baseline -0.002 -17"><span class='ocrx_word' id='word_1_396' title='bbox 349 3102 520 3157; x_wconf 77' lang='lat' dir='ltr'><strong>hircis</strong></span> <span class='ocrx_word' id='word_1_397' title='bbox 547 3118 566 3155; x_wconf 90' lang='lat'><em>:</em></span> <span class='ocrx_word' id='word_1_398' title='bbox 599 3103 772 3168; x_wconf 87' lang='lat' dir='ltr'><strong>boves,</strong></span> <span class='ocrx_word' id='word_1_399' title='bbox 809 3101 1216 3173; x_wconf 69' lang='lat' dir='ltr'><strong>praedicatores</strong></span> <span class='ocrx_word' id='word_1_400' title='bbox 1245 3116 1476 3156; x_wconf 89' lang='lat' dir='ltr'><strong>vomere</strong></span> <span class='ocrx_word' id='word_1_401' title='bbox 1505 3100 1663 3156; x_wconf 90' lang='lat' dir='ltr'><strong>verbi</strong></span> <span class='ocrx_word' id='word_1_402' title='bbox 1699 3099 1794 3154; x_wconf 87' lang='lat' dir='ltr'><strong>Dei</strong></span> <span class='ocrx_word' id='word_1_403' title='bbox 1825 3099 2001 3154; x_wconf 87' lang='lat' dir='ltr'><strong>corda</strong></span> 
     </span>
    </p>
   </div>
   <div class='ocr_carea' id='block_1_54' title="bbox 351 3188 1995 3262">
    <p class='ocr_par' dir='ltr' id='par_1_54' title="bbox 351 3188 1995 3262">
     <span class='ocr_line' id='line_1_54' title="bbox 351 3188 1995 3262; baseline -0.001 -16"><span class='ocrx_word' id='word_1_404' title='bbox 351 3189 658 3247; x_wconf 87' lang='lat' dir='ltr'><strong>hominum</strong></span> <span class='ocrx_word' id='word_1_405' title='bbox 690 3189 987 3246; x_wconf 89' lang='lat' dir='ltr'><strong>sulcantes</strong></span> <span class='ocrx_word' id='word_1_406' title='bbox 1016 3207 1029 3246; x_wconf 93' lang='lat'>:</span> <span class='ocrx_word' id='word_1_407' title='bbox 1064 3189 1459 3258; x_wconf 77' lang='lat' dir='ltr'><strong>liirci,hirsuti</strong></span> <span class='ocrx_word' id='word_1_408' title='bbox 1488 3189 1676 3262; x_wconf 89' lang='lat' dir='ltr'><strong>spinis</strong></span> <span class='ocrx_word' id='word_1_409' title='bbox 1697 3188 1995 3244; x_wconf 90' lang='lat' dir='ltr'><strong>vitiorum.</strong></span> 
     </span>
    </p>
   </div>
   <div class='ocr_carea' id='block_1_55' title="bbox 2673 2393 3198 2450">
    <p class='ocr_par' dir='ltr' id='par_1_55' title="bbox 2673 2393 3198 2450">
     <span class='ocr_line' id='line_1_55' title="bbox 2673 2393 3198 2450; baseline -0.004 -1"><span class='ocrx_word' id='word_1_410' title='bbox 2673 2394 2994 2450; x_wconf 83' lang='lat' dir='ltr'><strong>PSALMUS</strong></span> <span class='ocrx_word' id='word_1_411' title='bbox 3037 2393 3198 2449; x_wconf 80' lang='lat' dir='ltr'><strong>LXV.</strong></span> 
     </span>
    </p>
   </div>
   <div class='ocr_carea' id='block_1_56' title="bbox 2227 2497 3654 2539">
    <p class='ocr_par' dir='ltr' id='par_1_56' title="bbox 2227 2497 3654 2539">
     <span class='ocr_line' id='line_1_56' title="bbox 2227 2497 3654 2539; baseline -0.001 -1"><span class='ocrx_word' id='word_1_412' title='bbox 2227 2500 2286 2539; x_wconf 80' lang='lat' dir='ltr'><strong>IN</strong></span> <span class='ocrx_word' id='word_1_413' title='bbox 2329 2500 2506 2539; x_wconf 73' lang='lat' dir='ltr'><strong>FINBM</strong></span> <span class='ocrx_word' id='word_1_414' title='bbox 2547 2500 2604 2538; x_wconf 81' lang='lat' dir='ltr'><strong>1N</strong></span> <span class='ocrx_word' id='word_1_415' title='bbox 2645 2500 2868 2539; x_wconf 77' lang='lat' dir='ltr'><strong>HYMNIS</strong></span> <span class='ocrx_word' id='word_1_416' title='bbox 2908 2498 3158 2538; x_wconf 74' lang='lat' dir='ltr'><strong>PSALMUS</strong></span> <span class='ocrx_word' id='word_1_417' title='bbox 3196 2497 3420 2537; x_wconf 77' lang='lat' dir='ltr'><strong>CANTICI</strong></span> <span class='ocrx_word' id='word_1_418' title='bbox 3463 2499 3654 2538; x_wconf 78' lang='lat' dir='ltr'><strong>DAVID.</strong></span> 
     </span>
    </p>
   </div>
   <div class='ocr_carea' id='block_1_57' title="bbox 2185 2570 3762 2640">
    <p class='ocr_par' dir='ltr' id='par_1_57' title="bbox 2185 2570 3762 2640">
     <span class='ocr_line' id='line_1_57' title="bbox 2185 2570 3762 2640; baseline 0.003 -18"><span class='ocrx_word' id='word_1_419' title='bbox 2185 2595 2212 2622; x_wconf 86' lang='grc'><strong>‹‹</strong></span> <span class='ocrx_word' id='word_1_420' title='bbox 2246 2572 2403 2627; x_wconf 91' lang='lat' dir='ltr'><strong>Deus</strong></span> <span class='ocrx_word' id='word_1_421' title='bbox 2435 2572 2784 2627; x_wconf 84' lang='lat' dir='ltr'><strong>misereatur</strong></span> <span class='ocrx_word' id='word_1_422' title='bbox 2816 2572 3023 2640; x_wconf 90' lang='lat' dir='ltr'><strong>nostri,</strong></span> <span class='ocrx_word' id='word_1_423' title='bbox 3047 2576 3102 2626; x_wconf 91' lang='lat' dir='ltr'><strong>et</strong></span> <span class='ocrx_word' id='word_1_424' title='bbox 3132 2571 3442 2626; x_wconf 90' lang='lat' dir='ltr'><strong>benedicat</strong></span> <span class='ocrx_word' id='word_1_425' title='bbox 3469 2571 3668 2627; x_wconf 90' lang='lat' dir='ltr'><strong>nobis:</strong></span> <span class='ocrx_word' id='word_1_426' title='bbox 3695 2570 3762 2626; x_wconf 83' lang='lat' dir='ltr'><strong>il-</strong></span> 
     </span>
    </p>
   </div>
   <div class='ocr_carea' id='block_1_58' title="bbox 2112 2660 3769 2733">
    <p class='ocr_par' dir='ltr' id='par_1_58' title="bbox 2112 2660 3769 2733">
     <span class='ocr_line' id='line_1_58' title="bbox 2112 2660 3769 2733; baseline 0.002 -21"><span class='ocrx_word' id='word_1_427' title='bbox 2112 2683 2124 2710; x_wconf 93' lang='grc'><em>‹</em></span> <span class='ocrx_word' id='word_1_428' title='bbox 2170 2660 2420 2716; x_wconf 83' lang='lat' dir='ltr'><strong>Inminet</strong></span> <span class='ocrx_word' id='word_1_429' title='bbox 2449 2661 2675 2716; x_wconf 84' lang='lat' dir='ltr'><strong>vultum</strong></span> <span class='ocrx_word' id='word_1_430' title='bbox 2727 2675 2900 2717; x_wconf 90' lang='lat' dir='ltr'><strong>suum</strong></span> <span class='ocrx_word' id='word_1_431' title='bbox 2933 2677 3109 2733; x_wconf 87' lang='lat' dir='ltr'><strong>super</strong></span> <span class='ocrx_word' id='word_1_432' title='bbox 3147 2677 3276 2730; x_wconf 90' lang='lat' dir='ltr'><strong>nos,</strong></span> <span class='ocrx_word' id='word_1_433' title='bbox 3311 2664 3369 2716; x_wconf 92' lang='lat' dir='ltr'><strong>et</strong></span> <span class='ocrx_word' id='word_1_434' title='bbox 3417 2660 3769 2716; x_wconf 85' lang='lat' dir='ltr'><strong>misereatur</strong></span> 
     </span>
    </p>
   </div>
   <div class='ocr_carea' id='block_1_59' title="bbox 2111 2749 3768 2821">
    <p class='ocr_par' dir='ltr' id='par_1_59' title="bbox 2111 2749 3768 2821">
     <span class='ocr_line' id='line_1_59' title="bbox 2111 2749 3768 2821; baseline 0.001 -17"><span class='ocrx_word' id='word_1_435' title='bbox 2111 2771 2140 2798; x_wconf 86' lang='lat'><strong><em>«</em></strong></span> <span class='ocrx_word' id='word_1_436' title='bbox 2173 2749 2375 2804; x_wconf 88' lang='lat' dir='ltr'><strong>nostri.</strong></span> <span class='ocrx_word' id='word_1_437' title='bbox 2414 2749 2485 2804; x_wconf 94' lang='lat' dir='ltr'><strong>Ut</strong></span> <span class='ocrx_word' id='word_1_438' title='bbox 2533 2765 2958 2821; x_wconf 88' lang='lat' dir='ltr'><strong>cognoscamus</strong></span> <span class='ocrx_word' id='word_1_439' title='bbox 2988 2750 3048 2805; x_wconf 92' lang='lat' dir='ltr'><strong>in</strong></span> <span class='ocrx_word' id='word_1_440' title='bbox 3095 2754 3252 2804; x_wconf 90' lang='lat' dir='ltr'><strong>terra</strong></span> <span class='ocrx_word' id='word_1_441' title='bbox 3298 2749 3454 2804; x_wconf 89' lang='lat' dir='ltr'><strong>viam</strong></span> <span class='ocrx_word' id='word_1_442' title='bbox 3489 2759 3674 2811; x_wconf 88' lang='lat' dir='ltr'><strong>luam.</strong></span> <span class='ocrx_word' id='word_1_443' title='bbox 3707 2750 3768 2806; x_wconf 91' lang='lat' dir='ltr'><strong>in</strong></span> 
     </span>
    </p>
   </div>
   <div class='ocr_carea' id='block_1_60' title="bbox 2113 2837 3772 2910">
    <p class='ocr_par' dir='ltr' id='par_1_60' title="bbox 2113 2837 3772 2910">
     <span class='ocr_line' id='line_1_60' title="bbox 2113 2837 3772 2910; baseline 0.002 -23"><span class='ocrx_word' id='word_1_444' title='bbox 2113 2860 2140 2887; x_wconf 87' lang='grc'><em>‹‹</em></span> <span class='ocrx_word' id='word_1_445' title='bbox 2173 2837 2448 2893; x_wconf 91' lang='lat' dir='ltr'><strong>omnibus</strong></span> <span class='ocrx_word' id='word_1_446' title='bbox 2495 2838 2769 2910; x_wconf 87' lang='lat' dir='ltr'><strong>gentibus</strong></span> <span class='ocrx_word' id='word_1_447' title='bbox 2823 2838 3077 2894; x_wconf 87' lang='lat' dir='ltr'><strong>salutare</strong></span> <span class='ocrx_word' id='word_1_448' title='bbox 3123 2842 3315 2892; x_wconf 91' lang='lat' dir='ltr'><strong>tuum.</strong></span> <span class='ocrx_word' id='word_1_449' title='bbox 3369 2837 3772 2894; x_wconf 87' lang='lat' dir='ltr'><strong>Contiteantur</strong></span> 
     </span>
    </p>
   </div>
   <div class='ocr_carea' id='block_1_61' title="bbox 2109 2925 3762 2999">
    <p class='ocr_par' dir='ltr' id='par_1_61' title="bbox 2109 2925 3762 2999">
     <span class='ocr_line' id='line_1_61' title="bbox 2109 2925 3762 2999; baseline -0.001 -17"><span class='ocrx_word' id='word_1_450' title='bbox 2109 2950 2136 2976; x_wconf 91' lang='grc'><em>‹‹</em></span> <span class='ocrx_word' id='word_1_451' title='bbox 2171 2927 2275 2982; x_wconf 87' lang='lat' dir='ltr'><strong>tibi</strong></span> <span class='ocrx_word' id='word_1_452' title='bbox 2307 2926 2525 2999; x_wconf 92' lang='lat' dir='ltr'><strong>populi,</strong></span> <span class='ocrx_word' id='word_1_453' title='bbox 2553 2927 3130 2993; x_wconf 84' lang='lat' dir='ltr'><strong>Deus,confiteantur</strong></span> <span class='ocrx_word' id='word_1_454' title='bbox 3159 2926 3264 2982; x_wconf 90' lang='lat' dir='ltr'><strong>tibi</strong></span> <span class='ocrx_word' id='word_1_455' title='bbox 3295 2925 3497 2998; x_wconf 90' lang='lat' dir='ltr'><strong>populi</strong></span> <span class='ocrx_word' id='word_1_456' title='bbox 3531 2943 3762 2981; x_wconf 85' lang='lat' dir='ltr'><strong>omnes.</strong></span> 
     </span>
    </p>
   </div>
   <div class='ocr_carea' id='block_1_62' title="bbox 2109 3015 3770 3088">
    <p class='ocr_par' dir='ltr' id='par_1_62' title="bbox 2109 3015 3770 3088">
     <span class='ocr_line' id='line_1_62' title="bbox 2109 3015 3770 3088; baseline 0.002 -22"><span class='ocrx_word' id='word_1_457' title='bbox 2109 3039 2136 3065; x_wconf 88' lang='grc'><strong>‹‹</strong></span> <span class='ocrx_word' id='word_1_458' title='bbox 2174 3015 2464 3070; x_wconf 67' lang='grc' dir='ltr'><strong>[ιωιθοῐυι-</strong></span> <span class='ocrx_word' id='word_1_459' title='bbox 2503 3021 2559 3071; x_wconf 92' lang='lat' dir='ltr'><strong>et</strong></span> <span class='ocrx_word' id='word_1_460' title='bbox 2611 3016 2903 3072; x_wconf 86' lang='lat' dir='ltr'><strong>exsultent</strong></span> <span class='ocrx_word' id='word_1_461' title='bbox 2944 3020 3170 3088; x_wconf 86' lang='lat' dir='ltr'><strong>gentes,</strong></span> <span class='ocrx_word' id='word_1_462' title='bbox 3203 3015 3477 3086; x_wconf 88' lang='lat' dir='ltr'><strong>quoniam</strong></span> <span class='ocrx_word' id='word_1_463' title='bbox 3525 3015 3770 3084; x_wconf 82' lang='lat' dir='ltr'><strong>judiras</strong></span> 
     </span>
    </p>
   </div>
   <div class='ocr_carea' id='block_1_63' title="bbox 2113 3103 3761 3178">
    <p class='ocr_par' dir='ltr' id='par_1_63' title="bbox 2113 3103 3761 3178">
     <span class='ocr_line' id='line_1_63' title="bbox 2113 3103 3761 3178; baseline 0.002 -24"><span class='ocrx_word' id='word_1_464' title='bbox 2113 3127 2140 3154; x_wconf 88' lang='grc'><strong>‹‹</strong></span> <span class='ocrx_word' id='word_1_465' title='bbox 2171 3104 2420 3177; x_wconf 88' lang='lat' dir='ltr'><strong>populos</strong></span> <span class='ocrx_word' id='word_1_466' title='bbox 2451 3106 2509 3160; x_wconf 89' lang='lat' dir='ltr'><strong>in</strong></span> <span class='ocrx_word' id='word_1_467' title='bbox 2558 3104 2852 3177; x_wconf 63' lang='lat' dir='ltr'><strong>aequitate,</strong></span> <span class='ocrx_word' id='word_1_468' title='bbox 2887 3110 2943 3161; x_wconf 91' lang='lat' dir='ltr'><strong>et</strong></span> <span class='ocrx_word' id='word_1_469' title='bbox 2991 3110 3190 3178; x_wconf 87' lang='lat' dir='ltr'><strong>gentes</strong></span> <span class='ocrx_word' id='word_1_470' title='bbox 3219 3104 3275 3158; x_wconf 91' lang='lat' dir='ltr'><strong>in</strong></span> <span class='ocrx_word' id='word_1_471' title='bbox 3317 3106 3473 3157; x_wconf 88' lang='lat' dir='ltr'><strong>terra</strong></span> <span class='ocrx_word' id='word_1_472' title='bbox 3524 3103 3761 3175; x_wconf 85' lang='lat' dir='ltr'><strong>dirigis.</strong></span> 
     </span>
    </p>
   </div>
   <div class='ocr_carea' id='block_1_64' title="bbox 2113 3191 3758 3267">
    <p class='ocr_par' dir='ltr' id='par_1_64' title="bbox 2113 3191 3758 3267">
     <span class='ocr_line' id='line_1_64' title="bbox 2113 3191 3758 3267; baseline -0.001 -21"><span class='ocrx_word' id='word_1_473' title='bbox 2113 3216 2140 3246; x_wconf 85' lang='grc'>‹‹</span> <span class='ocrx_word' id='word_1_474' title='bbox 2173 3194 2574 3251; x_wconf 84' lang='lat' dir='ltr'><strong>Coufiteantur</strong></span> <span class='ocrx_word' id='word_1_475' title='bbox 2622 3193 2724 3249; x_wconf 86' lang='lat' dir='ltr'><strong>tibi</strong></span> <span class='ocrx_word' id='word_1_476' title='bbox 2757 3195 2980 3267; x_wconf 90' lang='lat' dir='ltr'><strong>populi,</strong></span> <span class='ocrx_word' id='word_1_477' title='bbox 3018 3196 3186 3263; x_wconf 88' lang='lat' dir='ltr'><strong>Deus,</strong></span> <span class='ocrx_word' id='word_1_478' title='bbox 3219 3191 3603 3248; x_wconf 78' lang='lat' dir='ltr'><strong>confiteantur</strong></span> <span class='ocrx_word' id='word_1_479' title='bbox 3648 3191 3758 3245; x_wconf 89' lang='lat' dir='ltr'><strong>tibi</strong></span> 
     </span>
    </p>
   </div>
   <div class='ocr_carea' id='block_1_65' title="bbox 350 3258 3756 3356">
    <p class='ocr_par' dir='ltr' id='par_1_65' title="bbox 350 3258 3756 3356">
     <span class='ocr_line' id='line_1_65' title="bbox 350 3258 3756 3356; baseline -0.001 -19"><span class='ocrx_word' id='word_1_480' title='bbox 350 3279 462 3337; x_wconf 84' lang='lat' dir='ltr'><strong>Sed</strong></span> <span class='ocrx_word' id='word_1_481' title='bbox 494 3283 552 3335; x_wconf 90' lang='lat' dir='ltr'><strong>et</strong></span> <span class='ocrx_word' id='word_1_482' title='bbox 578 3277 687 3336; x_wconf 90' lang='lat' dir='ltr'><strong>hos</strong></span> <span class='ocrx_word' id='word_1_483' title='bbox 716 3279 886 3335; x_wconf 77' lang='lat' dir='ltr'><strong>oil‘ert</strong></span> <span class='ocrx_word' id='word_1_484' title='bbox 917 3278 1176 3335; x_wconf 89' lang='lat' dir='ltr'><strong>Ecclesia</strong></span> <span class='ocrx_word' id='word_1_485' title='bbox 1205 3258 1540 3350; x_wconf 44' lang='lat' dir='ltr'><strong>postquam_</strong></span> <span class='ocrx_word' id='word_1_486' title='bbox 1559 3282 1995 3334; x_wconf 88' lang='lat' dir='ltr'><strong>convertuntur.</strong></span> <span class='ocrx_word' id='word_1_487' title='bbox 2030 3258 2072 3324; x_wconf 60' lang='grc' dir='ltr'><strong>(ἶ</strong></span> <span class='ocrx_word' id='word_1_488' title='bbox 2111 3305 2141 3334; x_wconf 80' lang='grc' dir='ltr'>α</span> <span class='ocrx_word' id='word_1_489' title='bbox 2173 3283 2373 3356; x_wconf 89' lang='lat' dir='ltr'><strong>populi</strong></span> <span class='ocrx_word' id='word_1_490' title='bbox 2400 3300 2604 3340; x_wconf 89' lang='lat' dir='ltr'><strong>omnes</strong></span> <span class='ocrx_word' id='word_1_491' title='bbox 2637 3300 2650 3338; x_wconf 87' lang='lat'><strong>:</strong></span> <span class='ocrx_word' id='word_1_492' title='bbox 2686 3258 2854 3340; x_wconf 49' lang='lat' dir='ltr'><strong>terra.</strong></span> <span class='ocrx_word' id='word_1_493' title='bbox 2873 3258 3032 3340; x_wconf 87' lang='lat' dir='ltr'><strong>dedit</strong></span> <span class='ocrx_word' id='word_1_494' title='bbox 3064 3258 3318 3338; x_wconf 84' lang='lat' dir='ltr'><strong>fructum</strong></span> <span class='ocrx_word' id='word_1_495' title='bbox 3350 3297 3544 3337; x_wconf 86' lang='lat' dir='ltr'><strong>suum.</strong></span> <span class='ocrx_word' id='word_1_496' title='bbox 3574 3279 3756 3335; x_wconf 84' lang='lat' dir='ltr'><strong>Bene-</strong></span> 
     </span>
    </p>
   </div>
   <div class='ocr_carea' id='block_1_66' title="bbox 349 3376 1999 3449">
    <p class='ocr_par' dir='ltr' id='par_1_66' title="bbox 349 3376 1999 3449">
     <span class='ocr_line' id='line_1_66' title="bbox 349 3376 1999 3449; baseline -0.001 -17"><span class='ocrx_word' id='word_1_497' title='bbox 349 3376 562 3449; x_wconf 79' lang='lat' dir='ltr'><strong>Hircus</strong></span> <span class='ocrx_word' id='word_1_498' title='bbox 584 3377 696 3432; x_wconf 88' lang='lat' dir='ltr'><strong>tuit</strong></span> <span class='ocrx_word' id='word_1_499' title='bbox 725 3377 1009 3448; x_wconf 86' lang='lat' dir='ltr'><strong>latro,qui</strong></span> <span class='ocrx_word' id='word_1_500' title='bbox 1041 3376 1344 3432; x_wconf 89' lang='lat' dir='ltr'><strong>confessus</strong></span> <span class='ocrx_word' id='word_1_501' title='bbox 1372 3382 1459 3432; x_wconf 89' lang='lat' dir='ltr'><strong>est</strong></span> <span class='ocrx_word' id='word_1_502' title='bbox 1477 3377 1722 3433; x_wconf 91' lang='lat' dir='ltr'><strong>Domino</strong></span> <span class='ocrx_word' id='word_1_503' title='bbox 1743 3376 1800 3431; x_wconf 91' lang='lat' dir='ltr'><strong>in</strong></span> <span class='ocrx_word' id='word_1_504' title='bbox 1829 3393 1999 3431; x_wconf 89' lang='lat' dir='ltr'><strong>cruce</strong></span> 
     </span>
    </p>
   </div>
   <div class='ocr_carea' id='block_1_67' title="bbox 350 3464 2000 3538">
    <p class='ocr_par' dir='ltr' id='par_1_67' title="bbox 350 3464 2000 3538">
     <span class='ocr_line' id='line_1_67' title="bbox 350 3464 2000 3538; baseline -0.001 -16"><span class='ocrx_word' id='word_1_505' title='bbox 350 3467 506 3536; x_wconf 91' lang='lat' dir='ltr'><strong>(Luc.</strong></span> <span class='ocrx_word' id='word_1_506' title='bbox 539 3465 656 3538; x_wconf 77' lang='lat' dir='ltr'><strong>xxx)</strong></span> <span class='ocrx_word' id='word_1_507' title='bbox 688 3483 700 3522; x_wconf 90' lang='lat'><strong>:</strong></span> <span class='ocrx_word' id='word_1_508' title='bbox 735 3465 993 3537; x_wconf 86' lang='lat' dir='ltr'><strong>rexpexit</strong></span> <span class='ocrx_word' id='word_1_509' title='bbox 1041 3481 1175 3521; x_wconf 90' lang='lat' dir='ltr'><strong>eum</strong></span> <span class='ocrx_word' id='word_1_510' title='bbox 1233 3464 1537 3532; x_wconf 88' lang='lat' dir='ltr'><strong>Dominus,</strong></span> <span class='ocrx_word' id='word_1_511' title='bbox 1572 3471 1629 3521; x_wconf 91' lang='lat' dir='ltr'><strong>et</strong></span> <span class='ocrx_word' id='word_1_512' title='bbox 1678 3467 1862 3521; x_wconf 88' lang='lat' dir='ltr'><strong>factus</strong></span> <span class='ocrx_word' id='word_1_513' title='bbox 1911 3468 2000 3520; x_wconf 89' lang='lat' dir='ltr'><strong>est</strong></span> 
     </span>
    </p>
   </div>
   <div class='ocr_carea' id='block_1_68' title="bbox 347 3553 1998 3626">
    <p class='ocr_par' dir='ltr' id='par_1_68' title="bbox 347 3553 1998 3626">
     <span class='ocr_line' id='line_1_68' title="bbox 347 3553 1998 3626; baseline 0.001 -18"><span class='ocrx_word' id='word_1_514' title='bbox 347 3553 458 3609; x_wconf 91' lang='lat' dir='ltr'><strong>bos</strong></span> <span class='ocrx_word' id='word_1_515' title='bbox 489 3554 639 3626; x_wconf 90' lang='lat' dir='ltr'><strong>ejus,</strong></span> <span class='ocrx_word' id='word_1_516' title='bbox 673 3553 1017 3626; x_wconf 67' lang='lat' dir='ltr'><strong>pradicator</strong></span> <span class='ocrx_word' id='word_1_517' title='bbox 1064 3554 1213 3624; x_wconf 90' lang='lat' dir='ltr'><strong>ejus.</strong></span> <span class='ocrx_word' id='word_1_518' title='bbox 1249 3554 1316 3608; x_wconf 88' lang='lat' dir='ltr'><strong>Et</strong></span> <span class='ocrx_word' id='word_1_519' title='bbox 1362 3555 1503 3626; x_wconf 91' lang='lat' dir='ltr'><strong>quia</strong></span> <span class='ocrx_word' id='word_1_520' title='bbox 1535 3553 1679 3609; x_wconf 90' lang='lat' dir='ltr'><strong>mihi</strong></span> <span class='ocrx_word' id='word_1_521' title='bbox 1712 3553 1998 3609; x_wconf 82' lang='lat' dir='ltr'><strong>Dominus</strong></span> 
     </span>
    </p>
   </div>
   <div class='ocr_carea' id='block_1_69' title="bbox 348 3640 1997 3716">
    <p class='ocr_par' dir='ltr' id='par_1_69' title="bbox 348 3640 1997 3716">
     <span class='ocr_line' id='line_1_69' title="bbox 348 3640 1997 3716; baseline -0.001 -18"><span class='ocrx_word' id='word_1_522' title='bbox 348 3646 577 3698; x_wconf 86' lang='lat' dir='ltr'><strong>tantam</strong></span> <span class='ocrx_word' id='word_1_523' title='bbox 601 3643 1065 3699; x_wconf 87' lang='lat' dir='ltr'><strong>misericordiam</strong></span> <span class='ocrx_word' id='word_1_524' title='bbox 1085 3640 1352 3709; x_wconf 90' lang='lat' dir='ltr'><strong>contulit,</strong></span> <span class='ocrx_word' id='word_1_525' title='bbox 1367 3659 1503 3716; x_wconf 90' lang='lat' dir='ltr'><strong>ergo</strong></span> <span class='ocrx_word' id='word_1_526' title='bbox 1532 3646 1707 3698; x_wconf 88' lang='lat' dir='ltr'><strong>venite</strong></span> <span class='ocrx_word' id='word_1_527' title='bbox 1723 3643 1997 3714; x_wconf 82' lang='lat' dir='ltr'><strong>passibus</strong></span> 
     </span>
    </p>
   </div>
   <div class='ocr_carea' id='block_1_70' title="bbox 345 3730 1996 3802">
    <p class='ocr_par' dir='ltr' id='par_1_70' title="bbox 345 3730 1996 3802">
     <span class='ocr_line' id='line_1_70' title="bbox 345 3730 1996 3802; baseline -0.001 -16"><span class='ocrx_word' id='word_1_528' title='bbox 345 3730 503 3798; x_wconf 80' lang='lat' dir='ltr'><strong>ﬁdei,</strong></span> <span class='ocrx_word' id='word_1_529' title='bbox 533 3732 728 3788; x_wconf 85' lang='lat' dir='ltr'><strong>audite</strong></span> <span class='ocrx_word' id='word_1_530' title='bbox 757 3748 896 3788; x_wconf 89' lang='lat' dir='ltr'><strong>aure</strong></span> <span class='ocrx_word' id='word_1_531' title='bbox 922 3731 1205 3799; x_wconf 91' lang='lat' dir='ltr'><strong>interiori,</strong></span> <span class='ocrx_word' id='word_1_532' title='bbox 1240 3732 1296 3786; x_wconf 90' lang='lat' dir='ltr'><strong>id</strong></span> <span class='ocrx_word' id='word_1_533' title='bbox 1328 3735 1419 3787; x_wconf 90' lang='lat' dir='ltr'><strong>est</strong></span> <span class='ocrx_word' id='word_1_534' title='bbox 1447 3731 1755 3802; x_wconf 88' lang='lat' dir='ltr'><strong>diligenter</strong></span> <span class='ocrx_word' id='word_1_535' title='bbox 1784 3731 1996 3786; x_wconf 88' lang='lat' dir='ltr'><strong>intelli-</strong></span> 
     </span>
    </p>
   </div>
   <div class='ocr_carea' id='block_1_71' title="bbox 344 3819 1994 3894">
    <p class='ocr_par' dir='ltr' id='par_1_71' title="bbox 344 3819 1994 3894">
     <span class='ocr_line' id='line_1_71' title="bbox 344 3819 1994 3894; baseline -0.001 -18"><span class='ocrx_word' id='word_1_536' title='bbox 344 3819 484 3894; x_wconf 85' lang='lat' dir='ltr'><strong>gite,</strong></span> <span class='ocrx_word' id='word_1_537' title='bbox 511 3838 626 3877; x_wconf 91' lang='lat' dir='ltr'><strong>non</strong></span> <span class='ocrx_word' id='word_1_538' title='bbox 655 3821 725 3876; x_wconf 81' lang='lat' dir='ltr'><strong>de</strong></span> <span class='ocrx_word' id='word_1_539' title='bbox 755 3821 882 3878; x_wconf 89' lang='lat' dir='ltr'><strong>sola</strong></span> <span class='ocrx_word' id='word_1_540' title='bbox 900 3821 1234 3887; x_wconf 75' lang='lat' dir='ltr'><strong>Judaea,sed</strong></span> <span class='ocrx_word' id='word_1_541' title='bbox 1251 3836 1439 3875; x_wconf 89' lang='lat' dir='ltr'><strong>omnes</strong></span> <span class='ocrx_word' id='word_1_542' title='bbox 1458 3821 1558 3891; x_wconf 88' lang='lat' dir='ltr'><strong>qui</strong></span> <span class='ocrx_word' id='word_1_543' title='bbox 1575 3821 1776 3875; x_wconf 82' lang='lat' dir='ltr'><strong>timetis</strong></span> <span class='ocrx_word' id='word_1_544' title='bbox 1799 3824 1994 3876; x_wconf 88' lang='lat' dir='ltr'><strong>Deum.</strong></span> 
     </span>
    </p>
   </div>
   <div class='ocr_carea' id='block_1_72' title="bbox 344 3907 1995 3982">
    <p class='ocr_par' dir='ltr' id='par_1_72' title="bbox 344 3907 1995 3982">
     <span class='ocr_line' id='line_1_72' title="bbox 344 3907 1995 3982; baseline -0.001 -18"><span class='ocrx_word' id='word_1_545' title='bbox 344 3908 470 3966; x_wconf 84' lang='lat' dir='ltr'><strong>Non</strong></span> <span class='ocrx_word' id='word_1_546' title='bbox 500 3910 658 3966; x_wconf 89' lang='lat' dir='ltr'><strong>enim</strong></span> <span class='ocrx_word' id='word_1_547' title='bbox 680 3910 856 3966; x_wconf 89' lang='lat' dir='ltr'><strong>datur</strong></span> <span class='ocrx_word' id='word_1_548' title='bbox 875 3911 1099 3977; x_wconf 87' lang='lat' dir='ltr'><strong>audire,</strong></span> <span class='ocrx_word' id='word_1_549' title='bbox 1117 3910 1174 3966; x_wconf 90' lang='lat' dir='ltr'><strong>id</strong></span> <span class='ocrx_word' id='word_1_550' title='bbox 1207 3913 1297 3966; x_wconf 85' lang='lat' dir='ltr'><strong>est</strong></span> <span class='ocrx_word' id='word_1_551' title='bbox 1331 3907 1654 3982; x_wconf 88' lang='lat' dir='ltr'><strong>intelligere</strong></span> <span class='ocrx_word' id='word_1_552' title='bbox 1677 3925 1803 3981; x_wconf 69' lang='lat' dir='ltr'><strong>quae</strong></span> <span class='ocrx_word' id='word_1_553' title='bbox 1827 3908 1995 3964; x_wconf 88' lang='lat' dir='ltr'><strong>intel-</strong></span> 
     </span>
    </p>
   </div>
   <div class='ocr_carea' id='block_1_73' title="bbox 345 3994 1994 4068">
    <p class='ocr_par' dir='ltr' id='par_1_73' title="bbox 345 3994 1994 4068">
     <span class='ocr_line' id='line_1_73' title="bbox 345 3994 1994 4068; baseline 0.001 -18"><span class='ocrx_word' id='word_1_554' title='bbox 345 3994 582 4068; x_wconf 87' lang='lat' dir='ltr'><strong>ligenda</strong></span> <span class='ocrx_word' id='word_1_555' title='bbox 602 4001 774 4064; x_wconf 60' lang='lat' dir='ltr'><strong>sunt,</strong></span> <span class='ocrx_word' id='word_1_556' title='bbox 793 3999 905 4054; x_wconf 91' lang='lat' dir='ltr'><strong>nisi</strong></span> <span class='ocrx_word' id='word_1_557' title='bbox 924 3998 1273 4056; x_wconf 89' lang='lat' dir='ltr'><strong>timentibus</strong></span> <span class='ocrx_word' id='word_1_558' title='bbox 1294 3998 1481 4055; x_wconf 89' lang='lat' dir='ltr'><strong>Deum</strong></span> <span class='ocrx_word' id='word_1_559' title='bbox 1504 3998 1715 4054; x_wconf 91' lang='lat' dir='ltr'><strong>timore</strong></span> <span class='ocrx_word' id='word_1_560' title='bbox 1735 4004 1918 4066; x_wconf 91' lang='lat' dir='ltr'><strong>casto,</strong></span> <span class='ocrx_word' id='word_1_561' title='bbox 1938 3998 1994 4052; x_wconf 94' lang='lat' dir='ltr'><strong>id</strong></span> 
     </span>
    </p>
   </div>
   <div class='ocr_carea' id='block_1_74' title="bbox 345 4083 1996 4160">
    <p class='ocr_par' dir='ltr' id='par_1_74' title="bbox 345 4083 1996 4160">
     <span class='ocr_line' id='line_1_74' title="bbox 345 4083 1996 4160; baseline 0.001 -21"><span class='ocrx_word' id='word_1_562' title='bbox 345 4086 435 4139; x_wconf 87' lang='lat' dir='ltr'><strong>est</strong></span> <span class='ocrx_word' id='word_1_563' title='bbox 467 4100 481 4138; x_wconf 91' lang='lat'>:</span> <span class='ocrx_word' id='word_1_564' title='bbox 515 4083 895 4158; x_wconf 88' lang='lat' dir='ltr'><strong>diligentibus</strong></span> <span class='ocrx_word' id='word_1_565' title='bbox 921 4087 1099 4143; x_wconf 89' lang='lat' dir='ltr'><strong>timor</strong></span> <span class='ocrx_word' id='word_1_566' title='bbox 1121 4089 1220 4144; x_wconf 93' lang='lat' dir='ltr'><strong>Dei</strong></span> <span class='ocrx_word' id='word_1_567' title='bbox 1245 4088 1466 4160; x_wconf 88' lang='lat' dir='ltr'><strong>aperiat</strong></span> <span class='ocrx_word' id='word_1_568' title='bbox 1497 4103 1689 4154; x_wconf 88' lang='lat' dir='ltr'><strong>aures,</strong></span> <span class='ocrx_word' id='word_1_569' title='bbox 1715 4091 1778 4141; x_wconf 91' lang='lat' dir='ltr'><strong>ut</strong></span> <span class='ocrx_word' id='word_1_570' title='bbox 1807 4087 1857 4143; x_wconf 91' lang='lat' dir='ltr'><strong>si</strong></span> <span class='ocrx_word' id='word_1_571' title='bbox 1880 4103 1996 4159; x_wconf 89' lang='lat' dir='ltr'><strong>qua</strong></span> 
     </span>
    </p>
   </div>
   <div class='ocr_carea' id='block_1_75' title="bbox 345 4171 1992 4247">
    <p class='ocr_par' dir='ltr' id='par_1_75' title="bbox 345 4171 1992 4247">
     <span class='ocr_line' id='line_1_75' title="bbox 345 4171 1992 4247; baseline 0.004 -21"><span class='ocrx_word' id='word_1_572' title='bbox 345 4171 525 4228; x_wconf 89' lang='lat' dir='ltr'><strong>intret</strong></span> <span class='ocrx_word' id='word_1_573' title='bbox 549 4188 679 4245; x_wconf 65' lang='lat' dir='ltr'><strong>quae</strong></span> <span class='ocrx_word' id='word_1_574' title='bbox 700 4180 1047 4231; x_wconf 89' lang='lat' dir='ltr'><strong>narraturus</strong></span> <span class='ocrx_word' id='word_1_575' title='bbox 1070 4177 1450 4245; x_wconf 84' lang='lat' dir='ltr'><strong>sum.Quanla</strong></span> <span class='ocrx_word' id='word_1_576' title='bbox 1463 4178 1592 4247; x_wconf 85' lang='lat' dir='ltr'><strong>fecit</strong></span> <span class='ocrx_word' id='word_1_577' title='bbox 1615 4179 1816 4232; x_wconf 68' lang='lat' dir='ltr'><strong>animae</strong></span> <span class='ocrx_word' id='word_1_578' title='bbox 1838 4192 1992 4234; x_wconf 63' lang='lat' dir='ltr'><strong>mw.</strong></span> 
     </span>
    </p>
   </div>
   <div class='ocr_carea' id='block_1_76' title="bbox 345 4268 1994 4341">
    <p class='ocr_par' dir='ltr' id='par_1_76' title="bbox 345 4268 1994 4341">
     <span class='ocr_line' id='line_1_76' title="bbox 345 4268 1994 4341; baseline 0.002 -16"><span class='ocrx_word' id='word_1_579' title='bbox 345 4268 474 4326; x_wconf 89' lang='lat' dir='ltr'><strong>ideo</strong></span> <span class='ocrx_word' id='word_1_580' title='bbox 505 4270 721 4341; x_wconf 88' lang='lat' dir='ltr'><strong>audite,</strong></span> <span class='ocrx_word' id='word_1_581' title='bbox 757 4275 821 4328; x_wconf 90' lang='lat' dir='ltr'><strong>ut</strong></span> <span class='ocrx_word' id='word_1_582' title='bbox 849 4276 906 4329; x_wconf 89' lang='lat' dir='ltr'><strong>et</strong></span> <span class='ocrx_word' id='word_1_583' title='bbox 934 4277 1143 4329; x_wconf 66' lang='lat' dir='ltr'><strong>vestra;</strong></span> <span class='ocrx_word' id='word_1_584' title='bbox 1164 4272 1371 4328; x_wconf 80' lang='lat' dir='ltr'><strong>animas</strong></span> <span class='ocrx_word' id='word_1_585' title='bbox 1404 4274 1606 4329; x_wconf 89' lang='lat' dir='ltr'><strong>eadem</strong></span> <span class='ocrx_word' id='word_1_586' title='bbox 1640 4275 1830 4330; x_wconf 84' lang='lat' dir='ltr'><strong>faciat.</strong></span> <span class='ocrx_word' id='word_1_587' title='bbox 1866 4275 1994 4330; x_wconf 83' lang='lat' dir='ltr'><strong>Haec</strong></span> 
     </span>
    </p>
   </div>
   <div class='ocr_carea' id='block_1_77' title="bbox 346 4358 1992 4435">
    <p class='ocr_par' dir='ltr' id='par_1_77' title="bbox 346 4358 1992 4435">
     <span class='ocr_line' id='line_1_77' title="bbox 346 4358 1992 4435; baseline 0.002 -21"><span class='ocrx_word' id='word_1_588' title='bbox 346 4363 486 4415; x_wconf 80' lang='lat' dir='ltr'><strong>sunt</strong></span> <span class='ocrx_word' id='word_1_589' title='bbox 512 4358 615 4416; x_wconf 87' lang='lat' dir='ltr'><strong>illa</strong></span> <span class='ocrx_word' id='word_1_590' title='bbox 644 4360 797 4418; x_wconf 88' lang='lat' dir='ltr'><strong>bona</strong></span> <span class='ocrx_word' id='word_1_591' title='bbox 827 4379 956 4435; x_wconf 68' lang='lat' dir='ltr'><strong>quas</strong></span> <span class='ocrx_word' id='word_1_592' title='bbox 987 4361 1132 4418; x_wconf 89' lang='lat' dir='ltr'><strong>mihi</strong></span> <span class='ocrx_word' id='word_1_593' title='bbox 1164 4361 1318 4418; x_wconf 89' lang='lat' dir='ltr'><strong>fecit.</strong></span> <span class='ocrx_word' id='word_1_594' title='bbox 1351 4362 1520 4418; x_wconf 90' lang='lat' dir='ltr'><strong>Prius</strong></span> <span class='ocrx_word' id='word_1_595' title='bbox 1551 4364 1622 4418; x_wconf 91' lang='lat' dir='ltr'><strong>ad</strong></span> <span class='ocrx_word' id='word_1_596' title='bbox 1656 4363 1837 4420; x_wconf 87' lang='lat' dir='ltr'><strong>alium</strong></span> <span class='ocrx_word' id='word_1_597' title='bbox 1878 4363 1992 4419; x_wconf 84' lang='lat' dir='ltr'><strong>cla-</strong></span> 
     </span>
    </p>
   </div>
   <div class='ocr_carea' id='block_1_78' title="bbox 345 4451 1992 4524">
    <p class='ocr_par' dir='ltr' id='par_1_78' title="bbox 345 4451 1992 4524">
     <span class='ocr_line' id='line_1_78' title="bbox 345 4451 1992 4524; baseline 0.001 -18"><span class='ocrx_word' id='word_1_598' title='bbox 345 4451 603 4516; x_wconf 88' lang='lat' dir='ltr'><strong>mabam,</strong></span> <span class='ocrx_word' id='word_1_599' title='bbox 625 4455 682 4508; x_wconf 90' lang='lat' dir='ltr'><strong>et</strong></span> <span class='ocrx_word' id='word_1_600' title='bbox 725 4468 823 4508; x_wconf 90' lang='lat' dir='ltr'><strong>ore</strong></span> <span class='ocrx_word' id='word_1_601' title='bbox 853 4451 1068 4523; x_wconf 86' lang='lat' dir='ltr'><strong>alieno,</strong></span> <span class='ocrx_word' id='word_1_602' title='bbox 1099 4468 1215 4508; x_wconf 91' lang='lat' dir='ltr'><strong>non</strong></span> <span class='ocrx_word' id='word_1_603' title='bbox 1247 4467 1376 4508; x_wconf 91' lang='lat' dir='ltr'><strong>meo</strong></span> <span class='ocrx_word' id='word_1_604' title='bbox 1411 4469 1424 4507; x_wconf 89' lang='lat'>:</span> <span class='ocrx_word' id='word_1_605' title='bbox 1459 4452 1557 4508; x_wconf 89' lang='lat' dir='ltr'><strong>sed</strong></span> <span class='ocrx_word' id='word_1_606' title='bbox 1592 4451 1717 4524; x_wconf 90' lang='lat' dir='ltr'><strong>ipse</strong></span> <span class='ocrx_word' id='word_1_607' title='bbox 1767 4469 1862 4510; x_wconf 89' lang='lat' dir='ltr'><strong>me</strong></span> <span class='ocrx_word' id='word_1_608' title='bbox 1891 4454 1992 4508; x_wconf 85' lang='lat' dir='ltr'><strong>do-</strong></span> 
     </span>
    </p>
   </div>
   <div class='ocr_carea' id='block_1_79' title="bbox 343 4539 1994 4613">
    <p class='ocr_par' dir='ltr' id='par_1_79' title="bbox 343 4539 1994 4613">
     <span class='ocr_line' id='line_1_79' title="bbox 343 4539 1994 4613; baseline 0.002 -20"><span class='ocrx_word' id='word_1_609' title='bbox 343 4539 462 4594; x_wconf 90' lang='lat' dir='ltr'><strong>cuit</strong></span> <span class='ocrx_word' id='word_1_610' title='bbox 481 4540 554 4594; x_wconf 90' lang='lat' dir='ltr'><strong>ad</strong></span> <span class='ocrx_word' id='word_1_611' title='bbox 578 4556 754 4612; x_wconf 87' lang='lat' dir='ltr'><strong>quem</strong></span> <span class='ocrx_word' id='word_1_612' title='bbox 783 4539 1122 4607; x_wconf 89' lang='lat' dir='ltr'><strong>clamarem,</strong></span> <span class='ocrx_word' id='word_1_613' title='bbox 1149 4545 1206 4596; x_wconf 92' lang='lat' dir='ltr'><strong>et</strong></span> <span class='ocrx_word' id='word_1_614' title='bbox 1227 4541 1540 4612; x_wconf 89' lang='lat' dir='ltr'><strong>quomodo.</strong></span> <span class='ocrx_word' id='word_1_615' title='bbox 1567 4541 1646 4597; x_wconf 85' lang='lat' dir='ltr'><strong>Ad</strong></span> <span class='ocrx_word' id='word_1_616' title='bbox 1674 4543 1855 4613; x_wconf 88' lang='lat' dir='ltr'><strong>ipsum</strong></span> <span class='ocrx_word' id='word_1_617' title='bbox 1885 4543 1994 4596; x_wconf 91' lang='lat' dir='ltr'><strong>cla-</strong></span> 
     </span>
    </p>
   </div>
   <div class='ocr_carea' id='block_1_80' title="bbox 2110 3369 3760 3441">
    <p class='ocr_par' dir='ltr' id='par_1_80' title="bbox 2110 3369 3760 3441">
     <span class='ocr_line' id='line_1_80' title="bbox 2110 3369 3760 3441; baseline -0.002 -13"><span class='ocrx_word' id='word_1_618' title='bbox 2110 3396 2138 3422; x_wconf 92' lang='grc'><strong>‹‹</strong></span> <span class='ocrx_word' id='word_1_619' title='bbox 2172 3373 2330 3429; x_wconf 91' lang='lat' dir='ltr'><strong>dicat</strong></span> <span class='ocrx_word' id='word_1_620' title='bbox 2359 3390 2465 3429; x_wconf 89' lang='lat' dir='ltr'><strong>nos</strong></span> <span class='ocrx_word' id='word_1_621' title='bbox 2488 3373 2665 3438; x_wconf 86' lang='lat' dir='ltr'><strong>Deus,</strong></span> <span class='ocrx_word' id='word_1_622' title='bbox 2698 3377 2848 3430; x_wconf 91' lang='lat' dir='ltr'><strong>Deus</strong></span> <span class='ocrx_word' id='word_1_623' title='bbox 2870 3377 3089 3441; x_wconf 88' lang='lat' dir='ltr'><strong>noster,</strong></span> <span class='ocrx_word' id='word_1_624' title='bbox 3113 3371 3426 3428; x_wconf 87' lang='lat' dir='ltr'><strong>benedicat</strong></span> <span class='ocrx_word' id='word_1_625' title='bbox 3453 3387 3562 3426; x_wconf 90' lang='lat' dir='ltr'><strong>nos</strong></span> <span class='ocrx_word' id='word_1_626' title='bbox 3582 3369 3760 3436; x_wconf 85' lang='lat' dir='ltr'><strong>Deus,</strong></span> 
     </span>
    </p>
   </div>
   <div class='ocr_carea' id='block_1_81' title="bbox 2111 3463 3368 3518">
    <p class='ocr_par' dir='ltr' id='par_1_81' title="bbox 2111 3463 3368 3518">
     <span class='ocr_line' id='line_1_81' title="bbox 2111 3463 3368 3518; baseline -0.002 0"><span class='ocrx_word' id='word_1_627' title='bbox 2111 3484 2138 3513; x_wconf 87' lang='grc'>‹‹</span> <span class='ocrx_word' id='word_1_628' title='bbox 2171 3466 2228 3518; x_wconf 91' lang='lat' dir='ltr'><strong>et</strong></span> <span class='ocrx_word' id='word_1_629' title='bbox 2257 3466 2523 3518; x_wconf 90' lang='lat' dir='ltr'><strong>metuant</strong></span> <span class='ocrx_word' id='word_1_630' title='bbox 2548 3479 2684 3518; x_wconf 92' lang='lat' dir='ltr'><strong>eum</strong></span> <span class='ocrx_word' id='word_1_631' title='bbox 2716 3479 2920 3518; x_wconf 90' lang='lat' dir='ltr'><strong>omnes</strong></span> <span class='ocrx_word' id='word_1_632' title='bbox 2950 3463 3097 3518; x_wconf 87' lang='lat' dir='ltr'><strong>ﬁnes</strong></span> <span class='ocrx_word' id='word_1_633' title='bbox 3127 3465 3312 3517; x_wconf 65' lang='lat' dir='ltr'><strong>terrai.</strong></span> <span class='ocrx_word' id='word_1_634' title='bbox 3343 3485 3368 3508; x_wconf 86' lang='grc'><strong>››</strong></span> 
     </span>
    </p>
   </div>
   <div class='ocr_carea' id='block_1_82' title="bbox 2722 3570 3136 3626">
    <p class='ocr_par' dir='ltr' id='par_1_82' title="bbox 2722 3570 3136 3626">
     <span class='ocr_line' id='line_1_82' title="bbox 2722 3570 3136 3626; baseline -0.005 0"><span class='ocrx_word' id='word_1_635' title='bbox 2722 3570 3136 3626; x_wconf 80' lang='lat' dir='ltr'><strong>ENARRATIO.</strong></span> 
     </span>
    </p>
   </div>
   <div class='ocr_carea' id='block_1_83' title="bbox 2179 3657 3766 3731">
    <p class='ocr_par' dir='ltr' id='par_1_83' title="bbox 2179 3657 3766 3731">
     <span class='ocr_line' id='line_1_83' title="bbox 2179 3657 3766 3731; baseline -0.001 -18"><span class='ocrx_word' id='word_1_636' title='bbox 2179 3659 2283 3714; x_wconf 85' lang='lat' dir='ltr'><strong>Hic</strong></span> <span class='ocrx_word' id='word_1_637' title='bbox 2312 3674 2566 3731; x_wconf 86' lang='lat' dir='ltr'><strong>sequens</strong></span> <span class='ocrx_word' id='word_1_638' title='bbox 2589 3657 2855 3731; x_wconf 88' lang='lat' dir='ltr'><strong>psalmus</strong></span> <span class='ocrx_word' id='word_1_639' title='bbox 2879 3659 3250 3731; x_wconf 87' lang='lat' dir='ltr'><strong>polestjungi</strong></span> <span class='ocrx_word' id='word_1_640' title='bbox 3281 3675 3414 3714; x_wconf 89' lang='lat' dir='ltr'><strong>cum</strong></span> <span class='ocrx_word' id='word_1_641' title='bbox 3443 3657 3766 3728; x_wconf 88' lang='lat' dir='ltr'><strong>superiori:</strong></span> 
     </span>
    </p>
   </div>
   <div class='ocr_carea' id='block_1_84' title="bbox 2108 3745 3768 3819">
    <p class='ocr_par' dir='ltr' id='par_1_84' title="bbox 2108 3745 3768 3819">
     <span class='ocr_line' id='line_1_84' title="bbox 2108 3745 3768 3819; baseline -0.001 -18"><span class='ocrx_word' id='word_1_642' title='bbox 2108 3747 2248 3819; x_wconf 89' lang='lat' dir='ltr'><strong>quia</strong></span> <span class='ocrx_word' id='word_1_643' title='bbox 2277 3747 2498 3818; x_wconf 87' lang='lat' dir='ltr'><strong>priores</strong></span> <span class='ocrx_word' id='word_1_644' title='bbox 2529 3747 2637 3814; x_wconf 90' lang='lat' dir='ltr'><strong>illi,</strong></span> <span class='ocrx_word' id='word_1_645' title='bbox 2668 3747 2845 3803; x_wconf 90' lang='lat' dir='ltr'><strong>David</strong></span> <span class='ocrx_word' id='word_1_646' title='bbox 2880 3756 2932 3803; x_wconf 90' lang='lat' dir='ltr'><strong>et</strong></span> <span class='ocrx_word' id='word_1_647' title='bbox 2964 3748 3083 3815; x_wconf 90' lang='lat' dir='ltr'><strong>alii,</strong></span> <span class='ocrx_word' id='word_1_648' title='bbox 3116 3748 3398 3803; x_wconf 90' lang='lat' dir='ltr'><strong>videbant</strong></span> <span class='ocrx_word' id='word_1_649' title='bbox 3420 3745 3655 3802; x_wconf 89' lang='lat' dir='ltr'><strong>Domini</strong></span> <span class='ocrx_word' id='word_1_650' title='bbox 3683 3763 3768 3800; x_wconf 87' lang='lat' dir='ltr'><strong>re-</strong></span> 
     </span>
    </p>
   </div>
   <div class='ocr_carea' id='block_1_85' title="bbox 2111 3835 3770 3910">
    <p class='ocr_par' dir='ltr' id='par_1_85' title="bbox 2111 3835 3770 3910">
     <span class='ocr_line' id='line_1_85' title="bbox 2111 3835 3770 3910; baseline -0.001 -19"><span class='ocrx_word' id='word_1_651' title='bbox 2111 3835 2665 3891; x_wconf 84' lang='lat' dir='ltr'><strong>surrectionemt’utu</strong></span> <span class='ocrx_word' id='word_1_652' title='bbox 2675 3853 2799 3892; x_wconf 88' lang='lat' dir='ltr'><strong>ram</strong></span> <span class='ocrx_word' id='word_1_653' title='bbox 2814 3842 2870 3893; x_wconf 91' lang='lat' dir='ltr'><strong>et</strong></span> <span class='ocrx_word' id='word_1_654' title='bbox 2881 3840 3147 3910; x_wconf 86' lang='lat' dir='ltr'><strong>gentium</strong></span> <span class='ocrx_word' id='word_1_655' title='bbox 3161 3837 3743 3908; x_wconf 89' lang='lat' dir='ltr'><strong>concorporationem</strong></span> <span class='ocrx_word' id='word_1_656' title='bbox 3756 3877 3770 3899; x_wconf 91' lang='lat'><strong>,</strong></span> 
     </span>
    </p>
   </div>
   <div class='ocr_carea' id='block_1_86' title="bbox 2112 3924 3774 3982">
    <p class='ocr_par' dir='ltr' id='par_1_86' title="bbox 2112 3924 3774 3982">
     <span class='ocr_line' id='line_1_86' title="bbox 2112 3924 3774 3982; baseline -0.001 -1"><span class='ocrx_word' id='word_1_657' title='bbox 2112 3929 2282 3981; x_wconf 90' lang='lat' dir='ltr'><strong>orant</strong></span> <span class='ocrx_word' id='word_1_658' title='bbox 2313 3929 2378 3980; x_wconf 91' lang='lat' dir='ltr'><strong>ut</strong></span> <span class='ocrx_word' id='word_1_659' title='bbox 2397 3925 2765 3981; x_wconf 88' lang='lat' dir='ltr'><strong>adducantur</strong></span> <span class='ocrx_word' id='word_1_660' title='bbox 2795 3925 2905 3981; x_wconf 60' lang='lat' dir='ltr'><strong>illa:</strong></span> <span class='ocrx_word' id='word_1_661' title='bbox 2932 3944 2945 3982; x_wconf 93' lang='lat'>:</span> <span class='ocrx_word' id='word_1_662' title='bbox 2980 3925 3107 3982; x_wconf 69' lang='lat' dir='ltr'><strong>aliae</strong></span> <span class='ocrx_word' id='word_1_663' title='bbox 3133 3942 3287 3982; x_wconf 84' lang='lat' dir='ltr'><strong>oves.</strong></span> <span class='ocrx_word' id='word_1_664' title='bbox 3312 3925 3416 3982; x_wconf 85' lang='lat' dir='ltr'><strong>Hic</strong></span> <span class='ocrx_word' id='word_1_665' title='bbox 3441 3924 3655 3980; x_wconf 90' lang='lat' dir='ltr'><strong>titulus</strong></span> <span class='ocrx_word' id='word_1_666' title='bbox 3685 3931 3774 3980; x_wconf 88' lang='lat' dir='ltr'><strong>est</strong></span> 
     </span>
    </p>
   </div>
   <div class='ocr_carea' id='block_1_87' title="bbox 2108 4013 3768 4086">
    <p class='ocr_par' dir='ltr' id='par_1_87' title="bbox 2108 4013 3768 4086">
     <span class='ocr_line' id='line_1_87' title="bbox 2108 4013 3768 4086; baseline -0.001 -16"><span class='ocrx_word' id='word_1_667' title='bbox 2108 4015 3203 4086; x_wconf 85' lang='lat' dir='ltr'><strong>secundumAugustinum,secundum</strong></span> <span class='ocrx_word' id='word_1_668' title='bbox 3219 4013 3644 4086; x_wconf 79' lang='lat' dir='ltr'><strong>Hieronymum</strong></span> <span class='ocrx_word' id='word_1_669' title='bbox 3668 4015 3768 4069; x_wconf 85' lang='lat' dir='ltr'><strong>ita:</strong></span> 
     </span>
    </p>
   </div>
   <div class='ocr_carea' id='block_1_88' title="bbox 2107 4102 3773 4176">
    <p class='ocr_par' dir='ltr' id='par_1_88' title="bbox 2107 4102 3773 4176">
     <span class='ocr_line' id='line_1_88' title="bbox 2107 4102 3773 4176; baseline -0.002 -16"><span class='ocrx_word' id='word_1_670' title='bbox 2107 4103 2271 4160; x_wconf 91' lang='lat' dir='ltr'><strong>Unus</strong></span> <span class='ocrx_word' id='word_1_671' title='bbox 2294 4103 2405 4159; x_wconf 83' lang='lat' dir='ltr'><strong>fuit</strong></span> <span class='ocrx_word' id='word_1_672' title='bbox 2431 4102 2634 4170; x_wconf 87' lang='lat' dir='ltr'><strong>David,</strong></span> <span class='ocrx_word' id='word_1_673' title='bbox 2668 4105 2768 4159; x_wconf 89' lang='lat' dir='ltr'><strong>sed</strong></span> <span class='ocrx_word' id='word_1_674' title='bbox 2794 4120 2907 4159; x_wconf 90' lang='lat' dir='ltr'><strong>non</strong></span> <span class='ocrx_word' id='word_1_675' title='bbox 2923 4103 3515 4176; x_wconf 89' lang='lat' dir='ltr'><strong>semperunusinhoc</strong></span> <span class='ocrx_word' id='word_1_676' title='bbox 3531 4103 3773 4158; x_wconf 86' lang='lat' dir='ltr'><strong>nomine</strong></span> 
     </span>
    </p>
   </div>
   <div class='ocr_carea' id='block_1_89' title="bbox 2108 4191 3768 4265">
    <p class='ocr_par' dir='ltr' id='par_1_89' title="bbox 2108 4191 3768 4265">
     <span class='ocr_line' id='line_1_89' title="bbox 2108 4191 3768 4265; baseline -0.001 -18"><span class='ocrx_word' id='word_1_677' title='bbox 2108 4192 2472 4265; x_wconf 86' lang='lat' dir='ltr'><strong>intelligitur,</strong></span> <span class='ocrx_word' id='word_1_678' title='bbox 2505 4193 2658 4248; x_wconf 88' lang='lat' dir='ltr'><strong>sicut</strong></span> <span class='ocrx_word' id='word_1_679' title='bbox 2708 4193 2766 4247; x_wconf 92' lang='lat' dir='ltr'><strong>in</strong></span> <span class='ocrx_word' id='word_1_680' title='bbox 2797 4193 2906 4249; x_wconf 92' lang='lat' dir='ltr'><strong>hoc</strong></span> <span class='ocrx_word' id='word_1_681' title='bbox 2963 4192 3191 4265; x_wconf 87' lang='lat' dir='ltr'><strong>psalmo</strong></span> <span class='ocrx_word' id='word_1_682' title='bbox 3221 4209 3331 4249; x_wconf 87' lang='lat' dir='ltr'><strong>vox</strong></span> <span class='ocrx_word' id='word_1_683' title='bbox 3377 4196 3468 4248; x_wconf 86' lang='lat' dir='ltr'><strong>est</strong></span> <span class='ocrx_word' id='word_1_684' title='bbox 3497 4191 3768 4248; x_wconf 84' lang='lat' dir='ltr'><strong>omnium</strong></span> 
     </span>
    </p>
   </div>
   <div class='ocr_carea' id='block_1_90' title="bbox 2105 4281 3772 4352">
    <p class='ocr_par' dir='ltr' id='par_1_90' title="bbox 2105 4281 3772 4352">
     <span class='ocr_line' id='line_1_90' title="bbox 2105 4281 3772 4352; baseline -0.001 -15"><span class='ocrx_word' id='word_1_685' title='bbox 2105 4281 2388 4337; x_wconf 80' lang='lat' dir='ltr'><strong>ﬁdelium.</strong></span> <span class='ocrx_word' id='word_1_686' title='bbox 2423 4281 2618 4352; x_wconf 87' lang='lat' dir='ltr'><strong>lnquit</strong></span> <span class='ocrx_word' id='word_1_687' title='bbox 2651 4282 2932 4338; x_wconf 90' lang='lat' dir='ltr'><strong>Dominus</strong></span> <span class='ocrx_word' id='word_1_688' title='bbox 2967 4300 2980 4338; x_wconf 90' lang='lat'>:</span> <span class='ocrx_word' id='word_1_689' title='bbox 3015 4285 3136 4352; x_wconf 80' lang='lat' dir='ltr'><strong>Ego</strong></span> <span class='ocrx_word' id='word_1_690' title='bbox 3175 4299 3297 4338; x_wconf 88' lang='lat' dir='ltr'><strong>sum</strong></span> <span class='ocrx_word' id='word_1_691' title='bbox 3327 4281 3452 4337; x_wconf 86' lang='lat' dir='ltr'><strong>vitis</strong></span> <span class='ocrx_word' id='word_1_692' title='bbox 3483 4297 3643 4348; x_wconf 87' lang='lat' dir='ltr'><strong>vera,</strong></span> <span class='ocrx_word' id='word_1_693' title='bbox 3678 4297 3772 4338; x_wconf 83' lang='lat' dir='ltr'><strong>vos</strong></span> 
     </span>
    </p>
   </div>
   <div class='ocr_carea' id='block_1_91' title="bbox 2100 4370 3773 4442">
    <p class='ocr_par' dir='ltr' id='par_1_91' title="bbox 2100 4370 3773 4442">
     <span class='ocr_line' id='line_1_91' title="bbox 2100 4370 3773 4442; baseline -0.001 -16"><span class='ocrx_word' id='word_1_694' title='bbox 2100 4371 2378 4442; x_wconf 87' lang='lat' dir='ltr'><strong>palmites,</strong></span> <span class='ocrx_word' id='word_1_695' title='bbox 2411 4379 2460 4426; x_wconf 88' lang='lat' dir='ltr'><strong>et</strong></span> <span class='ocrx_word' id='word_1_696' title='bbox 2491 4372 2659 4426; x_wconf 88' lang='lat' dir='ltr'><strong>Pater</strong></span> <span class='ocrx_word' id='word_1_697' title='bbox 2685 4386 2840 4426; x_wconf 86' lang='lat' dir='ltr'><strong>meus</strong></span> <span class='ocrx_word' id='word_1_698' title='bbox 2863 4372 3110 4440; x_wconf 85' lang='lat' dir='ltr'><strong>agricola</strong></span> <span class='ocrx_word' id='word_1_699' title='bbox 3138 4380 3216 4427; x_wconf 84' lang='lat' dir='ltr'><strong>est</strong></span> <span class='ocrx_word' id='word_1_700' title='bbox 3251 4370 3431 4440; x_wconf 84' lang='lat' dir='ltr'><strong>(Joan.</strong></span> <span class='ocrx_word' id='word_1_701' title='bbox 3463 4371 3587 4442; x_wconf 85' lang='lat' dir='ltr'><strong>xv).</strong></span> <span class='ocrx_word' id='word_1_702' title='bbox 3620 4370 3773 4438; x_wconf 85' lang='lat' dir='ltr'><strong>Quia</strong></span> 
     </span>
    </p>
   </div>
   <div class='ocr_carea' id='block_1_92' title="bbox 2103 4459 3768 4543">
    <p class='ocr_par' dir='ltr' id='par_1_92' title="bbox 2103 4459 3768 4543">
     <span class='ocr_line' id='line_1_92' title="bbox 2103 4459 3768 4543; baseline 0.002 -28"><span class='ocrx_word' id='word_1_703' title='bbox 2103 4475 2238 4532; x_wconf 89' lang='lat' dir='ltr'><strong>ergo</strong></span> <span class='ocrx_word' id='word_1_704' title='bbox 2269 4476 2480 4531; x_wconf 90' lang='lat' dir='ltr'><strong>corpus</strong></span> <span class='ocrx_word' id='word_1_705' title='bbox 2510 4459 2727 4515; x_wconf 90' lang='lat' dir='ltr'><strong>Christi</strong></span> <span class='ocrx_word' id='word_1_706' title='bbox 2757 4459 2924 4516; x_wconf 90' lang='lat' dir='ltr'><strong>vinea</strong></span> <span class='ocrx_word' id='word_1_707' title='bbox 2957 4460 3052 4516; x_wconf 93' lang='lat' dir='ltr'><strong>Dei</strong></span> <span class='ocrx_word' id='word_1_708' title='bbox 3082 4463 3189 4527; x_wconf 89' lang='lat' dir='ltr'><strong>est,</strong></span> <span class='ocrx_word' id='word_1_709' title='bbox 3227 4464 3393 4533; x_wconf 86' lang='lat' dir='ltr'><strong>rogat</strong></span> <span class='ocrx_word' id='word_1_710' title='bbox 3441 4460 3768 4543; x_wconf 82' lang='lat' dir='ltr'><strong>Dominum</strong></span> 
     </span>
    </p>
   </div>
   <div class='ocr_carea' id='block_1_93' title="bbox 2101 4548 3769 4622">
    <p class='ocr_par' dir='ltr' id='par_1_93' title="bbox 2101 4548 3769 4622">
     <span class='ocr_line' id='line_1_93' title="bbox 2101 4548 3769 4622; baseline 0.002 -19"><span class='ocrx_word' id='word_1_711' title='bbox 2101 4548 2300 4618; x_wconf 70' lang='lat' dir='ltr'><strong>vineas,</strong></span> <span class='ocrx_word' id='word_1_712' title='bbox 2332 4553 2398 4604; x_wconf 89' lang='lat' dir='ltr'><strong>ut</strong></span> <span class='ocrx_word' id='word_1_713' title='bbox 2425 4565 2554 4604; x_wconf 90' lang='lat' dir='ltr'><strong>eam</strong></span> <span class='ocrx_word' id='word_1_714' title='bbox 2587 4549 2738 4604; x_wconf 89' lang='lat' dir='ltr'><strong>colat</strong></span> <span class='ocrx_word' id='word_1_715' title='bbox 2767 4555 2825 4604; x_wconf 91' lang='lat' dir='ltr'><strong>et</strong></span> <span class='ocrx_word' id='word_1_716' title='bbox 2854 4550 3263 4617; x_wconf 89' lang='lat' dir='ltr'><strong>benedicat,ut</strong></span> <span class='ocrx_word' id='word_1_717' title='bbox 3294 4551 3554 4606; x_wconf 89' lang='lat' dir='ltr'><strong>fructum</strong></span> <span class='ocrx_word' id='word_1_718' title='bbox 3576 4549 3769 4622; x_wconf 88' lang='lat' dir='ltr'><strong>pluri-</strong></span> 
     </span>
    </p>
   </div>
   <div class='ocr_carea' id='block_1_94' title="bbox 343 4627 3774 4712">
    <p class='ocr_par' dir='ltr' id='par_1_94' title="bbox 343 4627 3774 4712">
     <span class='ocr_line' id='line_1_94' title="bbox 343 4627 3774 4712; baseline 0.003 -28"><span class='ocrx_word' id='word_1_719' title='bbox 343 4627 513 4695; x_wconf 85' lang='lat' dir='ltr'><strong>mavi,</strong></span> <span class='ocrx_word' id='word_1_720' title='bbox 546 4627 604 4684; x_wconf 91' lang='lat' dir='ltr'><strong>id</strong></span> <span class='ocrx_word' id='word_1_721' title='bbox 634 4633 722 4685; x_wconf 83' lang='lat' dir='ltr'><strong>est</strong></span> <span class='ocrx_word' id='word_1_722' title='bbox 752 4647 866 4686; x_wconf 91' lang='lat' dir='ltr'><strong>non</strong></span> <span class='ocrx_word' id='word_1_723' title='bbox 901 4636 1138 4703; x_wconf 86' lang='lat' dir='ltr'><strong>propter</strong></span> <span class='ocrx_word' id='word_1_724' title='bbox 1165 4629 1326 4686; x_wconf 89' lang='lat' dir='ltr'><strong>aliud</strong></span> <span class='ocrx_word' id='word_1_725' title='bbox 1360 4647 1374 4686; x_wconf 88' lang='lat'><strong>:</strong></span> <span class='ocrx_word' id='word_1_726' title='bbox 1405 4631 1560 4702; x_wconf 92' lang='lat' dir='ltr'><strong>quod</strong></span> <span class='ocrx_word' id='word_1_727' title='bbox 1601 4630 1852 4686; x_wconf 89' lang='lat' dir='ltr'><strong>clamare</strong></span> <span class='ocrx_word' id='word_1_728' title='bbox 1879 4647 1994 4687; x_wconf 90' lang='lat' dir='ltr'><strong>non</strong></span> <span class='ocrx_word' id='word_1_729' title='bbox 2025 4628 2072 4692; x_wconf 90' lang='lat' dir='ltr'><strong>D</strong></span> <span class='ocrx_word' id='word_1_730' title='bbox 2106 4655 2268 4693; x_wconf 90' lang='lat' dir='ltr'><strong>mum</strong></span> <span class='ocrx_word' id='word_1_731' title='bbox 2317 4639 2537 4694; x_wconf 84' lang='lat' dir='ltr'><strong>afferat.</strong></span> <span class='ocrx_word' id='word_1_732' title='bbox 2573 4638 2754 4694; x_wconf 90' lang='lat' dir='ltr'><strong>Orant</strong></span> <span class='ocrx_word' id='word_1_733' title='bbox 2784 4637 2960 4710; x_wconf 84' lang='lat' dir='ltr'><strong>etiam</strong></span> <span class='ocrx_word' id='word_1_734' title='bbox 3016 4639 3321 4711; x_wconf 84' lang='lat' dir='ltr'><strong>primitivi,</strong></span> <span class='ocrx_word' id='word_1_735' title='bbox 3353 4643 3419 4694; x_wconf 92' lang='lat' dir='ltr'><strong>ut</strong></span> <span class='ocrx_word' id='word_1_736' title='bbox 3447 4655 3774 4712; x_wconf 89' lang='lat' dir='ltr'><strong>concorpo-</strong></span> 
     </span>
    </p>
   </div>
   <div class='ocr_carea' id='block_1_95' title="bbox 343 4717 1998 4792">
    <p class='ocr_par' dir='ltr' id='par_1_95' title="bbox 343 4717 1998 4792">
     <span class='ocr_line' id='line_1_95' title="bbox 343 4717 1998 4792; baseline 0.003 -22"><span class='ocrx_word' id='word_1_737' title='bbox 343 4718 435 4771; x_wconf 87' lang='lat' dir='ltr'><strong>est</strong></span> <span class='ocrx_word' id='word_1_738' title='bbox 462 4720 720 4789; x_wconf 71' lang='lat' dir='ltr'><strong>paternis</strong></span> <span class='ocrx_word' id='word_1_739' title='bbox 752 4720 1081 4790; x_wconf 88' lang='lat' dir='ltr'><strong>vetustatis,</strong></span> <span class='ocrx_word' id='word_1_740' title='bbox 1115 4720 1214 4776; x_wconf 90' lang='lat' dir='ltr'><strong>sed</strong></span> <span class='ocrx_word' id='word_1_741' title='bbox 1247 4719 1515 4792; x_wconf 66' lang='lat' dir='ltr'><strong>gratuita:</strong></span> <span class='ocrx_word' id='word_1_742' title='bbox 1555 4717 1827 4774; x_wconf 86' lang='lat' dir='ltr'><strong>novitatis</strong></span> <span class='ocrx_word' id='word_1_743' title='bbox 1858 4735 1873 4774; x_wconf 89' lang='lat'><strong>:</strong></span> <span class='ocrx_word' id='word_1_744' title='bbox 1907 4735 1998 4775; x_wconf 89' lang='lat' dir='ltr'><strong>ore</strong></span> 
     </span>
    </p>
   </div>
   <div class='ocr_carea' id='block_1_96' title="bbox 345 4805 1994 4880">
    <p class='ocr_par' dir='ltr' id='par_1_96' title="bbox 345 4805 1994 4880">
     <span class='ocr_line' id='line_1_96' title="bbox 345 4805 1994 4880; baseline 0.003 -21"><span class='ocrx_word' id='word_1_745' title='bbox 345 4818 488 4871; x_wconf 83' lang='lat' dir='ltr'><strong>meo,</strong></span> <span class='ocrx_word' id='word_1_746' title='bbox 520 4821 636 4860; x_wconf 89' lang='lat' dir='ltr'><strong>non</strong></span> <span class='ocrx_word' id='word_1_747' title='bbox 663 4805 872 4872; x_wconf 89' lang='lat' dir='ltr'><strong>alieno,</strong></span> <span class='ocrx_word' id='word_1_748' title='bbox 892 4809 1066 4879; x_wconf 89' lang='lat' dir='ltr'><strong>juxta</strong></span> <span class='ocrx_word' id='word_1_749' title='bbox 1094 4807 1262 4878; x_wconf 91' lang='lat' dir='ltr'><strong>illud,</strong></span> <span class='ocrx_word' id='word_1_750' title='bbox 1283 4811 1446 4880; x_wconf 87' lang='lat' dir='ltr'><strong>prout</strong></span> <span class='ocrx_word' id='word_1_751' title='bbox 1474 4807 1841 4878; x_wconf 83' lang='lat' dir='ltr'><strong>ducebamini,</strong></span> <span class='ocrx_word' id='word_1_752' title='bbox 1863 4825 1994 4864; x_wconf 86' lang='lat' dir='ltr'><strong>eun-</strong></span> 
     </span>
    </p>
   </div>
   <div class='ocr_carea' id='block_1_97' title="bbox 345 4894 1999 4967">
    <p class='ocr_par' dir='ltr' id='par_1_97' title="bbox 345 4894 1999 4967">
     <span class='ocr_line' id='line_1_97' title="bbox 345 4894 1999 4967; baseline 0.002 -18"><span class='ocrx_word' id='word_1_753' title='bbox 345 4895 423 4949; x_wconf 88' lang='lat' dir='ltr'><strong>tes</strong></span> <span class='ocrx_word' id='word_1_754' title='bbox 452 4895 504 4962; x_wconf 93' lang='lat' dir='ltr'><strong>(I</strong></span> <span class='ocrx_word' id='word_1_755' title='bbox 531 4894 653 4950; x_wconf 89' lang='lat' dir='ltr'><strong>Cor.</strong></span> <span class='ocrx_word' id='word_1_756' title='bbox 672 4897 984 4967; x_wconf 81' lang='lat' dir='ltr'><strong>xu).Prius</strong></span> <span class='ocrx_word' id='word_1_757' title='bbox 1012 4898 1165 4953; x_wconf 90' lang='lat' dir='ltr'><strong>enim</strong></span> <span class='ocrx_word' id='word_1_758' title='bbox 1200 4897 1271 4953; x_wconf 92' lang='lat' dir='ltr'><strong>ad</strong></span> <span class='ocrx_word' id='word_1_759' title='bbox 1304 4901 1635 4952; x_wconf 86' lang='lat' dir='ltr'><strong>creaturam</strong></span> <span class='ocrx_word' id='word_1_760' title='bbox 1659 4895 1815 4951; x_wconf 88' lang='lat' dir='ltr'><strong>ibam</strong></span> <span class='ocrx_word' id='word_1_761' title='bbox 1839 4913 1999 4953; x_wconf 89' lang='lat' dir='ltr'><strong>more</strong></span> 
     </span>
    </p>
   </div>
   <div class='ocr_carea' id='block_1_98' title="bbox 344 4984 1998 5056">
    <p class='ocr_par' dir='ltr' id='par_1_98' title="bbox 344 4984 1998 5056">
     <span class='ocr_line' id='line_1_98' title="bbox 344 4984 1998 5056; baseline 0.002 -18"><span class='ocrx_word' id='word_1_762' title='bbox 344 4987 598 5056; x_wconf 64' lang='lat' dir='ltr'><strong>paterna</strong></span> <span class='ocrx_word' id='word_1_763' title='bbox 631 4984 966 5041; x_wconf 87' lang='lat' dir='ltr'><strong>traditionis</strong></span> <span class='ocrx_word' id='word_1_764' title='bbox 1001 5002 1013 5040; x_wconf 88' lang='lat'><strong>:</strong></span> <span class='ocrx_word' id='word_1_765' title='bbox 1049 4985 1134 5040; x_wconf 91' lang='lat' dir='ltr'><strong>vel</strong></span> <span class='ocrx_word' id='word_1_766' title='bbox 1167 5001 1260 5041; x_wconf 87' lang='lat' dir='ltr'><strong>ore</strong></span> <span class='ocrx_word' id='word_1_767' title='bbox 1287 5001 1428 5051; x_wconf 86' lang='lat' dir='ltr'><strong>meo,</strong></span> <span class='ocrx_word' id='word_1_768' title='bbox 1459 4985 1515 5040; x_wconf 88' lang='lat' dir='ltr'><strong>id</strong></span> <span class='ocrx_word' id='word_1_769' title='bbox 1547 4989 1638 5041; x_wconf 89' lang='lat' dir='ltr'><strong>est</strong></span> <span class='ocrx_word' id='word_1_770' title='bbox 1664 5001 1802 5041; x_wconf 88' lang='lat' dir='ltr'><strong>voce</strong></span> <span class='ocrx_word' id='word_1_771' title='bbox 1825 4986 1998 5041; x_wconf 90' lang='lat' dir='ltr'><strong>corde</strong></span> 
     </span>
    </p>
   </div>
   <div class='ocr_carea' id='block_1_99' title="bbox 343 5073 1997 5146">
    <p class='ocr_par' dir='ltr' id='par_1_99' title="bbox 343 5073 1997 5146">
     <span class='ocr_line' id='line_1_99' title="bbox 343 5073 1997 5146; baseline 0.002 -19"><span class='ocrx_word' id='word_1_772' title='bbox 343 5087 639 5130; x_wconf 86' lang='lat' dir='ltr'><strong>consona:</strong></span> <span class='ocrx_word' id='word_1_773' title='bbox 664 5077 722 5130; x_wconf 90' lang='lat' dir='ltr'><strong>et</strong></span> <span class='ocrx_word' id='word_1_774' title='bbox 743 5073 876 5130; x_wconf 90' lang='lat' dir='ltr'><strong>ideo</strong></span> <span class='ocrx_word' id='word_1_775' title='bbox 901 5091 1036 5146; x_wconf 86' lang='lat' dir='ltr'><strong>meo,</strong></span> <span class='ocrx_word' id='word_1_776' title='bbox 1063 5074 1199 5146; x_wconf 87' lang='lat' dir='ltr'><strong>quia</strong></span> <span class='ocrx_word' id='word_1_777' title='bbox 1219 5073 1500 5130; x_wconf 87' lang='lat' dir='ltr'><strong>exsultavi</strong></span> <span class='ocrx_word' id='word_1_778' title='bbox 1517 5076 1614 5130; x_wconf 87' lang='lat' dir='ltr'><strong>sub</strong></span> <span class='ocrx_word' id='word_1_779' title='bbox 1637 5075 1832 5143; x_wconf 83' lang='lat' dir='ltr'><strong>lingua</strong></span> <span class='ocrx_word' id='word_1_780' title='bbox 1853 5091 1997 5141; x_wconf 88' lang='lat' dir='ltr'><strong>mea,</strong></span> 
     </span>
    </p>
   </div>
   <div class='ocr_carea' id='block_1_100' title="bbox 348 5167 2000 5238">
    <p class='ocr_par' dir='ltr' id='par_1_100' title="bbox 348 5167 2000 5238">
     <span class='ocr_line' id='line_1_100' title="bbox 348 5167 2000 5238; baseline 0.004 -16"><span class='ocrx_word' id='word_1_781' title='bbox 348 5167 406 5223; x_wconf 94' lang='lat' dir='ltr'><strong>id</strong></span> <span class='ocrx_word' id='word_1_782' title='bbox 438 5173 532 5225; x_wconf 90' lang='lat' dir='ltr'><strong>est</strong></span> <span class='ocrx_word' id='word_1_783' title='bbox 558 5169 619 5225; x_wconf 93' lang='lat' dir='ltr'><strong>in</strong></span> <span class='ocrx_word' id='word_1_784' title='bbox 651 5172 848 5228; x_wconf 89' lang='lat' dir='ltr'><strong>corde.</strong></span> <span class='ocrx_word' id='word_1_785' title='bbox 882 5172 941 5230; x_wconf 89' lang='lat' dir='ltr'><strong>Si</strong></span> <span class='ocrx_word' id='word_1_786' title='bbox 973 5171 1132 5229; x_wconf 91' lang='lat' dir='ltr'><strong>aliud</strong></span> <span class='ocrx_word' id='word_1_787' title='bbox 1166 5170 1386 5227; x_wconf 90' lang='lat' dir='ltr'><strong>clamas</strong></span> <span class='ocrx_word' id='word_1_788' title='bbox 1417 5188 1535 5238; x_wconf 88' lang='lat' dir='ltr'><strong>ore,</strong></span> <span class='ocrx_word' id='word_1_789' title='bbox 1570 5171 1729 5227; x_wconf 87' lang='lat' dir='ltr'><strong>aliud</strong></span> <span class='ocrx_word' id='word_1_790' title='bbox 1764 5173 2000 5229; x_wconf 75' lang='lat' dir='ltr'><strong>affectas</strong></span> 
     </span>
    </p>
   </div>
   <div class='ocr_carea' id='block_1_101' title="bbox 345 5257 2001 5333">
    <p class='ocr_par' dir='ltr' id='par_1_101' title="bbox 345 5257 2001 5333">
     <span class='ocr_line' id='line_1_101' title="bbox 345 5257 2001 5333; baseline 0.004 -21"><span class='ocrx_word' id='word_1_791' title='bbox 345 5257 538 5325; x_wconf 89' lang='lat' dir='ltr'><strong>corde,</strong></span> <span class='ocrx_word' id='word_1_792' title='bbox 563 5275 678 5315; x_wconf 91' lang='lat' dir='ltr'><strong>non</strong></span> <span class='ocrx_word' id='word_1_793' title='bbox 711 5261 782 5316; x_wconf 81' lang='lat' dir='ltr'><strong>ad</strong></span> <span class='ocrx_word' id='word_1_794' title='bbox 817 5260 1010 5333; x_wconf 90' lang='lat' dir='ltr'><strong>ipsum</strong></span> <span class='ocrx_word' id='word_1_795' title='bbox 1042 5259 1264 5317; x_wconf 91' lang='lat' dir='ltr'><strong>clamas</strong></span> <span class='ocrx_word' id='word_1_796' title='bbox 1292 5265 1390 5316; x_wconf 88' lang='lat' dir='ltr'><strong>tuo</strong></span> <span class='ocrx_word' id='word_1_797' title='bbox 1421 5261 1617 5316; x_wconf 90' lang='lat' dir='ltr'><strong>ore.ln</strong></span> <span class='ocrx_word' id='word_1_798' title='bbox 1647 5276 1739 5317; x_wconf 86' lang='lat' dir='ltr'><strong>ore</strong></span> <span class='ocrx_word' id='word_1_799' title='bbox 1761 5277 1897 5333; x_wconf 90' lang='lat' dir='ltr'><strong>ergo</strong></span> <span class='ocrx_word' id='word_1_800' title='bbox 1919 5263 2001 5318; x_wconf 83' lang='lat' dir='ltr'><strong>ita</strong></span> 
     </span>
    </p>
   </div>
   <div class='ocr_carea' id='block_1_102' title="bbox 340 5343 1998 5421">
    <p class='ocr_par' dir='ltr' id='par_1_102' title="bbox 340 5343 1998 5421">
     <span class='ocr_line' id='line_1_102' title="bbox 340 5343 1998 5421; baseline 0.002 -20"><span class='ocrx_word' id='word_1_801' title='bbox 340 5343 742 5417; x_wconf 90' lang='lat' dir='ltr'><strong>clamandum,</strong></span> <span class='ocrx_word' id='word_1_802' title='bbox 775 5353 840 5404; x_wconf 88' lang='lat' dir='ltr'><strong>ut</strong></span> <span class='ocrx_word' id='word_1_803' title='bbox 869 5350 1035 5406; x_wconf 90' lang='lat' dir='ltr'><strong>nulla</strong></span> <span class='ocrx_word' id='word_1_804' title='bbox 1083 5349 1392 5407; x_wconf 82' lang='lat' dir='ltr'><strong>exsultatio</strong></span> <span class='ocrx_word' id='word_1_805' title='bbox 1443 5349 1518 5404; x_wconf 89' lang='lat' dir='ltr'><strong>sit</strong></span> <span class='ocrx_word' id='word_1_806' title='bbox 1547 5351 1647 5405; x_wconf 88' lang='lat' dir='ltr'><strong>sub</strong></span> <span class='ocrx_word' id='word_1_807' title='bbox 1693 5350 1905 5421; x_wconf 85' lang='lat' dir='ltr'><strong>lingua,</strong></span> <span class='ocrx_word' id='word_1_808' title='bbox 1939 5350 1998 5405; x_wconf 91' lang='lat' dir='ltr'><strong>id</strong></span> 
     </span>
    </p>
   </div>
   <div class='ocr_carea' id='block_1_103' title="bbox 347 5435 2002 5511">
    <p class='ocr_par' dir='ltr' id='par_1_103' title="bbox 347 5435 2002 5511">
     <span class='ocr_line' id='line_1_103' title="bbox 347 5435 2002 5511; baseline 0.004 -23"><span class='ocrx_word' id='word_1_809' title='bbox 347 5437 439 5489; x_wconf 87' lang='lat' dir='ltr'><strong>est</strong></span> <span class='ocrx_word' id='word_1_810' title='bbox 466 5435 526 5490; x_wconf 90' lang='lat' dir='ltr'><strong>in</strong></span> <span class='ocrx_word' id='word_1_811' title='bbox 559 5436 753 5508; x_wconf 89' lang='lat' dir='ltr'><strong>corde,</strong></span> <span class='ocrx_word' id='word_1_812' title='bbox 783 5437 896 5494; x_wconf 90' lang='lat' dir='ltr'><strong>nisi</strong></span> <span class='ocrx_word' id='word_1_813' title='bbox 931 5439 989 5494; x_wconf 91' lang='lat' dir='ltr'><strong>in</strong></span> <span class='ocrx_word' id='word_1_814' title='bbox 1022 5438 1115 5495; x_wconf 90' lang='lat' dir='ltr'><strong>his</strong></span> <span class='ocrx_word' id='word_1_815' title='bbox 1145 5440 1244 5511; x_wconf 90' lang='lat' dir='ltr'><strong>qui</strong></span> <span class='ocrx_word' id='word_1_816' title='bbox 1277 5439 1424 5494; x_wconf 89' lang='lat' dir='ltr'><strong>bene</strong></span> <span class='ocrx_word' id='word_1_817' title='bbox 1445 5437 1736 5493; x_wconf 89' lang='lat' dir='ltr'><strong>sonantin</strong></span> <span class='ocrx_word' id='word_1_818' title='bbox 1767 5455 1864 5494; x_wconf 91' lang='lat' dir='ltr'><strong>ore</strong></span> <span class='ocrx_word' id='word_1_819' title='bbox 1898 5456 1910 5494; x_wconf 90' lang='lat'>:</span> <span class='ocrx_word' id='word_1_820' title='bbox 1943 5444 2002 5495; x_wconf 90' lang='lat' dir='ltr'><strong>et</strong></span> 
     </span>
    </p>
   </div>
   <div class='ocr_carea' id='block_1_104' title="bbox 348 5526 1999 5600">
    <p class='ocr_par' dir='ltr' id='par_1_104' title="bbox 348 5526 1999 5600">
     <span class='ocr_line' id='line_1_104' title="bbox 348 5526 1999 5600; baseline 0.004 -23"><span class='ocrx_word' id='word_1_821' title='bbox 348 5530 637 5593; x_wconf 87' lang='lat' dir='ltr'><strong>quantum</strong></span> <span class='ocrx_word' id='word_1_822' title='bbox 671 5526 854 5582; x_wconf 83' lang='lat' dir='ltr'><strong>donat</strong></span> <span class='ocrx_word' id='word_1_823' title='bbox 873 5527 1073 5584; x_wconf 91' lang='lat' dir='ltr'><strong>divina</strong></span> <span class='ocrx_word' id='word_1_824' title='bbox 1102 5529 1289 5600; x_wconf 86' lang='lat' dir='ltr'><strong>gratia</strong></span> <span class='ocrx_word' id='word_1_825' title='bbox 1317 5528 1527 5584; x_wconf 68' lang='lat' dir='ltr'><strong>animae</strong></span> <span class='ocrx_word' id='word_1_826' title='bbox 1560 5526 1925 5598; x_wconf 66' lang='lat' dir='ltr'><strong>Christianae,</strong></span> <span class='ocrx_word' id='word_1_827' title='bbox 1949 5529 1999 5585; x_wconf 91' lang='lat' dir='ltr'><strong>si</strong></span> 
     </span>
    </p>
   </div>
   <div class='ocr_carea' id='block_1_105' title="bbox 343 5607 1997 5686">
    <p class='ocr_par' dir='ltr' id='par_1_105' title="bbox 343 5607 1997 5686">
     <span class='ocr_line' id='line_1_105' title="bbox 343 5607 1997 5686; baseline 0.009 -25"><span class='ocrx_word' id='word_1_828' title='bbox 343 5607 513 5666; x_wconf 86' lang='lat' dir='ltr'><strong>illum</strong></span> <span class='ocrx_word' id='word_1_829' title='bbox 545 5611 736 5670; x_wconf 88' lang='lat' dir='ltr'><strong>solum</strong></span> <span class='ocrx_word' id='word_1_830' title='bbox 772 5615 1064 5686; x_wconf 66' lang='lat' dir='ltr'><strong>praedicet,</strong></span> <span class='ocrx_word' id='word_1_831' title='bbox 1097 5617 1156 5671; x_wconf 89' lang='lat' dir='ltr'><strong>in</strong></span> <span class='ocrx_word' id='word_1_832' title='bbox 1190 5614 1286 5671; x_wconf 88' lang='lat' dir='ltr'><strong>illo</strong></span> <span class='ocrx_word' id='word_1_833' title='bbox 1319 5615 1587 5672; x_wconf 82' lang='lat' dir='ltr'><strong>exsultet.</strong></span> <span class='ocrx_word' id='word_1_834' title='bbox 1622 5615 1666 5672; x_wconf 90' lang='grc' dir='ltr'><strong>Ο</strong></span> <span class='ocrx_word' id='word_1_835' title='bbox 1697 5633 1997 5676; x_wconf 90' lang='lat' dir='ltr'><strong>summum</strong></span> 
     </span>
    </p>
   </div>
   <div class='ocr_carea' id='block_1_106' title="bbox 347 5694 1999 5776">
    <p class='ocr_par' dir='ltr' id='par_1_106' title="bbox 347 5694 1999 5776">
     <span class='ocr_line' id='line_1_106' title="bbox 347 5694 1999 5776; baseline 0.01 -26"><span class='ocrx_word' id='word_1_836' title='bbox 347 5694 590 5767; x_wconf 79' lang='lat' dir='ltr'><strong>bonum,</strong></span> <span class='ocrx_word' id='word_1_837' title='bbox 618 5716 796 5772; x_wconf 83' lang='lat' dir='ltr'><strong>super</strong></span> <span class='ocrx_word' id='word_1_838' title='bbox 816 5717 1049 5760; x_wconf 89' lang='lat' dir='ltr'><strong>omnem</strong></span> <span class='ocrx_word' id='word_1_839' title='bbox 1073 5703 1227 5762; x_wconf 89' lang='lat' dir='ltr'><strong>enim</strong></span> <span class='ocrx_word' id='word_1_840' title='bbox 1258 5702 1507 5775; x_wconf 88' lang='lat' dir='ltr'><strong>gloriam</strong></span> <span class='ocrx_word' id='word_1_841' title='bbox 1539 5706 1816 5776; x_wconf 90' lang='lat' dir='ltr'><strong>protectio</strong></span> <span class='ocrx_word' id='word_1_842' title='bbox 1837 5723 1850 5764; x_wconf 89' lang='lat'>:</span> <span class='ocrx_word' id='word_1_843' title='bbox 1871 5707 1999 5766; x_wconf 91' lang='lat' dir='ltr'><strong>ideo</strong></span> 
     </span>
    </p>
   </div>
   <div class='ocr_carea' id='block_1_107' title="bbox 2108 4726 3776 4800">
    <p class='ocr_par' dir='ltr' id='par_1_107' title="bbox 2108 4726 3776 4800">
     <span class='ocr_line' id='line_1_107' title="bbox 2108 4726 3776 4800; baseline 0.001 -17"><span class='ocrx_word' id='word_1_844' title='bbox 2108 4733 2312 4784; x_wconf 89' lang='lat' dir='ltr'><strong>rentur</strong></span> <span class='ocrx_word' id='word_1_845' title='bbox 2342 4727 2534 4782; x_wconf 91' lang='lat' dir='ltr'><strong>multi.</strong></span> <span class='ocrx_word' id='word_1_846' title='bbox 2558 4726 2662 4783; x_wconf 89' lang='lat' dir='ltr'><strong>Hic</strong></span> <span class='ocrx_word' id='word_1_847' title='bbox 2684 4727 2953 4800; x_wconf 91' lang='lat' dir='ltr'><strong>psalmus</strong></span> <span class='ocrx_word' id='word_1_848' title='bbox 2973 4728 3218 4784; x_wconf 87' lang='lat' dir='ltr'><strong>refertur</strong></span> <span class='ocrx_word' id='word_1_849' title='bbox 3236 4729 3295 4784; x_wconf 83' lang='lat' dir='ltr'><strong>in</strong></span> <span class='ocrx_word' id='word_1_850' title='bbox 3315 4728 3575 4799; x_wconf 78' lang='lat' dir='ltr'><strong>ﬁnem,id</strong></span> <span class='ocrx_word' id='word_1_851' title='bbox 3599 4728 3776 4785; x_wconf 87' lang='lat' dir='ltr'><strong>estin</strong></span> 
     </span>
    </p>
   </div>
   <div class='ocr_carea' id='block_1_108' title="bbox 2107 4815 3780 4890">
    <p class='ocr_par' dir='ltr' id='par_1_108' title="bbox 2107 4815 3780 4890">
     <span class='ocr_line' id='line_1_108' title="bbox 2107 4815 3780 4890; baseline -0.001 -16"><span class='ocrx_word' id='word_1_852' title='bbox 2107 4815 2543 4890; x_wconf 87' lang='lat' dir='ltr'><strong>perfectionem,</strong></span> <span class='ocrx_word' id='word_1_853' title='bbox 2576 4821 2641 4871; x_wconf 91' lang='lat' dir='ltr'><strong>ut</strong></span> <span class='ocrx_word' id='word_1_854' title='bbox 2687 4816 3024 4888; x_wconf 78' lang='lat' dir='ltr'><strong>perficiatur</strong></span> <span class='ocrx_word' id='word_1_855' title='bbox 3055 4833 3268 4890; x_wconf 91' lang='lat' dir='ltr'><strong>corpus</strong></span> <span class='ocrx_word' id='word_1_856' title='bbox 3299 4815 3515 4872; x_wconf 90' lang='lat' dir='ltr'><strong>Christi</strong></span> <span class='ocrx_word' id='word_1_857' title='bbox 3551 4834 3564 4870; x_wconf 91' lang='lat'>:</span> <span class='ocrx_word' id='word_1_858' title='bbox 3597 4820 3656 4872; x_wconf 89' lang='lat' dir='ltr'><strong>et</strong></span> <span class='ocrx_word' id='word_1_859' title='bbox 3687 4822 3780 4874; x_wconf 81' lang='lat' dir='ltr'><strong>est</strong></span> 
     </span>
    </p>
   </div>
   <div class='ocr_carea' id='block_1_109' title="bbox 2108 4904 3776 4978">
    <p class='ocr_par' dir='ltr' id='par_1_109' title="bbox 2108 4904 3776 4978">
     <span class='ocr_line' id='line_1_109' title="bbox 2108 4904 3776 4978; baseline 0.001 -17"><span class='ocrx_word' id='word_1_860' title='bbox 2108 4905 2484 4978; x_wconf 79' lang='lat' dir='ltr'><strong>accipiendas</strong></span> <span class='ocrx_word' id='word_1_861' title='bbox 2506 4907 2566 4960; x_wconf 87' lang='lat' dir='ltr'><strong>in</strong></span> <span class='ocrx_word' id='word_1_862' title='bbox 2589 4905 2900 4978; x_wconf 82' lang='lat' dir='ltr'><strong>hymnis,id</strong></span> <span class='ocrx_word' id='word_1_863' title='bbox 2923 4904 3325 4972; x_wconf 89' lang='lat' dir='ltr'><strong>est,laudibus</strong></span> <span class='ocrx_word' id='word_1_864' title='bbox 3350 4923 3363 4962; x_wconf 88' lang='lat'><strong>:</strong></span> <span class='ocrx_word' id='word_1_865' title='bbox 3390 4905 3531 4978; x_wconf 89' lang='lat' dir='ltr'><strong>quia</strong></span> <span class='ocrx_word' id='word_1_866' title='bbox 3553 4922 3776 4978; x_wconf 87' lang='lat' dir='ltr'><strong>magna</strong></span> 
     </span>
    </p>
   </div>
   <div class='ocr_carea' id='block_1_110' title="bbox 2105 4993 3775 5071">
    <p class='ocr_par' dir='ltr' id='par_1_110' title="bbox 2105 4993 3775 5071">
     <span class='ocr_line' id='line_1_110' title="bbox 2105 4993 3775 5071; baseline -0.001 -20"><span class='ocrx_word' id='word_1_867' title='bbox 2105 4995 2238 5051; x_wconf 88' lang='lat' dir='ltr'><strong>laus</strong></span> <span class='ocrx_word' id='word_1_868' title='bbox 2266 4993 2368 5052; x_wconf 89' lang='lat' dir='ltr'><strong>Dei</strong></span> <span class='ocrx_word' id='word_1_869' title='bbox 2399 4998 2508 5062; x_wconf 90' lang='lat' dir='ltr'><strong>est,</strong></span> <span class='ocrx_word' id='word_1_870' title='bbox 2545 4993 2955 5066; x_wconf 88' lang='lat' dir='ltr'><strong>multiplicatio</strong></span> <span class='ocrx_word' id='word_1_871' title='bbox 2977 4993 3237 5051; x_wconf 82' lang='lat' dir='ltr'><strong>fidelium</strong></span> <span class='ocrx_word' id='word_1_872' title='bbox 3273 5011 3286 5050; x_wconf 89' lang='lat'><strong>:</strong></span> <span class='ocrx_word' id='word_1_873' title='bbox 3318 4997 3374 5051; x_wconf 90' lang='lat' dir='ltr'><strong>et</strong></span> <span class='ocrx_word' id='word_1_874' title='bbox 3403 4998 3495 5050; x_wconf 91' lang='lat' dir='ltr'><strong>est</strong></span> <span class='ocrx_word' id='word_1_875' title='bbox 3524 4995 3775 5071; x_wconf 84' lang='lat' dir='ltr'><strong>psalmus</strong></span> 
     </span>
    </p>
   </div>
   <div class='ocr_carea' id='block_1_111' title="bbox 2105 5082 3778 5156">
    <p class='ocr_par' dir='ltr' id='par_1_111' title="bbox 2105 5082 3778 5156">
     <span class='ocr_line' id='line_1_111' title="bbox 2105 5082 3778 5156; baseline -0.001 -15"><span class='ocrx_word' id='word_1_876' title='bbox 2105 5087 2332 5153; x_wconf 86' lang='lat' dir='ltr'><strong>cantici,</strong></span> <span class='ocrx_word' id='word_1_877' title='bbox 2359 5084 2415 5139; x_wconf 91' lang='lat' dir='ltr'><strong>id</strong></span> <span class='ocrx_word' id='word_1_878' title='bbox 2442 5087 2548 5152; x_wconf 90' lang='lat' dir='ltr'><strong>est,</strong></span> <span class='ocrx_word' id='word_1_879' title='bbox 2574 5083 2834 5156; x_wconf 86' lang='lat' dir='ltr'><strong>Operatio</strong></span> <span class='ocrx_word' id='word_1_880' title='bbox 2863 5083 3274 5141; x_wconf 87' lang='lat' dir='ltr'><strong>exsultationis</strong></span> <span class='ocrx_word' id='word_1_881' title='bbox 3299 5101 3311 5140; x_wconf 92' lang='lat'><strong>:</strong></span> <span class='ocrx_word' id='word_1_882' title='bbox 3335 5082 3474 5155; x_wconf 90' lang='lat' dir='ltr'><strong>quia</strong></span> <span class='ocrx_word' id='word_1_883' title='bbox 3494 5083 3625 5141; x_wconf 60' lang='lat' dir='ltr'><strong>hac</strong></span> <span class='ocrx_word' id='word_1_884' title='bbox 3641 5099 3778 5156; x_wconf 55' lang='lat' dir='ltr'><strong>ope.</strong></span> 
     </span>
    </p>
   </div>
   <div class='ocr_carea' id='block_1_112' title="bbox 2108 5171 3779 5245">
    <p class='ocr_par' dir='ltr' id='par_1_112' title="bbox 2108 5171 3779 5245">
     <span class='ocr_line' id='line_1_112' title="bbox 2108 5171 3779 5245; baseline -0.001 -16"><span class='ocrx_word' id='word_1_885' title='bbox 2108 5173 2224 5229; x_wconf 88' lang='lat' dir='ltr'><strong>rari</strong></span> <span class='ocrx_word' id='word_1_886' title='bbox 2253 5178 2310 5228; x_wconf 88' lang='lat' dir='ltr'><strong>et</strong></span> <span class='ocrx_word' id='word_1_887' title='bbox 2339 5173 2448 5228; x_wconf 93' lang='lat' dir='ltr'><strong>hoc</strong></span> <span class='ocrx_word' id='word_1_888' title='bbox 2473 5176 2697 5245; x_wconf 88' lang='lat' dir='ltr'><strong>optare,</strong></span> <span class='ocrx_word' id='word_1_889' title='bbox 2732 5189 3014 5244; x_wconf 79' lang='lat' dir='ltr'><strong>magnum</strong></span> <span class='ocrx_word' id='word_1_890' title='bbox 3037 5171 3779 5245; x_wconf 79' lang='lat' dir='ltr'><strong>gaudium.Ecclesiasup—</strong></span> 
     </span>
    </p>
   </div>
   <div class='ocr_carea' id='block_1_113' title="bbox 2107 5259 3777 5334">
    <p class='ocr_par' dir='ltr' id='par_1_113' title="bbox 2107 5259 3777 5334">
     <span class='ocr_line' id='line_1_113' title="bbox 2107 5259 3777 5334; baseline 0.001 -18"><span class='ocrx_word' id='word_1_891' title='bbox 2107 5261 2478 5334; x_wconf 88' lang='lat' dir='ltr'><strong>plicationem</strong></span> <span class='ocrx_word' id='word_1_892' title='bbox 2528 5278 2695 5318; x_wconf 90' lang='lat' dir='ltr'><strong>suam</strong></span> <span class='ocrx_word' id='word_1_893' title='bbox 2727 5261 3010 5334; x_wconf 88' lang='lat' dir='ltr'><strong>dirigens,</strong></span> <span class='ocrx_word' id='word_1_894' title='bbox 3051 5263 3121 5318; x_wconf 88' lang='lat' dir='ltr'><strong>ad</strong></span> <span class='ocrx_word' id='word_1_895' title='bbox 3154 5259 3470 5319; x_wconf 87' lang='lat' dir='ltr'><strong>necessarii</strong></span> <span class='ocrx_word' id='word_1_896' title='bbox 3506 5261 3777 5318; x_wconf 79' lang='lat' dir='ltr'><strong>nominis</strong></span> 
     </span>
    </p>
   </div>
   <div class='ocr_carea' id='block_1_114' title="bbox 2107 5351 3138 5417">
    <p class='ocr_par' dir='ltr' id='par_1_114' title="bbox 2107 5351 3138 5417">
     <span class='ocr_line' id='line_1_114' title="bbox 2107 5351 3138 5417; baseline -0.001 -9"><span class='ocrx_word' id='word_1_897' title='bbox 2107 5351 2288 5408; x_wconf 90' lang='lat' dir='ltr'><strong>currit</strong></span> <span class='ocrx_word' id='word_1_898' title='bbox 2319 5351 2623 5417; x_wconf 85' lang='lat' dir='ltr'><strong>auxilium,</strong></span> <span class='ocrx_word' id='word_1_899' title='bbox 2660 5351 2861 5407; x_wconf 90' lang='lat' dir='ltr'><strong>dicens</strong></span> <span class='ocrx_word' id='word_1_900' title='bbox 2895 5369 2908 5407; x_wconf 88' lang='lat'><strong>:</strong></span> <span class='ocrx_word' id='word_1_901' title='bbox 3127 5357 3138 5368; x_wconf 86' lang='lat'><em>‘</em></span> 
     </span>
    </p>
   </div>
   <div class='ocr_carea' id='block_1_115' title="bbox 2183 5439 3774 5514">
    <p class='ocr_par' dir='ltr' id='par_1_115' title="bbox 2183 5439 3774 5514">
     <span class='ocr_line' id='line_1_115' title="bbox 2183 5439 3774 5514; baseline -0.002 -15"><span class='ocrx_word' id='word_1_902' title='bbox 2183 5444 2323 5499; x_wconf 89' lang='lat' dir='ltr'><strong>Deus</strong></span> <span class='ocrx_word' id='word_1_903' title='bbox 2354 5441 2684 5496; x_wconf 87' lang='lat' dir='ltr'><strong>misereatur</strong></span> <span class='ocrx_word' id='word_1_904' title='bbox 2710 5441 2907 5495; x_wconf 75' lang='lat' dir='ltr'><strong>nostri.</strong></span> <span class='ocrx_word' id='word_1_905' title='bbox 2941 5440 3092 5497; x_wconf 83' lang='lat' dir='ltr'><strong>Bene</strong></span> <span class='ocrx_word' id='word_1_906' title='bbox 3121 5441 3278 5498; x_wconf 90' lang='lat' dir='ltr'><strong>enim</strong></span> <span class='ocrx_word' id='word_1_907' title='bbox 3302 5440 3465 5514; x_wconf 90' lang='lat' dir='ltr'><strong>prius</strong></span> <span class='ocrx_word' id='word_1_908' title='bbox 3499 5439 3774 5497; x_wconf 81' lang='lat' dir='ltr'><strong>misereri</strong></span> 
     </span>
    </p>
   </div>
   <div class='ocr_carea' id='block_1_116' title="bbox 2108 5528 3774 5604">
    <p class='ocr_par' dir='ltr' id='par_1_116' title="bbox 2108 5528 3774 5604">
     <span class='ocr_line' id='line_1_116' title="bbox 2108 5528 3774 5604; baseline -0.004 -16"><span class='ocrx_word' id='word_1_909' title='bbox 2108 5532 2273 5604; x_wconf 91' lang='lat' dir='ltr'><strong>petit,</strong></span> <span class='ocrx_word' id='word_1_910' title='bbox 2309 5529 2408 5603; x_wconf 89' lang='lat' dir='ltr'><strong>qui</strong></span> <span class='ocrx_word' id='word_1_911' title='bbox 2441 5529 2512 5585; x_wconf 91' lang='lat' dir='ltr'><strong>de</strong></span> <span class='ocrx_word' id='word_1_912' title='bbox 2535 5528 2760 5584; x_wconf 88' lang='lat' dir='ltr'><strong>meritis</strong></span> <span class='ocrx_word' id='word_1_913' title='bbox 2793 5545 2906 5584; x_wconf 91' lang='lat' dir='ltr'><strong>non</strong></span> <span class='ocrx_word' id='word_1_914' title='bbox 2934 5530 3257 5602; x_wconf 64' lang='lat' dir='ltr'><strong>praesumit.</strong></span> <span class='ocrx_word' id='word_1_915' title='bbox 3282 5530 3455 5586; x_wconf 88' lang='lat' dir='ltr'><strong>Prius</strong></span> <span class='ocrx_word' id='word_1_916' title='bbox 3477 5530 3640 5586; x_wconf 91' lang='lat' dir='ltr'><strong>enim</strong></span> <span class='ocrx_word' id='word_1_917' title='bbox 3663 5529 3774 5584; x_wconf 80' lang='lat' dir='ltr'><strong>fuit</strong></span> 
     </span>
    </p>
   </div>
   <div class='ocr_carea' id='block_1_117' title="bbox 2108 5616 3774 5693">
    <p class='ocr_par' dir='ltr' id='par_1_117' title="bbox 2108 5616 3774 5693">
     <span class='ocr_line' id='line_1_117' title="bbox 2108 5616 3774 5693; baseline -0.002 -17"><span class='ocrx_word' id='word_1_918' title='bbox 2108 5624 2174 5676; x_wconf 92' lang='lat' dir='ltr'><strong>ut</strong></span> <span class='ocrx_word' id='word_1_919' title='bbox 2204 5619 2580 5676; x_wconf 88' lang='lat' dir='ltr'><strong>misereretur</strong></span> <span class='ocrx_word' id='word_1_920' title='bbox 2609 5617 2961 5689; x_wconf 88' lang='lat' dir='ltr'><strong>errantibus,</strong></span> <span class='ocrx_word' id='word_1_921' title='bbox 2996 5623 3052 5674; x_wconf 91' lang='lat' dir='ltr'><strong>et</strong></span> <span class='ocrx_word' id='word_1_922' title='bbox 3101 5623 3303 5693; x_wconf 88' lang='lat' dir='ltr'><strong>postea</strong></span> <span class='ocrx_word' id='word_1_923' title='bbox 3336 5616 3774 5676; x_wconf 84' lang='lat' dir='ltr'><strong>benedictionis</strong></span> 
     </span>
    </p>
   </div>
   <div class='ocr_carea' id='block_1_118' title="bbox 2109 5705 3777 5784">
    <p class='ocr_par' dir='ltr' id='par_1_118' title="bbox 2109 5705 3777 5784">
     <span class='ocr_line' id='line_1_118' title="bbox 2109 5705 3777 5784; baseline -0.001 -17"><span class='ocrx_word' id='word_1_924' title='bbox 2109 5725 2228 5768; x_wconf 65' lang='lat' dir='ltr'><strong>sua</strong></span> <span class='ocrx_word' id='word_1_925' title='bbox 2259 5709 2413 5766; x_wconf 92' lang='lat' dir='ltr'><strong>dona</strong></span> <span class='ocrx_word' id='word_1_926' title='bbox 2460 5709 2783 5780; x_wconf 64' lang='lat' dir='ltr'><strong>praestaret.</strong></span> <span class='ocrx_word' id='word_1_927' title='bbox 2816 5705 3131 5767; x_wconf 85' lang='lat' dir='ltr'><strong>Cantemus</strong></span> <span class='ocrx_word' id='word_1_928' title='bbox 3180 5725 3316 5784; x_wconf 85' lang='lat' dir='ltr'><strong>ergo</strong></span> <span class='ocrx_word' id='word_1_929' title='bbox 3356 5709 3493 5780; x_wconf 87' lang='lat' dir='ltr'><strong>ista,</strong></span> <span class='ocrx_word' id='word_1_930' title='bbox 3527 5723 3777 5766; x_wconf 77' lang='lat' dir='ltr'><strong>oremus</strong></span> 
     </span>
    </p>
   </div>
  </div>
