4014 6194
188 300 298 364 481

1308 302 1915 369 ENARRATIONES
1960 300 2037 365 IN
2083 298 2467 368 PSALMOS.

3469 296 3590 373 482

187 445 533 507 exasperant,
564 436 622 492 id
654 440 760 505 est,
795 434 975 494 Deum
1034 439 1404 495 amariﬁcant
1471 441 1833 496 defendendo
1864 440 1915 506 Α
1947 455 2049 510 per
2076 438 2472 494 hazreditatem
2503 438 2817 512 apostolos,
2867 438 3088 512 primos
3146 439 3410 498 videlicet
3439 460 3588 514 pras-

185 530 422 596 peccata
445 543 573 581 sua.
605 526 707 595 Qui
737 527 882 582 tales
909 526 1159 583 habitant
1190 530 1249 583 in
1297 530 1581 601 sepulcris,
1633 530 1686 584 id
1720 532 1828 595 est,

175 614 300 683 jam
337 613 585 670 interius
612 615 827 671 mortui
849 616 1070 671 vivunt.
1094 616 1176 672 De
1203 618 1419 689 quibus
1451 619 1674 674 dictum
1703 623 1827 673 cst:

180 706 592 759 Peccatorcum
610 706 669 759 in
686 706 1029 777 profundum
1062 710 1290 773 venerit,
1323 710 1619 763 contemnit
1643 708 1830 777 (Prov.

181 801 369 871 xvm).
404 801 550 856 Nota
581 819 684 873 per
714 805 943 874 vinctos,
974 802 1106 858 illos
1129 803 1367 874 quijam
1397 804 1613 860 habent
1634 805 1835 859 volun-

185 894 367 945 tatem
391 890 767 962 respiciendi,
791 893 889 947 sed
915 892 1243 964 impediunt
1264 910 1362 948 eos
1378 893 1611 948 vincula
1635 910 1833 963 pecca-

183 983 381 1033 torum
416 996 486 1034 ne
518 986 856 1051 resurgant:
890 996 1020 1051 quas
1035 984 1216 1037 educit
1238 982 1522 1037 Dominus
1545 984 1603 1037 in
1620 983 1837 1053 fortitu-

192 1067 341 1132 dine,
375 1073 432 1123 et
464 1069 600 1123 facit
628 1086 726 1124 eos
760 1069 1085 1124 inhabitare
1142 1071 1199 1123 in
1260 1071 1432 1125 domo
1490 1088 1613 1126 sua.
1648 1070 1839 1125 Educit

199 1157 379 1212 etiam
410 1174 509 1213 eos
541 1157 641 1229 qui
675 1164 816 1212 sunt
843 1160 902 1212 in
935 1157 1223 1230 sepulcris,
1257 1159 1309 1213 id
1344 1163 1451 1228 est,
1484 1158 1613 1213 illos
1648 1155 1744 1231 qui
1776 1158 1835 1213 in

193 1247 451 1318 peccatis
481 1247 1039 1311 versantur,nullam
1067 1248 1344 1303 habentes
1374 1247 1730 1303 voluntatem
1755 1263 1838 1303 re-

192 1335 631 1407 surgendiﬂzsc
661 1337 777 1391 duo
795 1352 1008 1409 genera
1030 1342 1396 1408 peccatorum
1431 1338 1841 1408 significantur

191 1439 296 1496 per
327 1424 633 1480 mulierem
666 1426 865 1480 decem
913 1430 968 1481 et
1025 1431 1151 1481 octo
1208 1426 1377 1481 annis
1431 1425 1662 1481 diabolo
1695 1425 1838 1498 liga-

192 1520 335 1579 tam,
368 1517 427 1568 et
455 1514 688 1568 tandem
724 1532 757 1569 a
791 1515 1031 1569 Domino
1063 1515 1313 1569 solutam
1346 1517 1497 1584 (Luc.
1529 1516 1679 1585 xm),
1740 1531 1841 1585 per

195 1601 471 1656 Lazarum
504 1601 982 1673 quatriduanum,
1017 1606 1074 1657 et
1105 1619 1137 1657 a
1169 1603 1411 1657 Domino
1443 1603 1513 1657 de
1573 1601 1840 1673 sepulcro

191 1691 606 1745 resuscitatum
642 1693 819 1762 (Joan.
849 1693 949 1760 x1).
984 1691 1087 1746 Hic
1110 1691 1265 1746 idem
1288 1690 1570 1746 Dominus
1592 1692 1690 1759 qui
1723 1690 1843 1746 haec

1942 526 2251 590 dicatorcs,
2311 527 2529 599 quibus
2587 529 2922 602 specialiter
2977 529 3365 587 saluberrima
3396 532 3592 604 pluvia

1944 616 2053 670 fuit
2083 616 2290 681 divisa,
2324 620 2389 671 ut
2417 617 2562 673 alios
2623 620 2983 692 complueret
3039 619 3423 676 saluberrimo
3472 621 3589 676 im-

1941 706 2041 759 bre
2073 704 2251 759 divini
2300 705 2538 776 eloquii,
2593 706 2650 760 in
2710 709 2924 779 quibus
2983 709 3334 764 habitabant
3363 710 3589 765 anima-

1944 793 2021 847 lia
2094 793 2340 856 Domini,
2411 793 2608 848 fideles
2684 795 2951 851 videlicet
3020 814 3119 869 per
3174 815 3273 853 eos
3303 799 3587 868 conversi,

1943 882 2086 936 etin
2156 882 2239 937 eis
2308 900 2539 954 semper
2606 883 2887 939 habentes
2953 888 3109 941 unde
3176 887 3439 943 reficiant
3506 906 3587 944 se.

1946 979 2176 1034 Dictum
2210 984 2298 1035 est
2330 981 2481 1035 istud
2517 980 2587 1034 ad
2631 980 3081 1039 similitudinem
3149 985 3401 1056 alicujus
3446 1004 3591 1058 prer-

1946 1068 2275 1123 ordinantis
2306 1068 2496 1124 locum
2532 1074 2732 1140 aptum
2770 1070 2825 1124 in
2860 1072 3021 1126 curia
3078 1090 3205 1139 sua,
3266 1075 3368 1129 ubi
3416 1079 3596 1147 ponat

1946 1173 2241 1211 annonam
2276 1174 2464 1223 suam,
2498 1163 2553 1213 et
2586 1158 2682 1212 ubi
2717 1164 2918 1230 postea
2944 1165 3122 1231 ponat
3173 1162 3451 1218 animalia
3483 1182 3595 1220 nu-

1946 1246 2215 1300 trienda:
2251 1245 2373 1301 haec
2406 1248 2812 1317 praeordinavit
2862 1250 3141 1303 Dominus
3197 1251 3254 1305 in
3316 1252 3593 1309 Ecclesia.

1951 1333 2235 1389 Prmmisit
2260 1334 2552 1406 apostolos
2584 1334 2807 1390 salubri
2839 1337 2967 1390 cibo
3000 1337 3273 1408 repletos,
3294 1342 3595 1411 exquibus

1948 1422 2228 1478 animalia
2249 1440 2355 1478 sua
2376 1429 2673 1479 sumerent
2695 1425 2931 1479 cibaria.
2954 1425 3217 1481 Dicimus
3239 1426 3405 1483 aliter
3430 1447 3599 1503 supe-

1949 1511 2091 1567 rius.
2129 1512 2235 1580 Qui
2264 1511 2443 1566 educit
2474 1515 2678 1567 vinctos
2728 1516 2787 1567 in
2843 1514 3168 1583 fortz’lwline
3223 1517 3484 1574 similiter
3507 1535 3599 1574 eos

1949 1602 2046 1671 qui
2073 1604 2407 1671 exasperant
2426 1601 2519 1672 qui
2547 1602 2801 1656 habitant
2831 1604 2886 1655 in
2914 1604 3274 1673 sepulcris.Et
3315 1604 3422 1661 hoc
3448 1623 3593 1678 quo-

1952 1691 2124 1744 modo
2150 1688 2177 1742 ‘?
2210 1690 2369 1744 Terra
2398 1693 2542 1743 mota
2574 1695 2673 1756 est,
2697 1690 2750 1744 id
2785 1697 2893 1757 est,
2928 1692 3139 1745 terreni
3168 1694 3594 1751 movebuntur:

190 1778 489 1834 mirabilia
545 1784 819 1850 operatus
875 1785 965 1835 est
994 1780 1053 1833 in
1112 1781 1477 1851 corporibus,
1510 1779 1841 1834 mirabilius
1876 1811 1920 1874 Β
1952 1787 2005 1833 et
2032 1780 2141 1833 hoc
2164 1778 2311 1847 ideo,
2339 1779 2475 1850 quia
2497 1780 2619 1833 civ/2'
2649 1779 3022 1834 distillabunt
3057 1798 3087 1834 (ι
3116 1780 3264 1853 facie
3296 1783 3390 1837 Dei
3418 1784 3597 1850 Sinai,

193 1872 467 1940 operatur
497 1868 755 1939 quotidie
788 1868 845 1923 in
869 1869 1153 1924 moribus.
1189 1868 1513 1923 Mirabilius
1544 1869 1700 1923 enim
1733 1874 1839 1938 est,

195 1962 487 2012 mortuam
521 1958 778 2013 animam
809 1957 1122 2023 viviﬁcare,
1158 1974 1335 2029 quam
1360 1958 1639 2013 Lazarum
1667 1959 1737 2012 de
1760 1974 1845 2013 se-

204 2044 406 2116 pulcro
438 2052 723 2111 vocare,et
752 2047 811 2101 in
841 2046 1022 2101 vitam
1051 2047 1243 2101 carnis
1288 2052 1613 2101 restaurare
1638 2064 1651 2101 :
1688 2049 1843 2111 Deus,

203 2149 329 2188 cum
367 2134 698 2202 egredereris
728 2138 788 2189 in
813 2144 1099 2206 canspectu
1152 2134 1346 2206 populi
1401 2137 1506 2203 tui,
1556 2152 1681 2190 cum
1726 2152 1848 2206 per-

202 2225 478 2277 transires
509 2226 569 2277 in
598 2224 801 2279 deserto
833 2233 982 2278 terra
1036 2226 1183 2278 mota
1239 2228 1337 2279 est.
1400 2224 1542 2278 Ecce
1599 2223 1851 2296 qualiter

202 2310 399 2365 educit
426 2310 652 2366 vinctos
678 2316 731 2366 et
760 2313 818 2366 in
854 2311 1122 2383 sepulcro
1153 2313 1485 2368 habitantes
1509 2330 1522 2367 :
1546 2330 1682 2368 nam
1701 2322 1851 2367 terra

206 2405 350 2454 mota
380 2404 483 2469 est,
517 2400 573 2454 id
607 2406 713 2466 est,
774 2402 989 2456 terreni
1048 2402 1456 2467 movebuntur,
1515 2419 1648 2457 cum
1699 2407 1784 2473 tu,
1819 2419 1850 2457 o

208 2487 379 2558 Deus,
412 2488 729 2559 egredieris
790 2492 847 2543 in.
902 2494 1186 2561 conspectu
1232 2490 1430 2562 populi
1483 2494 1571 2545 tui
1625 2492 1679 2545 id
1740 2496 1848 2559 est,

212 2600 344 2639 cum
378 2601 480 2656 per
509 2585 664 2639 bona
694 2601 869 2657 opera
900 2586 1243 2659 intelligeris
1275 2605 1402 2643 esse
1434 2589 1490 2642 in
1524 2589 1726 2643 notitia
1747 2606 1849 2660 po-

210 2673 327 2743 puli
362 2673 466 2728 tui.
500 2674 665 2728 Tunc
697 2673 851 2728 enim
886 2675 1038 2730 Deus
1070 2676 1400 2747 egredietur
1430 2678 1487 2731 in
1533 2682 1847 2748 conspectu

208 2760 425 2834 populi,
459 2763 693 2833 quando
728 2763 851 2833 ipse
883 2763 1137 2835 populus
1167 2766 1250 2819 sic
1278 2769 1572 2837 Operatur,
1600 2771 1664 2820 ut
1695 2767 1848 2822 Deus

209 2851 339 2905 inde
370 2849 745 2923 glorificatur.
781 2851 909 2906 Cum
952 2851 1357 2923 pertransieris
1416 2855 1476 2908 in
1523 2855 1759 2922 deserto,
1789 2855 1843 2909 id

208 2944 314 3003 est,
338 2955 472 2993 cum
496 2940 754 3010 undique
778 2942 833 2993 in
858 2940 1123 2995 notitiam
1156 2940 1416 3012 gentium
1450 2942 1851 2998 deduceris.Et

207 3028 313 3083 hoc
344 3029 634 3099 quomodo
666 3029 805 3083 fiet?
838 3029 982 3083 Nam
1012 3029 1141 3084 caeli
1180 3031 1614 3091 distillaverunt.
1647 3032 1703 3086 id
1736 3038 1846 3104 est,

208 3117 453 3189 apostoli
484 3115 857 3172 distillabunt
885 3135 917 3172 a
943 3121 1087 3188 facie
1111 3120 1209 3173 Dei
1237 3118 1417 3186 Sinai,
1448 3119 1506 3173 id
1538 3124 1645 3186 est,
1682 3137 1715 3174 a
1746 3137 1845 3175 co-

1955 1885 1987 1923 α
2016 1869 2159 1937 facie
2187 1869 2284 1922 Dei
2314 1868 2514 1923 Israel.
2550 1868 2618 1921 Et
2641 1869 2778 1933 quid
2803 1867 3173 1924 distillabunt
3192 1870 3218 1924 ‘?
3239 1872 3493 1927 Pluviam
3514 1888 3599 1929 v0-

1956 1958 2462 2028 luntariam,quam
2487 1962 2569 2025 tu,
2602 1958 2758 2023 Deus,
2779 1958 3083 2028 segregabis
3114 1958 3429 2015 haereditati
3455 1970 3595 2018 (uie:

1957 2058 2014 2107 et
2044 2054 2163 2107 haec
2195 2053 2393 2107 omnia
2423 2070 2537 2108 non
2561 2070 2687 2108 esse
2716 2054 3147 2125 repentina,sed
3173 2055 3311 2111 olim
3338 2060 3600 2131 praeﬁgu-

1960 2146 2103 2196 rata.
2135 2142 2281 2196 Nam
2315 2147 2396 2213 tu,
2432 2141 2606 2209 Deus,
2640 2143 2759 2197 haec
2791 2144 2988 2198 omnia
3022 2145 3427 2216 preefigurasti,
3476 2164 3604 2202 cum

1956 2229 2291 2298 egredereris
2323 2232 2377 2284 in
2410 2236 2691 2302 conspectu
2723 2233 2917 2303 papuli
2946 2233 3294 2295 tui,.ludaici
3315 2234 3600 2302 videlicet,

1959 2320 2258 2375 educendo
2288 2319 2482 2391 ipsum
2516 2319 2797 2391 pOpulum
2831 2321 2901 2375 de
2940 2322 3209 2393 Egypto,
3272 2325 3603 2394 precedens

1960 2410 2157 2480 ipsum
2190 2408 2245 2462 in
2278 2408 2371 2463 die
2401 2408 2457 2462 in
2491 2408 2765 2463 columna
2797 2409 2991 2479 nubis,
3024 2416 3079 2464 et
3106 2412 3163 2464 in
3197 2416 3360 2467 nocte
3390 2412 3450 2468 in
3507 2429 3604 2469 co-

1960 2497 2165 2552 lumna
2221 2497 2373 2569 ignis
2432 2497 2619 2567 (Exod.
2652 2515 2774 2563 xm,
2808 2499 2921 2569 xxv)
2950 2517 2967 2551 :
2996 2498 3334 2570 significans
3365 2519 3467 2572 per
3508 2519 3602 2558 co-

1959 2585 2225 2640 lumnam
2261 2585 2452 2651 nubis,
2486 2602 2613 2656 quae
2647 2587 2703 2639 in
2736 2587 2827 2639 die
2860 2588 3236 2657 praecessit,te
3267 2591 3469 2646 mitem
3501 2592 3603 2647 ad-

1958 2679 2268 2729 venturum
2304 2674 2359 2727 in
2384 2673 2607 2745 judicio
2639 2673 2756 2728 illis
2779 2675 2875 2746 qui
2900 2679 3039 2729 sunt
3061 2676 3117 2730 in
3152 2678 3264 2747 die,
3292 2678 3345 2732 id
3370 2680 3605 2747 est,illis

1959 2762 2173 2834 quibus
2196 2761 2519 2817 refulsitsol
2538 2763 2783 2833 justitia:
2802 2782 2813 2819 :
2832 2781 2932 2835 per
2946 2764 3277 2821 columnam
3294 2767 3602 2841 ignis,quas

1958 2851 2021 2905 in
2056 2856 2224 2906 nocte
2255 2852 2572 2923 praecessit,
2606 2851 2969 2923 significatur
2992 2852 3287 2910 horribilis
3321 2857 3605 2913 adventus

1958 2941 2185 2995 Domini
2222 2940 2291 2993 ad
2325 2940 2473 3009 illos,
2510 2941 2607 3011 qui
2642 2941 2774 3011 plus
2808 2946 3006 2996 amant
3024 2945 3293 2999 tenebras
3321 2962 3495 3016 quam
3520 2946 3604 3002 lu-

1959 3029 2274 3092 ccm.Quod
2298 3029 2582 3083 deductus
2596 3035 2685 3083 est
2707 3030 2959 3101 populus
2977 3048 3080 3101 per
3100 3032 3604 3108 desertum,signi-

1959 3117 2171 3171 ficabat
2204 3118 2518 3171 Ecclesiam
2552 3119 2606 3171 in
2641 3117 2749 3172 hoc
2783 3120 3022 3184 mundo,
3058 3122 3226 3191 quasi
3281 3122 3340 3176 in
3372 3125 3602 3181 deserto

206 3173 467 3278 ghitione
496 3206 596 3261 Dei
628 3206 821 3262 dantis
850 3173 1036 3279 legem
1064 3206 1123 3260 in
1183 3207 1343 3262 Sinai
1374 3225 1386 3272 ;
1448 3212 1503 3262 et
1560 3210 1706 3278 [acie
1754 3209 1851 3264 Dei
1879 3173 1921 3238 C
1960 3205 2216 3260 habitam
2238 3210 2408 3271 ;tunc
2430 3215 2577 3259 terra
2593 3214 2735 3260 mota
2753 3211 2831 3260 est
2853 3173 3193 3277 materiiilis,
3219 3211 3600 3282 praeﬁgurans

208 3296 397 3365 Israel,
431 3313 545 3351 non
580 3295 755 3351 Israel
786 3296 1110 3350 secundum
1129 3296 1492 3359 carnem,sed
1512 3296 1628 3349 veri
1649 3297 1845 3363 Israel,

204 3392 538 3465 recipientis
569 3392 817 3464 gratiam
851 3397 906 3447 et
936 3409 1051 3447 non
1088 3392 1496 3463 praisumentis
1527 3392 1598 3445 de
1629 3391 1848 3446 carnali

204 3482 592 3547 observantia,
625 3482 763 3553 quia
795 3482 1078 3553 scriptum
1111 3486 1197 3535 est
1224 3497 1235 3534 :
1272 3479 1707 3535 Benedictionem
1751 3481 1849 3535 da-

206 3573 301 3635 bit,
334 3572 436 3643 qui
470 3570 655 3642 legem
689 3571 847 3625 dedit
906 3571 1076 3641 (Psal.
1137 3569 1393 3641 LXXXIII.)
1441 3569 1545 3633 Qui
1579 3569 1739 3624 dedit
1770 3569 1848 3624 le-

202 3676 335 3732 gem
368 3676 495 3731 qua:
526 3664 737 3715 terreat
766 3661 837 3714 de
869 3676 930 3714 se
964 3665 1435 3731 presumentem,
1470 3659 1632 3713 dabit
1670 3660 1849 3714 bene-

202 3749 517 3805 dictionem
551 3766 677 3821 qua:
711 3748 916 3803 liberet
947 3748 1004 3802 in
1064 3765 1125 3803 se
1183 3754 1535 3820 sperantem.
1594 3750 1849 3804 Pluviam

200 3840 573 3894 voluntariam
602 3840 926 3909 segregabis,
960 3839 1117 3906 Deus,
1179 3838 1493 3893 hmreditali
1548 3842 1677 3894 tum.
1728 3842 1847 3891 Hoc

200 3928 612 3983 distillaverunt
642 3928 770 3982 cwli
788 3947 806 3981 :
829 3928 1077 3997 pluviam
1107 3928 1506 3991 voluntariam,
1533 3927 1587 3981 id
1613 3932 1721 3993 est,
1743 3928 1852 3983 im-

200 4017 366 4072 brem
398 4017 556 4071 verbi
614 4015 734 4086 Dei,
758 4014 1082 4070 voluntarie
1100 4020 1154 4069 et
1177 4017 1287 4069 non
1308 4032 1410 4087 per
1428 4016 1637 4069 merita
1654 4015 1848 4070 homi-

200 4123 346 4161 num
362 4106 910 4175 attributam,quam
935 4102 1191 4175 pluviam
1209 4104 1519 4173 segregabis
1532 4102 1849 4159 haereditaiz

195 4199 312 4252 tua:
342 4213 355 4261 ;
385 4195 442 4249 id
467 4199 575 4262 est,
598 4194 715 4249 tuis
739 4193 939 4249 electis
962 4196 1193 4247 tantum
1227 4191 1388 4247 illam
1412 4191 1664 4264 pluviam
1698 4208 1851 4248 com-

200 4284 533 4351 mendabis,
571 4284 708 4356 quia
738 4300 852 4338 non
882 4285 970 4335 est
1003 4280 1270 4336 omnium
1303 4279 1468 4335 fides.
1493 4281 1554 4333 Et
1571 4280 1851 4349 inﬁrmata

194 4382 297 4445 est,
329 4373 641 4428 hereditas
673 4370 893 4427 scilicet
928 4384 1349 4441 recognoscens
1377 4373 1613 4439 peccata
1635 4384 1763 4435 sua,
1794 4372 1851 4423 et

197 4462 349 4517 nihil
383 4463 495 4517 sibi
528 4461 907 4516 tribuendum
939 4458 1198 4513 sentiens
1230 4457 1359 4528 ipsa
1387 4455 1685 4510 inﬁrmata
1716 4461 1805 4511 est
1828 4474 1849 4517 ,ο

1958 3297 2173 3348 terram
2192 3290 2555 3363 spiritualcm
2580 3310 2680 3363 pro
2701 3299 2933 3364 peccato
2958 3312 3063 3350 suo
3091 3313 3219 3351 esse
3238 3314 3607 3356 commoven-

1959 3381 2113 3434 dam.
2149 3378 2292 3435 Cceli
2320 3380 2628 3434 exteriores
2658 3385 2795 3436 tunc
2813 3382 3467 3441 distillaveruntmanna
3483 3403 3605 3442 om-

1962 3468 2051 3522 nis
2084 3468 2310 3539 saporis
2343 3468 2622 3533 cibum,et
2651 3468 2776 3522 caeli
2803 3475 2935 3541 post
2963 3470 3269 3528 interiores
3292 3473 3602 3532 distillave-

1960 3561 2089 3611 runt
2105 3557 2345 3611 verbum
2365 3556 3013 3625 divinum,notiticando
3029 3559 3321 3617 Christum
3345 3563 3606 3621 incarna-

1960 3651 2107 3712 tum,
2140 3645 2331 3701 omnis
2363 3644 2587 3716 saporis
2617 3645 2813 3700 cibum
2846 3646 3321 3716 saluberrimum,
3377 3651 3447 3707 de
3489 3669 3602 3724 quo

1958 3744 1973 3797 i
1982 3760 2083 3815 pse
2113 3747 2382 3798 testatur.
2418 3743 2652 3814 Sanguis
2680 3760 2832 3798 meus
2861 3761 3025 3799 verus
3056 3750 3133 3801 est
3156 3750 3343 3817 polus,
3400 3753 3450 3804 et
3478 3765 3604 3805 caro

1957 3848 2078 3886 mea
2108 3848 2233 3887 vere
2260 3841 2337 3887 est
2367 3832 2519 3887 cibus
2550 3833 2730 3901 (Joan.
2760 3833 2861 3904 vx).
2897 3834 3459 3892 Stillaveruntetiam
3481 3839 3605 3893 cceli

1961 3921 2185 3994 Moyses
2208 3925 2263 3975 et
2293 3921 2390 3975 alii
2414 3922 2662 3992 pluviam
2694 3923 3086 3989 voluntariam,
3121 3923 3305 3996 legem
3337 3926 3605 3983 videlicet

1959 4010 2018 4064 in
2050 4016 2150 4064 tua
2167 4010 2423 4080 gratuita
2438 4010 2735 4063 voluntate
2757 4011 2976 4065 datam.
2998 4013 3182 4075 Quam
3206 4014 3391 4086 legem
3414 4033 3604 4089 segre-

1960 4099 2107 4170 gasti
2132 4098 2445 4153 heereditati
2471 4098 2854 4162 tuae,.ludaico
2879 4099 3145 4156 videlicet
3167 4104 3409 4175 populo;
3432 4110 3482 4161 et
3512 4124 3599 4161 in-

1959 4189 2173 4257 ﬁrmata
2203 4194 2281 4240 est
2309 4184 2527 4255 pluvia,
2562 4187 2617 4241 id
2645 4192 2752 4256 est,
2785 4186 2874 4243 lex
2905 4189 3053 4261 ipsa,
3088 4193 3187 4247 sed
3220 4198 3282 4247 tu
3322 4196 3605 4265 per/ecisti

1959 4292 2081 4331 eam
2104 4294 2121 4329 :
2154 4274 2243 4330 lex
2273 4275 2704 4341 inﬁrmabatur,
2728 4279 2962 4348 quando
2984 4278 3391 4335 intellexerunt
3411 4282 3600 4336 homi-

1962 4381 2062 4419 nes
2094 4361 2454 4435 impossibilc
2484 4380 2611 4419 esse
2637 4363 2891 4436 aliquem
2910 4366 3118 4421 salvari
3151 4366 3447 4438 perlegam
3472 4384 3604 4424 car-

1960 4452 2169 4507 naliter
2197 4450 2766 4515 intellectam.Quam
2801 4454 3115 4524 perfectam
3145 4454 3279 4508 fecit
3300 4455 3600 4526 Dominus,

194 4571 258 4617 ιιι
289 4576 433 4625 vero,
459 4559 567 4614 hoc
598 4563 707 4625 est,
740 4558 798 4612 in
831 4558 911 4613 rei
942 4556 1202 4623 veritate,
1235 4571 1361 4610 eam
1392 4554 1708 4626 perfectam
1766 4554 1843 4609 fe-
1875 4538 1923 4601 D
1955 4542 2238 4596 mutando
2256 4556 2383 4595 eam
2408 4556 2475 4594 ex
2497 4540 2714 4594 carnali
2738 4540 3113 4595 intellectuin
3130 4541 3604 4613 spiritualem:et

194 4650 354 4704 cisti.
392 4647 553 4703 Unde
583 4646 931 4719 Apostolus:
967 4646 1073 4713 Qui
1115 4646 1221 4716 fui,
1271 4644 1482 4715 inquit,
1540 4650 1850 4714 persecutor

191 4747 251 4794 et
294 4738 660 4809 blasphemus,
712 4735 801 4791 sed
860 4732 1296 4789 misericordiam
1356 4740 1671 4787 consecutus
1726 4748 1851 4787 sum

192 4829 246 4898 (ι
276 4828 410 4882 Tim.
446 4832 505 4887 ι).
564 4824 667 4881 Vel
718 4825 801 4879 sic
860 4823 1143 4892 inﬁrmata
1201 4825 1281 4876 est
1338 4820 1629 4876 haereditas
1685 4821 1745 4875 in
1788 4838 1849 4877 se

195 4915 507 4970 tolerando
540 4913 970 4977 tribulationes,
1002 4919 1060 4966 tu
1088 4925 1215 4965 vero
1244 4907 1605 4963 confirmasti
1635 4925 1779 4979 eam,
1795 4911 1852 4964 et

198 5006 287 5060 sic
321 5004 639 5079 perfectam
673 4999 979 5058 reddidisti
1011 5015 1023 5053 :
1059 5014 1196 5053 nam
1226 4999 1398 5053 virtus
1427 4999 1484 5051 in
1529 4997 1854 5066 inﬁrmitate

190 5093 495 5165 perﬁcitur
525 5094 596 5164 (Ιι
629 5096 749 5149 Cor.
780 5090 903 5160 xu).
954 5088 1219 5143 Pluviam
1250 5086 1619 5141 voluntariam
1674 5100 1849 5155 segre-

194 5184 383 5255 gabis,
418 5186 587 5249 Deus,
623 5180 936 5237 ha’reditati
962 5181 1093 5247 tuae,
1125 5178 1185 5230 in
1210 5192 1325 5246 qua
1342 5174 1678 5229 haereditate
1694 5174 1850 5228 habi-

196 5272 398 5327 tabant
424 5271 696 5325 animalia
724 5274 845 5336 tua,
879 5284 996 5322 non
1027 5263 1280 5335 amplius
1302 5279 1439 5317 sua:
1463 5262 1567 5316 tibi
1593 5262 1850 5327 subdita,

196 5376 316 5415 non
353 5358 467 5414 sibi
500 5358 701 5414 libera.
737 5358 805 5413 Et
833 5357 941 5431 hoc
998 5351 1337 5425 quomodo?
1388 5350 1535 5404 Nam
1593 5356 1658 5404 tu
1688 5351 1849 5416 Deus,

190 5450 421 5520 parasti
448 5445 923 5518 illam,subaudis
944 5440 1362 5506 hereditatem,
1378 5439 1632 5509 pauperi,
1659 5442 1716 5492 et
1735 5453 1852 5493 non

196 5536 410 5604 diviti;
445 5535 659 5610 egenti,
692 5551 807 5590 non
829 5532 942 5589 sibi
964 5525 1317 5588 sufficienti:
1351 5530 1407 5581 et
1441 5526 1549 5580 hoc
1577 5527 1637 5581 in
1666 5523 1851 5581 dulce-

196 5624 351 5703 (ΗΜ,
384 5622 447 5687 id
477 5628 585 5700 est,
617 5624 678 5685 in
707 5625 812 5684 tua
839 5619 1051 5705 gratia,
1084 5622 1138 5679 et
1170 5613 1393 5679 nullius
1423 5612 1650 5677 merito.
1706 5612 1861 5678 Nota

1958 4630 2039 4686 sic
2063 4630 2218 4701 quod
2246 4628 2499 4684 carnalis
2521 4628 2889 4683 observantia
2914 4646 3029 4684 non
3052 4630 3260 4701 potuit,
3284 4631 3392 4687 hoc
3412 4635 3604 4706 gratia

1957 4717 2265 4791 supplevit.
2296 4718 2583 4789 Perfecisti
2604 4716 3038 4782 eam,subaudis
3059 4716 3314 4789 pluviam
3344 4743 3357 4788 ;
3381 4726 3438 4777 et
3457 4725 3518 4777 in
3537 4740 3603 4779 ea

1959 4808 2213 4878 perfecta
2241 4807 2569 4862 habitabant
2595 4805 2864 4860 animalia
2922 4813 3039 4860 tua.
3097 4811 3164 4861 Et
3215 4810 3419 4866 merito
3450 4814 3510 4867 in
3535 4828 3603 4868 ea

1960 4895 2305 4951 habitabant.
2338 4895 2485 4949 Nam
2515 4899 2600 4959 tu,
2636 4899 2806 4959 Deus,
2828 4895 3126 4964 parasti,id
3152 4902 3262 4969 est,
3286 4900 3599 4970 perfectam

1959 4992 2148 5048 fecisti
2173 4992 2360 5065 ipsam
2384 4991 2638 5063 pluviam
2657 4994 2907 5062 pauperi,
2940 4993 2996 5046 id
3029 4997 3137 5059 est,
3169 4994 3241 5049 ad
3273 5010 3421 5066 opus
3448 5011 3600 5066 pau-

1961 5081 2114 5153 peris
2145 5080 2231 5135 tui
2259 5099 2276 5132 :
2308 5084 2365 5135 et
2394 5079 2503 5134 hoc
2534 5081 2591 5133 in
2622 5079 2905 5135 dulcedine
2934 5084 3049 5149 tua,
3083 5097 3198 5135 non
3232 5081 3289 5135 in
3322 5082 3599 5153 pauperis

1961 5169 2189 5224 merito.
2220 5167 2287 5221 Et
2311 5166 2419 5221 hoc
2444 5167 2618 5221 modo
2637 5170 2873 5238 parasti.
2905 5168 3191 5231 Dominus,
3215 5168 3407 5238 Pater,
3434 5170 3600 5227 dabit

1959 5256 2714 5323 verbumevangelizantibus
2734 5259 2936 5311 virtute
2953 5256 3150 5321 multa,
3181 5255 3240 5311 id
3270 5262 3379 5329 est,
3411 5258 3599 5315 multa

1961 5344 2309 5408 constantia,
2342 5342 2544 5397 multis
2575 5342 2792 5414 signis;
2821 5344 2987 5413 juxta
3015 5343 3159 5398 illud
3185 5361 3197 5399 :
3258 5344 3484 5401 Domina
3506 5361 3597 5402 eo-

1960 5436 2222 5504 operante
2248 5439 2301 5487 et
2324 5446 2629 5486 sermonem
2658 5433 3019 5501 conﬁrmante
3050 5434 3394 5502 sequentibus
3421 5436 3597 5505 signis

1961 5522 2142 5595 (Marc.
2172 5520 2308 5590 xu).
2340 5519 2486 5574 Nota
2516 5519 2656 5591 quia
2711 5519 2997 5576 Dominus
3055 5520 3327 5592 promisit
3353 5521 3593 5585 verbum

1960 5606 2658 5686 magelisantibus,cum
2682 5607 2827 5671 dixit
2848 5624 2862 5672 :
2886 5608 3039 5671 Dum
3062 5607 3338 5674 Iteterltis
3356 5614 3490 5675 ante
3508 5622 3595 5684 Νη
