4014 6194
417 289 537 352 483

992 287 1294 354 REMIGll
1335 288 2090 356 ANTISSIODORENSIS
2136 291 2308 357 OPP.
2356 296 2557 357 PARS
2605 295 2650 356 Ι.
2683 326 2759 338 --
2791 288 3258 356 EXEGETICA.

3701 292 3843 354 484

416 439 520 497 ges
548 423 748 494 (Marc.
781 424 1081 494 xxm),etc.
1110 425 1370 481 Dominus
1397 426 1551 482 dabit
1581 425 1805 481 verbum
1836 442 2064 496 evange-
2095 429 2147 495 Α
2179 428 2312 484 talis
2346 429 2570 501 rapitur
2600 428 2657 483 in
2691 429 2902 483 fluctus
2924 432 2979 482 et
2998 427 3052 482 in
3087 423 3305 498 ﬂagitia
3327 439 3574 496 queque
3594 421 3836 478 deside-

417 512 720 568 lizantibus
744 529 757 568 :
783 511 1067 568 Dominus
1088 512 1346 584 dico,re:c
1367 517 1636 570 virtutum
1657 515 1840 571 dilecti
1861 515 2066 571 dilecti.

416 600 564 668 Quid
597 600 674 657 sit
693 601 804 656 iste
840 601 1090 658 dilectus
1111 602 1370 659 innotuit
1401 608 1644 675 paterna
1671 621 1801 669 vox,
1836 603 2069 660 dicens:

298 775 303 783 ί
415 701 516 757 llic
542 703 623 756 est
650 700 826 756 Filius
857 716 1009 754 meus
1036 699 1284 769 dilectus,
1317 703 1378 756 in
1408 717 1513 772 quo
1559 703 1706 757 mihi
1762 703 1894 758 bene
1922 717 2066 758 com-

410 790 604 862 placui
631 789 849 861 (Matth.
891 789 976 861 Ill)
1003 809 1022 853 ε
1052 788 1295 844 virtutes
1327 789 1498 845 istius
1531 789 1726 846 dilecti
1757 795 1898 846 sunt
1928 807 2066 862 apo-

415 876 551 934 stoli
577 876 879 948 ceterique
911 878 1342 949 praedicatores,
1376 877 1521 933 alios
1543 879 1832 934 virtuosos
1858 877 1918 932 in
1953 878 2067 933 fide

415 966 714 1023 facientes.
738 966 1022 1039 Repetitio
1037 966 1601 1039 nominis,magnam
1626 967 1797 1022 ﬁdem
1823 971 1880 1021 et
1898 967 2065 1021 devo~

413 1055 634 1112 tionem
652 1071 789 1128 erga
809 1055 1092 1110 dilectum
1117 1055 1369 1110 ostendit
1391 1054 1938 1128 prophetantisﬂex
1958 1057 2068 1111 vir-

411 1149 594 1202 tutum
622 1143 834 1212 dilecti,
865 1149 923 1199 et
947 1143 1111 1200 electi
1145 1143 1452 1214 subaudis,
1484 1143 1731 1200 dividere
1784 1144 1980 1216 spolia,
2005 1143 2062 1198 id

412 1239 500 1290 est
521 1251 708 1307 genus
730 1233 1057 1289 humanum
1083 1249 1116 1287 a
1141 1232 1305 1288 fortis
1328 1232 1535 1288 armati
1563 1233 1899 1305 captivitate
1919 1232 2064 1288 libe-

412 1327 626 1377 ratum.
664 1321 730 1376 Et
757 1320 852 1376 cui
883 1321 1081 1376 divisit
1107 1320 1134 1375 ?
1159 1319 1374 1392 Speciei
1403 1321 1615 1390 domus,
1650 1321 1708 1376 id
1735 1325 1846 1389 est,
1869 1321 1941 1376 ad
1963 1321 2062 1376 de-

413 1427 604 1468 corem
636 1410 903 1466 Ecclesia:
935 1426 1074 1464 suae.
1111 1409 1382 1478 Quosdam
1412 1411 1570 1465 enim
1606 1410 1742 1466 fecit
1770 1410 2058 1483 apostolos,

412 1502 680 1575 quosdam
703 1499 1014 1571 prophetas,
1043 1499 1188 1555 alios
1209 1515 1331 1555 vero
1351 1500 1734 1570 ,evangelistas
1752 1499 1922 1572 (Eph.
1956 1502 2063 1568 Iv),

413 1606 480 1646 ex
510 1589 628 1644 illis
657 1589 717 1644 in
751 1589 967 1660 quibus
991 1587 1155 1643 fortis
1178 1595 1440 1644 armatus
1471 1589 1819 1644 confidebat.
1852 1587 1913 1644 Si
1938 1587 2059 1643 dor-

411 1681 598 1735 miatis
628 1680 779 1734 inter
806 1677 1007 1732 medios
1035 1678 1225 1732 cleros.
1251 1677 1540 1734 Convertit
1561 1695 1623 1734 se
1645 1677 1716 1733 ad
1739 1676 2058 1748 auditores,

413 1768 692 1824 utincitet
711 1783 808 1822 eos
834 1766 904 1821 ad
929 1766 1468 1866 evangelizandum.
1485 1766 2061 1866 QuasidicatzDomi-
2088 1800 2137 1866 Β

410 1875 516 1914 nus
534 1856 686 1912 dabit
703 1857 924 1912 verbum
935 1855 1763 1926 evangelisantibugprioribus
1787 1853 2056 1911 videlicet

411 1947 471 2004 in
501 1945 758 2002 Ecclesia
787 1963 799 2001 :
832 1950 890 2000 et
921 1961 1036 2000 non
1061 1949 1290 1999 tantum
1318 1943 1454 2010 illis,
1480 1945 1579 2000 sed
1601 1944 1776 2000 etiam
1798 1943 1982 2012 vobis,
2005 1945 2057 2000 si

413 2037 704 2092 dormiatis
735 2036 878 2090 inter
930 2034 1132 2090 medios
1188 2034 1381 2098 cleros,
1425 2033 1481 2088 id
1515 2037 1622 2104 est,
1658 2032 1707 2088 si
1739 2033 2057 2105 quiescatis

412 2127 561 2181 inter
590 2125 704 2180 duo
736 2127 1232 2191 testamenta,non
1257 2123 1592 2179 recedentes
1617 2122 1688 2178 ab
1710 2122 2057 2178 auctoritate

412 2213 644 2270 illorum
673 2231 686 2280 ;
723 2213 824 2268 sed
857 2211 1138 2285 quidquid
1171 2215 1364 2267 ortum
1400 2213 1594 2278 fuerit,
1617 2210 1963 2267 auctoritate
1991 2209 2058 2264 il-

410 2303 599 2360 lorum
643 2302 893 2358 duorum
926 2306 1410 2358 testamentorum
1441 2300 1842 2367 conﬁrmetur,
1878 2303 1944 2354 ut
1974 2300 2058 2355 sic

413 2393 604 2449 omnis
636 2391 927 2448 contentio
946 2390 1260 2462 tranquilla
1290 2408 1429 2462 pace
1462 2389 1718 2446 finiatur.
1752 2389 1901 2446 Nota
1923 2388 2057 2445 etle-

413 2487 571 2538 ctum
586 2481 679 2536 hic
695 2479 830 2552 poni
848 2497 950 2552 pro
963 2497 1066 2536 cau
1076 2479 1710 2536 sa.Testamentaenim
1731 2483 1868 2534 sunt
1883 2494 2061 2534 causa

415 2567 617 2622 dandae
631 2567 1141 2638 haereditatis,qua
1155 2566 1462 2622 haereditas
1481 2566 1575 2620 hic
1595 2565 1947 2637 intelligitur
1959 2582 2062 2638 per

413 2653 619 2711 cleros.
650 2656 1003 2711 Cleronomia
1031 2655 1187 2710 enim
1220 2655 1437 2720 Graece,
1468 2655 1672 2709 Latine
1713 2654 2018 2711 hzreditas
2041 2671 2060 2709 :

415 2753 550 2808 inde
593 2751 1518 2817 cleronomos,haeres.Hazreditas
1532 2755 1723 2807 autem
1740 2751 1882 2824 quia
1897 2750 2060 2806 nulla

415 2841 725 2907 datur,nisi
742 2856 916 2912 quem
933 2845 1286 2895 testamenta
1299 2839 1659 2908 notant,ideo
1673 2856 1776 2911 per
1786 2838 1972 2895 cleros
1984 2844 2064 2894 te-

415 2935 708 2988 stamenta
726 2929 1318 3001 intelliguntur:quod
1342 2929 1519 2983 efﬁcit
1538 2933 1595 2984 et
1612 2928 1766 3000 quod
1783 2928 2057 2996 efficitur;

415 3019 572 3092 quod
598 3017 772 3074 dicit:
797 3017 859 3073 Si
886 3017 1176 3072 dormiatis
1202 3019 1346 3072 inter
1366 3017 1573 3073 medios
1584 3016 1762 3072 cteros
1784 3034 1796 3072 :
1815 3033 1917 3072 vos
1931 3015 2062 3071 dico

415 3109 728 3166 existentes
745 3107 939 3179 penna
959 3107 1243 3176 columbae,
1277 3106 1334 3161 id
1369 3111 1476 3176 est,
1511 3105 1777 3162 Ecclesiae
1811 3122 1941 3177 quae
1973 3109 2065 3161 est

419 3197 713 3264 columba,
748 3195 889 3268 quia
916 3194 1171 3251 innocua
1199 3199 1258 3251 et
1287 3195 1413 3250 sine
1445 3193 1576 3250 felle
1606 3193 2057 3264 amaritudinis;

415 3286 675 3343 columbae
705 3285 854 3354 dico,
886 3285 1274 3356 deargentatw,
1305 3288 1544 3356 propter
1597 3284 1844 3339 nitorem
1878 3281 2060 3339 divini

416 3374 653 3448 eloquii,
686 3372 774 3430 vel
805 3372 889 3429 ita
920 3377 1172 3446 puraz,ut
1201 3391 1316 3428 non
1349 3376 1544 3445 crepet
1573 3371 1684 3427 sub
1707 3370 1936 3427 malleis
1957 3369 2060 3426 tri-

416 3463 676 3520 bulation
688 3481 784 3519 um
811 3481 824 3518 :
857 3471 907 3518 et
932 3464 1050 3534 ejus
1071 3462 1244 3518 etiam
1271 3460 1462 3517 colum
1473 3463 1554 3516 bas
1567 3463 1873 3533 posteriora
1892 3461 2059 3528 dorsi,

429 3553 486 3608 id
519 3557 628 3620 est,
661 3552 888 3607 bumeri
921 3552 1049 3622 ejus
1081 3549 1436 3622 sunt,idonei
1468 3551 1540 3606 ad
1578 3551 1881 3606 ferendum
1913 3566 2062 3605 onus

422 3640 650 3698 Domini
679 3660 696 3696 :
729 3641 886 3713 quod
917 3639 1249 3697 volentibus
1271 3643 1360 3695 est
1387 3639 1927 3707 suave,uolentibus
1951 3637 2060 3693 dif-

417 3730 609 3799 ﬂcile;
644 3739 697 3785 el
724 3730 834 3786 hoc
865 3731 926 3785 in
950 3729 1165 3801 pallore
1192 3731 1340 3797 auri,
1373 3729 1430 3784 id
1462 3733 1569 3796 est,
1604 3728 1664 3782 in
1695 3727 1978 3782 cbaritate
2007 3731 2064 3782 et

413 3819 702 3893 sapientia
733 3818 970 3891 perfecti
1000 3818 1087 3874 vel
1119 3815 1453 3890 operatione
1486 3816 1640 3872 bona
1697 3815 2059 3887 designatur.

413 3917 606 3973 Pallor
634 3915 761 3972 auri
793 3921 882 3973 est
909 3915 1079 3989 quasi
1109 3915 1299 3971 viror:
1333 3913 1470 3986 quia
1501 3930 1636 3969 cum
1668 3912 2062 3969 rubicundum

415 4004 637 4076 aliquid
652 4003 1024 4076 pallet,quasi
1038 4005 1220 4060 viride
1239 4007 1498 4077 apparet.
1523 4003 1592 4058 Et
1613 4001 1752 4074 quia
1777 4001 1974 4058 omnia
2002 4001 2061 4058 in

415 4091 698 4147 cbaritate
718 4092 1460 4160 debentvirescere,merito
1481 4109 1582 4166 per
1601 4091 1850 4148 virorem
1873 4091 2064 4147 chari-

415 4187 506 4236 tas
539 4179 902 4252 designatur.
934 4179 1081 4236 Nota
1111 4181 1366 4237 Grecam
1398 4181 1925 4252 positionem,inter
1950 4197 2062 4236 me-

414 4268 533 4325 dios
560 4269 750 4324 cleros.
784 4268 929 4323 Nam
961 4268 1075 4342 ipsi
1107 4269 1204 4323 ubi
1237 4286 1343 4325 nos
1375 4269 1632 4325 solemus
1665 4269 2065 4342 ponere,inter

311 4419 322 4432 .
416 4375 510 4415 me
539 4362 596 4413 et
625 4362 680 4413 te
707 4374 718 4413 :
746 4362 992 4429 ponunt,
1024 4357 1283 4413 medium
1315 4373 1510 4412 meum
1541 4363 1597 4414 et
1615 4359 1942 4414 tuum.Hzec
1963 4374 2064 4429 po-

415 4447 549 4504 sitio
575 4447 831 4503 maxime
845 4445 1021 4503 habet
1040 4445 1554 4513 vim,ubiextrema
1565 4447 1825 4519 aliquam
1845 4446 2066 4503 habent

2181 518 2459 584 rando,ut
2489 516 2789 589 acquirat;
2818 515 2905 572 vel
2925 515 3286 584 timendo,ut
3313 513 3550 570 amittat
3573 528 3586 566 :
3611 515 3671 568 et
3694 511 3837 568 ideo

2180 607 2601 679 quiescendum
2627 611 2713 661 est
2729 605 2892 660 vobis
2914 603 3066 659 inter
3090 605 3238 658 duas
3268 601 3660 667 hereditates,
3689 600 3840 673 quia

2178 696 2228 751 si
2255 696 2340 751 sic
2361 695 2668 761 dormiatis,
2692 693 2855 750 eritis
2881 709 3077 766 penne:
3106 691 3395 758 columbae,
3418 707 3549 746 eam
3567 689 3836 746 multum

2176 783 2445 840 videlicet
2473 783 2814 850 exaltantes,
2848 787 2904 838 et
2933 781 3264 838 sublimiter
3318 780 3726 852 praedicantes.
3775 780 3840 836 Et

2171 875 2480 945 posteriora
2509 873 2665 928 dorsi
2693 872 2810 944 ejus
2837 871 2891 926 id
2951 875 3058 941 est,
3118 869 3468 943 posteriores
3499 868 3834 925 subeuntes

2177 961 2321 1016 illud
2355 960 2509 1016 idem
2542 977 2690 1016 onus
2729 958 2976 1027 Domini,
3006 958 3162 1030 quod
3223 957 3446 1030 priores
3486 957 3827 1025 subierunt,

2173 1063 2346 1114 erunt
2367 1060 2427 1113 in
2453 1059 2666 1130 pallore
2711 1059 2862 1122 auri,
2911 1056 2968 1111 id
3003 1060 3111 1120 est,
3171 1055 3455 1111 cbaritate
3484 1055 3748 1128 perfecta
3773 1061 3831 1112 et

2173 1147 2613 1202 conversatione
2646 1147 2837 1202 bona:
2872 1146 3011 1216 quia
3044 1145 3184 1200 dum
3231 1144 3446 1216 posteri
3501 1144 3832 1201 incitantur

2173 1235 2327 1291 bona
2343 1235 2498 1291 fama
2520 1235 2805 1308 priorum,
2830 1250 3062 1305 semper
3076 1232 3344 1289 Ecclesiae
3367 1233 3672 1289 adduntur
3685 1249 3827 1307 pen~

2173 1340 2258 1378 nas
2281 1324 2498 1396 quibus
2519 1322 2668 1378 volet
2688 1323 2746 1378 in
2776 1322 3047 1387 altum,et
3067 1323 3284 1394 quibus
3305 1321 3646 1378 sublimiter
3665 1323 3826 1378 exal-

2171 1417 2348 1482 tetur,
2369 1417 2426 1468 et
2451 1411 2701 1485 gloriose
2731 1411 3098 1483 praedicetur,
3122 1409 3210 1467 vel
3241 1411 3324 1467 sic
3349 1428 3362 1466 :
3399 1412 3518 1467 Rex
3546 1413 3824 1467 virtutum

2170 1501 2384 1569 dilecti,
2414 1502 2626 1569 dilecti,
2659 1505 2709 1557 et
2729 1501 2932 1573 speciei
2941 1500 3130 1556 domus
3143 1501 3581 1572 dividerespolia
3598 1517 3620 1562 ;
3634 1500 3694 1556 in
3710 1517 3828 1573 qua

2171 1590 2344 1647 domo
2366 1590 2528 1646 eritis
2556 1607 2679 1658 vos,
2709 1591 2760 1645 si
2787 1589 3083 1646 dormiatis
3113 1591 3262 1646 inter
3288 1589 3492 1646 medios
3530 1590 3730 1658 cteros,
3765 1591 3823 1646 id

2171 1683 2282 1746 est,
2314 1680 2362 1735 si
2395 1679 2652 1752 quietem
2685 1679 2966 1751 reputetis
2998 1678 3148 1735 inter
3169 1679 3318 1735 duas
3339 1678 3715 1735 hereditates
3741 1680 3825 1736 sic

2169 1769 2488 1825 consistere
2520 1786 2551 1824 a
2580 1767 2932 1824 cobibitione
2970 1767 3382 1840 cupiditatum,
3413 1785 3447 1824 a
3466 1767 3743 1835 terrenis,
3768 1774 3826 1825 et

2165 1857 2226 1913 in
2257 1875 2360 1930 spe
2391 1862 2616 1914 eterna:
2645 1857 2940 1914 felicitatis
2974 1873 3158 1929 usque
3217 1856 3276 1912 in
3336 1858 3510 1912 linem
3545 1874 3821 1929 perseve-

2167 1947 2370 2017 rando,
2407 1945 2680 2003 ultimum
2717 1946 2874 2002 diem
2895 1947 3025 2002 vitae
3057 1951 3264 2002 vestras
3295 1945 3606 2012 claudatis,
3641 1952 3709 2004 ut
3737 1947 3821 2004 sic

2166 2050 2269 2107 per
2299 2034 2576 2101 dormire,
2609 2038 2857 2090 mortem
2890 2034 3084 2090 carnis
3116 2033 3497 2106 accipiamus.
3539 2033 3629 2089 Illi
3660 2036 3818 2091 enim

2167 2125 2314 2180 bene
2327 2123 3140 2196 moriuntur,quiprasentem
3153 2122 3550 2179 hereditatem
3562 2128 3818 2180 contem-

2167 2214 2293 2286 ptui
2327 2213 2564 2281 habent,
2587 2215 2729 2268 dum
2752 2217 2950 2268 tamen
2975 2217 3248 2268 aeternam
3275 2213 3556 2268 mondum
3581 2217 3819 2270 teneant

2169 2319 2250 2374 re,
2282 2303 2456 2358 sedin
2479 2319 2601 2374 spe.
2629 2302 2736 2367 Qui
2758 2306 2954 2358 autem
2979 2301 3061 2358 sic
3082 2301 3416 2357 moriuntur
3436 2307 3610 2358 erunt
3617 2317 3817 2375 pennae

2167 2392 2451 2459 columbae,
2483 2390 2540 2446 id
2572 2395 2682 2458 est,
2716 2389 2985 2446 Ecclesia
3004 2389 3392 2462 deargentalz,
3426 2390 3481 2446 id
3505 2395 3614 2460 est,
3630 2391 3818 2448 nitore

2169 2479 2352 2536 divini
2406 2479 2621 2552 eloquii
2651 2479 2912 2534 eruditas.
2938 2478 3102 2542 Quod
3119 2483 3314 2534 autem
3339 2495 3440 2550 per
3458 2477 3568 2534 has
3593 2495 3818 2552 pennas

2169 2569 2553 2641 designantur
2585 2568 2732 2625 ﬁdes
2787 2567 3126 2623 manifestat
3180 2567 3516 2640 Apostolus,
3577 2568 3819 2625 dicens:

2169 2657 2350 2714 Simul
2379 2659 2653 2728 rapientur
2693 2657 2914 2712 obviam
2948 2655 3162 2712 Christo
3191 2658 3250 2712 in
3282 2673 3414 2712 aera
3443 2658 3489 2728 (Ι
3508 2657 3688 2713 Thess.
3717 2659 3821 2730 xv),

2171 2749 2228 2801 et
2281 2746 2364 2802 sic
2423 2761 2656 2817 semper
2712 2762 2845 2802 cum
2905 2745 3148 2802 Domino
3205 2745 3424 2802 elinus.
3459 2746 3625 2810 Quod
3657 2747 3822 2818 dicit,

2166 2857 2361 2914 pennae
2381 2841 2654 2898 columbae
2671 2840 3344 2914 deargentatseﬁelociter
3363 2857 3423 2897 se
3445 2843 3824 2915 deportantes

2171 2931 2403 2987 obviam
2423 2930 2654 2987 Christo
2677 2930 2734 2984 in
2753 2947 2907 2999 aera,
2924 2935 2982 2986 et
2997 2931 3315 3002 posteriora
3339 2930 3574 2986 illorum
3604 2931 3705 3003 qui
3727 2931 3825 2988 hic

2173 3019 2410 3076 fuerunt
2431 3020 2672 3076 dorsum
2696 3018 3142 3091 Ecclesiae,onus
3163 3021 3285 3090 ejus
3303 3024 3623 3090 portantes,
3642 3026 3826 3076 erunt

2174 3109 2232 3164 in
2260 3108 2568 3180 splendore
2589 3111 2738 3176 auri,
2772 3109 2828 3163 id
2853 3114 2965 3178 est,
2983 3109 3042 3163 in
3058 3109 3500 3181 regiapotestate
3525 3124 3822 3179 :regnum

2173 3201 2263 3253 est
2291 3196 2446 3253 enim
2479 3214 2621 3252 auro
2661 3197 2958 3252 adornari.
3001 3197 3062 3252 Si
3114 3196 3396 3252 dormiatis
3424 3196 3573 3251 inter
3599 3196 3818 3252 medios

2169 3287 2365 3354 cleros,
2398 3285 2530 3341 dum
2557 3285 2822 3341 discernit
2849 3285 3081 3342 caelestis
3110 3301 3261 3357 reges
3293 3326 3307 3352 ,
3339 3285 3394 3340 id
3416 3288 3524 3352 est,
3543 3284 3817 3356 quandiu

2170 3375 2422 3431 ordinati
2453 3379 2510 3430 et
2531 3374 2790 3447 disponit
2818 3375 3043 3430 cwlestis
3074 3375 3249 3431 homo
3282 3374 3595 3444 secundus,
3617 3373 3721 3446 qui
3748 3373 3826 3430 de

2171 3463 2314 3519 cmlo
2344 3462 2634 3520 caelestis:
2667 3464 2929 3520 discernit
2959 3463 3109 3532 dico,
3143 3481 3247 3520 vos
3287 3480 3439 3533 reges
3488 3479 3652 3534 super
3679 3479 3827 3536 eam,

2171 3560 2456 3617 subaudis
2488 3561 2824 3631 regendam,
2858 3562 3218 3618 reirenantes
3251 3562 3311 3616 in
3344 3561 3508 3616 vobis
3533 3567 3591 3616 et
3612 3561 3672 3616 in
3695 3561 3830 3618 aliis

2172 3648 2358 3721 legem
2391 3649 2584 3704 carnis
2609 3655 2668 3705 et
2696 3649 3088 3706 confortantes
3120 3648 3310 3722 legem
3369 3650 3583 3705 mentis
3613 3668 3628 3717 ;
3671 3649 3827 3705 unde

2171 3736 2317 3792 illud
2347 3755 2359 3792 :
2397 3738 2645 3793 Carnem
2676 3743 2997 3806 macerant,
3029 3737 3305 3810 spiritum
3361 3738 3660 3794 roborant.
3691 3739 3828 3796 Nive

2169 3826 2577 3882 dealbabuntur
2598 3829 2660 3883 in
2680 3827 2920 3883 Selmon.
2943 3827 3026 3882 Ne
3043 3826 3260 3899 aliquis
3278 3832 3512 3900 putaret
3537 3827 3648 3884 hos
3661 3843 3828 3900 reges

2171 3915 2232 3970 in
2255 3931 2316 3970 se
2333 3914 2492 3986 ipsos
2515 3932 2684 3987 posse
2717 3916 2977 3988 purgari,
3000 3915 3161 3986 dicit,
3188 3915 3593 3972 dealbabuntur
3622 3919 3680 3972 in
3711 3917 3825 3972 Sel-

2170 4021 2320 4075 mon,
2351 4004 2409 4060 id
2426 4009 2532 4075 est,
2551 4005 2608 4060 in
2641 4006 2852 4061 umbra
2879 4005 3116 4062 Christi.
3151 4010 3280 4078 Ipse
3300 4006 3458 4061 enim
3481 4022 3582 4062 eos
3610 4007 3821 4063 obum-

2171 4092 2365 4150 brabit
2394 4098 2452 4149 et
2482 4098 2746 4166 proteget
2775 4094 2848 4148 ab
2903 4093 3210 4151 incentivis
3249 4093 3560 4150 vitiorum:
3597 4094 3820 4150 faciens

2173 4199 2272 4239 eos
2303 4183 2432 4238 nive
2463 4183 2854 4249 candidiores,
2902 4181 2991 4238 vel
3020 4181 3137 4238 nivi
3191 4182 3657 4256 comparabiles;
3699 4184 3828 4256 ipse

2173 4272 2322 4340 dico,
2343 4287 2496 4327 mons
2515 4270 2801 4326 Dei.Unde
2851 4271 3030 4328 Isaias
3053 4290 3072 4327 :
3102 4273 3223 4328 Erit
3252 4273 3309 4328 in
3339 4273 3655 4328 novissimis
3702 4273 3824 4328 die-

2174 4361 2270 4416 bus
2295 4362 2642 4432 prxparatus
2667 4375 2823 4416 mons
2851 4361 3044 4416 domus
3073 4361 3293 4417 Domini
3323 4363 3385 4416 in
3418 4363 3618 4416 vertice
3666 4377 3823 4418 mon-

2173 4450 2450 4522 tium(lsa.
2477 4449 2676 4520 u),etc.
2708 4449 2856 4505 Mons
2887 4449 2996 4506 iste
3021 4455 3109 4505 est
3137 4466 3292 4506 mons
3315 4452 3564 4522 pinguis,
3599 4450 3829 4510 habens

416 4535 570 4592 inter
590 4552 653 4591 se
673 4534 1550 4607 at'finitatem,quemadmodum
1573 4535 1753 4591 Vetus
1770 4535 2060 4592 etNovum
2092 4537 2138 4602 D
2167 4537 2682 4595 videlicetomnem
2695 4537 3116 4611 pinguedinem
3149 4539 3304 4595 unde
3335 4541 3435 4611 qui
3467 4538 3661 4595 adulti
3685 4543 3828 4596 sunt

416 4624 896 4691 Testamentum;
954 4623 1041 4681 vel
1074 4623 1279 4692 aliter;
1341 4624 1602 4680 Dominus
1657 4624 1806 4680 dabit
1833 4625 2056 4680 verbum
2164 4626 3634 4700 reﬁciantur.Namineoinvenitquisqueperfectus
3675 4627 3833 4684 unde

416 4712 949 4783 evangelisantibus,
1007 4715 1059 4768 si
1115 4729 1214 4769 vos
1266 4712 1728 4785 evangelizantes
1771 4712 2058 4769 dormiatis
2168 4733 2232 4773 se
2253 4715 2823 4788 reﬁciat.lpseetiam
2842 4715 3832 4792 monscoagulutus,aptusvidelicet

418 4801 570 4855 inter
594 4799 796 4856 medios
823 4800 995 4856 cleros
1048 4801 1106 4856 id
1152 4805 1260 4867 est,
1292 4801 1444 4856 inter
1492 4802 1639 4856 duas
1668 4800 2056 4870 hereditates,
2167 4802 3461 4877 undeparvulitanquamlactenutriantur.Et
3476 4805 3835 4864 uteumdem

419 4885 712 4975 carnalem
743 4885 1012 4943 videlicet
1031 4903 1208 4960 quam
1232 4887 1503 4960 promisit
1519 4887 1699 4944 Vetus
1725 4889 2062 4946 Testamen-
2168 4901 2573 4975 intelligamus
2593 4901 2871 4973 pinguem
2904 4906 2961 4958 et
2989 4901 3361 4974 coagulatum
3372 4901 3620 4974 ,ωροιίι
3649 4918 3835 4959 επιοηε

419 4980 548 5034 tum
580 4975 652 5032 ad
669 4974 937 5064 litteram
970 4981 1311 5048 acceptum:
1344 4980 1401 5032 et
1452 4976 1836 5048 spiritualem,
1881 4995 2060 5051 quam
2165 4974 2411 5064 pinguis,
2444 4991 2513 5046 Et
2541 4991 3016 5062 quandoquidem
3073 4992 3186 5046 ίειθ
3244 5007 3414 5047 manu
3466 4995 3703 5047 tantum
3741 4994 3837 5047 εει

419 5080 523 5138 per
534 5063 781 5138 gratiam
803 5063 862 5119 in
887 5081 989 5137 spe
1006 5065 1130 5154 jam
1155 5069 1576 5136 exspectamus.
1603 5066 1698 5122 Sic
1723 5067 2060 5138 quiescatis,
2168 5063 2325 5136 πη,
2350 5081 2574 5150 pingui;
2603 5088 2654 5134 ει
2673 5081 3021 5150 σοαραιαεαε,
3056 5088 3117 5135 ιιι
3142 5079 3275 5152 quid
3303 5096 3442 5154 ergo
3473 5079 3621 5136 alios
3649 5085 3834 5154 εωρί-

421 5158 488 5210 ut
513 5154 808 5210 carnalem
839 5170 956 5210 non
986 5153 1259 5209 ardenter
1279 5154 1618 5222 assumatis,
1641 5172 1747 5212 nec
1767 5155 1925 5212 illam
1948 5157 2061 5212 im-

2171 5168 2382 5224 camini
2393 5175 2602 5222 montes
2613 5168 2930 5238 coagulatos
2950 5168 2979 5222 ‘l
2997 5169 3112 5223 Alii
3141 5167 3298 5224 enim
3320 5153 3529 5224 dicunt
3552 5173 3835 5228 Joannem

421 5241 708 5316 patienter
731 5242 1097 5316 exspectetis.
1127 5241 1257 5297 Haec
1284 5241 1440 5298 enim
1473 5243 1746 5299 dormitio
1773 5243 1924 5300 bona
1953 5248 2062 5314 est,
2174 5257 2482 5328 Baptista";
2509 5256 2613 5310 alii
2642 5256 2846 5324 Etiam,
2879 5257 2988 5314 αιεί
3012 5257 3332 5328 λετ-ειηίωη,
3391 5265 3489 5312 aug
3543 5273 3727 5314 υαωη
3763 5275 3837 5317 ατ

423 5335 490 5388 ut
517 5330 694 5388 istam
723 5335 1172 5388 contemnamus
1193 5329 1253 5386 in
1281 5346 1396 5402 qua
1415 5347 1623 5388 sumus
1643 5331 2064 5402 hereditatem,
2171 5345 2452 5418 prophetis
2483 5343 2694 5415 (Matth.
2723 5344 2870 5415 xvi);
2896 5351 2954 5401 et
2982 5345 3091 5401 hoc
3125 5345 3382 5403 frustra:
3417 5361 3554 5402 nam
3588 5345 3703 5404 iste
3742 5353 3837 5406 est

423 5431 480 5486 et
498 5427 673 5485 aliam
698 5427 1366 5499 certamteneamusjam
1397 5427 1456 5484 in
1487 5444 1610 5501 spe,
1641 5427 1777 5486 licet
1806 5429 2068 5487 nondum
2175 5448 2332 5490 mons
2361 5433 2423 5489 in
2441 5447 2545 5504 quo
2575 5433 2970 5504 beneplacitum
2999 5443 3080 5490 est
3110 5434 3215 5490 Deo
3271 5435 3546 5502 habitare,
3600 5434 3659 5490 id
3716 5440 3833 5505 est,

422 5517 484 5575 in
508 5532 587 5574 re.
610 5516 694 5574 Ab
714 5515 814 5575 illo
836 5521 1031 5575 autem
1054 5518 1219 5574 abest
1243 5532 1446 5584 sonus,
1473 5518 1574 5590 qui
1597 5516 1746 5574 hanc
1777 5521 2069 5576 terrenam
2180 5523 2241 5578 in
2267 5536 2383 5596 quo
2414 5519 2640 5577 habitat
2667 5525 2852 5578 Deus:
2875 5525 2934 5578 et
2971 5526 3038 5578 ut
3075 5521 3289 5579 habeat
3336 5521 3836 5588 inhabitationem

424 5603 822 5700 hereditatem
850 5605 1120 5673 ardenter
1145 5609 1204 5671 et
1229 5603 1442 5688 cupide
1469 5606 1742 5670 assumit.
1775 5607 1878 5672 Hic
1911 5609 2072 5676 enim
2182 5608 2542 5698 superiorem
2573 5607 2707 5674 aliis
2734 5609 3220 5692 habitationibus,
3282 5611 3629 5690 subjungit:
3660 5614 3724 5674 is
3766 5629 3838 5688 eo
