4014 6194
272 282 392 341 485

1398 293 2004 364 ENARRA'I‘IONES
2051 306 2130 364 IN
2180 304 2555 370 PSALMOS.

3558 323 3677 386 486

274 417 413 490 quia
443 420 527 475 sic
556 420 865 490 inhabitat,
898 429 962 480 ut
990 422 1049 481 in
1081 441 1148 481 eo
1181 426 1257 482 sit
1285 430 1479 485 omnis
1510 430 1808 503 plenitudo
1831 435 1917 490 di-
1949 440 1996 501 Α
2032 438 2385 495 inimicorum
2411 458 2677 499 suorum:
2708 446 3060 502 inimicorum
3089 445 3227 515 dico,
3272 454 3672 522 perambulan-

271 508 535 563 vinitatis
566 513 962 584 corporaliter.
1010 516 1126 587 Ipsi
1158 516 1315 571 enim
1349 518 1456 573 soli
1490 520 1616 576 sine
1647 539 1925 579 mensura

273 598 563 653 concessit
584 599 736 655 Deus
766 601 1048 673 Spiritum
1081 622 1254 661 suum
1280 623 1292 660 :
1329 606 1460 662 aliis
1491 615 1684 665 autem
1709 612 1767 666 in
1792 613 1920 682 qui-

272 685 387 741 bus
408 686 652 755 habitat,
671 690 742 744 ad
767 708 1105 748 mensuram
1129 694 1318 749 dedit:
1349 698 1487 768 quia
1508 716 1621 753 non
1646 702 1922 758 omnibus

274 776 493 843 omnia,
518 778 617 832 sed
642 778 739 833 alii
762 786 903 835 sunt
933 783 1072 837 data
1099 800 1311 855 genera
1334 786 1689 856 linguarum,
1716 790 1813 844 alii
1835 792 1918 845 in-

274 867 608 935 terpretatio
640 884 978 925 sermonum
1012 872 1057 941 (I
1088 872 1206 927 Cor.
1240 876 1375 945 xu),
1426 881 1536 937 etc.
1573 880 1788 933 Etenim
1815 882 1918 935 Do-

269 957 454 1010 minus
479 954 745 1012 habitabit
766 961 825 1012 in
853 960 1039 1029 ﬁnem.
1074 962 1248 1026 Quasi
1276 964 1466 1019 dicat:
1500 968 1701 1023 Merito
1733 970 1919 1024 excel-

263 1042 483 1099 lentius
513 1044 570 1098 in
612 1046 722 1101 isto
756 1054 950 1104 monte
981 1049 1205 1105 habitat
1235 1051 1407 1107 Deus.
1443 1054 1588 1109 Nam
1621 1056 1729 1112 iste
1760 1075 1919 1114 mons

265 1141 524 1197 existens
554 1144 837 1211 Dominus,
861 1147 1132 1203 habitabit
1154 1148 1208 1202 in
1239 1148 1370 1206 aliis
1392 1154 1722 1215 montibus.
1752 1157 1921 1212 redu-

270 1230 456 1285 cendo
487 1248 586 1287 eos
618 1232 675 1287 in
706 1250 786 1301 se,
819 1234 1023 1305 ﬁnem:
1056 1241 1113 1290 et
1146 1254 1246 1309 per
1276 1255 1409 1293 eum
1440 1240 1728 1298 inhabitat
1750 1249 1920 1302 Pater

269 1317 419 1374 alios
441 1324 669 1376 montes
695 1338 840 1393 quos
863 1324 1172 1393 inhabitat,
1193 1328 1291 1398 qui
1316 1334 1545 1385 montes
1568 1336 1706 1387 sunt
1723 1350 1919 1390 currus

266 1409 395 1477 Dei,
446 1410 584 1479 quia
633 1427 666 1465 a
711 1410 826 1467 Deo
880 1412 1036 1467 velut
1073 1415 1321 1486 sapienti
1354 1418 1558 1491 auriga
1611 1429 1913 1493 reguntur.

261 1497 487 1553 Currus
514 1498 625 1554 iste
656 1499 954 1571 multiplex
982 1508 1067 1557 est
1119 1504 1307 1560 decem
1345 1508 1645 1564 millibus:
1694 1517 1752 1566 et
1802 1529 1913 1569 non

260 1590 493 1641 tantum
517 1587 575 1642 in
600 1588 799 1644 decem
825 1589 1084 1646 millibus
1108 1592 1592 1666 multiplicemur,
1612 1600 1712 1654 sed
1739 1600 1915 1655 etiam

260 1692 366 1746 per
393 1676 575 1731 millia
606 1677 858 1734 millium
890 1680 1230 1748 laetantium,
1284 1683 1413 1739 ideo
1462 1687 1603 1757 quia
1648 1689 1917 1745 Dominus

260 1769 352 1820 est
382 1767 439 1819 in
468 1767 566 1821 eis.
604 1764 669 1820 Et
694 1770 991 1838 quomodo
1023 1771 1079 1824 in
1113 1771 1225 1841 eis?
1257 1772 1317 1826 in
1345 1776 1511 1829 Sindi
1542 1779 1601 1831 in
1629 1787 1832 1849 sancto,
1856 1778 1913 1834 id

263 1859 384 1923 est,
434 1852 494 1908 in
527 1855 911 1927 completione
961 1858 1146 1914 sancti
1179 1862 1456 1917 mandati.
1511 1866 1577 1918 Et
1621 1869 1912 1936 quomodo

264 1942 426 1997 istud
461 1943 596 1999 ﬁet?
627 1946 930 2001 Ascendisti
956 1951 1017 2002 in
1047 1947 1253 2020 altum,
1288 1952 1344 2005 id
1377 1958 1489 2019 est,
1543 1957 1821 2011 ascendes
1852 1957 1910 2012 in

261 2031 498 2101 ccelum,
526 2037 582 2087 et
606 2034 855 2105 accipies
885 2039 1290 2108 captivitatem;
1321 2041 1458 2112 quia
1488 2059 1675 2115 genus
1703 2045 1911 2101 huma-

264 2137 411 2174 num
466 2138 500 2174 a
556 2122 788 2177 diabolo
848 2125 1011 2194 prius
1067 2127 1422 2198 captivatum
1481 2133 1909 2203 recaptivabis:

265 2219 528 2285 accepisti
557 2220 700 2273 dona
731 2223 791 2275 in
821 2221 1161 2291 hominibus,
1214 2226 1271 2280 id
1306 2216 1423 2293 est,
1456 2228 1614 2299 ipsos
1645 2230 1913 2287 homines

264 2305 521 2375 accipies
548 2307 603 2361 in
628 2308 799 2363 donis
819 2311 955 2365 tuis.
984 2311 1129 2367 Nam
1155 2330 1266 2368 non
1299 2316 1571 2373 credentes
1599 2318 1916 2376 inhabitare

254 2394 566 2449 Dominum
598 2397 773 2452 Deum
801 2399 858 2454 in
892 2401 1186 2468 omnibus,
1212 2419 1311 2459 eos
1336 2408 1594 2463 vocando
1624 2409 1914 2478 etjustifi-

254 2484 469 2551 cando,
504 2484 690 2539 fecisti
722 2487 875 2542 dona
905 2492 1023 2543 tua.
1056 2490 1157 2545 Vel
1187 2496 1445 2563 accepisti
1469 2497 1614 2551 dona
1644 2500 1702 2551 in
1734 2498 1911 2554 homi-

252 2573 444 2638 nibus,
478 2572 535 2626 id
567 2578 675 2639 est,
710 2574 857 2630 tales
890 2577 1072 2633 fecisti
1108 2581 1395 2649 homines,
1430 2588 1491 2637 ut
1520 2585 1739 2641 donum
1764 2587 1907 2643 illud

254 2661 418 2731 quod
452 2666 807 2733 acceperunt
836 2681 869 2719 a
900 2665 1085 2732 Patre,
1137 2674 1195 2723 et
1223 2675 1283 2723 tu
1312 2671 1561 2727 videaris
1593 2676 1907 2745 accepisse.

252 2749 410 2804 Nam
443 2766 575 2804 cum
607 2750 718 2822 ipsi
751 2761 1099 2825 acceperunt
1129 2758 1408 2828 Spiritum
1438 2767 1727 2833 sanctum,
1762 2768 1825 2819 tu
1851 2764 1909 2818 in

254 2838 348 2894 eis
381 2839 648 2910 recepisti
678 2857 689 2893 :
726 2841 862 2912 quia
886 2843 1009 2899 sine
1035 2849 1086 2898 te
1112 2845 1253 2901 nihil
1287 2855 1551 2918 possunt.
1585 2851 1731 2907 Nota
1755 2853 1913 2907 Chri-

253 2930 424 2980 stum
459 2944 572 2983 non
606 2929 895 2985 immerilo
926 2932 1181 3005 accipere
1212 2936 1363 2991 dona
1392 2938 1449 2991 in
1482 2939 1637 3009 suis,
1670 2942 1809 3012 quia
1842 2959 1909 2997 ex

253 3016 572 3072 affectione
598 3018 782 3073 nimia
803 3020 861 3074 in
886 3022 1010 3077 suis
1032 3024 1250 3094 patitur
1270 3026 1549 3082 adversa:
1585 3030 1729 3085 dixit
1751 3032 1906 3087 enim

252 3104 431 3159 Petro
465 3123 481 3157 :
540 3109 708 3161 Venio
742 3114 963 3163 Romam
995 3113 1196 3167 iterum
1222 3117 1502 3185 crucifigi,
1556 3123 1619 3171 ut
1667 3136 1768 3190 per
1799 3119 1906 3175 hoc

250 3210 320 3249 se
343 3196 678 3251 ostenderet
699 3197 756 3251 in
786 3197 948 3253 Petro
973 3201 1110 3270 pati.
1136 3183 1430 3275 Accepis-ti
1458 3183 1610 3260 dona
1636 3183 1693 3261 in
1718 3207 1905 3262 bomi-
1938 3183 1978 3248 Ο

253 3283 474 3349 nibus,
530 3285 668 3355 quia
711 3286 886 3341 etiam
920 3288 977 3342 in
1011 3306 1124 3343 non
1159 3293 1529 3347 credentibus
1562 3294 1912 3351 inhabitabit

251 3372 548 3428 Dominus
578 3373 761 3439 Deus,
795 3376 850 3429 id
886 3381 1003 3446 est,
1056 3378 1113 3431 in
1146 3380 1639 3449 desperatissimis
1671 3384 1769 3453 qui
1801 3383 1907 3438 tibi

252 3462 581 3517 dixerunt:
642 3465 990 3521 Deemonium
1045 3465 1206 3521 habes
1266 3469 1454 3537 (Joan.
1510 3472 1639 3540 vn).
1697 3470 1902 3527 Unde:

258 3550 587 3606 Benedictus
615 3553 878 3608 Dominus
906 3554 994 3609 die
1022 3554 1129 3609 hac
1163 3558 1429 3626 praesenti
1461 3562 1518 3613 et
1553 3559 1816 3629 quotidie,
1850 3561 1907 3615 id

248 3644 367 3697 est.
385 3639 543 3693 omni
572 3640 663 3695 die
686 3642 884 3696 futura
908 3660 919 3695 :
946 3643 1032 3698 vel
1059 3644 1214 3699 diem
1238 3646 1495 3716 quotidie
1516 3649 1903 3704 numerando.

246 3740 585 3809 Prosperum
615 3741 720 3794 iter
741 3742 907 3810 faciet
939 3742 1126 3805 nobis,
1160 3748 1220 3797 ut
1249 3760 1378 3799 eum
1413 3750 1711 3816 portemus
1735 3749 1903 3819 cujus

247 3843 467 3882 currus
496 3845 741 3884 sumus:
776 3829 863 3884 vel
892 3847 1231 3901 prosperum
1268 3833 1436 3889 faciet
1475 3835 1584 3891 iter
1614 3837 1804 3903 nobis,
1840 3842 1905 3892 ut

248 3917 321 3970 ad
343 3932 479 3970 eum
500 3917 824 3983 veniamus,
841 3919 1090 3974 reddens
1109 3937 1213 3976 nos
1232 3922 1596 3980 invincibiles
1612 3926 1681 3979 ad
1698 3942 1903 3982 omnes

246 4004 664 4061 tribulationes
691 4023 702 4060 :
741 4008 882 4078 quia
920 4008 1058 4063 Deus
1090 4013 1177 4063 est
1205 4010 1537 4066 salutarium
1568 4016 1899 4082 nostrorum,

245 4092 308 4148 id
346 4098 469 4159 est,
523 4100 733 4150 nostrae
767 4095 1144 4151 salvationis:
1180 4103 1235 4152 et
1265 4100 1403 4153 Deus
1431 4110 1637 4172 noster,
1690 4102 1746 4157 id
1780 4110 1896 4172 est,

248 4196 467 4246 nostra;
494 4198 735 4263 naturae,
770 4193 907 4265 quia
930 4198 986 4247 et
1005 4195 1141 4249 Deus
1160 4197 1402 4265 faciendi
1422 4213 1526 4251 nos
1550 4207 1725 4254 salvos
1745 4218 1766 4253 .·
1796 4202 1898 4256 sed

244 4283 452 4334 tamen
492 4280 653 4335 salus
686 4281 785 4336 illa
812 4299 913 4353 per
944 4287 1188 4337 mortem
1216 4284 1408 4339 carnis
1433 4290 1675 4341 ventura
1700 4293 1809 4359 est,
1843 4294 1899 4345 et

245 4367 390 4422 inde
407 4384 522 4423 non
542 4369 877 4441 indigentur
890 4370 1151 4425 humana
1163 4372 1598 4445 conditio,quod
1617 4378 1899 4434 moritura

243 4459 363 4520 est,
392 4456 579 4512 exitus
601 4458 822 4512 Domini
842 4458 1084 4528 Domini,
1116 4458 1171 4514 id
1196 4465 1304 4526 est,
1332 4460 1492 4517 illius
1517 4464 1766 4530 Domini,
1795 4467 1896 4537 qui

2033 528 2173 581 tium
2204 532 2454 585 verticem
2483 533 2693 605 capilli,
2726 539 2782 589 et
2813 534 2920 590 hoc
2951 539 3009 591 in
3040 536 3247 594 delictis
3275 541 3412 595 suis.
3448 542 3673 599 Inimici

2033 614 2126 669 hic
2140 617 2256 671 acci
2268 618 2471 687 piuntu
2483 638 2509 674 r
2525 622 2691 677 aeriae
2710 628 3045 695 potestates,
3061 643 3312 697 quarum
3329 629 3521 701 capita
3537 636 3677 687 sunt

2032 702 2145 775 illi,
2190 706 2289 777 qui
2321 709 2799 778 persuasionibus
2847 714 2973 769 suis
3020 720 3195 787 caput
3246 734 3418 773 suum
3471 724 3675 775 contra

2035 798 2210 848 Deum
2244 794 2396 851 male
2424 804 2748 854 erexerunt.
2796 802 2864 856 Hi
2894 802 3037 859 tales
3067 805 3313 873 inimici,
3342 807 3481 880 quia
3506 808 3673 865 nullo

2033 898 2208 937 sensu
2232 884 2489 955 corporis
2512 888 2733 958 concipi
2757 898 3023 961 possunt,
3050 896 3454 965 perambulare
3475 899 3676 955 dicun-

2032 976 2090 1024 tu
2102 981 2390 1028 rvertzcem
2400 976 2611 1045 capilli,
2623 977 2718 1030 ubi
2735 994 2943 1035 sensus
2958 984 3216 1055 corporis
3232 986 3430 1043 nullus
3443 989 3673 1061 estzipsi

2030 1058 2186 1114 enim
2214 1060 2359 1117 tales
2386 1062 2604 1118 inimici
2630 1065 2713 1119 sic
2733 1074 3043 1125 versantur
3074 1072 3227 1128 circa
3258 1074 3578 1145 hominem,
3612 1083 3678 1134 ut

2031 1164 2144 1202 non
2165 1151 2494 1206 sentiantur
2507 1153 2578 1207 ab
2591 1154 2869 1213 eo.donec
2882 1158 2953 1212 ab
2966 1160 3049 1214 eis
3065 1162 3133 1215 ad
3155 1160 3357 1219 illicita
3368 1166 3678 1223 trahantur

2029 1238 2447 1294 Perambulant
2474 1242 2534 1294 in
2554 1241 2765 1297 delictis
2788 1247 2927 1309 suis,
2958 1249 3258 1305 suadendo
3281 1252 3546 1310 videlicet
3568 1255 3677 1311 bo-

2030 1327 2292 1381 minibus
2314 1328 2522 1384 delicta
2538 1346 2662 1400 quae
2684 1348 2789 1387 sua
2806 1339 2963 1403 sunt,
2980 1337 3257 1405 quoniam
3281 1342 3517 1398 tandem
3539 1343 3674 1401 inde

2030 1414 2347 1483 punientur
2368 1433 2499 1471 cum
2526 1418 2791 1476 dicturus
2814 1426 2902 1476 est
2915 1424 3224 1481 Dominus:
3254 1428 3350 1495 Ite,
3371 1432 3668 1499 maledicti,

2027 1504 2084 1555 in
2115 1504 2297 1572 ignem
2325 1510 2594 1561 aeternum
2627 1512 2724 1579 qui
2750 1520 2974 1581 paratus
3002 1521 3081 1568 est
3129 1514 3345 1572 diabolo
3374 1528 3426 1573 et
3454 1524 3667 1589 angelis

2026 1591 2139 1661 ejus
2158 1592 2364 1659 (Matth.
2390 1597 2535 1665 xxv).
2566 1596 2883 1669 Confringet
2906 1601 3191 1659 Dominus
3207 1606 3389 1675 capita
3410 1609 3662 1668 inimico-

2027 1697 2150 1734 rum
2178 1697 2422 1737 suoram.
2479 1684 2619 1739 Nam
2660 1686 2806 1742 dixit
2837 1690 3113 1761 Dominus,
3147 1690 3203 1747 id
3237 1699 3325 1749 est
3355 1695 3668 1767 disposuit,

2028 1779 2181 1833 istud
2206 1779 2490 1848 videlicet,
2506 1789 2815 1839 convertam
2836 1785 3062 1858 aliquos
3088 1805 3157 1844 ea:
3174 1792 3371 1858 Basan,
3396 1794 3451 1847 id
3470 1799 3577 1863 est,
3601 1815 3671 1853 ex

2026 1866 2143 1921 illis
2175 1870 2270 1939 qui
2305 1870 2530 1925 confusi
2563 1879 2699 1927 sunt
2722 1873 2779 1927 in
2803 1874 3061 1932 siccitate
3093 1895 3218 1933 sua.
3251 1880 3675 1953 Interpretatur

2023 1957 2178 2010 enim
2202 1958 2389 2013 Basan
2414 1962 2660 2031 confusio
2679 1962 2767 2016 vel
2791 1965 3029 2019 siccitas.
3063 1969 3381 2024 Convertam
3420 1974 3669 2044 gratiam

2025 2062 2212 2101 meam
2228 2047 2403 2103 etiam
2418 2051 2477 2103 in
2491 2051 2826 2122 profundum
2844 2056 3040 2120 maris,
3056 2055 3111 2109 id
3130 2061 3239 2123 est,
3254 2062 3320 2112 ad
3338 2058 3469 2115 illos
3489 2062 3590 2132 qui
3609 2063 3668 2117 in

2024 2135 2417 2205 profunditate
2461 2138 2656 2195 saeculi
2694 2141 2864 2196 istius
2897 2142 3049 2198 male
3080 2144 3449 2213 ﬂuctuantis,
3504 2154 3560 2205 et
3607 2151 3667 2207 in

2025 2226 2472 2281 amaritudinem
2492 2229 2690 2283 omnia
2710 2230 3108 2287 contrahentis
3130 2244 3569 2293 conversantur.
3606 2240 3670 2296 Ut

2026 2314 2335 2382 intingatur
2356 2332 2446 2387 pes
2476 2323 2602 2372 tuus
2633 2319 2693 2372 in
2720 2322 3024 2390 sanguine;
3054 2324 3224 2392 quasi
3250 2325 3437 2381 dicat:
3476 2329 3668 2382 lntan-

2026 2406 2172 2468 tum,
2207 2420 2238 2458 ο
2274 2405 2531 2477 Domine,
2566 2414 2866 2463 convertes
2920 2409 3147 2481 aliquos
3178 2429 3246 2467 ex
3276 2413 3461 2470 Basan
3512 2421 3569 2472 et
3600 2417 3671 2475 de

2026 2491 2419 2562 profunditate
2451 2494 2659 2565 maris,
2712 2501 2777 2551 ut
2804 2497 3053 2570 quisque
3083 2516 3398 2558 conversus
3428 2521 3495 2559 ex
3529 2504 3664 2573 illis,

2021 2596 2114 2650 pes
2146 2586 2270 2635 tuus
2300 2581 2511 2648 factus,
2544 2585 2867 2656 intingatur
2898 2589 2958 2641 in
2984 2592 3289 2657 sanguine;
3318 2590 3373 2646 id
3407 2598 3517 2663 est,
3550 2611 3666 2651 non

2023 2669 2309 2724 dubitabit
2342 2671 2398 2724 in
2430 2672 2833 2729 testimonium
2866 2677 3032 2731 effusi
3064 2679 3370 2750 sanguinis
3400 2684 3507 2749 tui,
3537 2701 3668 2740 san-

2020 2758 2257 2828 guinem
2289 2776 2463 2814 suum
2498 2761 2737 2817 fundere
2771 2782 2784 2818 :
2834 2764 2922 2819 vel
2964 2782 3063 2836 pes
3105 2772 3234 2823 tuus
3264 2772 3572 2843 intingatur
3602 2776 3663 2829 in

2017 2848 2310 2916 sanguine,
2335 2848 2391 2901 id
2415 2853 2525 2915 est,
2549 2854 2608 2903 tu
2631 2849 2754 2921 ipse
2776 2868 2879 2922 pro
2908 2854 3089 2909 nimia
3110 2857 3410 2915 atl‘ectione
3442 2862 3500 2916 in
3523 2879 3657 2933 pas-

2018 2935 2180 2991 sione
2214 2936 2445 2991 illorum
2480 2938 2750 3009 patieris;
2796 2942 2950 2996 unde
2981 2943 3125 2999 illud
3155 2961 3167 2998 :
3202 2945 3380 3004 Venio
3412 2949 3660 3009 Romam

2020 3025 2229 3079 iterum
2252 3027 2535 3097 crucifigi.
2565 3028 2633 3083 Et
2655 3030 2847 3099 lingua
2865 3048 3067 3087 canum
3088 3042 3303 3091 tuorum
3324 3054 3393 3093 ea:
3415 3041 3661 3099 inimicis

2016 3113 2083 3167 ab
2110 3116 2245 3183 ipso,
2273 3114 2329 3168 id
2352 3119 2462 3182 est,
2498 3117 2899 3187 priedicatores
2920 3121 3005 3175 tui
3031 3123 3131 3193 qui
3155 3130 3293 3181 sunt
3313 3143 3509 3196 canes,
3541 3148 3659 3189 non

2018 3199 2100 3254 illi
2124 3218 2295 3255 canes
2317 3203 2388 3256 de
2411 3203 2627 3274 quibus
2655 3206 2876 3262 dictum
2910 3214 3017 3274 est,
3051 3210 3220 3266 Canes
3248 3218 3391 3270 muti
3416 3234 3531 3273 non
3560 3236 3662 3276 va-

2020 3287 2187 3343 lentes
2236 3290 2445 3343 latrare
2475 3295 2604 3358 (Isa.
2639 3298 2778 3361 LVI),
2826 3296 2925 3351 sed
2959 3314 3132 3353 canes
3164 3300 3366 3358 fideles
3413 3309 3470 3359 et
3512 3307 3666 3363 circa

2019 3377 2259 3430 domum
2288 3378 2502 3431 Domini
2519 3381 2608 3433 sui
2629 3380 2867 3449 ﬁdeliter
2887 3384 3169 3441 latrantes.
3205 3387 3273 3442 Hi
3297 3405 3470 3446 canes
3491 3400 3665 3451 erunt

2019 3465 2276 3520 conversi
2302 3481 2371 3520 ex
2399 3466 2671 3534 inimicis,
2696 3474 2753 3524 et
2778 3471 2885 3526 hoc
2912 3489 3026 3527 non
3060 3491 3160 3546 per
3180 3492 3262 3542 se,
3296 3478 3395 3533 sed
3430 3481 3502 3535 ab
3532 3481 3663 3554 ipso

2018 3553 2117 3624 qui
2148 3554 2327 3624 gratis
2360 3553 2556 3608 omnia
2579 3557 2887 3625 justiﬁcat.
2943 3560 3008 3616 Et
3038 3562 3147 3618 hoc
3179 3568 3473 3636 quomodo
3518 3553 3663 3627 ﬁet?

2022 3651 2282 3707 Viderunt
2330 3648 2604 3722 ingressus
2651 3663 2788 3723 tuos,
2835 3658 2994 3725 Deus,
3040 3659 3096 3714 id
3130 3668 3218 3716 est
3247 3676 3663 3736 recognoscent

2016 3741 2316 3812 ingressus
2367 3748 2522 3808 tuos,
2581 3743 2832 3815 qualiter
2882 3763 2984 3817 per
3026 3748 3348 3807 humanam
3388 3758 3658 3813 naturam

2016 3832 2235 3886 mundo
2258 3831 2598 3889 innotuisti:
2629 3838 2686 3889 et
2710 3851 2823 3889 non
2846 3839 3074 3891 tantum
3097 3842 3229 3894 tuos
3253 3840 3555 3913 ingressus
3577 3845 3661 3901 sic

2014 3927 2445 3993 recognoscent,
2472 3924 2573 3978 sed
2600 3923 2776 3979 etiam
2800 3926 3097 3995 ingressus,
3132 3929 3189 3983 id
3222 3933 3328 3996 est,
3362 3933 3659 4003 apostolos

2012 4012 2110 4081 qui
2160 4016 2299 4065 sunt
2348 4027 2585 4081 gressus
2636 4014 2729 4068 Dei
2776 4017 2910 4080 mei,
2962 4016 3061 4087 qui
3104 4034 3197 4073 me
3225 4020 3438 4075 creavit
3466 4022 3658 4095 prima

2010 4098 2320 4162 creatione,
2355 4100 2507 4170 Regis
2526 4102 2654 4171 mei,
2689 4101 2788 4173 qui
2822 4120 2913 4159 me
2943 4109 3336 4177 regeneravit:
3371 4127 3463 4182 qui
3492 4117 3568 4168 est
3596 4115 3657 4170 in

2008 4196 2216 4251 sancto,
2242 4188 2297 4241 id
2321 4192 2429 4253 est,
2454 4189 2511 4242 in
2536 4206 2887 4263 unoquoque
2909 4211 2943 4248 a
2965 4212 3026 4250 se
3050 4197 3409 4255 sanctificato
3432 4217 3446 4255 :
3474 4200 3561 4256 vel
3593 4204 3655 4258 in

2006 4284 2210 4339 sancto,
2243 4275 2302 4331 in
2333 4277 2588 4345 Christo;
2623 4281 2778 4336 unde
2815 4281 2981 4349 illud,
3037 4289 3174 4341 Deus
3201 4291 3319 4341 erat
3342 4290 3403 4342 in
3434 4288 3657 4347 Christo

2006 4366 2277 4419 mundum
2322 4369 2681 4423 reconcilians
2725 4371 2832 4425 sibi
2880 4374 2955 4440 (Il
2987 4372 3111 4427 Cor.
3157 4378 3247 4441 v);
3297 4374 3385 4430 vel
3434 4375 3650 4433 aliter:

2006 4455 2319 4523 Intingatur
2338 4470 2428 4524 pes
2448 4459 2573 4510 tuus
2604 4460 2663 4511 in
2690 4462 2975 4530 sanguine,
3010 4465 3067 4516 et
3095 4461 3204 4516 hoc
3234 4468 3335 4517 tuo
3366 4464 3651 4536 exemplo.

243 4544 682 4600 antonomatice
709 4545 920 4601 dicitur
953 4547 1263 4615 Dominus,
1296 4549 1365 4604 de
1400 4549 1507 4605 boo
1538 4554 1759 4608 mundo
1791 4558 1902 4609 erit
1930 4549 1975 4613 D
2008 4551 2152 4608 Nam
2182 4551 2463 4607 videbunt
2490 4569 2731 4623 gressus
2760 4560 2913 4626 tuos,
2948 4557 3164 4627 quibus
3195 4558 3266 4613 de
3295 4558 3404 4615 hoc
3428 4562 3650 4618 mundo

242 4634 434 4687 exitus
476 4637 686 4688 mortis.
744 4636 870 4705 Ipse
908 4635 1064 4690 enim
1097 4640 1160 4690 ut
1192 4639 1508 4707 potentiam
1540 4657 1657 4695 sua:
1691 4642 1897 4700 salutis

244 4720 602 4788 ostenderet,
636 4723 782 4777 mori
812 4722 1032 4778 voluit:
1067 4725 1166 4779 sed
1201 4742 1535 4799 quanquam
1560 4730 1687 4800 ejus
1711 4731 1898 4787 exitus

245 4808 329 4861 sit
361 4809 551 4863 exitus
585 4810 810 4883 mortis,
844 4821 1025 4866 tamen
1052 4813 1193 4868 Deus
1216 4832 1329 4870 non
1355 4817 1551 4872 minus
1572 4824 1660 4873 est
1690 4826 1898 4890 potens

242 4912 430 4967 super
452 4897 722 4953 inimicos
747 4916 905 4955 suos.
934 4900 1078 4955 Nam
1101 4904 1411 4974 confringet
1432 4909 1614 4977 capita
1636 4909 1898 4964 inimico-

240 5001 636 5054 rumsuorum,
663 4987 715 5041 id
746 4993 852 5058 est,
880 4991 1215 5060 superbiam
1250 4992 1617 5049 inimicorum
1650 5014 1894 5053 suorum

238 5073 581 5145 dissipabit,
631 5076 719 5131 vel
754 5075 973 5132 salubri
1007 5078 1387 5149 subjectione,
1444 5083 1529 5138 vel
1574 5084 1894 5142 damnabili

237 5163 643 5219 exsecratione
661 5183 673 5219 :
695 5167 1004 5235 con/ringet
1021 5167 1194 5222 etiam
1216 5172 1461 5225 verticem
1478 5174 1671 5243 capilli
1683 5191 1894 5245 peram-

241 5250 563 5306 bulantium
589 5253 649 5307 in
678 5254 891 5309 delictis
920 5257 1052 5309 suis.
1086 5260 1192 5310 Per
1211 5260 1467 5314 verticem
1486 5263 1680 5331 capilli
1701 5263 1893 5319 adhuc

240 5340 529 5409 majorem
560 5342 896 5412 superbiam
928 5348 1108 5413 notat,
1141 5360 1318 5414 quam
1351 5363 1455 5417 per
1494 5355 1686 5421 caput.
1720 5351 1893 5408 Notat

241 5425 409 5481 enim
440 5444 715 5502 magnam
748 5430 1169 5487 sublimitatem
1201 5435 1485 5504 superbiae
1504 5440 1891 5507 perambulan-

238 5516 393 5571 tium
422 5518 482 5571 in
509 5517 720 5575 delictis
749 5521 886 5586 suis,
918 5520 975 5575 id
1005 5524 1112 5587 est,
1144 5519 1377 5576 illorum
1430 5524 1644 5595 quibus
1684 5528 1891 5589 delicta

241 5606 395 5667 sunt
421 5603 756 5685 delectatio;
811 5607 901 5669 vel
932 5607 1134 5673 aliter:
1188 5608 1503 5689 Con/ﬁnget
1538 5614 1678 5679 Deus
1706 5622 1891 5697 capita

2005 4655 2275 4710 egressus
2296 4657 2385 4696 es:
2415 4645 2660 4696 mortem
2685 4647 2845 4697 tuam
2868 4643 3152 4711 videlicet,
3178 4662 3355 4717 quam
3374 4652 3437 4704 tu
3462 4665 3652 4707 exem-

2006 4726 2168 4797 plum
2198 4729 2318 4783 tuis
2350 4728 2656 4800 reliquisti,
2691 4735 2755 4784 ut
2784 4748 2898 4786 non
2933 4732 3271 4789 dubitarent
3299 4738 3648 4810 sanguinem

2006 4832 2108 4886 pro
2140 4821 2195 4871 te
2226 4818 2548 4883 effundere,
2599 4817 2981 4876 saluberrime
3028 4822 3185 4877 verbi
3232 4823 3317 4878 tui
3358 4833 3647 4899 praecepto

2005 4905 2233 4975 moniti,
2257 4906 2367 4960 sic:
2392 4906 2646 4977 Majorem
2666 4906 3008 4964 charitatem
3030 4926 3189 4967 nemo
3209 4913 3389 4983 habet,
3405 4931 3568 4985 quam
3586 4918 3649 4970 ut

2005 4994 2252 5047 animam
2278 5010 2437 5049 suam
2473 4999 2643 5065 ponat
2672 4998 2795 5065 quis
2821 5014 2921 5068 pro
2950 5001 3145 5055 amicis
3173 5002 3291 5055 suis
3320 5002 3496 5071 (Joan.
3527 5002 3645 5073 xv).

2001 5091 2274 5161 Ingressus
2324 5092 2426 5146 Dei
2473 5094 2605 5158 mei,
2656 5095 2809 5166 regis
2840 5096 2973 5162 mei,
3016 5098 3112 5167 qui
3139 5106 3218 5151 est
3247 5099 3305 5151 in
3336 5105 3519 5154 sancto
3541 5115 3561 5151 :
3590 5102 3649 5155 et

2002 5178 2109 5233 hoc
2158 5179 2330 5233 modo
2382 5179 2659 5235 videbunt
2709 5186 2841 5238 tuos
2872 5184 3194 5254 ingressus.
3255 5190 3646 5241 Przvenerunt

1999 5269 2273 5338 principes
2293 5268 2575 5338 conjuncti
2590 5269 2972 5342 psallentibus,
3005 5272 3060 5327 id
3093 5277 3200 5341 est,
3233 5274 3642 5345 praedicatores

2001 5355 2174 5427 primi
2203 5356 2478 5426 conjuncti
2500 5357 2889 5428 psallentibus,
2940 5360 2998 5413 id
3030 5363 3145 5427 est,
3197 5360 3466 5417 associati
3511 5360 3642 5419 aliis

1999 5444 2146 5498 bene
2175 5444 2578 5514 operantibus,
2630 5448 2980 5517 praevenient
3009 5452 3074 5503 ut
3104 5455 3232 5504 tuos
3263 5464 3503 5520 gressus
3531 5465 3642 5505 an-

2001 5532 2314 5588 nuntient:
2370 5536 2427 5587 et
2477 5532 2588 5588 hoc
2640 5536 2701 5589 in
2742 5536 2924 5591 medio
2959 5536 3386 5609 juvencularum
3416 5542 3639 5612 tympa-

1996 5621 2342 5688 nistriarum.
2357 5620 2691 5687 Juvenoull
2710 5622 2806 5687 hic
2822 5624 3130 5717 designant
3146 5625 3436 5692 Ecclesia
3454 5640 3637 5701 nam
