4014 6194
363 321 484 382 487

928 319 1233 384 REMIGII
1277 315 2032 383 ANTISSIODORENSIS
2078 317 2251 380 OPP.
2302 317 2501 378 PARS
2547 315 2705 375 1.-
2734 305 3194 373 EXEGETICA.

3649 301 3775 364 488

367 473 514 511 nova
547 455 736 526 gratia
769 455 1099 524 decoratas,
1154 457 1213 510 in
1246 457 1464 528 quibus
1494 455 1764 511 Ecclesiis
1792 471 2016 509 annun-
2045 455 2098 520 Α
2130 452 2187 507 id
2211 456 2317 520 est,
2345 450 2635 539 principes
2660 447 2790 502 fidei
2811 449 2983 501 erunt
3005 443 3181 498 duces
3201 454 3402 539 eorum
3427 436 3530 537 qui
3555 436 3780 537 suntin

367 543 554 599 tiandi
578 548 719 599 sunt
743 559 982 616 gressus
1007 545 1258 600 Domini.
1281 546 1650 617 Tympanum
1677 543 1831 614 fitex
1861 542 2015 597 corio

365 633 520 688 sicco
543 633 604 687 in
625 632 784 704 ligno
805 638 1073 688 extenso:
1097 634 1249 688 unde
1267 634 1733 706 tympanizantes
1753 637 1890 687 sunt
1910 631 2014 697 illi,

371 721 470 793 qui
498 738 532 776 a
557 721 891 776 carnalibus
922 721 1227 777 desideriis
1247 726 1385 776 sunt
1416 722 1708 787 exsiccati,
1738 727 1794 776 ct
1819 720 1877 775 in
1910 720 2020 774 vir—

362 811 590 866 tutibus
615 810 833 865 extensi
855 811 1052 878 ;juxta
1074 809 1216 865 illud
1239 828 1250 865 :
1284 812 1511 866 Carnem
1532 818 1831 878 macerant,
1853 809 2018 880 spiri-

363 904 481 954 tum
505 899 783 969 roborant,
820 901 879 953 in
911 901 1160 954 Ecclesiis
1184 901 1478 956 benedicite
1504 904 1627 956 Deo.
1662 901 1743 954 Ne
1775 915 1876 970 per
1908 899 2016 954 hoc

364 989 517 1060 quod
539 987 1227 1057 nominavitjuvenculas
1249 995 1306 1044 et
1325 989 1785 1061 tympanistrias,
1803 988 2016 1043 vellent

358 1075 617 1131 conversi
671 1093 738 1131 ex
792 1077 976 1132 Basan
1010 1077 1068 1131 in
1104 1078 1321 1132 carnali
1358 1077 1739 1133 delectatione
1774 1077 2015 1132 Domino

361 1165 824 1221 benedicendum
850 1164 1200 1237 intelligere,
1217 1167 1521 1238 subjungit
1544 1167 1641 1221 ubi
1666 1167 1896 1220 Domino
1918 1166 2015 1219 be-

365 1253 755 1309 nedicendum
781 1253 878 1308 sit.
897 1255 1071 1318 Quasi
1102 1255 1283 1310 dicat:
1307 1255 1421 1309 Vos
1447 1254 1704 1310 conversi
1723 1271 1791 1310 ea:
1811 1257 2013 1320 Basan,

355 1343 418 1397 in
436 1343 681 1397 ecclesiis
708 1341 1004 1398 benedicite
1036 1344 1168 1413 Deo,
1203 1344 1275 1398 de
1301 1345 1544 1414 fontibus
1573 1344 1764 1409 Israel,
1797 1344 2013 1398 subau-

357 1430 448 1485 dis
471 1431 764 1497 inebriati,
788 1429 876 1486 vel
909 1431 974 1485 de
992 1432 1235 1500 fontibus
1260 1433 1588 1487 confirmati
1620 1437 1677 1488 et
1704 1432 1976 1487 instructi
1999 1448 2012 1486 :

360 1533 424 1582 ut
456 1544 760 1599 nunquam
796 1529 1061 1583 doctrina
1091 1535 1282 1585 vestra
1312 1531 1384 1585 ab
1411 1531 1493 1586 eis
1525 1530 1823 1597 dissonet;
1861 1530 2016 1584 unde

259 1665 283 1685 _
357 1615 494 1670 alibi
530 1635 542 1670 :
593 1618 827 1671 Narrate
860 1619 919 1670 in
947 1618 1193 1672 turribus
1223 1620 1341 1689 ejus
1373 1621 1482 1688 (Ps.
1515 1624 1707 1686 XLVII).
1761 1619 1842 1674 lbi
1875 1625 2012 1674 Ben-

351 1707 533 1776 jamin
586 1705 1038 1762 adolescentulus.
1094 1708 1400 1763 Benedicitc
1446 1708 1510 1763 de
1534 1711 1777 1778 fontibus
1807 1709 2012 1778 Israel,

360 1793 510 1890 inter
534 1811 686 1890 quos
721 1795 908 1850 fontes
941 1795 1048 1849 erit
1080 1799 1401 1866 Benjamin,
1436 1797 1493 1852 id
1525 1801 1645 1866 est,
1694 1797 1913 1853 Paulus
1946 1797 2015 1852 de
2047 1825 2093 1890 Β

357 1882 516 1937 tribu
534 1882 841 1953 Benjamin
862 1889 1066 1939 natus:
1089 1885 1684 1957 adolescentulus,quia
1703 1887 2017 1941 novissime

360 1970 471 2026 fuit
501 1971 723 2027 electus
751 1989 762 2027 :
798 1975 862 2026 in
894 1981 1104 2028 menius
1136 1989 1374 2029 excessu.
1403 1976 1684 2030 Excessus
1711 1974 1925 2030 mentis
1954 1975 2018 2028 fit

363 2059 421 2114 in
454 2064 692 2131 stupore
739 2061 826 2116 vel
859 2062 916 2116 in
949 2048 1218 2117 elatio'ne.
1276 2063 1338 2117 In
1389 2068 1626 2135 stupore
1659 2064 1871 2118 mentis
1906 2064 2016 2118 fuit

364 2149 604 2218 Paulus,
629 2151 866 2220 quando
889 2151 1032 2205 adeo
1063 2168 1397 2222 percussus.
1419 2152 1600 2215 iacuit
1620 2170 1724 2224 per
1748 2157 1867 2208 tres
1893 2153 2015 2208 dies

364 2247 489 2303 sine
510 2248 636 2303 visu
672 2252 728 2302 et
758 2248 959 2311 auditu
986 2249 1121 2317 (Act.
1151 2252 1250 2318 ix).
1285 2250 1414 2304 Fuit
1440 2251 1614 2305 etiam
1647 2250 1705 2305 in
1739 2251 2016 2306 sublimi-

363 2340 479 2392 tate
532 2337 744 2391 mentis
795 2353 932 2392 cum
983 2338 1130 2392 dixit
1167 2355 1178 2393 :
1231 2339 1350 2395 Scio
1387 2340 1655 2396 hominem
1688 2349 1814 2395 ante
1841 2357 2016 2396 annos

361 2424 775 2497 Quatuordecim
825 2427 966 2493 (sive
1014 2429 1074 2481 in
1121 2444 1371 2500 corpore,
1420 2432 1536 2484 sive
1583 2434 1740 2484 extra
1787 2445 2011 2502 corpus,

361 2514 570 2578 nescio,
605 2513 743 2567 Deus
773 2514 896 2583 scit)
956 2520 1178 2586 raptum
1229 2517 1542 2587 hujusmodi
1592 2535 1762 2588 usque
1807 2519 1876 2573 ad
1903 2521 2014 2573 ter-

364 2602 505 2655 tium
540 2601 733 2654 cwlum
781 2602 851 2672 (ll
885 2602 1004 2656 Cor.
1039 2606 1162 2671 xu).
1230 2606 1290 2658 In
1350 2622 1466 2676 qua
1521 2607 1698 2660 etiam
1757 2606 2016 2662 Ecclesia

366 2691 540 2744 erunt
562 2690 840 2759 principes
865 2690 1001 2745 Iuda
1021 2690 1180 2745 duces
1206 2708 1416 2756 eorum,
1447 2696 1728 2764 principes
1757 2696 2015 2751 Zabulon

368 2784 422 2833 et
437 2778 711 2848 principes
731 2778 1097 2848 Nephthalim.
1122 2779 1338 2834 Volunt
1359 2781 1596 2851 quidam
1624 2782 1682 2836 in
1705 2782 1814 2838 hoc
1841 2800 2012 2839 versu

370 2882 572 2922 omnes
594 2865 888 2937 apostolos
912 2867 1157 2940 intelligi
1188 2869 1259 2923 de
1290 2869 1444 2923 tribu
1480 2869 1728 2926 istorum
1759 2888 1887 2927 esse
1919 2890 2016 2928 na-

366 2959 458 3011 tos
478 2955 632 3026 quod
657 2972 768 3010 non
793 2954 1079 3010 habemus
1102 2959 1256 3012 unde
1273 2959 1710 3024 contirmemus,
1727 2961 2012 3015 sicutnon

367 3043 656 3099 habemus
679 3044 833 3099 unde
860 3043 1292 3116 improbemus:
1320 3063 1499 3116 quare
1523 3049 1844 3118 quaarendaa
1875 3055 2014 3105 sunt

367 3131 673 3187 nominum
697 3132 1218 3204 interpretationes.
1243 3135 1425 3189 Judas
1455 3135 1868 3208 interpretatur
1885 3154 2009 3194 con-

363 3222 558 3293 fessio:
594 3219 692 3275 ubi
727 3190 1011 3293 martyres
1043 3220 1472 3294 intelliguntur,
1525 3190 1625 3294 qui
1658 3190 2008 3298 praecipuam
2041 3190 2083 3256 α

365 3310 541 3366 ﬁdem
569 3308 625 3363 in
651 3308 906 3365 Ecclesia
929 3310 1164 3377 habent,
1196 3315 1252 3365 et
1275 3327 1376 3380 pro
1401 3328 1468 3367 ea
1496 3313 1745 3370 maxime
1770 3319 2012 3370 certant.

365 3398 435 3454 Et
454 3398 732 3469 quoniam
760 3399 1122 3455 certantibus
1146 3416 1246 3471 pro
1272 3400 1382 3455 fide
1403 3417 1550 3472 opus
1575 3408 1662 3457 est
1684 3405 2014 3459 corrobora-

364 3496 520 3551 tione
541 3499 599 3550 et
621 3495 979 3561 fortitudine,
1016 3513 1086 3550 ne
1118 3497 1392 3552 deﬁciant
1417 3499 1472 3554 in
1502 3500 1841 3567 certamine,
1876 3503 2013 3557 sub-

355 3585 646 3656 jungitur.
682 3585 964 3655 Principes
995 3586 1257 3640 Zabulon.
1306 3588 1563 3642 Zabulon
1599 3589 2016 3661 interpretatur

361 3672 742 3729 habitaculum
769 3673 1134 3744 fortitudinis,
1178 3675 1276 3730 ubi
1312 3693 1450 3747 spes
1481 3676 1852 3749 intelligitur,
1887 3695 2013 3750 quae

364 3763 617 3818 maxime
649 3762 987 3818 corroborat
1019 3770 1308 3835 martyres
1361 3781 1461 3835 pro
1516 3766 1628 3820 fide
1676 3771 2013 3823 certantes:

363 3852 504 3923 quia
557 3852 700 3906 dum
760 3857 997 3922 sperant
1054 3858 1297 3920 aeterna,
1350 3869 1464 3908 non
1523 3859 1727 3925 gravat
1756 3871 1854 3910 eos
1888 3873 2014 3910 mu-

364 3944 488 3994 tare
536 3939 901 4010 temporalia.
963 3941 1248 4010 Principes
1304 3942 1685 4013 Nephthalim.
1749 3943 2015 4000 Nominis

367 4027 766 4098 interpretatio
825 4033 909 4082 est
965 4029 1248 4093 dilatatio,
1304 4030 1402 4086 ubi
1435 4030 1777 4102 intelligitur
1805 4031 2012 4089 dilata-

368 4119 492 4170 tum
559 4113 897 4186 praemium,
975 4119 1129 4188 quod
1200 4120 1485 4190 recepturi
1553 4125 1691 4177 sunt
1757 4121 1854 4194 qui
1924 4121 2016 4177 hic

365 4203 624 4276 legitime
675 4207 899 4258 certant
943 4205 1002 4258 in
1037 4206 1198 4261 ﬁde:
1250 4224 1386 4262 nam
1439 4211 1535 4279 qui
1582 4213 2017 4281 perseveraverit

365 4309 535 4365 usque
562 4294 624 4348 in
652 4292 848 4361 ﬁnem,
907 4294 1094 4349 salvus
1135 4296 1248 4349 erit
1287 4296 1498 4365 (Matth.
1549 4315 1614 4363 x,
1676 4301 1852 4371 xxrv).
1913 4299 2015 4354 Vel

365 4381 568 4439 aliter:
603 4383 687 4437 Ibi
716 4383 1007 4442 Beniamin
1039 4382 1491 4439 adolescentulus.
1543 4386 1722 4442 Jacob
1775 4388 2014 4444 benedi-

365 4464 501 4525 cens
525 4468 662 4525 ﬁliis
683 4468 828 4535 suis,
855 4469 998 4525 dixit
1021 4471 1328 4541 Benjamin
1352 4489 1364 4526 :
1392 4471 1514 4527 Fiat
1533 4474 1826 4543 Beniamin
1855 4478 2018 4547 lupus

2127 540 2383 596 Ecclesia
2407 558 2418 594 :
2452 543 2506 594 et
2533 526 2810 609 principes
2830 531 3164 600 Zabulon,id
3189 533 3299 595 est,
3314 527 3614 601 principes
3632 526 3780 598 spei,

2127 633 2184 684 et
2208 629 2504 700 principes
2535 625 2866 696 Nephtalim,
2901 622 2958 676 id
2983 625 3089 687 est,
3124 617 3446 682 charitatis,
3481 632 3612 688 quae
3643 614 3783 670 cha-

2126 719 2271 773 ritas
2293 718 2506 772 dicitur
2526 713 2810 780 dilatatio,
2838 711 3114 784 quoniam
3144 709 3200 763 in
3225 706 3510 763 charitate
3539 704 3626 760 sic
3652 703 3785 776 qui-

2127 809 2262 862 dam
2285 807 2701 870 extenduntur,
2719 807 2783 857 ut
2807 819 2907 874 pro
2929 797 3186 854 inimicis
3209 800 3393 852 orent.
3418 795 3567 850 Nota
3589 794 3787 864 Benja-

2129 899 2242 952 min
2276 899 2334 950 in
2364 911 2586 950 excessu
2615 894 2834 958 mentis,
2863 890 2921 944 id
2953 893 3061 953 est,
3084 887 3142 941 in
3162 882 3787 948 sublimitate,scilicet

2127 989 2198 1041 dc
2221 1002 2280 1040 se
2304 984 2481 1056 impio
2508 984 2563 1036 in
2593 999 2654 1036 se
2678 981 2860 1051 pium,
2886 980 2956 1033 de
2979 993 3040 1032 se
3062 973 3300 1031 animali
3327 974 3384 1028 in
3409 989 3471 1029 se
3507 972 3786 1043 spiritua-

2123 1075 2236 1130 lem
2270 1075 2340 1129 de
2371 1091 2431 1128 se
2461 1071 2696 1126 homine
2727 1071 2784 1123 in
2817 1084 2878 1123 se
2913 1072 3116 1122 Deum.
3183 1063 3416 1128 Munda,
3463 1063 3634 1131 Deus,
3666 1062 3781 1116 vir-

2125 1168 2308 1218 tutem
2344 1168 2526 1216 tuam.
2552 1159 2726 1223 Quasi
2754 1160 2937 1212 dicat:
2972 1155 3046 1210 Ut
3067 1160 3122 1209 te
3146 1152 3494 1208 benedicant
3515 1150 3784 1206 conversi

2127 1269 2194 1308 ex
2229 1254 2408 1306 Basan
2443 1251 2502 1304 in
2537 1247 2828 1314 Ecclesiis,
2880 1244 3106 1310 manda,
3161 1244 3324 1307 Deus,
3358 1241 3543 1306 Pater,
3576 1239 3638 1294 id
3671 1244 3786 1310 est,

2126 1349 2474 1406 commenda
2502 1350 2757 1402 virtutem
2793 1349 2965 1408 tuam,
2997 1342 3056 1397 id
3089 1345 3198 1410 est,
3223 1341 3480 1395 Verbum
3504 1343 3677 1393 tuum
3701 1338 3788 1392 in-

2126 1441 2450 1503 carnatum,
2485 1435 2640 1507 quod
2668 1433 2854 1488 virtus
2884 1435 2987 1486 tua
3015 1438 3123 1486 est.
3159 1427 3324 1484 Unde
3353 1427 3589 1494 Paulus,
3619 1425 3787 1483 Chri—

2127 1531 2284 1582 stum
2319 1526 2417 1580 Dei
2449 1524 2722 1578 virtutem
2753 1526 2810 1577 et
2840 1521 2942 1577 Dei
2974 1518 3324 1591 sapientiam
3359 1517 3404 1594 (ι
3429 1514 3549 1571 Cor.
3579 1515 3648 1586 1).
3680 1514 3787 1571 Vel

2124 1615 2329 1670 manda
2360 1615 2580 1669 virtutis
2611 1617 2722 1668 tuae
2747 1607 3216 1666 benedictionem
3248 1604 3431 1672 illam,
3456 1609 3522 1659 ut
3541 1621 3648 1676 per
3668 1603 3786 1659 vir-

2125 1709 2309 1760 tutem
2362 1702 2554 1759 omnis
2601 1702 2702 1756 fiat
2732 1697 3097 1765 benedictio;
3148 1694 3240 1752 vel
3271 1693 3472 1749 manda
3499 1693 3784 1749 virtutem

2124 1797 2310 1861 tuam,
2339 1793 2395 1847 id
2419 1797 2527 1857 est,
2551 1789 2898 1846 charitatem
2926 1802 3104 1859 quam
3135 1783 3393 1840 habuisti
3425 1799 3565 1855 erga
3594 1781 3786 1837 homi-

2126 1899 2230 1938 nes
2259 1898 2271 1936 :
2305 1881 2584 1953 quoniam
2616 1896 2739 1934 cum
2767 1878 2950 1933 adhuc
2990 1878 3303 1948 peccatores
3334 1887 3589 1936 essemus,
3628 1871 3786 1926 Chri-

2123 1975 2239 2027 stus
2264 1987 2365 2042 pro
2395 1972 2548 2026 nobis
2575 1977 2826 2024 mortuus
2855 1973 2934 2022 est
2967 1966 3139 2033 (Rom.
3187 1965 3264 2034 v).
3317 1961 3601 2030 Conﬁrma.
3651 1959 3778 2026 hoc,

2129 2064 2284 2126 Deus,
2318 2060 2462 2130 quod
2491 2067 2738 2130 aperatus
2760 2073 2815 2112 es
2837 2059 2896 2111 in
2917 2056 3092 2120 nobis,
3127 2053 3184 2107 id
3207 2057 3314 2122 est,
3342 2050 3590 2123 gratiam
3616 2049 3778 2105 illam

2125 2166 2299 2219 quam
2322 2148 2491 2203 nobis
2516 2147 2791 2214 tribuisti,
2815 2144 3098 2214 conﬁrma,
3115 2143 3172 2196 id
3196 2145 3303 2209 est,
3329 2139 3584 2196 similem
3607 2139 3778 2196 nobis

2126 2243 2183 2294 et
2212 2238 2486 2310 gentibus
2519 2238 2750 2291 ﬁrmam
2782 2235 2988 2303 redde,
3035 2230 3365 2304 incipiendo
3397 2246 3431 2283 a
3461 2230 3661 2300 templo
3693 2237 3778 2285 tuo

2125 2329 2269 2400 quod
2307 2332 2384 2383 est
2430 2329 2491 2381 in
2536 2326 2872 2385 Jerusalem;
2904 2323 2986 2377 ibi
3017 2321 3171 2377 enim
3206 2319 3368 2392 prius
3397 2319 3647 2373 verbum
3682 2318 3777 2374 Dei

2125 2417 2504 2490 praedicatum
2535 2419 2641 2472 est.
2676 2414 2786 2470 Sed
2821 2412 2957 2485 quia
2990 2409 3254 2466 excaecati
3289 2409 3550 2481 recipere
3577 2406 3776 2463 nolue-

2125 2510 2282 2572 runt,
2298 2505 2559 2562 conversi
2582 2508 2720 2559 sunt
2743 2501 3150 2575 praedicatores
3169 2499 3235 2553 ad
3262 2501 3485 2570 gentes.
3504 2497 3777 2567 Con-ﬁrma

2125 2595 2225 2652 hoc
2247 2595 2388 2666 quod
2416 2596 2667 2665 operatus
2688 2609 2744 2648 es
2765 2593 2826 2646 in
2845 2591 3023 2646 nobis.
3057 2588 3202 2643 Nam
3234 2587 3283 2642 si
3316 2585 3774 2654 confi'rmaveris,

2124 2700 2295 2754 reges,
2330 2683 2384 2736 id
2421 2687 2510 2738 est
2541 2681 2785 2752 apostoli
2816 2680 2921 2747 tui,
2950 2679 3177 2750 oﬂerent
3206 2676 3308 2731 tibi
3334 2691 3571 2730 munera
3591 2697 3609 2730 :
3645 2691 3772 2731 nam

2125 2773 2327 2827 Petrus
2387 2771 2586 2826 oti‘eret
2639 2770 2744 2824 tibi
2806 2784 3112 2824 conversos
3169 2782 3236 2820 ex
3283 2764 3766 2830 circumcisione;

2124 2868 2338 2923 Paulus
2359 2885 2428 2922 ex
2449 2867 2763 2939 praeputio;
2789 2866 3047 2921 Thomas
3073 2864 3263 2933 Indos,
3283 2867 3341 2918 et
3363 2863 3612 2933 quisque
3637 2877 3772 2918 suos

2121 2957 2336 3029 quibus
2395 2955 2730 3028 praedicavit
2763 2971 2774 3010 :
2834 2955 2922 3009 vel
2956 2953 3150 3019 aliter,
3206 2951 3467 3020 conﬁrma
3497 2951 3602 3005 hoc
3631 2949 3770 3022 quod

2121 3050 2371 3117 operatus
2401 3061 2456 3100 es
2485 3046 2545 3098 in
2572 3044 2749 3099 nobis.
2782 3043 2927 3097 Nam
2959 3043 3008 3096 si
3043 3039 3490 3107 conﬁrmaveris,
3522 3037 3769 3110 afer-ent

2121 3135 2224 3190 tibi
2250 3151 2398 3205 reges
2425 3149 2683 3200 munera,
2714 3131 3058 3203 incipientes
3088 3147 3122 3184 a
3142 3128 3458 3200 templotuo,
3492 3131 3548 3179 et
3571 3141 3764 3196 usque
3833 3183 3858 3192 ,

2122 3225 2182 3277 in
2202 3222 2505 3280 Jerusalem
2527 3219 3000 3292 superccelestem
3033 3217 3447 3290 pervenientes.
3476 3213 3544 3268 Et
3565 3217 3631 3267 ut
3652 3212 3757 3268 tibi

2124 3313 2389 3382 offerant,
2413 3314 2635 3382 increpa
2655 3312 2803 3381 feras
2831 3307 3146 3373 arundinis,
3180 3306 3234 3360 id
3269 3310 3378 3369 est,
3409 3302 3675 3358 homines
3695 3301 3766 3356 ir-

2124 3399 2553 3456 rationabiliter
2580 3399 2857 3462 viventes,
2909 3401 2965 3452 et
2994 3396 3122 3451 ideo
3154 3395 3292 3450 feris
3323 3391 3772 3462 comparabiles.

2121 3494 2272 3544 Sunt
2291 3489 2466 3545 etiam
2489 3488 2736 3554 arundo,
2751 3487 2889 3556 quia
2910 3484 3404 3540 circumferuntur
3425 3480 3586 3535 omni
3609 3483 3777 3535 vento

2123 3580 2419 3635 doctrinas.
2453 3578 2553 3633 Vel
2586 3579 2812 3646 increpa
2839 3575 2989 3647 feras
3017 3571 3418 3644 dissipatrices
3457 3569 3776 3635 arundinis,

2123 3670 2181 3723 id
2215 3673 2321 3736 est,
2355 3665 2628 3722 doctrinae
2661 3682 2860 3734 sacrae,
2898 3680 3024 3735 quae
3057 3679 3159 3734 per
3187 3660 3540 3717 arundinem
3574 3656 3779 3713 intelli-

2125 3757 2300 3829 gitur,
2335 3755 2614 3828 quoniam
2646 3754 2872 3810 arundo
2905 3751 3127 3808 solebat
3156 3767 3285 3806 esse
3315 3749 3472 3821 apud
3504 3749 3781 3819 antiquos

2124 3862 2304 3901 causa
2354 3845 2676 3916 scripturas.
2737 3841 2898 3898 Unde
2930 3841 3099 3910 alibi,
3157 3841 3351 3911 lingua
3379 3854 3500 3892 mea
3528 3837 3780 3892 calamus

2120 3935 2323 3990 scribae
2351 3934 2520 4006 (Psal.
2555 3932 2726 4003 xmv).
2767 3930 2867 3986 Vel
2900 3929 3172 3984 arundini
3205 3937 3628 3999 comparantur
3659 3925 3775 3980 bss-

2123 4023 2286 4079 retici
2311 4040 2325 4077 :
2363 4023 2501 4094 quia
2531 4022 2686 4076 sicut
2705 4020 2930 4075 arundo
2961 4018 3020 4073 in
3044 4017 3234 4073 lutoso
3265 4016 3389 4072 loco
3415 4016 3530 4070 ﬁxa
3549 4019 3662 4081 est,
3697 4013 3780 4069 sic

2125 4112 2432 4168 haereticus
2453 4111 2702 4183 quisque
2723 4109 2780 4164 in
2813 4108 3003 4164 lutoso
3025 4106 3318 4162 intellectu
3342 4121 3404 4160 se
3426 4103 3778 4175 submergit.

2127 4211 2486 4279 Congregatis
2517 4212 2803 4263 taurorum
2832 4207 2895 4260 in
2921 4207 3105 4261 vaccis
3129 4205 3475 4276 populorum,
3496 4205 3560 4256 ut
3585 4199 3777 4257 exclu-

2124 4297 2258 4353 dant
2289 4314 2377 4353 eos
2407 4298 2504 4369 qui
2529 4297 2748 4368 probati
2773 4298 2900 4349 sunt
2927 4301 3170 4364 argento.
3203 4290 3379 4355 Quasi
3411 4291 3608 4345 dicat:
3648 4289 3782 4344 Ideo

2125 4387 2254 4442 dico
2304 4391 2368 4442 ut
2418 4387 2688 4457 increpas
2735 4384 2887 4439 feras
2920 4381 3246 4437 arundinis.
3282 4379 3428 4436 Nam
3461 4378 3668 4432 futura
3697 4380 3785 4433 est

2124 4476 2473 4547 congregatio
2500 4479 2809 4541 taurorum,
2842 4471 2899 4526 id
2930 4475 3038 4533 est,
3070 4468 3306 4524 illorum
3329 4467 3428 4539 qui
3454 4471 3598 4522 sunt
3620 4465 3787 4521 indo-

365 4574 562 4629 rapax,
584 4574 749 4613 mane
766 4559 1079 4615 comedens
1099 4560 1368 4631 praedam,
1383 4577 1595 4633 vespere
1616 4563 1881 4620 dividens
1899 4581 2017 4636 spo-
2044 4559 2092 4624 D
2125 4563 2278 4618 mitis
2309 4561 2582 4627 cervicis,
2633 4566 2691 4616 et
2731 4560 2862 4616 ideo
2893 4558 3081 4614 tauris
3112 4554 3545 4629 comparabilis.
3581 4555 3656 4610 Et
3687 4551 3785 4610 ubi

370 4646 455 4700 tia
483 4645 636 4716 (Gen.
669 4647 836 4718 xux).
873 4647 936 4702 In
971 4648 1081 4704 hac
1113 4649 1517 4706 benedictione
1546 4668 1664 4706 non
1687 4652 2018 4724 specialiter

370 4732 584 4789 Paulus
615 4734 801 4788 notari
833 4740 1044 4806 potest,
1077 4738 1176 4793 sed
1209 4754 1412 4793 omnes
1443 4738 1527 4793 illi
1561 4739 1684 4811 qui,
1715 4757 1887 4796 mane
1915 4758 2015 4797 ex-

369 4820 541 4894 pulsa
569 4821 936 4879 infidelitatis
966 4825 1408 4892 tenebrositate,
1462 4829 1715 4898 quadam
1745 4829 2017 4886 aviditate

367 4917 540 4992 quasi
561 4919 919 4975 comedendo
942 4928 1187 4978 sumunt
1201 4925 1440 4979 verbum
1455 4923 1585 4980 Dei:
1609 4929 1666 4981 et
1685 4942 1942 4999 vespere,
1957 4929 2014 4983 id

367 5013 476 5076 est,
509 5007 597 5062 illi
627 5006 729 5079 qui
761 5012 929 5064 nocte
953 5008 1292 5081 ignorantiae
1315 5013 1503 5068 adhuc
1527 5015 1904 5082 oll‘uscantur,
1927 5017 2014 5072 di-

365 5095 576 5152 vidunt
593 5097 788 5167 spolia,
813 5097 872 5152 id
895 5102 1004 5164 est,
1035 5098 1444 5170 pradicatores
1466 5102 1649 5157 bonos
1677 5104 1918 5159 mittunt
1943 5105 2014 5160 ad

370 5184 536 5251 alios,
560 5188 626 5240 ut
647 5189 1084 5257 convertantur,
1106 5185 1265 5242 velut
1284 5187 1498 5243 Paulus
1521 5190 1620 5260 qui
1645 5191 1806 5246 misit
1827 5194 1861 5247 Ἰ
1877 5193 2017 5250 imo-

368 5273 572 5330 tbeum
593 5278 651 5328 et
668 5273 864 5330 Titum
888 5275 949 5330 in
983 5275 1488 5330 annuntiationem
1522 5277 1677 5333 fidei.
1712 5278 1897 5350 Spolia
1925 5281 2017 5336 di-

371 5367 586 5418 cuntur
615 5362 840 5428 fideles,
872 5364 1152 5436 quoniam
1184 5363 1415 5420 diabolo
1447 5364 1623 5420 ablati
1657 5372 1816 5434 sunt,
1847 5385 2016 5440 aquo

374 5450 588 5522 captivi
618 5450 988 5507 tenebantur.
1022 5453 1171 5510 Nota
1199 5470 1305 5524 per
1333 5453 1588 5526 praedam
1619 5455 1860 5511 verbum
1895 5457 2017 5526 Dei,

367 5539 538 5612 Juxta
566 5536 711 5594 illud
737 5555 749 5594 :
793 5540 1034 5611 Regnum
1063 5543 1165 5597 Dei
1190 5543 1304 5597 vim
1328 5543 1564 5612 patitur,
1589 5546 1642 5598 et
1668 5544 1898 5601 violenti
1926 5561 2016 5603 ra-

371 5627 539 5709 piunt
563 5625 706 5689 illud
735 5625 940 5704 (Natta.
985 5629 1085 5707 ιι).
1147 5631 1428 5707 Principes
1453 5629 1596 5692 Juda
1620 5631 1782 5693 dum
1807 5649 2021 5708 eorum,

2125 4651 2246 4708 haec
2269 4650 2642 4722 congregatio
2666 4650 2862 4704 futura
2883 4647 2961 4703 sit
2982 4646 3254 4704 ostendit.
3277 4649 3340 4699 In
3361 4645 3539 4699 vaccis
3555 4645 3788 4715 papilio-

2125 4757 2270 4811 rum,
2324 4743 2480 4794 inter
2507 4738 2638 4794 illos
2667 4737 2965 4803 videlicet,
2998 4736 3100 4808 qui
3131 4734 3282 4790 inter
3311 4731 3561 4806 populos
3589 4731 3788 4788 vaccis

2126 4832 2263 4885 sunt
2291 4825 2738 4899 comparabiles.
2771 4825 2917 4880 Nota
2946 4839 3181 4880 vaccam
3212 4828 3447 4878 taurum
3477 4819 3670 4876 libere
3701 4835 3787 4875 ss-

2125 4918 2246 4990 qui.
2264 4917 2424 4973 Unde
2447 4916 2676 4972 animas
2699 4913 3076 4970 seductibiles
3099 4928 3224 4984 quas
3247 4910 3447 4966 leviter
3467 4908 3784 4964 sententiis

2125 5015 2531 5070 haereticorum
2562 5013 3001 5078 subvertantur,
3024 5007 3283 5080 intellige
3309 5007 3502 5062 vaccis
3534 5021 3782 5078 compa-

2127 5103 2363 5171 rabiles,
2388 5118 2534 5174 quas
2557 5104 2716 5156 notat
2738 5099 3051 5170 Apostolus
3073 5097 3172 5152 ubi
3197 5097 3376 5151 dicit:
3410 5096 3518 5163 Qui
3552 5094 3782 5150 intran-

2124 5196 2213 5248 tes
2242 5191 2422 5246 domos
2449 5194 2676 5254 vestras,
2725 5190 2966 5259 captivas
2997 5187 3204 5242 ducunt
3233 5185 3612 5249 mulierculas,
3649 5197 3782 5240 one-

2125 5288 2275 5336 ratas
2315 5280 2549 5351 peccatis
2599 5279 2674 5349 (ll
2702 5278 2836 5332 Tim.
2877 5277 2982 5347 ιιι).
3039 5275 3122 5330 Ad
3172 5274 3328 5345 quod
3360 5276 3560 5328 autem
3592 5270 3783 5328 futuri

2127 5371 2247 5426 sint
2270 5367 2543 5433 heretici,
2569 5365 2907 5437 subjungit:
2945 5364 3008 5422 Ut
3026 5363 3326 5419 excludant
3354 5376 3463 5427 eos,
3488 5361 3549 5417 id
3580 5365 3698 5430 est,
3721 5363 3787 5415 ut

2128 5475 2230 5531 per
2259 5475 2358 5514 eos
2387 5454 2686 5511 manifesti
2741 5454 2913 5519 ﬁant,
2965 5455 3064 5524 qui
3086 5452 3310 5524 probati
3345 5454 3478 5506 sunt
3523 5453 3780 5522 argento,

2127 5547 2183 5602 id
2233 5551 2349 5618 est,
2401 5543 2616 5600 eruditi
2662 5543 2722 5598 in
2772 5541 2967 5598 divino
3011 5540 3260 5614 eloquio.
3313 5538 3478 5597 Unde
3532 5541 3779 5612 Aposta-

2125 5635 2267 5699 lus:
2319 5634 2538 5713 Oportet
2591 5646 2708 5695 esse
2763 5630 3022 5703 hereses,
3079 5623 3154 5690 ut
3197 5631 3298 5706 qui
3340 5625 3570 5707 probati
3621 5629 3784 5702 ιω,
