4014 6194
250 296 374 357 489

1379 296 1981 359 ΕΝΑΗΗΑΤΙΟΝΕΞ
2026 295 2106 355 ΙΝ
2152 296 2537 359 PSALMOS.

3542 305 3663 364 490

260 430 537 499 inani/“esti
580 429 715 498 ﬁant
768 430 811 498 (1
873 428 991 503 (lor.
1054 431 1162 501 x1);
1211 431 1294 485 vel
1356 431 1541 495 aliter,
1604 439 1662 486 ut
1719 431 1906 485 exclu-
1938 431 1989 497 Α
2022 430 2298 495 condunt,
2334 448 2436 501 per
2483 431 2651 485 illum
2692 430 2907 486 habent
2954 431 3305 499 ascendere;
3339 434 3422 487 vel
3473 435 3659 504 aliter,

256 516 386 572 dant
438 532 524 571 eos
572 518 669 588 qui
705 519 922 587 probati
967 528 1093 573 sunt
1141 524 1383 590 argento,
1418 520 1474 574 id
1527 525 1632 588 est,
1667 536 1733 575 ex
1786 524 1904 576 toto

257 609 561 678 segregent
609 606 892 676 perfectos
941 609 1012 662 ab
1070 609 1447 680 imperfectis,
1511 610 1905 664 subtrahendo

255 694 566 767 magistros
597 694 923 767 discipulis,
948 700 1004 751 et
1036 696 1117 753 sic
1141 714 1239 753 eos
1270 698 1380 753 sibi
1413 698 1816 768 incorporent;
1851 702 1908 753 et

250 783 378 839 ideo
402 785 622 855 increpa
645 786 791 854 feras
818 785 1119 841 arundinis
1144 786 1252 841 hoc
1286 788 1455 842 modo
1482 804 1492 842 :
1520 788 1731 858 Dissipa
1767 788 1908 842 bella

248 872 547 937 interiora,
592 873 732 944 quia
764 874 1082 946 \dissipasti
1134 875 1286 930 bella
1328 876 1630 931 exteriora.
1685 878 1907 948 Dissipa

247 969 432 1031 gentes
463 978 582 1033 quae
606 961 752 1017 bella
774 964 978 1029 volunt,
1012 964 1068 1019 id
1093 972 1181 1019 est
1213 965 1511 1020 haereticos
1537 965 1633 1036 qui
1670 966 1907 1020 student

248 1050 691 1117 contentioni,et
715 1070 828 1107 non
844 1053 1183 1109 correctioni
1202 1072 1214 1121 ;
1236 1058 1291 1109 et
1307 1055 1683 1110 destructioni
1696 1059 1773 1121 ,et
1790 1072 1904 1110 non

248 1139 819 1196 aediﬁcationiUnde
848 1143 1163 1213 Apostolus
1197 1160 1208 1196 :
1244 1144 1303 1198 In
1335 1142 1902 1213 novissimis,inquit,

245 1230 582 1300 temporibus
610 1229 885 1285 discedent
934 1232 1157 1303 quidam
1188 1250 1220 1287 a
1269 1232 1392 1301 ﬁde,
1427 1231 1759 1287 attendentes
1789 1234 1903 1303 spi-

244 1317 448 1372 ritibus
478 1320 682 1373 erroris
721 1322 773 1372 et
800 1319 1068 1374 doctrinis
1120 1321 1532 1388 dwmoniorum,
1567 1321 1905 1392 loquentium

242 1407 601 1461 mendacium
621 1408 681 1461 in
704 1407 981 1477 hypocrisi
1003 1409 1046 1478 (I
1064 1409 1195 1463 Tim.
1223 1410 1299 1481 1v)
1322 1427 1335 1475 ;
1364 1409 1472 1463 hos
1489 1410 1634 1464 tales
1656 1410 1899 1481 dissipa.

241 1504 311 1558 Et
355 1521 486 1560 vere
530 1504 868 1576 dissipabis,
906 1506 1044 1576 quia
1074 1510 1295 1563 venient
1341 1509 1506 1577 legati
1533 1524 1603 1563 ea:
1644 1508 1901 1578 Egypto,

237 1610 347 1665 per
378 1610 528 1665 quos
560 1595 992 1649 confundi-titur
1017 1596 1585 1668 li:eretici.lEgyptus
1618 1596 1900 1667 interpre-

238 1685 404 1736 tatur
433 1683 706 1748 tenebraz,
742 1688 798 1737 et
830 1682 1123 1756 significat
1144 1683 1416 1740 homines
1448 1686 1506 1739 in
1540 1686 1711 1740 corde
1744 1691 1899 1740 tene-

236 1770 469 1839 brosos,
493 1789 561 1826 ex
593 1772 808 1841 quibus
833 1771 1179 1827 illuminatis
1211 1778 1267 1828 et
1290 1774 1585 1829 conversis
1608 1774 1677 1829 de
1694 1774 1899 1828 infide-

230 1858 403 1914 litate
435 1860 507 1914 ad
542 1860 739 1926 fidem,
766 1861 899 1915 facti
933 1866 1072 1917 sunt
1100 1862 1272 1935 legati
1307 1862 1558 1929 Domini,
1592 1867 1655 1917 ut
1677 1880 1779 1935 per
1800 1879 1898 1918 eos

235 1948 900 2003 notiﬂcareturverbum
934 1951 1061 2020 ejus
1090 1950 1227 2021 illis,
1250 1951 1346 2022 qui
1375 1951 1564 2006 adhuc
1587 1952 1898 2006 versaban-

232 2042 341 2091 tur
372 2037 429 2091 in
462 2038 739 2093 tenebris.
775 2037 939 2092 Unde
971 2039 1282 2110 Apostolus
1317 2058 1329 2095 :
1367 2043 1471 2096 Pro
1506 2040 1725 2097 Christo
1757 2042 1901 2109 lega-

236 2126 394 2178 tione
422 2126 729 2196 fungimur,
760 2130 1031 2196 tanquam
1064 2129 1171 2181 Deo
1200 2128 1522 2184 exhortante
1549 2145 1651 2199 per
1696 2144 1793 2184 nos
1825 2129 1901 2201 (ll

241 2212 380 2266 Cor.
398 2214 475 2283 v).
505 2213 894 2269 Obsecremus
916 2232 1018 2286 pro
1042 2215 1267 2270 Christo
1292 2215 1745 2271 reconciliamini
1764 2217 1899 2272 Deo.

232 2308 529 2380 AEthiopia
564 2314 867 2382 praeveniet
908 2328 1103 2367 manus
1161 2314 1280 2384 ejus
1311 2314 1434 2368 Deo.
1470 2317 1579 2368 Per
1606 2313 1901 2385 zEthiopes

231 2396 660 2470 intelliguntur
678 2400 942 2455 moribus
961 2401 1265 2473 denigrati,
1291 2402 1389 2473 qui
1405 2402 1758 2473 praevenient
1780 2420 1903 2457 ma-

234 2502 364 2541 nus
416 2485 673 2553 Domini,
707 2489 763 2543 id
814 2494 920 2557 est,
956 2489 1266 2545 vindictam
1318 2508 1507 2557 suam,
1542 2490 1903 2546 adhaerentes

230 2572 382 2643 Deo,
418 2574 761 2629 conﬁtentes
810 2583 1047 2647 peccata
1078 2595 1205 2641 sua,
1238 2584 1294 2632 et
1342 2577 1435 2633 hic
1468 2568 1798 2649 punientes,
1832 2594 1902 2632 ne

230 2661 535 2717 Dominus
562 2664 769 2734 puniat
799 2663 857 2717 in
892 2665 1261 2736 futuro,quia
1282 2682 1529 2735 quorum
1554 2672 1787 2737 peccata
1806 2665 1899 2721 hic

229 2768 359 2806 non
397 2750 742 2823 puniuntur,
778 2771 811 2808 a
858 2752 1106 2808 Domino
1164 2755 1402 2808 tandem
1450 2756 1509 2808 in
1562 2755 1758 2809 futuro
1790 2772 1895 2826 pu-

227 2840 461 2895 nienda
492 2846 646 2895 sunt.
683 2843 869 2905 Quare
892 2857 962 2895 ne
994 2858 1027 2894 a
1057 2841 1303 2897 Domino
1337 2843 1671 2914 puniamur,
1695 2860 1899 2914 praeoc-

224 2943 507 2999 cupemus
530 2931 737 3000 faciem
759 2931 874 3000 ejus
897 2931 955 2983 in
979 2933 1316 3001 confessione
1338 2932 1698 3002 (Psal.xc1v).
1718 2931 1902 2987 Habet

225 3016 355 3071 alia
394 3017 700 3072 translatio
735 3035 747 3071 :
782 3017 1052 3090 xEthiopia
1098 3022 1324 3091 festinat
1356 3037 1551 3075 manus
1605 3038 1733 3076 suas
1763 3022 1902 3077 dare

223 3110 379 3173 Deo,
403 3104 463 3159 id
487 3110 593 3176 est,
618 3105 757 3160 talia
786 3124 961 3179 opera
991 3108 1177 3163 facere
1196 3125 1320 3178 quae
1343 3114 1480 3164 sunt
1500 3109 1611 3165 Deo
1635 3115 1900 3181 accepta-

220 3193 434 3263 bilia;
486 3192 572 3248 vel
618 3193 787 3249 aliter
822 3212 832 3249 :
873 3196 1155 3266 zEthiOpia
1182 3200 1476 3266 praeveniet
1520 3214 1716 3251 manus
1762 3198 1903 3262 eius,

225 3282 287 3337 id
324 3286 454 3349 est,
486 3298 658 3352 opera
690 3300 819 3349 sua,
842 3284 968 3349 Deo,
994 3284 1280 3338 subaudis
1312 3283 1636 3338 adhaerens.
1673 3285 1805 3353 Ejus
1831 3286 1903 3339 ad

221 3370 603 3443 EthiOpiam
627 3372 993 3426 referendum
1013 3377 1192 3440 est,ut
1219 3376 1446 3426 tantum
1480 3371 1668 3426 valeat
1696 3389 1902 3428 manus

221 3461 398 3532 ejus,
429 3463 715 3531 quantum
737 3458 784 3514 si
810 3461 1027 3515 diceret
1050 3477 1259 3516 manus
1283 3460 1773 3525 suas.Nam,teste
1796 3462 1903 3514 Au-

218 3548 571 3623 gustino,in
602 3549 885 3605 feminino
910 3567 1115 3619 genere
1146 3550 1405 3622 positum
1437 3553 1526 3604 est
1556 3549 1613 3603 in
1648 3550 1903 3604 Hebraeo.

222 3647 390 3703 Nota
426 3646 719 3717 quomodo
750 3646 1041 3717 [Ethiopia
1070 3645 1381 3718 praeveniet
1412 3663 1625 3701 manus
1656 3662 1815 3713 suas,
1845 3644 1902 3699 id

220 3741 344 3807 est,
386 3751 571 3806 Opera
602 3751 729 3790 sua.
753 3735 1045 3790 Praecedet
1075 3735 1233 3790 enim
1267 3735 1578 3801 confessio,
1608 3739 1676 3790 ut
1697 3736 1902 3789 subse-

219 3828 508 3896 quantur
537 3840 730 3894 opera,
766 3824 904 3895 quia
933 3823 982 3878 si
1014 3826 1177 3896 prius
1211 3825 1356 3880 bene
1387 3828 1786 3897 operarentur,
1821 3824 1904 3878 vi-

220 3913 526 3969 derentur
572 3918 810 3984 peccata
851 3929 954 3985 per
1012 3914 1288 3968 meritum
1332 3914 1671 3970 condonari.
1726 3916 1907 3983 Regna

221 4012 437 4069 terrae,
487 4009 709 4056 cantate
756 4002 881 4056 Deo.
927 4000 1216 4073 Propheta
1263 4002 1403 4056 visis
1455 4002 1727 4057 omnibus
1776 4019 1902 4073 quae

230 4107 349 4163 per
400 4089 702 4145 Christum
752 4095 807 4145 et
854 4089 1257 4162 praedicatores
1288 4108 1426 4146 suos
1476 4091 1671 4146 futura
1719 4094 1903 4156 erant,

216 4178 736 4237 exhortaturillos
758 4178 1244 4249 quiconvcrtendi
1271 4183 1502 4245 sunt,ut
1527 4179 1583 4233 in
1614 4180 1742 4250 ejus
1780 4178 1908 4234 lau-

215 4269 372 4326 dem
410 4272 814 4340 prorumpant.
840 4266 1014 4333 Quasi
1046 4266 1237 4321 dicat:
1264 4266 1408 4330 Quia
1428 4267 1546 4321 haec
1571 4268 1768 4323 omnia
1791 4287 1857 4341 pr
1877 4288 1908 4325 0

214 4358 412 4414 vobis
444 4356 639 4412 futura
671 4361 830 4423 sunt,
860 4373 963 4411 vos
995 4372 1151 4428 ergo,
1179 4372 1347 4425 regna
1378 4360 1561 4423 terrae,
1585 4357 1641 4411 id
1669 4363 1779 4425 est,
1800 4360 1899 4430 qui

214 4463 292 4503 ex
328 4451 499 4503 terra
530 4462 772 4517 regnum
810 4445 902 4500 Dei
938 4446 1073 4500 facti
1105 4445 1267 4511 estis,
1301 4446 1485 4517 gratis
1507 4445 1773 4501 videlicet
1801 4465 1898 4503 vo-

2014 520 2111 589 qui
2140 519 2377 573 ascendit
2407 537 2570 590 super
2597 521 2792 575 ca’lmn
2835 521 2975 576 caeli.
3009 520 3225 575 Caelum
3262 520 3369 575 fuit
3400 520 3664 576 humana

2018 612 2249 670 natura,
2287 609 2457 662 verbo
2488 609 2678 664 Patris
2710 610 3089 680 personaliter
3119 610 3301 679 unita,
3336 610 3475 681 quia
3502 608 3663 665 Chri-

2019 702 2145 751 stus
2177 696 2351 750 etiam
2391 697 2447 750 in
2503 697 2764 753 humana
2814 704 3023 755 natura
3053 716 3159 754 sua
3200 698 3488 771 compluit
3519 698 3665 754 alios

2018 784 2212 850 cmlos,
2245 785 2541 856 apostolos
2566 785 2850 857 videlicet,
2880 788 3068 843 imbre
3092 788 3249 844 verbi
3271 786 3669 844 Dei.lntonuit

2019 879 2211 930 autem
2232 874 2765 940 minis,coruscavit
2781 877 3097 933 miraculis.
3122 879 3307 950 Super
3327 878 3435 934 hoc
3453 876 3664 933 ccelum
3770 923 3773 926 .

2017 964 2449 1019 ascenditDeus
2477 963 2657 1018 Filius
2681 966 2914 1035 quando
2934 966 3122 1037 ipsam
3146 968 3468 1023 humanam
3490 970 3665 1022 natu-

2015 1069 2143 1108 ram
2177 1070 2375 1109 secum
2405 1052 2694 1118 exaltavit,
2721 1058 2777 1107 et
2808 1054 2865 1108 in
2902 1061 3142 1126 paterna
3163 1056 3528 1112 confessione
3549 1054 3666 1111 col-

2014 1142 2243 1207 locavit,
2278 1143 2433 1213 quod
2489 1142 2656 1209 dicit,
2685 1143 2908 1213 psallite
2941 1146 3044 1199 Deo
3086 1147 3183 1215 qui
3228 1146 3474 1201 ascendit
3500 1160 3669 1216 super

2011 1232 2205 1286 emtum
2246 1232 2391 1298 cavli,
2426 1231 2482 1284 id
2530 1237 2637 1297 est,
2672 1248 2849 1302 super
2891 1232 3155 1302 seipsum
3188 1233 3422 1299 coelum,
3455 1233 3512 1287 id
3556 1237 3664 1300 est,

2014 1318 2335 1373 humanam
2369 1324 2641 1373 naturam
2697 1336 2888 1390 suam,
2923 1319 2992 1374 ad
3022 1322 3287 1376 orientem
3308 1338 3329 1381 ,'
3362 1322 3420 1375 id
3452 1326 3559 1389 est,
3593 1322 3665 1376 ad

2013 1408 2197 1464 Patris
2230 1408 2643 1479 aequalitatem.
2679 1409 2739 1462 In
2783 1408 2890 1463 hac
2921 1414 3115 1464 autem
3170 1410 3510 1465 ascensione
3541 1426 3666 1466 ma-

2011 1497 2166 1551 xime
2197 1496 2610 1552 intellexerunt
2640 1497 2913 1569 discipuli
2952 1498 3039 1552 sui
3090 1497 3256 1553 illum
3306 1516 3434 1554 esse
3467 1516 3666 1556 verum

2012 1586 2197 1641 Deum
2231 1591 2287 1641 et
2316 1602 2516 1641 verum
2550 1586 2869 1641 hominem.
2895 1589 3025 1643 Ecce
3052 1588 3207 1642 dabit
3238 1604 3419 1643 vocem
3450 1590 3667 1644 virtutis

2010 1677 2130 1729 voci
2157 1690 2294 1739 suae,
2325 1676 2549 1746 psallite
2580 1676 2705 1730 Deo.
2727 1676 2872 1730 Nam
2905 1693 3052 1747 opus
3082 1681 3187 1746 est,
3212 1678 3351 1747 quia
3372 1677 3475 1748 qui
3499 1678 3663 1747 prius

2011 1763 2173 1819 dedit
2202 1780 2398 1818 vocem
2424 1763 2777 1819 humilitatis
2809 1781 2942 1818 cum
2975 1765 3140 1834 dixit,
3160 1768 3333 1820 tristis
3361 1773 3441 1821 est
3468 1767 3663 1821 anima

2006 1868 2129 1907 mea
2182 1868 2351 1923 usque
2397 1853 2467 1906 ad
2514 1861 2741 1908 mortem
2782 1854 2988 1923 (Matth.
3024 1855 3200 1925 xxvx),
3246 1855 3409 1910 dabit
3455 1870 3656 1910 vocem

2009 1940 2261 2005 virtutis,
2316 1940 2515 1997 dicens
2549 1958 2561 1995 :
2597 1942 2691 2008 Ite,
2727 1942 3030 2005 maledicti,
3064 1945 3121 1997 in
3171 1945 3353 2013 ignem
3395 1946 3669 1999 aeternum

2008 2030 2217 2101 (Matth.
2256 2032 2400 2097 xxv).
2434 2030 2579 2085 Nam
2631 2031 2729 2101 qui
2781 2031 2937 2085 venit
2985 2031 3229 2086 humilis
3277 2032 3659 2102 judicandus,

2009 2118 2200 2173 veniet
2232 2118 2288 2173 in
2322 2119 2941 2188 virtutejudicaturus.
2964 2120 3029 2174 Et
3059 2128 3257 2174 utnon
3290 2120 3545 2175 timeatis
3566 2137 3667 2175 vo-

2019 2223 2145 2261 cem
2186 2206 2443 2271 virtutis,
2476 2206 2597 2261 date
2642 2209 2880 2278 gloriam
2908 2210 3034 2278 Deo,
3070 2208 3211 2262 nihil
3248 2211 3668 2278 praesumentes

2013 2296 2081 2350 de
2114 2296 2277 2350 vobis
2308 2296 2365 2348 in
2397 2295 2566 2350 bonis
2589 2296 2896 2366 operibus;
2923 2301 2976 2351 et
3011 2297 3137 2351 ideo
3160 2297 3311 2366 dico,
3337 2300 3400 2350 ut
3420 2296 3669 2368 gloriam

2012 2384 2162 2439 detis
2210 2384 2347 2452 Deo,
2384 2385 2521 2455 quia
2554 2390 2695 2439 tunc
2726 2402 2860 2439 cum
2914 2385 3136 2439 dederit
3184 2401 3379 2440 vocem
3412 2384 3667 2453 virtutis,

2012 2473 2120 2527 erit
2156 2473 2571 2541 magniﬁcentia
2620 2475 2736 2543 ejus
2786 2490 2951 2545 super
2993 2475 3180 2538 Israel,
3228 2475 3282 2528 id
3334 2478 3444 2541 est,
3492 2490 3670 2544 super

2011 2578 2213 2616 omnes
2245 2562 2507 2634 videntes
2538 2562 2744 2627 Deum,
2776 2567 2827 2617 et
2854 2563 3028 2616 virtus
3058 2563 3176 2632 ejus
3207 2564 3265 2616 in
3295 2562 3554 2617 nubibus.
3587 2561 3668 2617 De

2012 2649 2270 2703 nubibus
2300 2650 2427 2704 istis
2460 2649 2679 2704 dictum
2714 2655 2801 2704 est
2822 2667 2855 2703 a
2877 2651 3124 2705 Domino
3160 2669 3171 2706 :
3207 2650 3471 2706 Mandabo
3502 2652 3665 2705 nubi-

2010 2739 2105 2792 bus
2134 2741 2294 2807 meis,
2328 2755 2395 2793 ne
2410 2740 2607 2809 pluant
2638 2756 2805 2810 super
2834 2740 3201 2794 meretricem
3230 2739 3391 2794 illam
3434 2741 3560 2811 (15a.
3586 2740 3665 2811 v).

2010 2828 2077 2881 Et
2106 2826 2250 2881 illud
2287 2846 2298 2881 ε
2333 2830 2501 2883 Amen
2546 2828 2664 2883 dico
2710 2830 2875 2893 vobis,
2910 2828 3107 2883 amodo
3162 2828 3412 2883 videbitis
3455 2829 3665 2883 Filium

2009 2918 2247 2972 hominis
2294 2918 2593 2973 venientem
2644 2922 2703 2972 in
2750 2918 2986 2972 nubibus
3035 2918 3162 2971 caeli
3208 2917 3416 2988 (Matth.
3460 2919 3659 2988 xxvx):
3726 2988 3727 2991 η

2011 3006 2069 3060 in
2099 3005 2230 3060 istis
2284 3008 2539 3061 nubibus
2571 3007 2677 3060 erit
2729 3008 2913 3061 virtus
2962 3006 3216 3062 Domini.
3256 3009 3331 3062 De
3381 3024 3499 3079 qua
3545 3006 3663 3062 vir-

2014 3099 2139 3148 tute
2191 3094 2335 3147 dixit
2388 3094 2607 3149 Paulus
2643 3112 2654 3148 :
2690 3096 2889 3149 Mortui
2932 3103 3218 3163 resurgant
3262 3098 3572 3166 incorrupti
3615 3103 3666 3151 et

2016 3197 2111 3234 nos
2169 3182 2590 3236 immutabimur
2648 3186 2698 3248 (ι
2756 3182 2874 3235 Cor.
2926 3184 3019 3253 xv)
3068 3201 3080 3249 ;
3140 3182 3228 3237 vel
3272 3185 3331 3236 in
3389 3184 3494 3238 hac
3549 3184 3667 3240 vita

2014 3269 2177 3323 dabit
2232 3268 2504 3323 virtutem
2565 3270 2821 3325 nubibus
2878 3270 3021 3325 suis.
3081 3271 3244 3325 Unde
3298 3271 3451 3325 idem
3510 3272 3666 3326 Pau-

2014 3355 2107 3410 lus
2132 3372 2144 3411 :
2171 3356 2455 3422 Habemus,
2476 3357 2686 3427 inquit,
2712 3359 3032 3412 thesaurum
3070 3361 3232 3413 istum
3262 3360 3323 3412 in
3356 3361 3500 3413 vasis
3520 3360 3664 3428 ﬁcti-

2017 3446 2163 3499 libus
2208 3444 2281 3513 (ΙΙ
2334 3443 2450 3499 Cor.
2491 3444 2590 3513 1v),
2628 3449 2691 3498 ut
2745 3445 3080 3500 sublimitas
3128 3446 3206 3501 sit
3251 3447 3487 3502 virtutis
3544 3447 3662 3515 Dei,

2019 3549 2133 3588 non
2165 3550 2232 3588 ex
2262 3532 2443 3589 vobis.
2467 3533 2570 3587 Vel
2603 3534 2773 3589 virtus
2796 3536 2914 3605 ejus
2945 3536 3001 3589 in
3030 3535 3287 3599 nubibus,
3312 3536 3451 3606 quia
3483 3534 3675 3592 veniet

2018 3638 2150 3676 cum
2174 3620 2500 3677 senioribus
2523 3621 2723 3694 populi
2754 3621 2814 3675 in
2840 3623 3054 3677 virtute
3078 3638 3310 3694 magna.
3329 3624 3397 3677 Et
3420 3639 3491 3677 ne
3514 3622 3673 3678 aliud

2017 3715 2253 3783 putares
2284 3714 2437 3782 quod
2471 3711 2774 3783 praemisit,
2801 3712 2861 3765 in
2890 3712 3131 3766 nubibus
3154 3710 3420 3781 sequitur
3456 3728 3468 3764 :
3502 3711 3674 3766 Hira-

2019 3799 2144 3854 bzlis
2166 3800 2304 3854 Deus
2338 3802 2398 3854 in.
2418 3802 2625 3856 sanctis
2644 3802 2781 3869 suis,
2808 3800 2955 3855 dans
2996 3798 3265 3855 videlicet
3287 3804 3499 3854 aeterna
3521 3800 3675 3856 bona

2019 3905 2121 3959 pro
2152 3889 2455 3959 temporali
2479 3889 2696 3945 labore.
2728 3890 2866 3943 Deus
2887 3888 3056 3944 Israel
3084 3891 3200 3958 ipse
3220 3888 3370 3943 dabit
3388 3890 3670 3958 virtutem,

2020 3978 2075 4031 id
2109 3982 2215 4044 est,
2251 3979 2736 4033 resurrectionem
2771 3996 2783 4044 ;
2818 3976 2904 4031 vel
2936 3977 3030 4031 hic
3055 3978 3205 4033 dabit
3238 3978 3362 4034 suis
3393 3980 3671 4049 virtutem,

2022 4070 2085 4119 ut
2113 4065 2311 4120 omnia
2358 4064 2583 4135 possint
2615 4079 2716 4135 per
2745 4082 2900 4120 eum.
2939 4066 3099 4123 Unde
3150 4067 3366 4122 Paulus
3401 4085 3413 4122 :
3454 4067 3671 4138 Omnia,

2020 4154 2233 4224 inquit,
2258 4168 2478 4221 possum
2498 4154 2558 4206 in
2588 4168 2647 4207 eo
2677 4155 2774 4224 qui
2800 4171 2887 4209 me
2916 4160 3187 4226 con/artat
3218 4156 3465 4211 Christus
3494 4156 3669 4227 (Phil.

2021 4243 2119 4312 iv).
2154 4241 2319 4295 Dabit
2348 4242 2751 4313 fortitudinem,
2778 4243 2833 4297 id
2860 4250 2970 4315 est,
2995 4245 3187 4299 carnis
3218 4244 3673 4312 incorruptibili-

2019 4336 2220 4386 tatem.
2255 4330 2324 4383 Et
2354 4331 2446 4383 cui
2479 4331 2688 4385 dabit?
2718 4334 2872 4387 Plebi
2907 4350 3040 4402 suae,
3076 4350 3234 4387 nunc
3269 4329 3480 4402 fragili,
3516 4347 3673 4385 nunc

2020 4420 2285 4484 inﬁrmae,
2306 4436 2461 4473 nunc
2491 4420 2703 4474 dicenti
2736 4438 2749 4474 :
2787 4421 3055 4483 Ouandiu
3075 4436 3205 4475 sum
3230 4421 3289 4473 in
3318 4433 3678 4489 corpore,pe-

217 4534 371 4601 cati,
414 4539 628 4589 cantate
658 4535 761 4589 Deo
791 4532 1060 4601 interius,
1088 4534 1311 4604 psallite
1338 4535 1565 4589 Domino
1596 4536 1851 4592 exterius
1889 4554 1901 4591 :

2017 4508 2248 4581 regrino
2279 4526 2311 4562 a
2341 4509 2569 4563 Domino
2620 4509 2693 4577 (II
2722 4509 2846 4563 Cor.
2880 4510 2956 4579 v).
2992 4508 3157 4562 Unde
3189 4507 3494 4562 benedictus
3531 4507 3672 4564 Deus

210 4625 473 4696 psallite
500 4624 626 4689 Deo,
662 4624 810 4686 dico.
842 4625 941 4695 qui
969 4623 1214 4678 ascendit
1251 4640 1413 4693 super
1438 4624 1637 4680 acetum
1667 4627 1813 4693 caeli,
1846 4626 1905 4681 id

213 4717 546 4783 est,super
560 4728 797 4767 omnem
819 4710 1110 4767 caelestem
1133 4712 1538 4767 rationabilem
1554 4718 1902 4783 creaturam,

216 4804 484 4875 quaeest
528 4799 737 4856 caelum
765 4801 911 4871 coeli,
946 4801 1003 4855 id
1019 4805 1128 4863 est,
1164 4799 1908 4871 hujusinferiorisrationa-

214 4891 386 4946 bilis
423 4894 722 4958 creaturae,
760 4895 816 4945 et
845 4906 1030 4961 usque
1062 4890 1135 4944 ad
1163 4891 1454 4960 orientem,
1489 4890 1544 4944 id
1579 4897 1685 4958 est,
1722 4908 1907 4963 usque

216 4981 299 5037 ad
345 4977 551 5033 Patris
578 4978 995 5050 aequalitatem,
1029 4977 1128 5032 ubi
1180 4978 1305 5049 ipse
1337 4994 1567 5049 semper
1613 4980 1817 5045 oritur,
1850 4981 1907 5034 et

216 5070 376 5139 ejus
404 5072 569 5123 ortus
597 5085 710 5122 non
735 5068 844 5122 fuit
866 5066 1233 5134 initium,nec
1258 5068 1367 5122 erit
1390 5067 1902 5123 ﬁnis.Undeillud:

221 5166 503 5222 Visitavit
534 5181 629 5220 nos
659 5167 840 5220 oriens
869 5181 937 5219 ea:
961 5165 1071 5219 alto
1103 5166 1250 5234 (Luc.
1288 5166 1349 5235 ι).
1382 5165 1451 5219 Et
1480 5164 1619 5220 alibi
1654 5184 1665 5220 :
1700 5166 1905 5222 Oriens

213 5262 282 5311 et
318 5252 618 5325 splendor
649 5254 790 5309 lucis
810 5257 1031 5310 aeternae
1060 5252 1210 5323 (Sap.
1245 5254 1344 5320 vn)
1371 5270 1383 5319 ;
1415 5252 1504 5309 vel
1534 5255 1604 5309 ad
1628 5254 1902 5324 litteram,

213 5346 334 5416 qui
368 5343 634 5397 ascendit
680 5360 843 5414 super
873 5344 1070 5398 caelum
1114 5342 1257 5407 creti,
1297 5344 1464 5411 juxta
1512 5343 1653 5398 illud
1689 5362 1701 5398 :
1738 5347 1906 5400 Nemo

212 5430 498 5490 ascendit
528 5433 589 5485 in
617 5433 832 5499 calum,
868 5434 982 5487 nisi
1010 5434 1103 5503 qui
1152 5430 1218 5485 de
1248 5432 1377 5485 caelo
1409 5431 1700 5498 descendit,
1734 5434 1778 5487 F
1778 5436 1907 5488 ilius

217 5520 498 5581 hominis
525 5522 709 5590 quiest
736 5523 796 5576 in
824 5522 952 5577 caelo
976 5522 1152 5591 (Joan.
1182 5524 1289 5587 Ill).
1328 5521 1454 5591 Ipse
1485 5519 1639 5575 enim
1672 5526 1902 5577 tantum

216 5628 342 5685 per
382 5622 455 5663 se
480 5609 742 5666 ascendit
759 5610 820 5667 in
843 5608 1053 5668 caelum
1077 5625 1091 5666 :
1121 5608 1216 5665 alii
1246 5614 1435 5666 autem
1459 5624 1662 5668 omnes
1682 5610 1781 5685 qui
1806 5627 1903 5671 as-

585 5737 845 5803 Puaon.
891 5736 1148 5805 CXXXI.

2016 4614 2119 4670 per
2149 4615 2321 4667 quem
2356 4596 2475 4652 haec
2507 4596 2706 4652 omnia
2737 4597 2933 4652 futura
2963 4601 3121 4651 sunt.

2534 4718 2863 4775 PSALMUS
2916 4719 3152 4775 LXVIII.

2052 4828 2109 4865 1N
2147 4826 2326 4865 FINRM
2369 4827 2478 4865 PRO
2519 4826 2611 4864 HIS
2652 4824 2750 4870 QUI
2803 4824 3328 4877 COMIUTABUNTUR,
3372 4825 3633 4864 PSALMUS

2636 4897 2814 4934 IPSIUS
2855 4897 3043 4935 DAVID.

2087 4984 2380 5039 «Salvum
2433 5002 2523 5039 me
2573 4985 2682 5053 fac,
2740 4987 2908 5050 Deus,
2966 4986 3243 5056 quoniam
3296 4984 3664 5038 intraverunt

2016 5098 2043 5124 ‹‹
2078 5091 2238 5145 aqua:
2260 5090 2446 5144 usque
2466 5073 2533 5127 ad
2550 5073 2807 5128 animam
2832 5090 3041 5129 meam.
3060 5074 3279 5127 Inﬁxus
3294 5088 3424 5126 sum
3446 5071 3499 5125 in
3527 5071 3668 5127 limo

2016 5188 2043 5214 «
2082 5165 2373 5235 profundi,
2406 5168 2462 5217 et
2492 5179 2605 5217 non
2639 5168 2727 5218 est
2768 5164 3119 5228 substantia,
3153 5161 3281 5217 veni
3316 5160 3373 5215 in
3408 5159 3693 5214 altitudi--

2019 5276 2045 5303 ‹‹
2079 5270 2207 5309 nem
2243 5252 2442 5317 maris,
2476 5257 2533 5305 et
2582 5256 2901 5323 tempestas
2932 5251 3203 5306 dimersit
3233 5266 3345 5306 me.
3385 5249 3659 5304 Laboravi

2016 5365 2044 5391 ‹‹
2076 5342 2359 5407 clamans,
2394 5357 2578 5395 rauca:
2612 5341 2774 5396 facta:
2805 5346 2944 5396 sunt
2988 5343 3183 5395 fauces
3216 5356 3353 5393 meae
3390 5357 3401 5393 :
3438 5339 3667 5394 defece-

2019 5454 2046 5483 α
2079 5436 2213 5488 runt
2242 5430 2390 5485 oculi
2425 5430 2717 5496 mei,dum
2752 5447 2921 5501 spero
2944 5431 3001 5484 in
3022 5430 3202 5485 Deum
3229 5445 3444 5483 meum.
3471 5426 3666 5484 Multi-

2016 5543 2042 5570 ‹‹
2078 5519 2273 5593 plicati
2297 5524 2434 5573 sunt
2457 5534 2632 5589 super
2652 5518 2893 5589 capillos
2914 5518 3122 5589 capitis
3150 5517 3393 5587 mei,qui
3415 5518 3664 5573 oderunt

2017 5631 2045 5661 «
2077 5608 2385 5683 megratis.
2408 5607 2729 5665 Confortati
2765 5612 2903 5666 sunt
2935 5607 3035 5681 qui
3070 5605 3361 5681 persecuti
3391 5609 3532 5666 sunt
3563 5620 3657 5666 me

3250 5732 3329 5817 ιε
