4014 6194
352 377 467 437 491

358 532 384 557 α
418 503 641 561 inimici
673 502 786 558 mei
807 501 1057 574 injuste:
1080 517 1207 572 quae
1241 515 1355 554 non
1389 494 1555 569 rapui
1584 499 1722 550 tunc
1751 489 2008 548 exsolve-
2039 489 2094 554 Α

359 619 387 647 ‹‹
420 596 577 652 bam.
611 594 786 660 Deus,
820 597 884 648 tu
917 591 1034 647 scis
1062 588 1461 660 insipientiam
1496 601 1687 640 meam
1719 587 1776 638 et
1797 580 2008 636 delicta

363 706 391 736 ‹‹
424 701 555 740 mea
585 700 619 738 a
661 685 716 737 te
750 697 862 736 non
909 681 1049 734 sunt
1098 676 1460 733 abscondita.
1489 673 1614 730 Non
1663 671 2010 728 erubescant

361 797 390 825 «
423 774 482 829 in
515 789 628 842 me,
662 770 761 843 qui
793 772 1133 842 exspectant
1162 771 1238 832 te,
1263 765 1529 831 Domine,
1551 761 1798 818 Domine
1824 758 2008 813 virtu-

363 885 391 913 «
423 860 702 918 tum.Non
733 859 1170 915 confundantur
1193 871 1372 927 super
1401 851 1619 924 me,qui
1643 851 1914 923 quaerunt
1934 851 2011 914 te,

365 975 386 1004 α
423 957 577 1007 Deus
619 947 817 1005 Israel.
852 946 1137 1014 Quoniam
1171 948 1408 1016 propter
1435 947 1488 996 te
1518 938 1772 996 sustinui
1804 952 2013 1008 oppro-

362 1064 391 1092 ‹‹
423 1041 640 1109 brium,
668 1037 898 1109 operuit
927 1033 1190 1091 confusio
1214 1032 1416 1088 faciem
1453 1045 1666 1086 meam.
1696 1028 2020 1082 Extraneus

365 1152 394 1182 «
420 1130 608 1185 factus
621 1144 754 1184 sum
769 1125 1046 1181 fratribus
1061 1115 1800 1192 meis,etperegrinusfiliis
1815 1113 2018 1169 matris

368 1242 395 1270 ‹‹
429 1233 592 1274 mete.
624 1214 908 1280 Quoniam
941 1212 1100 1268 zelus
1132 1212 1345 1266 domus
1375 1213 1489 1264 tute
1521 1203 1774 1262 comedit
1818 1219 1930 1271 me,
1963 1205 2021 1256 et

374 1304 746 1380 «opprobria
794 1300 1242 1376 exprobantium
1301 1297 1409 1354 tibi
1457 1295 1795 1351 ceciderunt
1848 1305 2022 1363 super

377 1417 404 1449 α
433 1411 542 1452 me.
560 1394 631 1450 Et
658 1392 860 1464 operui
887 1388 1187 1462 injejunio
1207 1387 1465 1443 animam
1489 1399 1701 1448 meam,
1732 1385 1787 1437 et
1805 1381 2021 1436 factum

379 1504 410 1536 ι
441 1485 532 1539 est
606 1477 990 1552 opprobrium
1067 1474 1230 1531 mihi.
1293 1474 1365 1529 Et
1412 1471 1580 1544 posui
1610 1469 2025 1524 vestimentum

377 1597 404 1624 ‹‹
438 1587 634 1627 meum
691 1567 970 1632 cicilium,
1002 1570 1059 1622 et
1095 1566 1282 1620 factus
1297 1560 1562 1618 sumillis
1585 1560 1642 1614 in
1667 1555 2024 1631 parabolam.

379 1685 408 1712 «
440 1660 762 1715 Adversum
790 1671 883 1712 me
903 1651 1422 1727 loquebantur,qui
1445 1646 1796 1706 sedebantin
1816 1649 1980 1718 porta
2014 1660 2025 1697 :

380 1775 407 1802 ‹‹
441 1754 499 1806 et
518 1749 576 1804 in
601 1763 692 1803 me
711 1743 1176 1820 psallebant,qui
1202 1742 1483 1797 bibebant
1501 1739 1725 1793 vinum.
1749 1737 1869 1808 Ego
1896 1749 2029 1788 vero

922 367 1224 431 REMIGII
1270 356 2021 427 ANTISSIODORENSlS
2068 355 2241 416 OPP.
2286 353 2491 415 PARS
2536 351 2583 411 Ι.
2619 381 2697 396 -
2729 340 3200 411 EXEGETIGA.

3645 329 3768 392 492

2740 477 3000 537 ENARRA
3013 476 3138 532 TIO.

2189 608 2579 665 Commutatio
2610 605 2919 660 ﬁtduobus
2942 597 3164 655 modis:
3187 593 3274 649 vel
3305 594 3377 647 de
3405 591 3561 646 bono
3592 589 3654 642 in
3678 601 3781 660 pe-

2112 702 2236 772 jus,
2267 696 2353 753 vel
2379 697 2448 752 de
2479 697 2629 750 bono
2652 694 2710 749 in
2744 690 2956 748 melius
2983 713 2998 755 ;
3032 698 3284 758 quarum
3311 695 3486 736 unam
3511 694 3584 733 ex
3604 692 3668 732 se
3684 675 3788 731 ha-

2122 765 2439 852 bethomo,
2463 784 2640 840 aliam
2663 800 2730 838 ex
2747 778 3039 854 gratia.Ex
3060 791 3121 830 se
3142 772 3299 828 enim
3323 768 3501 824 habet
3526 765 3790 838 quisque

2123 880 2194 933 de
2225 879 2374 932 bono
2407 874 2563 946 quod
2595 865 3070 927 commutaturiu
3103 862 3292 935 pejus.
3327 863 3449 946 Hoc
3476 854 3640 912 enim
3663 859 3787 908 tra-

2124 969 2239 1022 dux
2269 964 2496 1037 primus
2550 959 2788 1031 reliquit
2819 955 3086 1029 posteris,
3121 967 3256 1006 cum
3288 964 3390 1020 per
3437 941 3790 1000 inobedien-

2125 1035 2333 1111 tiamia
2355 1053 2466 1107 Deo
2501 1049 2742 1106 recessit
2789 1047 2936 1118 (Gen.
2970 1045 3080 1110 ιιι).
3113 1045 3271 1094 Hanc
3303 1035 3482 1092 talem
3514 1048 3794 1089 commu-

2128 1144 2408 1200 tationem
2441 1143 2603 1195 notat
2624 1138 2780 1193 idem
2815 1132 3102 1206 Propheta
3131 1127 3290 1192 alibi,
3315 1124 3517 1180 dicens
3550 1139 3563 1178 :
3597 1121 3790 1192 Spiri-

2131 1243 2215 1290 tus
2227 1232 2431 1287 vadens
2448 1231 2496 1284 et
2510 1243 2619 1283 non
2633 1225 2847 1282 rediens
2861 1224 2876 1294 (
2888 1221 3029 1278 Psal.
3053 1215 3285 1286 Lxxvu).
3314 1212 3591 1270 Salomon
3613 1209 3796 1265 etiam

2134 1324 2297 1376 notat
2313 1319 2476 1381 hanc
2491 1315 2760 1372 eamdem
2789 1307 3312 1368 commutationem
3329 1301 3526 1358 taliter
3547 1316 3560 1354 :
3579 1295 3798 1354 Omnis

2135 1410 2309 1464 homo
2340 1407 2441 1478 qui
2463 1401 2846 1461 ambulaverit
2875 1400 2934 1454 in
2965 1394 3291 1468 iniquitate,
3315 1407 3434 1446 non
3464 1390 3796 1444 revertetur

2135 1499 2320 1568 (P701).
2343 1474 2380 1552 Il
2404 1515 2416 1563 ;
2441 1499 2575 1564 Sap.
2599 1496 2736 1559 xvx).
2771 1495 2879 1544 Per
2910 1504 2990 1555 se,
3026 1479 3473 1554 intelligendum
3507 1480 3616 1568 est.
3645 1474 3798 1530 Nam

2139 1565 2208 1643 ex
2239 1603 2300 1642 se
2349 1584 2528 1640 habet
2556 1582 2807 1654 quisque
2838 1582 2904 1633 ut
2953 1574 3142 1644 cadat,
3177 1588 3210 1627 a
3239 1586 3302 1626 se
3351 1584 3467 1624 non
3514 1565 3696 1621 habet
3731 1566 3802 1654 ut

2143 1650 2620 1747 resurgat.Habet
2641 1650 2797 1726 enim
2817 1685 2886 1723 ex
2901 1663 3090 1739 gratia
3108 1674 3407 1731 resurgere
3423 1659 3682 1721 tantum;
3698 1650 3803 1708 ubi

2134 1768 2262 1837 jam
2285 1755 2917 1819 notaturcommutatio
2937 1754 3007 1809 de
3034 1749 3187 1807 malo
3205 1749 3264 1804 in
3293 1743 3610 1802 melius.De
3632 1744 3808 1813 cujus

380 1864 408 1890 “
443 1842 764 1895 orationem
817 1849 1009 1890 meum
1055 1833 1242 1922 δ’ἀἯᾶ
1278 1831 1543 1922 pomme.’
1578 1831 1816 1922 tein”?
1864 1824 2033 1922 hinc"
2059 1858 2107 1922 B
2134 1824 2616 1911 commutationis
2636 1842 3094 1917 causaloquitur
3111 1837 3378 1912 psalmus
3409 1835 3540 1890 iste.
3567 1832 3719 1887 Nam
3743 1830 3804 1885 in

382 1925 638 1999 «placiti
695 1929 866 1980 Deus.
914 1923 979 1978 In
1030 1918 1409 1975 multitudine
1457 1912 1872 1971 misericordia:
1917 1915 2031 1966 tua:

383 2041 410 2068 ‹‹
445 2014 653 2072 exaudi
683 2030 796 2082 me,
828 2012 886 2067 in
935 2011 1173 2067 veritate
1221 2007 1431 2063 salutis
1461 2010 1594 2060 tute.
1627 2002 1794 2069 Eripe
1828 2017 1921 2055 me
1965 1999 2035 2054 de

388 2131 415 2157 ‹‹
448 2105 570 2161 luto
602 2107 667 2158 ut
699 2119 812 2158 non
840 2100 1069 2172 inﬁgar,
1098 2097 1286 2153 libera
1315 2112 1407 2152 me
1438 2095 1509 2150 ab
1541 2092 1633 2148 his
1665 2089 1766 2163 qui
1788 2090 2038 2145 oderunt

395 2216 417 2246 ι
449 2212 563 2264 me,
595 2198 652 2249 et
681 2192 752 2246 de
782 2188 1088 2263 profundis
1119 2202 1429 2259 aquarum.
1454 2183 1580 2238 Non
1615 2197 1706 2237 me
1738 2180 2042 2249 dernergat

395 2308 422 2336 ‹‹
452 2287 773 2356 tempestas
796 2296 984 2352 aquae,
1005 2294 1193 2350 neque
1210 2275 1522 2332 absorbeat
1544 2288 1636 2327 me
1658 2268 2036 2342 profundum,

396 2396 424 2427 ‹‹
455 2390 646 2446 neque
676 2374 882 2442 urgeat
911 2385 1087 2442 super
1118 2383 1209 2423 me
1247 2371 1460 2438 puteus
1494 2379 1559 2417 os
1590 2375 1786 2416 suum.
1821 2354 2041 2412 Exaudi

397 2487 424 2515 ‹‹
459 2479 573 2529 me,
607 2459 872 2525 Domine,
906 2457 1184 2530 quoniam
1217 2454 1473 2526 benigna
1523 2455 1613 2506 est
1644 2442 2044 2503 misericordia

396 2573 426 2600 ‹‹
460 2555 564 2604 tua
591 2564 605 2604 :
639 2547 964 2604 secundum
989 2542 1430 2599 multitudinem
1450 2536 1892 2594 miserationum
1912 2537 2042 2587 tua-

399 2662 428 2690 «
463 2653 592 2692 rum
636 2635 858 2706 respice
907 2649 1022 2688 me.
1055 2633 1126 2686 Et
1171 2647 1242 2685 ne
1291 2634 1520 2684 avertas
1566 2625 1770 2680 faciem
1819 2626 1983 2676 tuam
2013 2636 2048 2674 a

401 2748 430 2777 ‹‹
462 2741 640 2798 puero
663 2728 763 2778 tuo
789 2739 801 2778 :
828 2719 1106 2793 quoniam
1129 2713 1678 2783 tribulor,velociter
1701 2708 1908 2765 exaudi
1931 2722 2042 2764 me.

405 2840 428 2868 ι
465 2797 924 2870 lntendeanimaa
941 2825 1079 2864 meae
1094 2815 1146 2863 et
1167 2806 1348 2862 libera
1364 2819 1516 2868 eam,
1532 2799 1856 2874 propterini
1868 2797 2049 2852 micos

400 2929 429 2956 «
464 2919 626 2960 meos
656 2901 815 2973 eripe
857 2913 971 2954 me.
1003 2898 1092 2952 Tu
1142 2894 1257 2951 scis
1286 2891 1709 2966 improperium
1743 2903 1961 2956 meum,
1995 2895 2053 2941 et

405 3015 432 3044 «
464 2989 869 3048 confusionem
921 3001 1132 3052 meam,
1185 2988 1244 3039 et
1293 2979 1673 3038 reverentiam
1723 2992 1936 3032 meam.
1988 2975 2050 3029 In

410 3101 436 3132 α
467 3079 780 3148 conspectu
809 3080 910 3130 tuo
941 3075 1081 3128 sunt
1109 3086 1312 3127 omnes
1339 3068 1436 3141 qui
1467 3065 1754 3122 tribulant
1784 3079 1913 3119 me:
1939 3063 2050 3117 im-

407 3193 434 3220 «
471 3164 804 3240 properium
856 3160 1209 3234 exspectavit
1252 3163 1362 3215 cor”
1390 3173 1586 3212 meum
1620 3161 1677 3210 et
1731 3152 2049 3209 miseriam.

412 3282 440 3309 ‹‹
473 3221 820 3313 Etisustinui
856 3221 1168 3325 qui‘simul
1202 3247 1663 3311 contristaretur,
1687 3249 1744 3299 et
1774 3241 2050 3297 nonfuit:
2087 3221 2128 3286 Ο

417 3371 446 3398 ‹‹
479 3351 530 3402 et
563 3342 1098 3418 quiconsolaretur,
1123 3343 1182 3394 et
1213 3355 1328 3393 non
1358 3335 1575 3391 inveni.
1595 3334 1664 3389 Et
1692 3333 1980 3388 dederunt
2001 3330 2060 3384 in

420 3461 447 3488 ι‹
481 3451 674 3492 escam
715 3425 908 3488 meam
941 3429 1036 3496 fel,
1071 3433 1128 3484 et
1176 3429 1234 3482 in
1284 3427 1381 3482 siti
1433 3441 1562 3480 mea
1591 3425 1939 3496 potaverunt
1970 3435 2062 3474 me

425 3549 453 3577 ‹‹
484 3529 663 3581 aceto.
697 3523 824 3578 Fiat
848 3535 1054 3575 mensa
1073 3533 1272 3573 eorum
1298 3531 1494 3571 coram
1517 3513 1661 3586 ipsis
1680 3512 1739 3566 in
1763 3510 2060 3582 laqueum,

427 3634 456 3664 ‹‹
482 3618 537 3668 et
566 3611 626 3665 in
657 3607 1091 3673 retributiones,
1117 3609 1173 3661 et
1199 3604 1260 3658 in
1292 3598 2064 3658 scandalum.0bscurentur

424 3725 452 3753 ‹‹
485 3699 639 3757 oculi
660 3715 880 3765 eorum,
901 3713 973 3752 ne
1000 3695 1252 3764 videant,
1266 3696 1323 3748 et
1339 3693 1581 3747 dorsum
1608 3704 1809 3744 eorum
1832 3701 2064 3757 semper

425 3813 453 3841 ‹‹
483 3791 742 3845 incurva.
775 3785 1015 3841 Eﬂ'unde
1055 3799 1231 3855 super
1259 3797 1358 3837 eos
1404 3780 1553 3834 iram
1603 3782 1786 3843 tuam,
1821 3779 1875 3829 et
1906 3775 2065 3828 furor

423 3902 450 3935 α
475 3880 574 3934 iraa
604 3883 715 3933 tuae
747 3872 1202 3947 comprehendat
1230 3887 1349 3927 eos.
1387 3869 1510 3923 Fiat
1550 3863 1830 3922 habitatio
1861 3877 2062 3919 eorum

422 3992 450 4021 ‹‹
479 3969 730 4033 deserta,
761 3969 820 4019 et
847 3963 906 4018 in
937 3958 1332 4017 tabernaculis
1361 3972 1562 4013 eorum
1599 3970 1713 4009 non
1743 3953 1820 4008 sit
1848 3952 1948 4024 qui
1979 3951 2064 4006 in-

424 4078 447 4108 ι
480 4055 723 4112 habitet.
757 4051 1043 4116 Quoniam
1075 4065 1250 4122 quem
1281 4053 1341 4103 tu
1376 4042 1744 4120 percussisti,
1775 4039 2063 4112 persecuti

421 4169 450 4197 ‹‹
482 4148 640 4212 sunt,
682 4146 740 4198 et
768 4156 944 4212 super
972 4138 1232 4194 dolorem
1260 4135 1570 4191 vulnerum
1602 4146 1864 4188 meorum
1899 4128 2062 4184 addi-

422 4259 449 4286 «
483 4235 716 4291 derunt.
765 4231 1005 4302 Appone
1051 4225 1419 4306 iniquitatem
1471 4238 1650 4294 super
1695 4219 2063 4291 iniquitatem

426 4338 706 4389 «eorum,
765 4323 823 4374 et
895 4333 1008 4374 non
1087 4315 1304 4370 intrent
1379 4313 1436 4367 in
1503 4309 1798 4382 justitiam
1878 4313 2060 4362 tuam.

423 4436 451 4464 α
483 4411 798 4469 Deleantur
845 4407 914 4464 de
942 4406 1092 4462 libro
1139 4401 1475 4470 viventium,
1509 4405 1567 4456 et
1613 4416 1746 4455 cum
1787 4399 1918 4455 istis
1948 4412 2063 4452 non

424 4526 452 4554 ‹‹
486 4501 836 4558 scribantur.
870 4497 988 4570 Ego
1018 4511 1149 4552 sum
1183 4509 1405 4566 pauper
1433 4495 1489 4546 et
1517 4488 1742 4556 dolens,
1775 4487 1934 4544 salus
1965 4490 2067 4541 tua

2147 1945 2252 1999 hoc
2284 1939 2512 2014 psalmo
2542 1941 2777 1993 notatur
2796 1951 2903 1990 vox
2932 1929 3147 1987 Christi
3178 1925 3407 1999 agentis
3427 1924 3496 1978 de
3527 1920 3808 1995 passione

2147 2049 2275 2098 sua,
2311 2047 2439 2102 quas
2493 2021 2972 2083 commutationis
3003 2019 3074 2074 de
3125 2015 3278 2072 malo
3326 2013 3385 2068 in
3433 2013 3657 2067 bonum
3690 2008 3806 2064 fuit

2147 2136 2344 2177 causa.
2380 2119 2508 2189 Ipse
2539 2114 2696 2170 enim
2718 2109 2998 2168 Dominus
3030 2123 3131 2180 per
3160 2102 3496 2177 passionem
3528 2096 3806 2154 transivit

2150 2207 2220 2262 de
2251 2187 2556 2276 temporali
2590 2201 2786 2256 labore
2817 2198 2888 2253 ad
2923 2201 3139 2251 aeterna
3167 2193 3340 2258 bona,
3375 2206 3481 2244 nos
3514 2193 3710 2243 autem
3745 2187 3805 2240 in

2149 2296 2353 2352 eodem
2387 2291 2636 2347 transitu
2667 2289 2728 2344 in
2760 2302 2862 2358 spe
2885 2282 3264 2341 transivimus
3290 2279 3412 2334 haec
3440 2273 3808 2348 temporalia,

2152 2391 2208 2441 et
2237 2379 2701 2455 exspectavimus
2731 2381 2968 2436 aeterna,
3001 2389 3126 2444 qua
3156 2369 3350 2425 omnis
3380 2382 3582 2422 secure
3615 2366 3807 2437 potest

2153 2476 2508 2544 exspectare,
2543 2467 2642 2539 qui
2673 2471 2924 2522 veterem
2956 2460 3254 2516 hominem
3291 2457 3450 2513 exuit
3499 2459 3559 2511 et
3587 2467 3807 2510 novum

2155 2540 2632 2616 induit.Sicenim
2657 2555 2908 2627 quisque
2929 2551 3100 2607 debet
3120 2544 3473 2605 commutari
3496 2545 3568 2600 de
3582 2541 3734 2598 malo
3752 2540 3815 2596 in

2157 2650 2392 2714 melius,
2408 2649 2478 2704 ad
2512 2663 2688 2718 quam
2710 2641 3232 2701 commutationem
3255 2637 3646 2692 admonemur
3671 2645 3812 2686 voce

2161 2738 2476 2802 dominica,
2500 2733 2946 2791 commendante
2970 2729 3138 2785 nobis
3169 2725 3506 2800 passionem
3537 2737 3704 2779 suam
3735 2719 3812 2775 ad

2158 2827 2530 2884 imitandum.
2546 2824 2693 2879 Nota
2723 2822 2903 2878 etiam
2926 2819 3018 2874 hic
3041 2817 3310 2890 quadam
3343 2817 3521 2886 caput
3544 2814 3816 2866 nostrum

2159 2916 2341 2988 loqui,
2374 2931 2500 2986 quae
2528 2930 2643 2968 suae
2672 2909 2944 2984 dignitati
2967 2905 3338 2971 conveniunt,
3373 2902 3818 2975 quaedam,qua

2162 3012 2370 3062 nostrae
2403 3000 2730 3057 infirmitati
2763 2996 3092 3055 necessaria
3121 2998 3278 3051 sunt.
3312 2991 3458 3048 Dicit
3485 2993 3685 3045 autem
3720 2985 3808 3044 sic

2163 3095 2348 3166 Caput
2381 3095 2645 3148 nostrum
2682 3108 2694 3144 :

2238 3183 2462 3239 Salvum
2511 3196 2601 3235 me
2648 3181 2758 3250 fac,
2796 3181 2954 3244 Deus,
2987 3175 3252 3246 quoniam
3279 3168 3617 3226 intraverunt
3648 3180 3818 3237 aqua

2171 3290 2340 3346 usque
2361 3273 2430 3327 ad
2450 3273 2698 3327 animam
2719 3283 2919 3323 meam.
2948 3269 3011 3320 In
3036 3264 3145 3319 hoc
3170 3277 3336 3318 versu
3362 3263 3478 3313 tam
3497 3272 3598 3330 pro
3621 3268 3813 3309 mem-

2173 3341 2295 3421 bris
2325 3379 2503 3436 quam
2537 3377 2641 3432 pro
2674 3375 2735 3414 se
2764 3357 2890 3430 ipso
2921 3357 3048 3411 orat
3076 3352 3264 3424 Caput
3293 3352 3576 3409 nostrum,
3609 3343 3693 3400 sic
3721 3341 3824 3397 di-

2174 3471 2310 3511 cens
2335 3454 2474 3508 Deus
2504 3431 2691 3517 Pater,
2723 3447 2939 3503 salvum
2989 3459 3076 3498 me
3102 3442 3193 3513 fac
3243 3441 3300 3494 in
3335 3454 3428 3493 me
3458 3439 3514 3491 et
3561 3434 3622 3490 in
3654 3431 3827 3501 meis,

2174 3539 2639 3613 utmihiquidem
2654 3532 3142 3592 resurrectionem
3157 3527 3443 3585 concedas
3456 3523 3830 3588 exteriorem,

2175 3633 2319 3688 meis
2352 3636 2544 3686 autem
2578 3625 2936 3682 interiorem.
2963 3621 3028 3676 Et
3059 3636 3206 3693 opus
3236 3621 3326 3673 est
3352 3619 3418 3670 ut
3448 3613 3660 3678 salves,
3691 3626 3829 3683 quo-

2173 3723 2325 3776 niam
2357 3721 2709 3774 intraverunt
2758 3727 2938 3786 aqua},
2971 3711 3028 3765 id
3062 3713 3168 3770 est.
3204 3706 3377 3762 turba
3423 3701 3705 3759 seditiosa
3734 3699 3824 3754 fu-

2175 3808 2357 3864 rentis
2387 3803 2584 3879 populi
2618 3801 3006 3859 circumdedit
3036 3815 3147 3864 me,
3182 3800 3239 3852 et
3271 3809 3437 3864 usque
3463 3793 3538 3847 ad
3580 3792 3827 3844 animum

2172 3914 2368 3965 meam,
2403 3893 2690 3951 subaudis
2715 3890 3114 3947 auferendam.
3131 3885 3276 3941 Nota
3298 3883 3389 3938 hic
3413 3879 3696 3954 populum
3721 3893 3822 3933 no-

2175 3988 2331 4042 mine
2356 4001 2519 4058 aquae
2545 3984 2677 4054 jure
2708 3978 3022 4052 designari,
3059 3975 3159 4048 qui
3189 3987 3495 4044 nunquam
3532 3970 3589 4024 in
3622 3968 3824 4024 eodem

2175 4082 2330 4132 statu
2354 4053 2675 4147 permanet,
2702 4071 2802 4126 sed
2829 4084 2989 4124 more
3011 4063 3247 4120 ﬂuentis
3271 4077 3434 4134 aqua:
3455 4074 3692 4130 semper
3705 4053 3826 4112 vol-

2173 4145 2586 4230 viturpcadens
2605 4162 2675 4215 de
2702 4159 2841 4214 vitio
2873 4156 2932 4211 in
2961 4153 3170 4209 vitium
3199 4170 3211 4220 ;
3246 4149 3334 4206 vel
3369 4149 3625 4222 populus
3647 4145 3829 4202 etiam

2174 4254 2508 4309 Judaeorum
2542 4249 2794 4305 maxime
2821 4247 2880 4302 in
2911 4248 3098 4301 morte
3116 4239 3346 4298 Domini
3376 4233 3831 4294 similitudinem

2175 4359 2339 4414 aquae
2370 4341 2627 4413 gerebat,
2662 4337 2801 4410 quia
2830 4336 2983 4392 sicut
3013 4349 3164 4405 aqua
3196 4331 3349 4386 circa
3376 4325 3686 4383 hominem
3717 4319 3836 4378 vol-

2174 4431 2328 4486 vitur
2359 4431 2539 4484 donec
2556 4443 2689 4483 eum
2722 4426 3082 4496 submergat,
3105 4420 3187 4476 ita
3210 4417 3458 4492 populus
3486 4414 3834 4470 Judeorum

2174 4518 2510 4574 volvebatur
2540 4516 2693 4571 circa
2725 4513 3058 4578 Dominum,
3091 4526 3206 4582 quo
3238 4522 3428 4578 usque
3477 4519 3619 4558 eum
3654 4497 3834 4557 morti

425 4613 453 4642 “
490 4583 1535 4660 Deussuscepltme'LaUdabonomen
1550 4579 1798 4635 Deicum
1818 4575 2064 4642 cantico’
2100 4592 2145 4656 1)
2177 4606 2438 4664 tradidit.
2462 4603 2814 4660 Volvebatur
2829 4601 2985 4657 enim
3007 4575 3159 4654 circa
3189 4575 3618 4662 eum,insidias
3652 4591 3705 4646 ei
3733 4604 3834 4662 po-

428 4701 455 4729 »
488 4685 544 4734 et
564 4676 948 4750 magniﬁcabo
962 4690 1096 4730 eum
1120 4673 1178 4728 in
1198 4671 1387 4727 laude.
1405 4671 1476 4725 Et
1491 4667 1741 4742 placebit
1757 4666 1872 4721 Deo
1895 4680 2071 4736 super

428 4791 454 4818 ‹‹
477 4765 724 4820 vitulum
738 4764 1280 4833 novellum,cornua
1294 4760 1710 4832 producentem
1725 4753 2068 4826 etungulas.

425 4877 455 4906 «
492 4853 742 4908 Videant
771 4867 1056 4924 pauperes
1085 4854 1141 4904 et
1171 4848 1436 4904 laetentur
1467 4863 1479 4900 :
1516 4841 1757 4916 quaerite
1777 4841 1982 4908 Deum,
2016 4844 2073 4894 et

433 4966 455 4995 α
488 4944 637 4999 vivet
666 4941 862 4997 anima
899 4943 1110 4995 vestra.
1143 4936 1427 5002 Quoniam
1461 4931 1755 4989 exaudivit
1786 4945 2070 5002 pauperes

431 5061 451 5086 ι
492 5032 792 5098 Dominus,
825 5035 882 5086 et
912 5028 1135 5083 vinctos
1175 5043 1315 5082 suos
1350 5042 1466 5081 non
1496 5021 1780 5095 despexit.
1815 5019 2075 5075 Laudent

427 5151 456 5177 ‹‹
488 5123 656 5179 illum
687 5121 813 5176 caeli
845 5124 899 5176 et
932 5124 1105 5184 terra,
1131 5131 1290 5171 mare
1317 5120 1373 5170 et
1402 5113 1600 5169 omnia
1631 5109 1861 5183 reptilia
1889 5108 1948 5164 in
1967 5108 2070 5163 eis.

428 5239 456 5266 ‹‹
489 5212 775 5280 Quoniam
802 5215 950 5264 Deus
963 5208 1184 5263 salvam
1205 5203 1378 5260 faciet
1396 5199 1932 5269 Sion,ettediﬁcabu
1943 5201 2077 5252 ntur

429 5328 456 5356 «
491 5302 756 5359 civitates
784 5298 970 5354 Judaa.
994 5297 1064 5352 Et
1093 5292 1509 5350 inhabitabunt
1539 5289 1712 5359 ibi,et
1741 5287 2076 5343 haereditate

433 5417 459 5442 «
492 5387 1033 5464 acquirenteam.Et
1057 5401 1254 5442 semen
1276 5397 1576 5440 servorum
1600 5380 1728 5450 ejus
1753 5373 2077 5449 possidebit

429 5505 457 5534 «
490 5497 619 5539 eam
657 5497 670 5536 :
716 5484 773 5535 et
817 5476 918 5552 qui
965 5474 1219 5548 diligunt
1265 5487 1477 5530 nomen
1529 5471 1679 5542 ejus,
1729 5464 2079 5522 habitabunt

432 5595 459 5624 ς(
492 5570 553 5627 in
587 5585 675 5626 ea.
709 5589 737 5619 ››

2179 4698 2396 4766 nendo,
2419 4711 2551 4751 eum
2568 4692 2868 4765 capiendo,
2877 4687 3198 4761 judicando
3219 4677 3836 4752 tandem,occidendo.

2180 4785 2340 4853 Quod
2366 4783 2459 4838 hic
2480 4786 2733 4849 notatur,
2757 4782 3105 4835 Intraverunt
3126 4791 3280 4845 aquae
3304 4786 3471 4843 usque
3491 4769 3565 4825 ad
3586 4771 3842 4823 animum

2179 4891 2377 4930 meam.
2400 4873 2471 4927 Et
2493 4869 2786 4943 quomodo
2807 4864 3206 4922 intraverunt?
3237 4863 3450 4932 lnﬁxus
3471 4875 3598 4914 sum
3614 4859 3675 4912 in
3707 4858 3842 4911 limo

2179 4960 2535 5036 profundi,id
2567 4959 2844 5026 est,inter
2873 4955 3002 5011 illos
3026 4955 3296 5009 detentus
3323 4966 3458 5006 sum
3490 4947 3593 5020 qui
3626 4946 3843 5001 limum

2185 5035 2383 5118 Suum,
2409 5050 2467 5105 id
2491 5052 2602 5114 est,
2623 5045 3018 5103 terrenitalem
3051 5059 3216 5098 suam
3241 5037 3622 5113 profundam,
3650 5035 3710 5090 id
3732 5036 3844 5100 est,

2183 5158 2358 5214 porro
2391 5156 2424 5195 a
2454 5137 2656 5204 fundo,
2682 5137 2963 5191 fecerunt.
3000 5137 3075 5187 De
3106 5129 3321 5202 quibus
3351 5126 3566 5183 dicitur
3600 5142 3616 5181 :
3655 5123 3846 5178 Pecca-

2183 5210 2269 5286 tor
2292 5245 2415 5284 cum
2433 5227 2649 5282 venerit
2669 5226 2730 5280 in
2749 5221 3106 5295 profundum,
3129 5217 3425 5274 contemnit
3444 5216 3630 5285 (Prov.
3655 5210 3844 5283 mn).

2184 5319 2330 5375 Nota
2361 5332 2563 5373 omnes
2594 5311 2861 5369 homines
2899 5326 3028 5366 esse
3059 5309 3117 5363 in
3149 5307 3312 5374 limo,
3345 5303 3485 5377 quia
3533 5317 3748 5358 omnes
3777 5314 3848 5354 ex

2185 5409 2329 5464 limo
2354 5406 2528 5463 creati
2557 5407 2775 5472 sunt,et
2796 5399 3110 5472 aliquando
3132 5395 3479 5452 necessitate
3498 5391 3603 5448 vite
3621 5389 3846 5446 habent

2188 5512 2465 5570 peccare;
2497 5493 2600 5566 qui
2643 5495 2841 5548 autem
2891 5491 3233 5561 spernentes
3284 5483 3632 5551 novitatem,
3677 5483 3845 5534 vetu-

2188 5587 2323 5643 stati
2341 5583 2579 5642 omnino
2598 5579 2990 5646 consentiunt,
3006 5577 3065 5631 in
3085 5573 3375 5650 profundo
3395 5571 3540 5629 limo
3560 5572 3846 5644 reputan-

2186 5681 2286 5737 tur
2314 5675 2416 5734 sed
2464 5672 2564 5753 qui
2596 5671 2657 5728 in
2704 5669 2799 5728 his
2842 5685 2959 5728 non
3008 5664 3401 5736 consentiunt,
3436 5661 3498 5720 in
3545 5658 3668 5719 alto
3699 5656 3851 5720 limo
