4014 6194
280 339 401 407 (97

1399 340 2009 410 ENARRATIONES
2052 332 2132 408 IN
2181 338 2556 409 PSALMOS.

3567 320 3685 410 498

279 480 478 552 pertus
508 480 598 537 est
633 476 949 550 miseriam,
978 480 1131 539 sicut
1159 481 1351 556 pluvia
1376 482 1629 537 maxime
1661 484 1922 552 accepta-
1956 481 2008 546 Α
2038 478 2196 550 passi
2221 481 2439 535 suntin
2474 475 2830 536 conscientia
2846 472 3207 535 sua.Paulus
3229 474 3385 533 enim
3406 494 3521 535 nou
3541 480 3685 537 satis

276 567 409 624 bilis
441 574 530 625 est
556 575 742 638 terrai,
762 577 1071 643 postquam
1092 572 1219 644 ipsa
1247 577 1402 627 terra
1433 570 1532 626 diu
1557 575 1645 625 est
1674 570 1731 625 in
1758 569 1922 624 sicci-

272 663 411 713 tate.
447 658 607 723 Quod
642 660 730 715 hic
778 661 938 729 dicit,
974 662 1192 717 Exaudi
1222 679 1329 726 me,
1372 662 1623 728 Domine,
1658 661 1926 731 quoniam

271 747 507 816 benigna
534 752 617 803 est
664 750 1050 805 misericordia
1083 755 1196 804 tua.
1236 749 1408 812 Quasi
1458 750 1613 804 dicat
1646 767 1657 804 :
1696 746 1924 820 Experti

270 842 412 892 sunt
442 838 553 891 mei
577 855 745 893 suam
769 839 1087 906 miseriam,
1117 840 1490 910 experiantur
1519 843 1681 894 tuam
1706 838 1927 893 miseri-

270 926 552 992 cordiam,
574 928 629 982 id
646 932 753 997 est,
774 928 929 1000 piam
953 928 1316 983 affectionem
1340 932 1524 995 tuam,
1551 933 1607 982 et
1630 929 1711 982 sic
1733 944 1923 981 secun-

267 1014 403 1070 dum
431 1016 843 1071 multitudinem
870 1020 1287 1072 miserationem
1317 1020 1567 1082 tuarum,
1602 1016 1657 1070 id
1694 1019 1801 1082 est,
1836 1031 1925 1070 se-

273 1106 536 1159 cundum
560 1105 807 1160 multam
824 1106 1238 1161 exhibitionem
1266 1105 1697 1172 misericordiae,
1721 1105 1929 1176 respice

277 1200 339 1256 in
369 1202 551 1267 me,id
585 1204 765 1267 est,in
801 1203 1101 1275 meos,qui
1132 1204 1447 1275 despexisti
1479 1220 1576 1258 eos
1604 1203 1925 1257 secundum

274 1289 716 1347 multitudinem
735 1291 827 1346 irae
859 1297 993 1347 tum.
1017 1294 1084 1347 Et
1112 1296 1177 1346 ut
1201 1292 1497 1364 respicias,
1523 1309 1591 1346 ne
1612 1300 1827 1347 avertas
1845 1292 1929 1361 fa-

270 1381 412 1435 ciem
443 1385 593 1435 tuam
622 1398 655 1435 a
680 1398 853 1453 puero
880 1387 991 1447 tuo,
1026 1382 1083 1436 id
1117 1386 1222 1449 est,
1258 1399 1290 1436 a
1323 1382 1469 1437 meis
1500 1381 1600 1452 qui
1623 1382 1752 1452 jam
1787 1379 1927 1435 facti

273 1474 417 1524 sunt
442 1470 626 1541 pueri,
652 1471 709 1524 id
742 1475 849 1535 est,
874 1470 1127 1525 humiles
1160 1470 1275 1525 veri
1309 1475 1364 1525 et
1394 1468 1579 1542 pueri,
1604 1487 1737 1525 cum
1762 1470 1928 1541 prius

270 1562 472 1613 essent
502 1558 759 1629 superbi,
793 1565 847 1613 et
874 1560 1126 1615 velociter
1153 1561 1362 1614 exaudi
1383 1575 1488 1626 me,
1518 1559 1573 1613 id
1608 1562 1717 1625 est,
1742 1575 1927 1625 meos,

269 1648 531 1718 quoniam
560 1648 816 1717 tribulor,
850 1648 905 1703 id
935 1654 1043 1714 est,
1079 1648 1191 1703 mei
1224 1647 1601 1703 tribulantur.
1638 1647 1812 1713 Quasi
1847 1648 1927 1701 di-

263 1739 362 1791 cat
393 1753 405 1791 :
440 1736 521 1791 Ne
552 1736 786 1791 differas
810 1736 1295 1804 misericordiam,
1326 1737 1607 1808 quoniam
1642 1736 1754 1791 mei
1779 1752 1930 1791 reco-

2035 569 2434 625 arbitrabatur
2464 587 2578 624 non
2620 570 2962 625 erubescere
2992 568 3285 624 Christum
3320 568 3681 639 crucifixum,

2035 659 2133 714 sed
2170 660 2226 713 in
2260 674 2326 713 eo
2358 661 2585 712 tantum
2639 652 2872 731 gloriari
2924 658 3126 727 voluit,
3161 675 3294 713 cum
3328 658 3473 712 dixit
3503 674 3515 713 ε
3556 656 3689 713 Mihi

2035 753 2213 804 autem
2246 750 2386 801 absit
2418 748 2673 817 gloriari,
2706 750 2820 803 nisi
2850 750 2910 802 in
2930 765 3087 803 cruce
3118 749 3338 803 Domini
3365 750 3541 803 nostri
3562 749 3688 804 Jesu

2038 837 2244 892 Christi
2274 836 2417 907 (Gal.
2441 840 2541 904 v1).
2568 836 2957 907 Confusionem
2989 838 3145 910 passi
3174 841 3313 893 sunt
3338 837 3534 892 minus
3558 853 3687 908 per-

2038 926 2189 995 fecti,
2207 927 2442 998 quando
2465 926 2710 980 interius
2733 927 3173 994 erubescebant,
3190 931 3245 983 et
3268 943 3365 982 eos
3388 926 3685 983 conscien-

2036 1016 2118 1071 tia
2152 1016 2455 1071 mordebat
2478 1015 2547 1069 de
2576 1014 2685 1070 hoc
2708 1017 2862 1086 quod
2891 1015 2974 1071 eis
3002 1016 3532 1089 improperabatur,
3550 1016 3689 1089 quia

2037 1113 2095 1169 in
2122 1119 2423 1169 mortuum
2444 1114 2765 1177 crederent,
2784 1114 2936 1185 apud
2959 1130 3105 1185 quos
3128 1114 3262 1187 plus
3284 1114 3466 1170 valuit
3488 1116 3690 1187 lingua

2039 1202 2299 1257 humana
2332 1218 2507 1273 quam
2562 1202 2875 1272 promissio
2915 1202 3128 1257 divina.
3161 1204 3223 1258 In
3268 1208 3551 1274 conspectu
3600 1213 3690 1260 tuo

2036 1300 2165 1346 sunt
2197 1306 2378 1347 omnes
2413 1292 2509 1361 qui
2554 1290 2820 1345 tribulant
2872 1307 2974 1345 me.
3010 1292 3184 1356 Quasi
3220 1291 3374 1347 dicat
3408 1311 3420 1347 :
3456 1293 3528 1348 Tu
3578 1296 3691 1351 scis

2038 1380 2434 1452 imprOperium
2477 1396 2682 1445 meum,
2716 1396 2851 1435 nam
2898 1378 2983 1434 illi
3031 1380 3129 1451 qui
3172 1397 3259 1435 me
3306 1382 3594 1449 tribulant,
3631 1386 3689 1438 in

2036 1474 2316 1541 conspecto
2344 1479 2437 1525 tuo
2480 1473 2607 1523 sunt
2638 1473 2694 1524 et
2724 1473 2778 1523 te
2819 1485 2931 1524 non
2977 1467 3183 1539 latent,
3218 1486 3309 1525 me
3340 1470 3516 1527 etiam
3572 1489 3688 1527 non

2039 1558 2241 1627 latent,
2269 1558 2407 1629 quia
2430 1560 2827 1629 improperium
2847 1558 3186 1629 exspectavit
3205 1573 3300 1613 cor
3318 1575 3503 1613 meum
3522 1564 3571 1614 et
3590 1563 3693 1615 mi-

2036 1650 2240 1703 seriam
2263 1647 2495 1702 illorum
2518 1674 2531 1715 ;
2549 1647 2834 1703 subaudis
2851 1652 2913 1702 ut
2928 1650 3409 1718 recognoscerent
3426 1646 3692 1703 videlicet

2040 1754 2101 1793 se
2147 1737 2417 1807 miseros,
2450 1743 2506 1791 et
2554 1736 2815 1793 conversi
2865 1736 3257 1808 pmuiterent:
3297 1735 3410 1801 vel,
3442 1737 3527 1791 sic
3578 1737 3690 1810 ipsi

264 1830 561 1899 gnoscunt
590 1840 758 1881 suam
794 1826 1112 1881 miseriam.
1140 1827 1205 1881 Et
1236 1832 1298 1880 ut
1326 1825 1599 1881 velociter
1623 1825 1925 1889 exaudias,
1960 1857 2007 1921 B
2041 1827 2308 1883 tribulant
2331 1842 2438 1890 me,
2474 1825 2643 1897 quasi
2676 1825 3032 1881 nescientem
3065 1829 3122 1881 et
3170 1824 3461 1881 nolentem
3496 1826 3692 1881 subire

264 1915 494 1969 intende
522 1915 725 1969 anima:
753 1931 887 1970 mea:
912 1925 963 1971 et
994 1916 1169 1971 libera
1199 1932 1343 1981 eam,
1364 1915 1589 1970 occulte
1620 1914 1925 1979 subaudis,

266 2008 327 2060 et
354 2005 507 2074 eripe
537 2019 640 2069 me,
674 2003 732 2057 id
764 2007 871 2069 est,
895 2020 1080 2067 meos,
1110 2007 1335 2075 prapter
1368 2005 1616 2060 inimicos
1637 2020 1801 2073 meos,
1838 2019 1929 2057 su-

269 2092 483 2147 baudis
510 2094 931 2148 convertendos
960 2093 1049 2147 vel
1096 2094 1489 2148 excaecandos.
1522 2094 1669 2148 Nota
1699 2094 1930 2147 duobus

273 2182 468 2236 modis
482 2182 665 2235 Deum
699 2180 944 2236 liberare
976 2198 1117 2237 suos
1148 2181 1586 2253 ﬁdeles,aperte
1602 2186 1658 2236 et
1689 2182 1929 2235 occulte.

276 2275 515 2332 Occulte
558 2276 714 2331 enim
763 2277 1031 2333 liberavit
1077 2278 1456 2341 Macbabzeos,
1492 2295 1637 2349 quos
1686 2295 1779 2332 rex
1824 2281 1935 2332 An-

271 2364 511 2419 tiochus
543 2365 733 2420 tenuit
762 2365 1040 2437 captivos,
1074 2366 1133 2420 in
1164 2384 1281 2438 qua
1310 2365 1651 2423 liberatione
1684 2384 1931 2422 excarca-

274 2456 376 2507 tus
408 2456 499 2509 est
528 2454 851 2510 Antiochus
882 2456 952 2525 (II
979 2456 1173 2509 Much.
1198 2456 1321 2525 V11),
1355 2455 1491 2527 quia
1522 2456 1661 2510 dum
1685 2455 1936 2511 exterius

275 2542 604 2614 potentiam
639 2559 806 2597 suam
843 2544 1192 2609 exercuit,et
1223 2544 1304 2598 sic
1331 2544 1413 2599 eis
1442 2545 1749 2615 praevalere
1774 2550 1935 2615 puta-

271 2631 381 2692 vit,
416 2630 572 2685 Deus
605 2646 738 2685 eum
764 2631 1012 2686 interius
1041 2632 1363 2698 excaecavit,
1391 2632 1529 2703 quia
1558 2632 1805 2687 interius
1836 2649 1935 2687 eos

272 2734 405 2775 esse
428 2718 705 2775 liberatos
720 2736 837 2775 non
862 2718 1145 2775 intellexit
1170 2720 1228 2774 in
1252 2737 1399 2792 quos
1415 2721 1669 2775 exterius
1691 2720 1928 2775 sevivit.

268 2809 487 2880 Aperte
516 2806 781 2862 liberavit
811 2808 1112 2863 etiamtres
1145 2825 1356 2880 pueros
1389 2810 1668 2865 Dominus
1697 2810 1806 2864 sub
1830 2827 1929 2880 po-

270 2900 487 2953 testate
518 2897 673 2969 regis
703 2896 1243 2953 Nabuchodonosor
1271 2898 1441 2967 (Dan.
1477 2899 1584 2969 111).
1627 2898 1755 2953 Haec
1798 2898 1929 2953 talis

270 2986 543 3041 liberatio
572 2987 637 3041 fit
666 3002 769 3058 pro
800 2987 1163 3042 confessione
1190 2987 1563 3043 inimicorum
1584 2989 1822 3058 ut,dum
1846 2987 1929 3042 illi

268 3075 550 3130 virtutem
584 3074 809 3131 Domini
842 3079 1038 3147 aperte
1067 3076 1188 3131 fieri
1210 3075 1571 3145 viderant,ad
1596 3076 1771 3132 ﬁdem
1795 3094 1932 3132 con-

267 3169 601 3231 vertantur,
636 3168 699 3220 ut
731 3165 1283 3230 Nabuchodonosor,
1317 3165 1417 3237 qui
1452 3182 1769 3222 conversus
1801 3165 1931 3221 aliis

2039 1914 2469 1971 tribulationes.
2506 1916 2609 1971 Cor
2638 1919 2822 1970 autem
2850 1931 3033 1970 meum
3062 1917 3390 1985 exspectavit
3420 1917 3692 1988 imprope-

2039 2007 2209 2071 rium,
2232 2004 2289 2059 id
2316 2009 2424 2071 est,
2450 2009 2654 2077 sponte
2676 2004 2865 2076 recepi
2892 2003 3391 2076 passionem,quia
3412 2021 3570 2060 nemo
3592 2007 3695 2061 tol-

2042 2095 2107 2149 lit
2136 2111 2173 2149 α
2202 2110 2287 2149 me
2316 2096 2566 2149 animam
2598 2110 2797 2163 meam,
2829 2093 2921 2147 sed
2954 2109 3047 2164 ego
3073 2108 3214 2165 pono
3254 2110 3374 2148 eam
3405 2094 3583 2164 (Joan.
3613 2094 3692 2165 x),

2043 2196 2099 2246 et
2123 2191 2335 2246 iterum
2364 2208 2534 2246 sumo
2567 2208 2717 2247 eam.
2745 2195 2810 2244 Et
2840 2194 3175 2261 exspectavit
3198 2192 3372 2245 etiam
3404 2208 3496 2246 cor
3515 2208 3697 2246 meum

2042 2282 2328 2335 miseriam
2352 2280 2584 2335 illorum
2609 2280 2997 2336 delendamzet
3013 2282 3250 2334 sustinui
3272 2279 3695 2343 id,est,attendi

2045 2372 2140 2442 qui
2161 2368 2689 2437 constristaretur,id
2713 2368 2927 2440 est,qui
2948 2384 3176 2422 mecum
3203 2366 3693 2441 dolerel|simul,id

2045 2459 2241 2521 est,de
2258 2459 2461 2513 eadem
2485 2474 2543 2512 re
2561 2458 2630 2513 de
2655 2474 2769 2529 qua
2790 2473 2894 2528 ego
2919 2455 3100 2521 dolui,
3125 2458 3193 2511 de
3212 2472 3403 2512 errore
3431 2456 3697 2512 videlicet

2044 2563 2245 2602 eorum
2269 2546 2367 2617 qui
2384 2546 2681 2601 miseriam
2696 2562 2865 2600 suam
2890 2544 3163 2599 nolebant
3184 2545 3563 2602 attenderezet
3587 2563 3693 2601 non

2041 2635 2176 2707 fuit,
2213 2634 2446 2705 aliquis,
2474 2634 2758 2689 subaudis
2780 2632 2880 2705 qui
2912 2634 2980 2687 de
3014 2633 3336 2705 perditione
3356 2634 3691 2691 Judaeorum

2042 2724 2407 2779 constristati
2438 2722 2625 2778 vellet.
2656 2724 2801 2778 Nota
2816 2721 3137 2793 discipulos
3162 2723 3219 2777 in
3254 2728 3440 2778 morte
3466 2723 3693 2780 Domini

2004 2842 2011 2853 ι
2042 2812 2501 2881 contristari,sed
2520 2830 2632 2868 non
2650 2812 3037 2867 tristabantur
3049 2812 3119 2867 de
3134 2812 3695 2883 perditioneJudxo-

2042 2918 2199 2967 rum,
2217 2902 2368 2956 unde
2382 2902 2666 2958 Dominus
2689 2902 3195 2957 contristatusest.
3220 2902 3369 2957 Sunt
3386 2901 3541 2957 enim
3566 2918 3696 2957 con-

2039 2990 2255 3045 tristati
2291 2990 2362 3045 de
2406 2996 2591 3046 morte
2621 2991 2749 3062 ejus
2778 2994 3028 3058 tantum,
3063 2990 3200 3062 quia
3252 2989 3358 3046 etsi
3393 2991 3696 3047 crederent

2043 3079 2298 3151 quodam
2330 3079 2502 3135 modo
2535 3097 2667 3135 eum
2698 3083 3156 3135 resurrecturum
3189 3083 3243 3134 et
3276 3078 3530 3151 amplius
3557 3096 3692 3136 eum

2044 3184 2161 3222 non
2189 3167 2563 3234 moriturum,
2596 3172 2791 3222 tamen
2824 3168 3097 3223 dolebant
3148 3168 3287 3239 quia
3318 3168 3452 3236 vita,
3486 3168 3545 3224 in
3578 3185 3692 3240 qua

645 3217 696 3220 η
1325 3217 1417 3237 πμ
1459 3217 1765 3222 nam-“
1804 3217 1926 3221 μ---τ
2046 3217 2161 3222 κ---
2191 3217 2563 3234 -----------,
2603 3217 2791 3222 -----ν--
2828 3217 3095 3223 παπ-η
3153 3217 3287 3239 rm
3330 3217 3452 3236 ----,
3581 3217 3692 3240 πη

268 3254 555 3309 virtutem
585 3253 816 3308 Domini
850 3252 1137 3308 nuntiavit
1167 3254 1327 3325 (Dan.
1362 3254 1461 3324 1v).
1485 3256 1561 3309 Tu
1586 3256 1695 3310 scis
1728 3256 1931 3325 impro-
1963 3217 2006 3283 Β
2044 3260 2167 3310 tam
2216 3261 2415 3311 sancte
2462 3260 2518 3311 et
2557 3260 2678 3311 tam
2712 3258 2801 3326 pie
2848 3272 2983 3310 eum
3031 3256 3219 3310 vivere
3266 3256 3559 3325 videbant,
3592 3273 3694 3327 per

268 3345 494 3416 perium
552 3360 736 3398 meum
791 3346 843 3397 et
898 3344 1275 3413 confusionem
1337 3359 1515 3398 meam
1569 3346 1621 3396 et
1676 3358 1925 3397 reveren-

271 3435 420 3489 tiam
447 3448 647 3488 meam.
676 3432 851 3499 Quasi
883 3432 1040 3487 dicat
1073 3449 1085 3486 :
1118 3431 1148 3486 J
1158 3434 1357 3487 ustum
1388 3434 1478 3486 est
1508 3434 1573 3485 ut
1600 3446 1694 3485 me
1720 3429 1934 3502 eripias

274 3522 341 3577 in
376 3522 541 3589 meis,
576 3522 716 3593 quia
745 3527 807 3575 tu
840 3521 956 3577 scis
988 3524 1210 3593 quanta
1240 3520 1398 3591 passi
1444 3524 1584 3574 sunt
1614 3524 1849 3591 propter
1878 3524 1934 3575 te

273 3612 359 3665 im
369 3610 637 3682 properis
658 3614 786 3665 ettu
810 3610 924 3665 scis
939 3608 1311 3666 confusiones
1333 3612 1389 3664 et
1410 3608 1935 3681 reverentias,quas

273 3714 496 3772 passus
529 3716 662 3755 sum
695 3700 755 3754 in
786 3698 950 3770 meis,
972 3716 1085 3755 non
1106 3702 1391 3770 quantum
1417 3699 1487 3754 ad
1520 3702 1597 3766 te,
1622 3699 1724 3754 sed
1748 3714 1932 3769 quan-

272 3794 407 3843 tum
432 3789 503 3842 ad
532 3805 734 3843 eorum
757 3788 1111 3860 opinionem.
1129 3787 1552 3859 Improperium
1568 3788 1677 3843 fuit
1698 3787 1934 3860 quando

274 3876 553 3932 dixerunt
586 3894 599 3931 :
634 3878 1058 3947 Btasphemavit.
1084 3877 1223 3946 Quid
1254 3878 1434 3932 adhuc
1448 3893 1665 3947 egemus
1689 3877 1931 3933 testibus.

278 3974 492 4045 (Matth.
526 3974 731 4045 xxw?)
762 3974 1037 4030 Confusio
1070 3975 1198 4040 fuit,
1233 3975 1467 4046 quando
1494 3974 1709 4029 clausis
1748 3973 1934 4029 oculis

278 4062 407 4118 suis
438 4079 573 4118 eum
605 4061 1069 4133 colaphizabant,
1104 4063 1364 4117 dicentes
1399 4080 1409 4117 :
1448 4064 1791 4134 Prophetim,
1815 4080 1935 4134 quis

279 4157 362 4209 est
392 4153 486 4223 qui
507 4159 561 4206 te
579 4153 853 4222 percussit
880 4152 1089 4221 (Ibid.).
1121 4151 1429 4206 Estautem
1456 4152 1935 4223 confusio,quan-

280 4241 355 4295 do
406 4239 764 4295 conscientia
816 4240 1044 4294 mordet
1093 4239 1392 4295 hominem
1440 4239 1733 4295 interius:
1779 4240 1931 4311 quod

281 4330 537 4384 maxime
550 4329 836 4400 putabant
856 4328 1043 4383 Judaei
1057 4329 1177 4400 ,qui
1203 4328 1489 4400 putabant
1510 4344 1645 4383 eum
1671 4330 1936 4400 ignorare

283 4419 418 4490 quis
439 4434 574 4473 eum
597 4418 1010 4489 percussisset,
1034 4422 1091 4472 et
1113 4418 1196 4472 sic
1218 4416 1275 4471 in
1300 4416 1659 4472 conscientia
1680 4435 1782 4472 sua
1806 4435 1937 4473 con-

279 4506 575 4563 fusionem
608 4506 847 4561 haberet
868 4506 968 4577 qui
1002 4506 1162 4577 prius
1194 4522 1256 4560 se
1282 4506 1480 4560 omnia
1510 4506 1659 4561 scire
1683 4507 1932 4561 dicebat.

284 4604 647 4669 Reverentia,
681 4603 735 4657 id
789 4608 877 4658 est
926 4604 1132 4674 pudor,
1167 4602 1266 4675 qui
1319 4604 1634 4673 ingenuam
1686 4604 1934 4659 froulem

282 4694 459 4751 etiam
493 4693 563 4748 de
595 4692 726 4747 falsi
756 4691 1017 4748 criminis
1040 4692 1363 4763 objectione
1380 4692 1519 4747 facit
1546 4694 1771 4749 rubere.
1810 4694 1938 4748 Haec.

281 4782 481 4839 omnia
513 4782 748 4836 fuerunt
781 4781 839 4835 in
871 4781 1122 4847 Christo,
1158 4784 1444 4852 quantum
1498 4782 1568 4836 ad
1600 4781 1935 4837 Judxorum

284 4870 642 4943 opinionem,
674 4886 787 4924 non
814 4873 1102 4940 quantum
1126 4870 1196 4923 ad
1220 4869 1300 4923 rei
1324 4868 1646 4934 veritatem,
1667 4870 1806 4940 quia
1824 4887 1937 4925 non

286 4960 478 5031 potuit
508 4974 637 5013 esse
669 4958 934 5013 confusio
964 4959 1023 5012 in
1055 4958 1408 5013 conscientia
1438 4962 1557 5012 tam
1591 4964 1813 5027 sancta,
1839 4976 1938 5013 ne-

288 5064 403 5120 que
434 5046 845 5102 erubescentia
876 5046 934 5101 in
960 5047 1144 5101 fronte
1168 5050 1285 5101 tam
1322 5046 1525 5101 libera.
1550 5047 1759 5101 Aliter:
1780 5049 1942 5118 Eripe

289 5152 461 5192 meas.
497 5135 564 5191 Et
591 5152 740 5205 opus
770 5140 878 5201 est,
912 5139 977 5190 ut
1006 5136 1242 5205 eripias,
1276 5134 1413 5207 quia
1443 5138 1505 5189 tu
1532 5137 1635 5191 scis
1668 5138 1939 5207 imprope-

288 5228 442 5281 rium
472 5238 680 5290 meum,
714 5224 771 5278 id
802 5228 910 5290 est,
945 5240 1230 5288 meorum,
1262 5232 1312 5279 et
1339 5227 1712 5295 confusionem
1743 5241 1939 5290 meam,

290 5314 349 5370 id
380 5318 492 5379 est,
528 5329 810 5369 meorum.
844 5313 1243 5384 Improperium
1273 5318 1382 5377 est,
1415 5314 1568 5383 quod
1602 5315 1673 5369 ab
1706 5315 1943 5370 inimico

289 5404 558 5467 infertur,
594 5400 735 5457 licet
780 5403 871 5457 cui
918 5403 1206 5457 inferatur
1238 5402 1295 5455 in
1329 5402 1686 5456 conscientia
1740 5419 1847 5455 sua
1877 5420 1944 5457 ex

292 5493 420 5564 ipso
452 5490 811 5563 improperio
844 5492 1121 5563 patiatur,
1152 5488 1311 5544 velut
1342 5489 1525 5543 sancti
1565 5490 1834 5555 viri,cum
1865 5491 1945 5546 eis

292 5581 803 5653 improperabatur
826 5580 978 5651 quod
1015 5580 1073 5634 in
1098 5578 1393 5635 Christum
1427 5576 1768 5633 cruciﬁxum
1800 5585 1855 5634 et
1884 5581 1942 5635 in

294 5669 581 5727 latronem
632 5674 931 5724 mortuum
979 5669 1301 5733 crederent,
1335 5665 1481 5721 nihil
1533 5667 1941 5725 erubescentiae

2045 3346 2293 3397 mortem
2316 3348 2439 3398 erat
2492 3344 2795 3397 mutanda.
2823 3345 2927 3412 Qui
2946 3345 3519 3409 consolaretur,etn0n
3546 3351 3688 3414 erat,

2045 3438 2223 3505 Quasi
2250 3438 2405 3493 dicat
2430 3457 2442 3494 :
2467 3438 2803 3509 Exspectavi
2825 3439 3002 3494 etiam
3028 3439 3129 3511 qui
3164 3456 3393 3494 mecum
3426 3439 3695 3495 consola-

2044 3532 2204 3583 retur
2234 3527 2304 3582 de
2335 3526 2522 3582 salute
2542 3526 2901 3599 Judzeorum,
2922 3527 2969 3583 si
3002 3531 3565 3595 converterentur,et
3582 3545 3698 3583 non

2045 3618 2256 3685 inveni,
2292 3616 2393 3672 sed
2424 3614 2621 3688 potius
2653 3615 2757 3682 illi,
2784 3634 3031 3688 quorum
3055 3616 3353 3672 miseriam
3388 3616 3699 3672 delendam

2046 3704 2394 3778 exspectavi,
2421 3709 2476 3760 et
2507 3705 2580 3760 de
2609 3722 2858 3776 quorum
2892 3705 3077 3761 salute
3102 3704 3387 3760 consolari
3419 3704 3700 3772 volui,de-

2044 3794 2241 3851 derunt
2272 3796 2331 3849 in
2364 3810 2539 3851 escam
2578 3811 2759 3850 meam
2786 3795 2885 3865 fel,
2919 3798 2972 3850 et
3002 3796 3065 3848 in
3096 3796 3196 3848 siti
3223 3811 3343 3848 mea
3379 3796 3703 3865 potaverunt

2044 3901 2132 3940 me
2161 3894 2329 3953 aceto,
2364 3884 2599 3956 quia,se
2625 3884 2783 3955 ipsos
2815 3900 2963 3955 quos
2987 3882 3199 3938 esurivi
3231 3886 3296 3937 ut
3326 3881 3597 3954 sapidum
3622 3882 3704 3938 ci-

2046 3974 2188 4028 bum
2220 3979 2276 4028 et
2316 3990 2576 4039 suavem,
2613 3973 2903 4027 dederunt
2950 3971 3093 4026 mihi
3126 3970 3365 4027 fellitam
3398 3988 3613 4043 escam,
3646 3975 3704 4028 et

2048 4063 2536 4134 quosjucundum
2559 4066 2761 4131 potum
2780 4061 2957 4131 sitivi,
2974 4079 3035 4117 se
3049 4062 3282 4117 acidum
3312 4061 3703 4118 exhibuerunt

2045 4150 2189 4205 mihi
2219 4154 2442 4221 potum.
2463 4150 2677 4204 Eorum
2702 4149 2855 4204 enim
2881 4150 3148 4207 sitiebam
3170 4167 3273 4225 ego
3303 4151 3702 4219 novitatem,et

2045 4237 2157 4310 ipsi
2187 4238 2574 4308 propinabant
2604 4237 2749 4294 mihi
2776 4244 3144 4296 vetustatem.
3170 4240 3487 4311 Pr0pinant
3509 4240 3701 4294 adhuc

2047 4342 2249 4382 omnes
2272 4330 2708 4397 vetustatem,et
2730 4328 3111 4384 offeruntDeo
3135 4328 3379 4384 fellitam
3407 4344 3602 4382 escam
3628 4328 3698 4381 ad

2046 4415 2474 4470 comedendum
2509 4418 2631 4487 qui,
2659 4434 2927 4488 perverse
2947 4417 3215 4482 vivendo,
3239 4413 3590 4486 Evangelicze
3614 4429 3703 4468 ve-

2048 4503 2203 4559 ritati
2260 4505 2693 4567 contradicunt,
2724 4510 2781 4559 et
2811 4504 3124 4559 Dominum
3160 4520 3273 4558 non
3321 4502 3705 4557 resurrexisse

1970 4586 2015 4649 Ι)
2048 4593 2318 4648 credunt.
2353 4593 2418 4647 lli
2458 4593 2601 4646 tales
2634 4609 2666 4646 a
2697 4592 2970 4647 fidelibus
3001 4597 3142 4647 sunt
3168 4590 3476 4659 tolerandi,
3512 4595 3702 4646 etnon

2050 4681 2463 4748 interficiendi,
2498 4681 2651 4752 quod
2685 4681 2809 4753 ipse
2841 4681 3127 4736 Dominus
3162 4681 3399 4747 notavit,
3433 4696 3565 4735 cum
3597 4697 3702 4753 gu-

2052 4776 2271 4826 stasset
2302 4777 2358 4826 et
2390 4769 2677 4825 noluisset
2701 4770 2916 4825 bibere.
2958 4772 3013 4824 In
3051 4770 3159 4825 hoc
3190 4770 3344 4825 enim
3378 4769 3701 4835 admonuit,

2054 4869 2367 4941 quiaimpii
2384 4873 2579 4923 essent
2591 4867 2985 4940 gestandi,sed
3002 4885 3118 4923 non
3133 4866 3705 4940 incorporandi,tole-

2053 4958 2347 5020 randi,sed
2364 4975 2475 5012 non
2494 4957 2899 5011 interficiendi.
2918 4957 3046 5029 Ipse
3062 4956 3217 5011 enim
3234 4956 3304 5011 fel
3321 4954 3702 5027 gustavit,sed

2053 5063 2168 5101 non
2204 5045 2314 5100 sibi
2337 5045 2749 5117 incorporavit.
2772 5045 2873 5101 Vel
2900 5047 2970 5101 ad
2994 5046 3246 5100 litteram
3272 5041 3589 5114 potestlegi
3607 5041 3701 5097 de-

2052 5136 2249 5191 derunt
2267 5137 2323 5189 in
2346 5150 2528 5189 escam
2542 5152 2720 5189 meam
2740 5136 2836 5205 fel.
2864 5134 2987 5191 Non
3010 5134 3221 5205 legitur
3243 5132 3396 5203 quod
3416 5130 3487 5187 fel
3514 5131 3705 5185 dedis-

2054 5230 2185 5279 sent
2205 5223 2445 5277 Domino
2461 5224 2888 5284 comedere,sed
2907 5226 3107 5278 notum
3123 5225 3211 5277 est
3224 5225 3356 5276 ante
3370 5218 3703 5292 passionem

2054 5312 2368 5368 Dominum
2396 5329 2530 5367 cum
2549 5312 2856 5384 discipulis
2875 5313 2997 5366 suis
3020 5311 3460 5366 sanctissimum
3485 5308 3707 5365 Pascha

2055 5402 2405 5467 comedisse,
2438 5418 2631 5457 escam
2678 5400 2945 5456 videlicet
2976 5400 3207 5455 dulcem
3267 5403 3324 5453 et
3353 5414 3612 5467 suavem,
3646 5398 3737 5473 in,

2055 5508 2232 5562 quam
2264 5507 2456 5543 escam
2513 5490 2919 5545 admiscebant
2952 5489 3022 5544 fel
3056 5488 3268 5553 Judaei,
3302 5488 3536 5559 quando
3568 5487 3620 5542 ei
3647 5488 3705 5542 in

2056 5595 2223 5635 cruce
2257 5578 2527 5649 pendenti
2562 5583 2789 5633 acetum
2816 5595 2947 5633 cum
2982 5577 3109 5633 felle
3131 5576 3373 5632 mistum
3400 5577 3469 5630 ad
3497 5576 3706 5632 biben-

2056 5670 2195 5723 dum
2248 5667 2636 5740 propinabant
2668 5684 2680 5724 :
2713 5667 2869 5739 quod
2904 5666 3045 5723 dicit
3094 5667 3207 5738 hic,
3248 5668 3312 5722 Et
3342 5664 3605 5722 dederunt
3644 5668 3705 5722 in
