4014 6194
295 300 416 369 499

860 311 1163 378 BEMIGII
1207 311 1956 378 ANTISSIODORENSIS
2001 306 2175 373 OPP.
2223 309 2423 373 PARS
2468 308 2516 373 Ῑ.
2550 339 2630 358 --
2661 305 3128 375 EXEGETICA.
3181 295 3186 298 ’

3573 300 3692 372 800

298 457 477 499 escam
500 461 683 501 meam
699 445 868 518 fel,id
891 453 1183 522 est,super
1200 466 1392 505 escam
1417 465 1592 521 quam
1613 465 1744 504 cum
1763 446 1936 504 disci-
1968 450 2023 515 Α
2052 460 2206 512 rum,
2241 445 2400 517 quia,
2433 460 2526 501 me
2555 444 2764 512 occiso,
2800 442 3114 500 saeviebant
3141 441 3201 497 in
3240 439 3521 514 apostolis
3549 445 3609 497 et
3637 442 3700 498 in

298 531 454 602 pulis
487 535 629 590 meis
650 539 1036 609 comederam,
1061 543 1383 610 posuerunt
1415 538 1506 603 fel,
1539 543 1589 594 et
1620 540 1680 592 in
1708 540 1807 593 siti
1824 554 1944 592 mea

292 627 629 694 potaverunt
654 642 737 681 me
771 635 934 682 aceto.
961 628 1168 698 Quare,
1196 629 1316 682 Fiat
1336 644 1521 684 mensa
1540 643 1733 682 eorum
1761 643 1940 682 coram

299 712 507 782 ipsisin
532 713 809 784 laqueum,
837 716 893 770 id
919 722 1385 788 est,apparatus,
1405 733 1578 789 quem
1610 715 1751 770 mihi
1775 732 1943 787 para-

296 800 459 871 bant,
490 801 592 873 ﬁat
622 805 700 858 eis
740 803 796 858 in
832 806 1215 876 perditionem
1251 812 1308 860 et
1358 808 1414 860 in
1448 806 1850 870 retributiones,
1886 805 1941 858 id

297 894 387 945 est
417 899 831 963 recognoscant
862 894 968 949 hoc
993 895 1076 950 eis
1108 912 1235 950 esse
1265 895 1321 948 in
1357 894 1796 950 retributionem
1823 910 1942 948 me-

295 978 537 1034 ritorum
564 998 828 1051 suorum,
851 985 990 1055 quia
1008 984 1147 1038 illud
1174 989 1620 1056 promeruerunt
1642 985 1794 1055 quod
1818 982 1943 1038 illa-

295 1075 650 1140 quearentur
680 1073 774 1127 ubi
809 1089 900 1128 me
933 1073 1248 1146 illaqueare
1279 1075 1580 1146 putabant.
1618 1075 1680 1128 Et
1708 1075 1765 1128 in
1786 1089 1942 1128 scan-

294 1158 484 1213 dalum
514 1160 608 1230 ﬁat
642 1161 724 1216 eis
754 1179 940 1218 mensa
969 1180 1178 1227 eorum,
1205 1163 1342 1236 quia
1376 1164 1432 1218 in
1469 1181 1560 1218 me
1593 1163 1833 1234 lapidem
1861 1165 1943 1233 of-

293 1249 586 1319 fensionis,
609 1255 660 1306 et
688 1256 901 1322 petram
929 1253 1178 1308 scandali
1205 1253 1408 1308 oﬂ‘ensi
1434 1256 1589 1308 sunt.
1614 1252 1713 1307 Vel
1737 1251 1904 1306 aliter
1929 1267 1940 1305 :

295 1347 416 1401 Fiat
444 1364 636 1402 mensa
682 1364 892 1417 eorum,
928 1350 984 1404 id
1037 1355 1144 1416 est,
1178 1351 1480 1422 Scriptura
1527 1366 1595 1406 ex
1644 1367 1760 1421 qua
1790 1349 1944 1404 refici

297 1436 604 1508 putabant,
628 1438 723 1506 ﬁat
743 1441 802 1494 in
832 1440 1110 1510 laqueum,
1136 1444 1194 1494 et
1216 1440 1322 1494 hoc
1352 1455 1534 1495 coram
1567 1440 1720 1510 ipsis,
1744 1437 1798 1492 id
1834 1442 1943 1504 est,

295 1525 379 1580 eis
401 1525 890 1600 scientibus,quia
912 1529 1052 1582 dum
1079 1528 1440 1600 Seripturam
1457 1527 1947 1597 haberentexqua

293 1613 434 1686 quid
469 1614 798 1670 faciendum
849 1623 1004 1672 esset
1053 1633 1405 1688 cognoscere
1457 1620 1744 1689 poterant,
1778 1615 1944 1686 quasi

292 1701 539 1774 laqueus
568 1703 650 1759 eis
684 1705 1019 1776 parabatur,
1055 1706 1197 1760 dum
1229 1706 1592 1777 Scripturam
1623 1704 1948 1776 intelligere

2051 533 2272 589 caeteris
2308 534 2592 590 membris
2624 534 2770 588 meis
2817 531 3167 588 occidendis.
3203 530 3271 584 Et
3300 530 3450 600 ideo,
3484 531 3705 602 Appone

2050 622 2399 693 iniquitatem
2444 639 2609 694 super
2637 624 2987 695 iniquitatem
3033 635 3246 687 eorum,
3279 625 3343 674 ut
3385 636 3453 676 ex
3483 619 3706 692 iniquis

2051 711 2316 782 patribus
2347 711 2534 782 iniqui
2559 711 2663 767 ﬁlii
2689 707 3229 782 generentur,velut
3255 709 3327 764 de
3348 715 3584 781 peccato
3609 726 3706 765 ca-

2052 800 2194 855 dant
2223 799 2281 854 in
2315 806 2638 872 peccatum.
2659 800 3006 873 Vel,appone
3037 799 3389 870 iniquitatem
3403 815 3574 870 super
3595 801 3707 853 ini-

2050 891 2316 960 quitatem
2343 907 2550 962 eorum,
2578 895 2662 957 ut,
2688 907 2782 946 me
2810 890 3134 956 interfecto,
3159 888 3300 942 dent
3328 888 3582 960 pretium
3603 905 3708 943 cu-

2053 979 2340 1049 stodibus,
2367 978 2465 1050 qui
2492 997 2583 1034 me
2618 997 2732 1034 non
2760 978 3147 1034 resurrexisse
3167 975 3380 1031 dicant.
3406 977 3590 1032 Etnon
3615 979 3712 1031 in-

2052 1075 2203 1122 trent
2237 1069 2295 1122 in
2317 1068 2597 1138 justitiam
2627 1073 2803 1133 tuam,
2837 1068 2896 1122 id
2927 1063 3034 1136 est,
3065 1082 3182 1120 non
3215 1068 3548 1136 repetentur
3571 1081 3710 1121 cum

2043 1157 2228 1227 justis
2261 1157 2399 1226 tuis,
2430 1158 2530 1212 sed
2565 1157 3088 1229 potius,delrantur
3114 1157 3180 1210 «te
3209 1154 3349 1209 libro
3382 1156 3709 1223 viventium,

2053 1255 2138 1309 vel
2172 1255 2241 1310 de
2273 1255 2471 1310 divina
2517 1254 3034 1326 prmdestinatione
3084 1253 3142 1308 in
3176 1269 3291 1324 qua
3321 1251 3524 1323 iniqua
3556 1270 3711 1325 prae-

2054 1344 2388 1415 sumptione
2424 1360 2485 1400 se
2513 1345 2764 1416 scriptos
2814 1344 3103 1399 dicebant.
3137 1343 3202 1397 Et
3231 1358 3354 1396 cum
3397 1343 3566 1414 justis
3595 1359 3712 1398 non

2051 1433 2612 1504 scribantur,quantu
2625 1451 2679 1488 m
2704 1434 2776 1488 ad
2793 1440 2955 1488 tuam
2983 1431 3401 1504 aaquitatem,et
3418 1430 3527 1486 hoc
3550 1431 3708 1502 ideo,

2056 1521 2194 1594 quia
2223 1538 2318 1591 ego
2349 1539 2474 1577 sum
2501 1539 2715 1595 pauper
2743 1527 2793 1577 et
2823 1522 3011 1578 dolens
3049 1519 3413 1592 reputatione
3445 1519 3711 1591 illorum,

2056 1611 2156 1665 scd
2179 1627 2306 1682 qua:
2328 1627 2469 1666 cura
2490 1611 2517 1666 ‘I
2539 1611 2686 1676 Quia
2709 1613 2858 1666 satus
2885 1620 2999 1675 tua,
3031 1609 3089 1664 id
3123 1613 3232 1676 est,
3257 1606 3512 1664 Verbum
3538 1613 3714 1664 tuum

2057 1699 2200 1754 mihi
2237 1698 2624 1772 personaliter
2653 1701 2906 1766 unitum,
2937 1699 3173 1770 suscepit
3201 1713 3289 1752 me
3317 1697 3376 1751 in
3408 1695 3597 1770 gloria
3630 1714 3720 1754 re-

291 1791 608 1847 noluerunt
632 1811 644 1859 ;
671 1792 753 1848 vel
781 1795 828 1849 si
851 1794 1285 1859 intellexerunt,
1305 1795 1605 1867 fingebant
1630 1809 1693 1849 se
1715 1811 1830 1849 non
1853 1793 1947 1847 in-
1977 1821 2024 1886 B
2054 1789 2438 1844 surrectionis
2463 1793 2519 1844 et
2548 1787 2988 1843 immortalitate
3019 1786 3213 1842 carnis
3231 1783 3319 1840 vel
3337 1784 3440 1851 sic,
3478 1786 3716 1886 Peteon-

291 1881 570 1953 telligere,
599 1886 656 1938 et
683 1882 789 1937 hoc
818 1884 917 1938 ﬁet
946 1883 1031 1938 eis
1062 1885 1122 1938 in
1141 1884 1530 1939 retributiones
1556 1888 1606 1938 et
1631 1885 1690 1938 in
1710 1883 1940 1938 scanda-

295 1969 431 2024 lum.
457 1971 523 2025 Et
547 1970 656 2025 hoc
683 1973 976 2042 quomodo
1000 1977 1024 2026 .9
1049 1972 1416 2027 Obscurentur
1443 1973 1590 2027 oculi
1618 1987 1826 2041 eorum,
1853 1971 1942 2025 in-

291 2059 532 2115 teriores
555 2059 857 2130 subaudis,
881 2078 951 2115 ne
972 2061 1196 2116 videant
1222 2061 1376 2132 quod
1412 2061 1726 2131 videndum
1751 2065 1858 2114 est.
1886 2061 1947 2114 Et

292 2149 514 2204 dorsum
541 2165 726 2205 eorum
747 2165 959 2221 semper
983 2153 1239 2216 incurva,
1270 2151 1343 2204 ad
1366 2155 1615 2214 terrena,
1640 2147 1942 2220 subaudis,

297 2264 473 2303 onera
517 2249 822 2319 portanda.
855 2249 999 2304 Nam
1045 2251 1277 2321 justum
1308 2253 1397 2305 est
1426 2253 1490 2304 ut
1537 2248 1637 2320 qui
1672 2247 1946 2304 nolebant

296 2337 596 2394 attendere
625 2355 861 2392 sursum
893 2339 1066 2394 corda
1097 2355 1190 2394 me
1219 2337 1840 2404 tuendo,curvarentur
1873 2335 1944 2391 ad

296 2429 546 2481 terrena.
577 2426 805 2498 E/funde
831 2443 996 2499 super
1037 2445 1124 2484 eos
1172 2431 1316 2483 iram
1348 2432 1520 2494 tuam,
1551 2431 1600 2482 et
1646 2429 1806 2497 [uror
1836 2428 1946 2482 ira?

297 2522 406 2570 tuae
461 2515 814 2583 comprendat
842 2531 928 2570 eos
976 2516 1084 2570 hoc
1125 2517 1296 2570 modo
1332 2534 1344 2570 :
1380 2518 1500 2570 Fiat
1547 2516 1814 2570 habitatio
1855 2530 1942 2569 eo-

292 2618 419 2655 rum
447 2601 676 2667 deserta,
709 2602 767 2656 id
801 2606 908 2667 est,
935 2603 1139 2658 civitas
1167 2603 1263 2657 illa
1285 2603 1343 2657 in
1376 2619 1492 2673 qua
1522 2603 1633 2674 ipsi
1655 2602 1941 2667 habitant,

295 2688 370 2743 ab
399 2687 545 2760 ipsis
577 2689 680 2744 ﬂat
709 2690 958 2746 deserta.
987 2689 1052 2743 Et
1083 2691 1359 2760 quoniam
1391 2690 1536 2744 dixit
1565 2691 1850 2755 habitatio,
1873 2707 1945 2746 ne

294 2777 429 2850 quis
458 2777 804 2850 intelligeret
828 2778 922 2832 hic
941 2795 1069 2834 esse
1102 2778 1940 2850 permanendum,subjungit:

289 2884 341 2932 et
369 2877 428 2931 in
459 2875 831 2932 tabernaculis
857 2892 1045 2932 eorum
1069 2892 1172 2932 non
1204 2879 1275 2931 sit
1300 2877 1401 2947 qui
1421 2878 1683 2932 inhabitet
1709 2893 1732 2938 ;
1768 2881 1832 2931 ut
1860 2877 1944 2932 sic

293 2965 622 3020 ostenderet
641 2966 794 3019 unde
823 2970 978 3020 esset
998 2964 1394 3036 migrandum,
1413 2965 1549 3036 quia
1570 2965 1945 3020 tabernacula

296 3052 681 3125 sunttuguria
699 3053 757 3107 in
775 3053 1138 3124 expeditione
1158 3053 1620 3120 militantium,et
1637 3070 1752 3109 non
1768 3054 1826 3109 in
1849 3070 1942 3110 eo-

297 3140 430 3195 dem
446 3139 569 3195 loco
581 3141 1071 3212 permanentium.
1094 3140 1193 3196 Vel
1211 3142 1294 3198 sic
1310 3159 1322 3195 :
1341 3142 1460 3197 Fiat
1477 3143 1743 3198 habitatio
1755 3159 1945 3199 eorum

297 3228 527 3300 deserta,
553 3230 608 3284 id
632 3237 737 3297 est,
755 3231 967 3286 domus
991 3247 1215 3297 eorum,
1240 3248 1355 3303 qua
1375 3231 1610 3286 assidue
1634 3233 1942 3288 moraban-

296 3321 414 3386 tur,
437 3319 538 3374 flat
568 3319 640 3374 ab
665 3318 748 3374 eis
779 3319 1180 3376 deserta.Nam
1205 3320 1436 3389 justum
1468 3324 1557 3376 est
1589 3327 1786 3376 utnon
1819 3338 1942 3392 per-

301 3407 613 3462 mittantur
641 3407 720 3462 ibi
739 3407 1002 3464 habitare
1019 3409 1116 3463 ubi
1148 3408 1420 3480 permissi
1441 3413 1582 3465 sunt
1611 3414 1814 3466 contra
1835 3414 1939 3465 Do-

295 3495 523 3550 minum
553 3495 826 3552 clamare.
849 3497 1186 3553 Amiserunt
1214 3496 1407 3552 locum
1439 3497 1670 3554 furoris.
1707 3498 1938 3554 Utinam

295 3583 383 3639 vel
416 3601 568 3640 nunc
602 3585 1288 3657 recognoscerentlocum
1323 3586 1574 3660 quietis!
1607 3593 1658 3643 et
1688 3590 1744 3642 in
1769 3589 1939 3644 taber-

292 3675 509 3729 naculis
529 3690 734 3738 eorum,
759 3674 816 3729 id
840 3680 948 3741 est,
965 3676 1022 3730 in
1047 3675 1262 3748 templo
1286 3675 1612 3732 Salomonis
1634 3682 1691 3732 et
1713 3676 1769 3730 in
1791 3681 1938 3732 tem-

292 3761 385 3834 plo
416 3763 742 3830 Domini,in
774 3765 988 3836 quibus
1012 3767 1179 3837 quasi
1213 3765 1269 3819 in
1298 3765 1687 3820 tabernaculis
1709 3764 1938 3821 habita-

288 3853 449 3920 bant,
480 3869 590 3909 non
620 3856 696 3909 sit
743 3855 840 3924 qui
871 3853 1139 3909 inhabitet
1186 3871 1253 3908 ex
1302 3853 1677 3908 multitudine
1704 3853 1934 3910 Judaici

287 3939 507 4010 populi.
540 3942 608 3995 Et
636 3957 740 3995 cur
758 3942 785 3995 ?
819 3944 1090 4010 Quoniam
1111 3958 1268 4014 quem
1297 3948 1361 3996 tu
1379 3943 1716 4014 percussisti,
1749 3943 1803 3997 id
1824 3949 1930 4010 est,

286 4027 731 4098 percussibilem
792 4029 1147 4085 mortalitate
1190 4035 1245 4084 et
1292 4029 1677 4102 passibilitate
1722 4031 1931 4097 fecisti,

282 4117 554 4185 persecuti
579 4119 728 4185 sunt,
753 4115 1102 4188 inquantum
1137 4119 1222 4174 eis
1251 4117 1431 4174 licuit.
1470 4119 1764 4176 Percussit
1780 4121 1932 4176 Deus

287 4201 638 4258 mortalitate
667 4207 723 4258 et
746 4204 1131 4275 passibilitate
1154 4206 1406 4276 primum
1430 4207 1747 4275 hominem,
1770 4209 1843 4264 ab
1864 4226 1930 4265 eo

282 4308 388 4364 per
407 4291 862 4349 inobedientiam
897 4293 1352 4362 recedentem,in
1384 4311 1499 4366 quo
1520 4297 1712 4352 omnis
1735 4303 1926 4369 poste-

282 4381 424 4436 ritas
455 4380 514 4436 in
547 4382 750 4437 eodem
781 4381 1016 4438 vulnere
1062 4381 1361 4438 vulnerata
1391 4388 1495 4439 est.
1532 4385 1796 4442 Christus
1827 4403 1928 4441 au-

281 4473 422 4533 tem,
455 4470 594 4543 quia
623 4471 946 4526 secundum
973 4471 1270 4527 hominem
1300 4471 1359 4525 in
1393 4488 1459 4526 ea
1490 4478 1660 4529 natus
1691 4480 1779 4530 est
1799 4492 1929 4547 pro-

2055 1881 2147 1932 tur
2176 1877 2241 1932 de
2271 1877 2411 1932 libro
2442 1880 2766 1942 viventium,
2800 1886 2850 1933 et
2878 1893 3004 1932 cum
3023 1877 3189 1948 justis
3218 1890 3326 1930 non
3355 1875 3675 1930 scribantur
3697 1897 3716 1930 :

2056 1990 2160 2048 ego
2188 1979 2383 2031 autem
2418 1981 2473 2030 et
2493 1975 2605 2032 mei
2638 1993 2752 2031 non
2775 1975 3096 2044 deleamur,
3113 1973 3215 2029 sed
3246 1971 3438 2045 potius
3461 1972 3720 2028 ascriba-

2056 2080 2206 2130 mur,
2241 2063 2377 2136 quia
2407 2081 2529 2118 sum
2547 2081 2761 2135 pauper
2779 2072 2833 2119 et
2859 2063 3138 2126 dolens,et
3167 2061 3275 2116 hoc
3309 2059 3454 2116 mihi
3485 2066 3542 2116 et
3561 2063 3713 2117 meis

2055 2153 2123 2206 ad
2157 2150 2431 2218 salutem,
2461 2153 2599 2225 quia
2626 2154 2776 2208 salus
2799 2156 2921 2221 tua,
2945 2168 2977 2206 ο
3007 2152 3165 2221 Deus,
3186 2151 3423 2221 suscepit
3454 2166 3710 2222 me,quze

2055 2241 2348 2296 neminem
2377 2242 2646 2313 suscipit,
2665 2241 2777 2297 nisi
2799 2241 3058 2313 seipsum
3092 2253 3409 2312 pauperem
3436 2253 3713 2311 recogno-

2055 2335 2197 2384 scat.
2213 2331 2282 2384 Et
2302 2330 2440 2402 quia
2458 2332 2609 2386 salus
2631 2340 2726 2386 tua
2749 2347 2836 2386 me
2865 2331 3124 2402 suscepit,
3146 2327 3381 2383 laudabo
3395 2343 3595 2383 nomen
3612 2329 3714 2385 Dei

2052 2436 2175 2474 cum
2203 2422 2438 2484 cantico,
2461 2420 2520 2474 id
2544 2427 2633 2476 est
2661 2437 2795 2475 cum
2821 2421 3035 2475 mentis
3057 2417 3376 2485 hilaritate,
3402 2426 3455 2473 et
3484 2421 3711 2490 magni-

2052 2509 2182 2563 cabo
2209 2524 2335 2564 eum
2365 2511 2424 2564 in
2454 2509 2642 2578 laude,
2677 2509 2821 2563 nihil
2853 2509 2924 2564 de
2955 2523 3048 2564 me
3077 2506 3509 2579 praesumendo.
3544 2508 3712 2563 Unde

2053 2595 2193 2652 alibi
2229 2615 2241 2651 :
2290 2599 2421 2654 Date
2465 2599 2705 2670 gloriam
2747 2598 2908 2653 laudi
2951 2599 3071 2670 ejus
3118 2597 3234 2668 (Ps.
3290 2600 3436 2663 va).
3471 2596 3543 2650 Et
3592 2596 3716 2652 haec

2055 2684 2184 2741 laus
2221 2687 2466 2756 placebit
2516 2688 2618 2742 Deo
2665 2704 2830 2759 super
2877 2687 3111 2742 vitulum
3159 2685 3455 2752 novellum,
3499 2701 3714 2741 cornua

2049 2774 2432 2846 producentem
2453 2779 2500 2830 et
2524 2777 2780 2847 ungulas,
2795 2777 2852 2831 id
2875 2782 2984 2842 est,
3006 2790 3181 2846 super
3201 2774 3402 2830 omnia
3421 2774 3715 2831 sacriﬁcia

2054 2862 2218 2935 legis.
2235 2867 2594 2937 Praeceptum
2609 2864 2786 2920 fuitin
2800 2865 2928 2937 lege
2950 2869 3014 2920 ut
3033 2861 3269 2919 vitellus
3288 2862 3552 2919 novellus
3576 2880 3710 2936 pro-

2054 2951 2276 3007 ducens
2306 2968 2524 3008 cornua
2555 2957 2613 3008 et
2643 2953 2895 3026 ungulas
2928 2957 3330 3009 assumeretur
3352 2952 3409 3006 in
3443 2953 3706 3024 quodam

2054 3038 2485 3113 sacriﬁciozper
2515 3057 2686 3113 quem
2717 3040 2967 3097 vitulum
2991 3041 3087 3097 hic
3118 3041 3479 3112 accipiuntur
3496 3041 3704 3096 omnia

2055 3127 2288 3200 legalis,
2323 3129 2462 3202 quia
2491 3147 2668 3202 super
2697 3131 2896 3186 omnia
2924 3129 3136 3203 legalia
3157 3129 3336 3203 placet
3358 3132 3487 3197 Deo,
3519 3128 3568 3183 si
3593 3145 3698 3184 no-

2055 3234 2189 3272 men
2221 3219 2348 3289 ejus
2379 3236 2512 3274 cum
2537 3221 2760 3276 cantico
2791 3219 3286 3286 laudatur.Quare
3313 3217 3532 3273 videant
3547 3232 3693 3286 pau-

2048 3323 2203 3378 peres
2237 3306 2562 3379 primitivos
2595 3308 2654 3364 in
2687 3308 2945 3365 Ecclesia
2973 3308 3302 3375 laudantes,
3334 3311 3388 3362 et
3416 3305 3695 3361 imitando

2049 3420 2150 3460 eos
2179 3405 2238 3459 in
2266 3405 2436 3461 laude
2469 3407 2747 3463 lmtentur.
2783 3408 3031 3475 Quaerite
3065 3411 3314 3470 Deum,et
3344 3406 3483 3460 vivet
3512 3407 3709 3460 anima

2049 3502 2242 3550 vestra.
2263 3495 2691 3568 Apostropham
2716 3496 2854 3551 facit
2873 3497 2946 3552 ad
2975 3496 3368 3562 auditores,ut
3387 3494 3707 3550 ineitentur

2048 3582 2120 3636 ad
2152 3581 2407 3651 laudem,
2432 3583 2632 3640 dicens
2658 3603 2670 3640 :
2705 3586 2959 3653 Quaerite
2987 3585 3298 3642 Dominum
3329 3599 3445 3638 non
3471 3582 3705 3638 utvivat

2047 3686 2282 3743 corpus,
2315 3673 2469 3743 quod
2505 3673 2730 3728 faciunt
2758 3679 2815 3730 et
2845 3691 3076 3746 pecora,
3107 3674 3210 3730 sed
3242 3673 3476 3746 quaerite
3505 3672 3704 3728 Domi-

2047 3776 2211 3826 num,
2243 3765 2295 3816 et
2323 3762 2462 3818 vivet
2487 3761 2679 3818 anima
2706 3773 2904 3832 vestra,
2929 3763 3062 3821 licet
3090 3779 3304 3835 corpus
3326 3778 3440 3816 non
3473 3759 3704 3816 occida-

2045 3853 2159 3903 tur.
2187 3850 2253 3904 Et
2275 3849 2483 3906 merito
2511 3853 2860 3922 quaerendus
2879 3858 2990 3924 est,
3014 3854 3276 3926 quoniam
3296 3852 3414 3922 iam
3435 3866 3505 3906 ex
3530 3849 3705 3921 longo

2045 3943 2306 4010 tempore
2336 3939 2462 4012 ipse
2489 3941 2752 3996 Dominus
2800 3942 3086 3998 exaudivit
3123 3955 3387 4013 pauperes
3414 3947 3466 3994 et
3496 3941 3706 3994 vinctos

2040 4043 2184 4093 suos,
2219 4027 2276 4082 id
2321 4032 2429 4095 est,
2464 4030 2764 4103 preceptis
2797 4031 2921 4086 suis
2970 4030 3239 4087 astrictos
3271 4045 3382 4085 non
3429 4029 3701 4100 despexit.

2042 4114 2204 4171 Unde
2226 4117 2450 4173 laudent
2471 4119 2634 4172 illum
2651 4120 2790 4184 cwli,
2805 4119 2862 4173 id
2888 4124 2978 4174 est
2998 4119 3252 4190 majores
3275 4118 3332 4173 in
3355 4116 3636 4187 Ecclesia,
3651 4119 3703 4171 et

2038 4211 2209 4266 terra,
2234 4206 2289 4260 id
2323 4211 2433 4274 est,
2452 4206 2732 4272 minores,
2752 4208 2851 4278 qui
2876 4208 3002 4278 jam
3020 4205 3321 4264 terralacti
3342 4211 3480 4262 sunt
3501 4210 3568 4260 ut
3588 4205 3701 4261 coli

2041 4294 2271 4364 possint
2302 4310 2316 4348 :
2354 4293 2552 4349 laudet
2578 4310 2713 4350 eum
2744 4313 2918 4364 mare,
2944 4297 3000 4352 id
3035 4301 3144 4361 est,
3178 4295 3390 4351 ﬂuctus
3411 4293 3699 4368 gentium,

2036 4395 2091 4444 et
2122 4391 2310 4446 omnia
2340 4393 2569 4464 reptilia
2589 4395 2649 4448 in
2672 4393 2836 4461 eis,id
2868 4399 3195 4464 est,omnes
3223 4391 3306 4448 illi
3336 4391 3584 4448 laudent
3603 4389 3705 4464 qui

2037 4484 2450 4535 sustentantur
2471 4497 2574 4552 per
2605 4480 2814 4536 caalum
2843 4487 2901 4538 et
2922 4489 3137 4539 terram
3171 4486 3229 4537 et
3249 4496 3429 4537 mare.
3451 4479 3558 4536 Vel
3591 4479 3698 4536 ali-

281 4557 467 4630 genie,
500 4575 566 4614 ex
597 4577 662 4614 eo
698 4576 812 4615 non
846 4559 956 4614 fuit
976 4559 1203 4614 alienus
1226 4559 1483 4632 vulnere,
1513 4561 1649 4634 quia
1671 4562 1936 4620 mortalis
1965 4555 2012 4618 D
2044 4569 2506 4633 ter,vinctossuos
2533 4587 2642 4625 non
2663 4568 2924 4642 despexit.
2941 4571 3186 4627 Vinctus
3207 4573 3296 4626 est
3315 4568 3698 4625 omnishomo

279 4651 337 4702 et
367 4646 664 4716 passibilis
687 4648 876 4704 factus
899 4653 1199 4720 est,quem
1229 4649 1414 4704 Judaei
1449 4650 1737 4722 persecuti
1759 4655 1930 4707 sunt:

279 4744 435 4816 quod
468 4744 562 4800 hic
611 4745 742 4814 dici,
777 4747 1037 4818 quoniam
1084 4763 1245 4819 quem
1288 4749 1630 4818 percussisti,
1661 4751 1935 4820 persecuti

274 4835 482 4903 sunt,“
507 4850 670 4905 super
719 4835 976 4900 dolorem,
1009 4835 1382 4891 mortalitatis
1435 4837 1740 4908 subaudis,
1772 4838 1928 4894 addi-

271 4923 471 4980 derunt
491 4923 749 4979 dolorem
764 4925 1052 4980 vulnerum
1069 4925 1482 4995 meorum,quia
1500 4931 1745 4982 mortem
1768 4944 1927 4984 acce-

271 5011 602 5068 leraverunt
633 5031 646 5068 ε
680 5012 787 5079 vel,
818 5029 981 5085 super
1029 5012 1269 5068 dolorem
1319 5015 1613 5069 vulnerum
1662 5031 1924 5085 meorum,

269 5099 328 5156 id
361 5107 471 5166 est,
496 5119 672 5174 super
698 5107 946 5158 mortem
971 5117 1163 5156 meam
1184 5101 1546 5175 addiderant,
1576 5104 1713 5176 quia
1733 5111 1927 5161 custo-

270 5190 374 5246 des
409 5191 592 5263 pretio
613 5191 1090 5262 corrumpebant,
1115 5196 1177 5245 ut
1201 5207 1295 5245 me
1326 5192 1715 5248 resurrexisse
1746 5211 1926 5266 nega-

269 5283 418 5346 rent,
451 5279 537 5335 vel
573 5296 739 5351 super
788 5279 1038 5336 dolorem
1077 5279 1365 5334 vulnerum
1415 5296 1660 5336 meorum
1700 5281 1922 5339 addide-

213 5391 228 5396 -
269 5378 421 5437 runt,
455 5368 715 5424 dolorem
746 5385 964 5432 meum,
998 5368 1303 5435 subaudis,
1331 5367 1469 5439 quia
1501 5385 1614 5424 non
1649 5370 1792 5426 satis
1816 5370 1926 5426 iuit

268 5456 352 5514 eis
383 5475 582 5512 servos
612 5474 770 5513 meos
793 5459 862 5512 ad
887 5457 1111 5512 vineam
1133 5456 1346 5512 missos
1369 5456 1670 5530 occidisse,
1697 5460 1806 5514 nisi
1834 5476 1925 5515 me

269 5544 556 5602 heredem
590 5547 767 5602 etiam
792 5547 1143 5602 occidissent
1176 5563 1187 5600 :
1225 5547 1332 5612 vel,
1357 5563 1519 5617 super
1544 5547 1782 5604 dolorem
1812 5549 1924 5605 vul-

269 5648 466 5686 nerum
499 5650 742 5688 meorum
771 5635 1101 5688 addiderunt
1133 5633 1391 5688 dolorem
1425 5635 1730 5694 vulnerum
1766 5654 1919 5694 meo-

2043 4656 2101 4712 in
2135 4657 2324 4729 primo
2346 4663 2586 4730 parente
2615 4658 2846 4716 vinculo
2865 4659 3242 4716 mortalitatis
3265 4664 3324 4715 et
3345 4656 3704 4731 passibilita-

2040 4745 2116 4802 tis
2140 4763 2152 4800 :
2189 4763 2394 4802 omnes
2416 4751 2609 4803 autem
2628 4747 2762 4805 illos
2793 4749 2894 4822 qui
2919 4767 2979 4805 se
3001 4749 3226 4806 vinctos
3257 4747 3572 4804 attendunt
3589 4763 3705 4803 non

2037 4834 2281 4906 despexit
2330 4835 2632 4908 Dominus,
2665 4838 2766 4892 sed
2799 4840 2970 4909 juvat
3017 4855 3116 4895 eos
3146 4837 3341 4910 potius
3390 4834 3703 4893 sublevare

1970 4937 1974 4941 '
2038 4924 2349 4995 compedes
2369 4925 2586 4996 quibus
2609 4926 2784 4982 vincti
2807 4929 3130 4984 sunt:unde
3150 4927 3374 4983 laudent
3394 4926 3557 4981 illum
3577 4927 3704 4982 coeli

2036 5015 2087 5068 et
2113 5015 2284 5079 terra,
2317 5011 2374 5068 id
2407 5017 2520 5080 est,
2551 5013 2673 5070 haec
2721 5016 2920 5073 omnia
2951 5017 3070 5073 sint
3118 5016 3368 5072 materia
3417 5014 3702 5070 laudandi

2038 5102 2223 5157 Deum
2255 5101 2348 5156 his
2399 5101 2500 5174 qui
2529 5101 2705 5158 vincti
2759 5111 2918 5160 sunt.
2952 5107 3219 5162 Laudant
3252 5104 3566 5160 Dominum
3598 5119 3701 5176 per

2037 5189 2246 5246 coelum
2279 5194 2336 5246 et
2367 5207 2470 5263 per
2498 5195 2714 5248 terram
2748 5199 2805 5249 et
2836 5211 2940 5267 per
2969 5210 3152 5261 mare,
3187 5193 3287 5267 qui
3319 5209 3389 5248 ex
3419 5193 3549 5249 istis
3581 5208 3698 5249 non

2036 5285 2310 5352 quaerunt
2358 5279 2474 5336 nisi
2525 5288 2811 5354 quantum
2869 5302 3105 5342 necesse
3155 5290 3243 5341 est
3290 5284 3400 5351 eis,
3432 5283 3702 5355 quandiu

2033 5369 2282 5425 vinculis
2297 5369 2518 5425 astricti
2542 5375 2862 5446 sunt,quod
2883 5380 2972 5430 est
2984 5376 3174 5431 victus
3193 5379 3251 5430 et
3270 5376 3544 5441 vestitus,
3561 5371 3700 5445 quia

2035 5458 2126 5514 his
2160 5457 2466 5514 sublevant
2491 5462 2802 5532 compedes
2824 5464 3042 5536 quibus
3058 5464 3281 5537 gravati
3315 5465 3477 5528 sunt,
3501 5477 3575 5518 ne
3600 5476 3694 5517 eos

2033 5552 2292 5622 gravent.
2327 5548 2386 5604 Si
2417 5552 2611 5604 autem
2637 5549 2790 5607 ultra
2819 5553 3226 5610 necessitatem
3257 5551 3507 5625 quidem
3537 5567 3690 5624 que-

2034 5641 2188 5704 runt,
2199 5637 2325 5706 jam
2356 5653 2470 5694 non
2495 5637 2807 5698 sublevant
2827 5642 3060 5699 vincula
3080 5659 3188 5699 sua
3217 5641 3320 5698 sed
3344 5639 3543 5714 potius
3562 5655 3694 5712 gra.
