4014 6194
293 292 424 358 803

855 295 1158 362 REMIGII
1205 292 1954 358 ANTISSIODOBENS-IS
1999 291 2170 356 OPP.
2217 288 2428 353 PARS
2463 288 2512 351 Ι.
2546 321 2622 334 -
2651 281 3118 350 EXEGETICA.

3571 273 3718 342 θοι,

296 431 590 503 operibus,
624 440 677 487 et
708 433 803 503 qui
829 432 1067 501 diligunt
1095 430 1347 487 salutare
1376 435 1552 495 tuum,
1583 430 1768 485 dicant
1797 445 1938 485 sem-
1971 429 2024 494 Α
2061 447 2088 480 ι
2117 425 2460 482 confusione
2481 427 2536 479 et
2558 423 2778 494 pudore
2801 419 2898 492 qui
2922 419 3194 491 quaerunt
3212 411 3369 470 mala
3389 410 3556 469 mihi.
3581 415 3706 483 Ego-

290 537 412 593 per,
447 521 504 575 id
537 525 645 589 est,
679 521 737 575 in
768 521 926 575 omni
957 527 1235 593 tempore,
1257 523 1640 592 magniﬂeetur
1660 520 1941 583 Dominus,

300 627 607 682 nunquam
643 627 865 678 servus,
916 611 1310 680 magniﬁcetur
1340 610 1396 664 in
1440 609 1754 680 prosperis,
1806 607 1946 678 quia

297 700 675 756 consolatur:
731 701 1113 771 magniﬁcetur
1167 701 1225 754 in
1280 698 1562 765 adversis,
1623 698 1763 769 quia
1818 712 1944 750 cor-

299 789 455 861 rigit.
487 793 760 845 Peccator
790 789 891 845 es?
911 789 1470 860 magniﬁcetur,quia
1493 793 1548 842 te
1573 792 1770 852 vocat;
1803 802 1944 840 con-

299 879 524 934 ﬁteris?
546 880 945 948 magniﬁcetur,
973 879 1109 949 quia
1135 877 1416 949 ignoscit;
1435 878 1594 947 juste
1617 876 1799 930 vivis?
1823 892 1943 929 ma-

301 969 632 1041 gniﬁcetur,
665 967 805 1038 quia
834 967 1013 1039 regit;
1051 966 1491 1039 perseverabis?
1542 967 1946 1036 magniﬁeetur,

301 1057 439 1128 quia
461 1061 515 1111 te
537 1056 907 1129 glorificabit.
938 1057 1146 1111 Dicant
1169 1073 1430 1126 semper:
1457 1057 1836 1127 Magniﬁcetur
1853 1055 1949 1109 Do-

301 1147 487 1201 minus
517 1163 534 1200 :
587 1147 656 1200 de
691 1162 751 1200 se
783 1150 977 1199 autem
1010 1146 1166 1200 dicat
1197 1145 1625 1216 unusquisque,
1676 1146 1782 1210 Ego)
1825 1159 1948 1198 vero

300 1233 502 1286 egenus
548 1221 600 1273 et
641 1234 852 1288 pauper
895 1234 1037 1281 sum,
1071 1222 1129 1272 et
1157 1216 1284 1271 ideo
1319 1222 1405 1283 tu,
1439 1218 1596 1284 Deus,
1631 1217 1835 1287 adjuva
1865 1231 1950 1269 me

303 1307 404 1378 qui
433 1306 726 1361 damnasti
759 1322 852 1360 me
882 1306 1156 1362 rebellem
1189 1307 1497 1361 adversum
1529 1311 1605 1360 te.
1659 1305 1724 1360 Et
1772 1304 1949 1358 debes

304 1395 599 1466 adjuvare,
635 1395 776 1466 quia
801 1399 864 1450 tu
879 1411 934 1464 es
955 1396 1182 1466 adjutor
1201 1412 1353 1451 meus
1383 1395 1443 1449 in
1466 1394 1654 1460 bonis,
1676 1398 1726 1448 et
1752 1394 1952 1448 libera-

303 1491 391 1542 tor
417 1501 572 1540 meus
603 1485 662 1538 in
695 1484 902 1540 malis:
937 1489 993 1539 et
1022 1485 1151 1540 ideo
1187 1492 1264 1555 tu,
1298 1486 1549 1549 Domine,
1597 1500 1666 1538 ne
1702 1484 1950 1550 moreris,

303 1574 364 1631 id
395 1579 504 1640 est,
540 1591 611 1628 ne
640 1574 947 1645 permittas
980 1579 1044 1628 ut
1075 1573 1218 1629 mihi
1249 1573 1502 1629 videaris
1535 1573 1770 1639 morari,
1805 1577 1862 1627 et
1882 1588 1953 1626 ne

305 1663 452 1719 mihi
497 1663 764 1718 videatur
812 1664 1047 1718 tardum
1101 1664 1255 1735 quod
1289 1681 1321 1718 a
1352 1669 1407 1719 te
1437 1667 1526 1719 est
1555 1661 1865 1734 praavisum
1899 1665 1955 1716 et

305 1756 598 1807 servatum
625 1752 790 1820 mihi,
815 1769 947 1808 cum
971 1769 1119 1824 opus
1141 1757 1248 1808 est.
1274 1754 1443 1819 Nam,
1467 1753 1559 1806 cui
1585 1752 1814 1807 videtur
1834 1755 1954 1806 tar-

2052 536 2084 568 α
2116 521 2311 570 autem
2343 529 2575 584 semper
2604 511 2869 583 sperabo,
2892 513 2950 564 et
2970 505 3241 577 adjiciam
3266 519 3442 575 super
3462 517 3700 558 omnem

2059 629 2079 655 α
2116 605 2350 660 laudem
2382 607 2564 657 tuam.
2627 600 2703 656 Os
2755 615 2950 654 meum
2984 593 3354 650 annuntiabit
3399 590 3700 663 justitiam

2060 714 2086 745 α
2117 699 2301 757 tuam,
2334 695 2456 746 tota
2485 690 2579 745 die
2609 687 2864 744 salutare
2895 692 3084 740 tuum.
3137 682 3421 747 Quoniam
3456 696 3575 735 non
3607 694 3702 734 co-

2060 805 2080 831 ·
2117 782 2287 854 gnovi
2313 780 2721 845 litteraturam,
2746 774 2998 830 introibo
3024 773 3082 827 in
3114 769 3403 844 potentias
3430 768 3703 824 Domini:

2059 894 2080 920 ι
2117 869 2381 938 Domine,
2407 863 3033 935 memoraborjustitias
3056 867 3167 917 tua
3189 859 3391 916 solius.
3409 858 3589 925 Deus,
3609 859 3709 912 do-

2061 983 2080 1008 ε
2117 959 2287 1013 cuisti
2317 974 2409 1012 me
2433 974 2465 1012 a
2483 958 2790 1026 juventute
2814 969 2961 1021 mea,
2985 955 3043 1006 et
3063 965 3254 1020 usque
3275 963 3430 1003 nunc
3451 962 3717 1019 pronun-

2061 1067 2086 1096 ι
2117 1047 2273 1102 tiabo
2309 1043 2598 1100 mirabilia
2630 1050 2751 1099 tua.
2798 1043 2865 1098 Et
2895 1056 3082 1111 usque
3114 1039 3172 1093 in
3204 1041 3495 1093 senectam
3527 1040 3586 1090 et
3617 1051 3710 1090 se-

2063 1155 2084 1184 ι
2119 1135 2496 1204 nium,Deus,
2522 1149 2594 1187 ne
2615 1130 2988 1201 derelinquas
3010 1144 3124 1183 me.
3150 1124 3711 1182 Donec-annuntians

2063 1244 2086 1272 ι
2120 1223 2428 1278 brachium
2447 1227 2615 1276 tuum
2631 1217 2994 1294 generationi
3013 1217 3172 1272 omni
3193 1232 3320 1288 quae
3333 1219 3580 1270 ventura
3592 1218 3714 1269 est.

2064 1336 2084 1362 α
2120 1312 2442 1368 Potentiam
2466 1316 2628 1366 tuam
2655 1313 2710 1365 et
2723 1306 3015 1380 justitiam
3039 1305 3412 1370 tuam,Deus,
3435 1319 3630 1374 usque
3651 1303 3713 1357 in

2065 1423 2093 1456 ι
2121 1402 2408 1458 altissima
2428 1417 2554 1471 qua:
2583 1397 2766 1452 fecisti
2791 1394 3118 1468 magnalia:
3145 1395 3320 1462 Deus,
3341 1393 3474 1465 quis
3491 1391 3714 1448 similis

2066 1511 2089 1541 ι
2122 1491 2267 1547 tibi?
2289 1492 2549 1556 Quantas
2570 1486 2875 1543 ostendisti
2902 1484 3046 1539 mihi
3066 1481 3472 1538 tribulationes
3490 1479 3728 1536 multas

2065 1600 2092 1633 α
2123 1585 2179 1635 et
2204 1579 2414 1634 malas!
2444 1581 2502 1632 et
2519 1592 2834 1632 conversus
2855 1571 3158 1628 viviticasti
3183 1588 3293 1638 me,
3309 1571 3459 1626 etde
3479 1569 3716 1642 abyssis

2067 1693 2088 1720 ιι
2122 1674 2286 1724 terra;
2318 1669 2529 1723 iterum
2561 1662 2844 1721 reduxisti
2871 1679 2984 1718 me.
3009 1659 3405 1732 Multiplicasti
3439 1658 3727 1731 magniﬁ-

2068 1784 2088 1809 α
2125 1758 2375 1814 centiam
2404 1761 2589 1826 tuam,
2621 1762 2671 1810 et
2703 1768 3040 1818 conversus,
3093 1749 3435 1807 consolatus
3480 1764 3544 1804 es
3595 1764 3713 1803 me.

306 1799 390 1807 ---
413 1799 598 1806 κη.--
817 1799 947 1808 η---
973 1799 1118 1824 Ἴ.--
1143 1799 1248 1808 μ.-.
1275 1799 1443 1819 -.ν---η
1469 1799 1559 1806 --.
1597 1799 1805 1807 ..-ν-ν
1840 1799 1915 1806 ---
2068 1799 2088 1809 -
2125 1799 2375 1814 suum“...
2409 1799 2589 1826 .........,
2623 1799 2671 1810 ν.
2706 1799 3040 1818 -...-.-.---,
3096 1799 3431 1807 ---ην----
3484 1799 3541 1804 η
3595 1799 3709 1803 ἡ--

306 1841 447 1896 dum
471 1842 627 1913 quod
650 1858 684 1896 a
708 1846 763 1896 te
783 1846 874 1898 est
896 1841 1277 1914 promissum,
1311 1845 1502 1914 potest
1522 1840 1858 1911 contingere
1890 1843 1954 1895 ut
1984 1799 2032 1864 B
2070 1869 2092 1897 α
2126 1850 2271 1903 Nam
2305 1851 2362 1902 et
2390 1861 2497 1917 ego
2529 1843 2847 1899 conﬁtebor
2877 1840 2981 1896 tibi
3011 1841 3069 1895 in
3093 1839 3249 1895 vagis
3273 1837 3719 1910 ρεειιωίνοιιίιε.

308 1931 540 1998 deﬁciat
561 1932 672 1986 sub
695 1948 887 2000 onere,
907 1936 964 1986 et
986 1935 1208 2002 quaerat
1224 1931 1278 1985 in
1303 1931 1509 1986 itinere
1531 1931 1687 2002 quod
1712 1931 1956 2001 promis-

311 2037 442 2077 sum
476 2024 566 2076 est
592 2024 823 2076 tantum
856 2021 915 2075 in
968 2019 1356 2090 perventione.
1408 2022 1595 2085 Quare
1640 2019 1954 2074 timeamus

310 2109 625 2164 Dominum
655 2109 942 2164 dicentem
980 2126 992 2163 :
1044 2114 1366 2165 Mementote
1395 2110 1586 2164 iecoris
1615 2109 1750 2164 Loth
1799 2108 1950 2178 (Luc.

309 2198 468 2269 xvn).
493 2199 707 2254 Notum
732 2202 820 2253 est
842 2198 981 2270 quia
1003 2198 1148 2254 Loth
1166 2199 1324 2270 juste
1344 2197 1485 2253 vixit
1504 2196 1658 2252 inter
1689 2195 1955 2252 Sodomi-

309 2293 422 2355 tas,
454 2292 510 2343 et
539 2288 669 2344 ideo
701 2305 734 2342 a
764 2288 1010 2343 Domino
1042 2288 1379 2348 admonitus
1427 2291 1516 2342 est
1544 2290 1609 2341 ut
1637 2285 1958 2340 dimitteret

308 2377 642 2447 Sodomam,
673 2381 730 2430 et
750 2376 858 2432 iret
880 2377 950 2432 ad
975 2378 1262 2448 quasdam
1287 2376 1550 2432 civitates
1575 2375 1674 2430 ubi
1699 2374 1955 2430 salvare—

311 2467 471 2520 tura
501 2463 823 2534 perditione
870 2481 998 2534 quas
1049 2464 1396 2519 imminebat
1444 2462 1750 2519 Sodomiti.
1807 2462 1958 2518 Uxor

313 2555 510 2606 autem
533 2552 681 2622 ejus,
706 2551 846 2622 quia
865 2551 1039 2623 longa
1063 2552 1365 2607 videbatur
1387 2551 1496 2619 via,
1520 2551 1719 2606 volens
1745 2551 1960 2606 habere

313 2639 374 2694 in
406 2638 612 2694 itinere
642 2640 797 2711 quod
827 2640 1184 2710 promissum
1217 2639 1328 2694 fuit
1354 2639 1412 2694 in
1445 2637 1835 2710 perventione,
1871 2653 1957 2691 re-

313 2727 505 2800 spexit
532 2733 588 2783 et
609 2728 666 2782 in
690 2732 942 2784 statuam
972 2727 1113 2783 salis
1137 2731 1363 2782 mutata
1389 2732 1477 2782 est
1496 2726 1648 2798 (Gen.
1671 2729 1810 2798 xm).
1845 2727 1960 2781 Nec

312 2817 423 2873 hoc
445 2817 682 2888 frustra,
701 2816 840 2888 quia
865 2817 1032 2872 nobis
1055 2817 1225 2871 debet
1245 2832 1373 2872 esse
1395 2815 1856 2871 condimentum.
1881 2815 1962 2872 Ne

313 2908 483 2964 nobis
496 2907 762 2962 videatur
774 2907 1006 2961 tardum
1021 2906 1173 2978 quod
1190 2905 1469 2960 divinitus
1481 2909 1570 2960 est
1582 2904 1958 2977 promissum,

319 2996 694 3052 attendamus
711 3012 836 3050 eam
858 3000 1277 3060 remanentem,
1291 2999 1348 3050 et
1366 3001 1735 3049 transeamus
1752 3011 1764 3061 ;
1781 2997 1965 3048 atten—

320 3085 533 3142 damus
559 3101 686 3139 eam
711 3084 1142 3155 respicientem,
1169 3090 1225 3138 et
1244 3084 1627 3138 extendamus
1650 3100 1757 3138 nos
1777 3082 1836 3136 in
1859 3099 1964 3136 an-

315 3172 549 3241 teriora,
584 3172 990 3229 obliviscentes
1011 3189 1078 3228 ea
1109 3189 1234 3244 quas
1265 3177 1418 3227 retro
1449 3176 1605 3238 sunt,
1637 3175 1701 3226 ut
1727 3171 1959 3226 tandem
1992 3167 2034 3232 C

319 3277 452 3316 cum
483 3261 758 3333 Apostolo
788 3263 1087 3334 possimus
1117 3261 1306 3316 dicere
1331 3279 1344 3316 :
1381 3266 1457 3316 De
1485 3262 1695 3333 reliquo
1725 3263 1964 3332 reposita

320 3353 400 3406 est
428 3350 564 3405 mihi
590 3366 799 3407 corona
819 3353 1062 3422 justitiw
1095 3352 1164 3417 (ll
1200 3352 1332 3405 Tim.
1367 3351 1464 3420 ιν).

879 3475 1207 3531 PSALMUS
1250 3473 1405 3530 LXX.

403 3581 663 3620 PSALMUS
703 3581 868 3620 DAVID
911 3581 1188 3619 FILIORUM
1227 3581 1476 3619 JONADAB
1517 3581 1582 3619 ET
1619 3569 1881 3619 PRIORUM

945 3652 1260 3691 CAPTIV'ORU
1268 3654 1330 3690 M.

396 3767 416 3791 α
456 3743 514 3798 In
550 3747 624 3811 te,
660 3743 926 3810 Domine,
952 3743 1200 3814 speravi,
1227 3759 1342 3797 non
1373 3741 1700 3797 confundar
1719 3741 1778 3795 in
1800 3745 1958 3796 aeter-

324 3855 345 3882 σ
381 3849 547 3900 num,
569 3831 628 3886 in
645 3832 880 3902 justitia
902 3836 1001 3887 tua
1021 3831 1205 3886 libera
1227 3847 1317 3886 me
1339 3835 1396 3886 et
1416 3831 1573 3902 eripe
1596 3846 1708 3885 me.
1743 3829 1965 3884 Inclina

324 3943 345 3970 ι
381 3921 452 3974 ad
483 3937 575 3975 me
606 3938 807 3975 aurem
839 3926 1034 3988 tuam,
1091 3925 1147 3976 et
1177 3919 1335 3976 salva
1367 3935 1480 3974 me.
1533 3920 1668 3974 Esto
1714 3917 1860 3974 mihi
1903 3918 1962 3974 in

325 4030 346 4058 ι
386 4010 565 4063 Deum
597 4014 983 4078 protectorem
1016 4013 1072 4064 et
1101 4010 1159 4063 in
1191 4008 1384 4064 locum
1417 4008 1733 4074 munitum,
1768 4013 1832 4064 ut
1857 4009 1965 4064 sal-

325 4116 348 4146 s
381 4113 522 4152 vum
556 4113 647 4151 me
679 4097 878 4152 facias.
907 4098 1190 4162 Quoniam
1223 4099 1660 4153 ﬁrmamentum
1685 4114 1882 4153 meum
1909 4101 1968 4152 et

325 4208 346 4235 ι
383 4185 676 4258 refugium
710 4202 907 4240 meum
938 4202 1000 4240 es
1032 4191 1114 4240 tu.
1170 4191 1319 4241 Deus
1365 4203 1551 4251 meus,
1584 4187 1741 4258 eripe
1772 4205 1863 4242 me
1894 4187 1965 4241 de

325 4297 346 4327 ι
383 4292 560 4331 manu
587 4274 999 4347 peccatoris,et
1021 4275 1091 4329 de
1115 4291 1289 4329 manu
1315 4281 1517 4330 contra
1535 4275 1717 4350 legem
1738 4275 1966 4349 agentis

325 4387 348 4416 ι
380 4370 437 4420 et
467 4350 676 4438 iniqui:
702 4364 988 4429 Quoniam
1013 4369 1073 4418 tu
1106 4380 1168 4419 es
1199 4365 1479 4434 patientia
1510 4381 1656 4432 mea,
1695 4365 1960 4422 Domine:

325 4478 346 4502 α
384 4455 646 4522 Domine,
679 4471 813 4527 spes
846 4471 974 4509 mea
1004 4471 1035 4508 a
1058 4453 1363 4524 juventute
1393 4470 1542 4509 mea.
1575 4455 1637 4509 In
1669 4460 1726 4510 te
1759 4455 1966 4510 conﬁr-

2069 1961 2089 1988 ι
2125 1942 2244 1992 tem
2277 1940 2465 2004 tuam,
2497 1933 2672 1999 Deus,
2705 1930 2954 2003 psallam
2981 1929 3087 1984 tibi
3110 1928 3168 1983 in
3201 1927 3446 1995 cithara,
3474 1930 3720 1982 sanctus

2069 2049 2088 2075 α
2125 2023 2323 2080 Israel.
2351 2022 2741 2078 Exsultabunt
2764 2019 2918 2074 labia
2937 2035 3067 2074 mea
3088 2034 3223 2073 cum
3246 2021 3554 2073 cantavero
3583 2015 3712 2084 tibi,

2071 2133 2094 2162 ι
2127 2118 2179 2169 et
2205 2112 2402 2168 anima
2422 2127 2552 2167 mea
2583 2127 2757 2181 quam
2791 2107 3112 2164 redemisti.
3143 2107 3250 2162 Sed
3276 2111 3334 2162 et
3360 2106 3565 2178 lingua
3587 2121 3716 2160 mea

2070 2228 2090 2253 ι
2124 2207 2247 2259 tota
2279 2202 2373 2257 die
2397 2200 2779 2256 meditabitur
2800 2197 3091 2268 iustitiam
3113 2201 3298 2263 tuam,
3327 2211 3461 2252 cum
3483 2193 3729 2250 confusi-

2071 2314 2092 2342 ι
2126 2298 2183 2348 et
2213 2289 2442 2347 reveriti
2477 2288 2689 2345 fuerint
2719 2287 2817 2359 qui
2854 2289 3122 2358 quierunt
3161 2283 3317 2340 mala
3349 2283 3515 2339 mihi.
3543 2307 3566 2335 ι

2691 2413 2820 2468 ENA
2831 2412 3088 2469 RRATIO.

2137 2508 2411 2577 Magnum
2443 2503 2542 2559 Dei
2575 2504 2796 2558 donum
2827 2505 2917 2556 est
2947 2505 3002 2555 et
3025 2499 3507 2572 magnascientia
3530 2497 3713 2555 homi-

2066 2592 2178 2661 nis,
2210 2592 2507 2648 attendere
2535 2594 2591 2646 et
2620 2588 2942 2660 intelligere
2991 2587 3144 2659 quod
3199 2585 3488 2658 quidquid
3542 2586 3619 2640 sit
3651 2602 3713 2640 ex

2069 2681 2257 2754 gratia
2288 2679 2388 2734 Dei
2442 2679 2539 2746 sit,
2592 2683 2648 2733 et
2678 2676 2822 2732 nihil
2856 2693 2958 2749 per
2986 2691 3048 2731 se
3077 2676 3174 2731 sit.
3209 2675 3357 2731 Nam
3391 2675 3489 2746 qui
3525 2689 3628 2746 per
3656 2688 3712 2729 se

2069 2769 2194 2825 vult
2214 2785 2342 2824 esse
2365 2767 2552 2822 tendit
2573 2766 2644 2820 ad
2668 2783 2783 2821 non
2805 2781 2955 2821 esse.
2978 2764 3084 2828 Qui
3116 2768 3312 2819 autem
3345 2780 3446 2836 per
3467 2763 3711 2836 gratiam

2069 2859 2170 2914 Dei
2202 2857 2400 2912 studet
2429 2855 2676 2910 existere
2705 2860 2906 2910 manet
2936 2854 2994 2908 in
3026 2869 3160 2908 vero
3190 2868 3340 2909 esse.
3381 2851 3580 2908 Gratia
3611 2851 3714 2906 iste

2070 2951 2179 3011 est,
2211 2963 2314 3018 per
2336 2961 2514 3017 quam
2537 2960 2670 3000 cum
2698 2961 2813 2999 non
2837 2959 3102 3000 essemus
3125 2941 3257 2997 facti
3284 2957 3487 2996 sumus
3508 2957 3578 2995 ex
3601 2941 3712 2994 im-

2073 3035 2184 3108 piis
2238 3034 2346 3107 pii,
2403 3050 2480 3090 ex.
2521 3033 2773 3088 incestis,
2817 3032 2995 3097 casti,
3049 3049 3117 3088 ex
3168 3028 3338 3086 servis
3391 3027 3587 3096 liberi,
3642 3043 3706 3081 ex

2073 3123 2367 3182 damnatis
2401 3123 2457 3178 in
2491 3139 2669 3194 regno
2702 3121 3015 3192 assumpti.
3039 3125 3201 3176 Hanc
3227 3119 3464 3191 gratiam
3490 3115 3700 3187 ubique

2073 3212 2446 3270 commendat
2475 3210 2810 3283 Apostolus,
2856 3215 2912 3266 et
2943 3211 3073 3268 ideo
3102 3209 3340 3264 Judzeos
3368 3205 3572 3262 habuit
3597 3203 3701 3259 ini-

2072 3302 2276 3372 micos,
2309 3302 2407 3374 qui
2441 3303 2512 3356 de
2542 3301 2737 3356 littera
2781 3298 3238 3371 praesumebant,
3270 3301 3328 3352 et
3355 3297 3441 3352 sic
3470 3312 3504 3350 a
3531 3293 3714 3366 gratia

2071 3391 2416 3448 resiliebant
2441 3408 2453 3446 :
2485 3389 2861 3446 commendat
2889 3388 3067 3444 etiam
3091 3387 3406 3460 Apostolus
3429 3385 3488 3440 in
3511 3400 3574 3439 se
3594 3383 3715 3454 ipso

2070 3481 2320 3553 gratiam
2349 3480 2546 3545 istam,
2571 3477 2668 3534 ubi
2692 3477 2864 3534 dicit:
2894 3479 3005 3546 Ego
3026 3493 3148 3532 sum
3167 3476 3435 3530 minimus
3454 3474 3716 3546 apostolo-

2071 3587 2216 3642 rum,
2244 3572 2342 3642 qui
2359 3585 2468 3625 non
2489 3585 2611 3624 sum
2631 3568 2827 3639 dignus
2850 3568 3034 3622 vocari
3052 3565 3346 3638 apostolus,
3379 3564 3522 3635 quia
3543 3562 3720 3618 Eccle-

2070 3661 2215 3716 sium
2237 3661 2333 3714 Dei
2347 3667 2664 3730 persecutus
2696 3673 2820 3714 sum
2850 3657 2893 3728 (ι
2915 3656 3036 3711 Cor.
3059 3659 3188 3724 xv):
3211 3654 3303 3710 sed
3326 3669 3477 3708 nunc
3503 3653 3722 3707 miseri-

2071 3748 2317 3804 cordiam
2349 3754 2663 3802 consecutus
2693 3762 2839 3814 sum,
2873 3745 3153 3817 quoniam
3177 3745 3440 3814 ignorans
3466 3744 3526 3796 in
3548 3743 3722 3796 incre-

2071 3837 2310 3892 dulitate
2337 3835 2446 3890 hoc
2473 3837 2580 3907 feci
2608 3835 2661 3906 (Ι
2697 3837 2839 3889 Tim.
2877 3835 2938 3906 ι).
2973 3833 3040 3887 Et
3067 3833 3240 3904 paulo
3291 3836 3424 3904 post
3452 3830 3720 3886 eamdem

2071 3925 2445 3980 commendat
2473 3924 2766 3996 jgratiam.
2819 3923 2953 3978 sic:
3008 3922 3214 3978 Fidelis
3241 3936 3439 3985 sermo,
3492 3927 3545 3974 et
3572 3917 3728 3974 omni

2071 4017 2383 4086 acceptione
2410 4013 2627 4084 dignus,
2678 4013 2816 4084 quia
2843 4017 3005 4069 Jesus
3036 4011 3281 4066 Christus
3308 4011 3462 4065 venit
3489 4010 3547 4063 in
3579 4009 3726 4062 hunc

2069 4102 2342 4158 mundum
2366 4105 2669 4173 peccatores
2700 4102 2878 4157 salvos
2907 4104 3108 4171 facere,
3139 4115 3371 4171 quorum
3388 4099 3610 4169 primus
3630 4111 3726 4166 ego

2071 4208 2194 4247 sum
2241 4191 2442 4263 (Ibid.).
2497 4191 2644 4246 Nota
2691 4190 2832 4262 quia
2881 4189 3108 4262 primus
3157 4205 3273 4243 non
3304 4191 3591 4257 tempore,
3622 4185 3758 4240 sed‘

2073 4280 2291 4352 peccati
2323 4277 2765 4352 magnitudine:
2797 4278 2892 4333 sed
2920 4275 3378 4334 misericordiam.
3403 4277 3728 4330 consectum
3754 4297 3756 4302 υ

2071 4386 2216 4436 sum,
2248 4376 2308 4424 ut
2336 4371 2396 4424 in
2440 4385 2526 4424 me
2571 4370 2755 4439 primo
2809 4371 3107 4440 peccatore
3161 4365 3461 4421 ostenderet
3503 4378 3756 4419 omnem-

2073 4459 2391 4530 potentiam
2454 4459 2856 4529 [patientiam]
2911 4473 3088 4522 suam,
3147 4455 3219 4511 ad
3272 4455 3762 4528 information”:

326 4567 346 4592 α
382 4549 577 4600 matus
609 4561 739 4600 sum
773 4559 841 4598 ex
874 4549 1061 4604 utero.
1094 4544 1166 4598 de
1192 4548 1390 4598 ventre
1416 4544 1622 4599 matris
1652 4560 1796 4600 mea
1818 4550 1880 4599 tu
1903 4559 1964 4599 es
1996 4534 2042 4598 Ι)
2071 4563 2260 4604 eorum
2273 4549 2369 4619 qui
2383 4546 2653 4602 credituri
2667 4549 2871 4601 suntin
2888 4542 3732 4613 vitamaatemam(lbid.).'l‘ano

326 4655 345 4680 ι
383 4637 674 4703 protector
704 4651 889 4689 meus.
923 4634 984 4688 In
1019 4639 1072 4688 tre
1103 4633 1354 4688 cantatio
1388 4651 1515 4689 mea
1546 4650 1798 4704 semper,
1828 4638 1964 4688 tan-

326 4744 347 4770 ¢
385 4737 562 4793 quam
595 4723 924 4794 prodigium
951 4725 1135 4778 factus
1160 4739 1291 4778 sum
1321 4723 1542 4789 multis,
1568 4727 1624 4778 et
1649 4727 1710 4776 tu
1734 4723 1967 4794 adjutor

327 4830 349 4859 ι
383 4809 570 4866 fortis.
606 4810 916 4882 Repleatur
945 4829 1010 4867 os
1041 4828 1238 4867 meum
1270 4811 1463 4879 laude,
1499 4816 1561 4866 ut
1589 4817 1817 4866 cantem
1850 4811 1967 4885 glo-

326 4923 348 4949 ι
383 4899 528 4955 riam
561 4905 744 4967 tuam,
774 4903 894 4956 tota
925 4899 1016 4955 die
1039 4901 1500 4970 magnitudinem
1524 4904 1707 4955 tuam.
1731 4899 1813 4955 Ne
1835 4918 1964 4972 pro-

327 5009 350 5038 α
375 4988 549 5060 jicias
579 5006 673 5045 me
705 4988 765 5044 in
798 4994 1058 5062 tempore
1087 4989 1403 5044 senectutis
1434 5007 1445 5043 :
1509 5006 1642 5045 cum
1695 4990 1968 5045 defecerit

325 5101 346 5128 α
381 5079 566 5134 virtus
592 5094 741 5147 mea,
771 5095 842 5134 ne
861 5077 1235 5149 derelinquas
1266 5094 1377 5131 me.
1403 5077 1546 5141 Quia
1567 5079 1837 5135 dixerunt
1859 5079 1966 5134 ini-

327 5189 348 5217 α
383 5168 517 5224 mici
541 5168 654 5223 mei
679 5168 845 5234 mihi,
863 5172 919 5223 et
939 5167 1038 5240 qui
1064 5167 1472 5222 custodiebant
1491 5168 1747 5222 animam
1775 5185 1964 5224 meam

325 5282 346 5308 α
382 5257 695 5314 consilium
727 5258 988 5313 fecerunt
1018 5257 1076 5311 in
1111 5257 1652 5326 unum.,Dicentes:
1687 5258 1839 5312 Deus
1866 5259 1964 5312 de-

327 5369 353 5401 ι
386 5347 620 5419 reliquit
636 5363 792 5417 eum,
810 5345 1227 5418 persequimini
1248 5351 1303 5400 et
1319 5345 1792 5416 comprehendite
1808 5364 1964 5416 eum,

325 5459 346 5485 ι
384 5437 522 5507 quia
554 5454 667 5490 non
701 5441 790 5490 est
811 5436 906 5506 qui
932 5436 1160 5507 eripiat.
1190 5441 1359 5500 Deus,
1387 5451 1457 5488 ne
1479 5433 1767 5505 elongeris
1789 5453 1820 5490 a
1843 5453 1964 5490 me:

325 5545 352 5576 ι
383 5525 536 5580 Deus
556 5542 742 5589 meus,
759 5525 816 5579 in
835 5524 1120 5579 auxilium
1137 5541 1333 5579 meum
1353 5523 1970 5594 respiceconfundan-

329 5635 350 5660 α
385 5617 481 5666 tur
496 5618 554 5666 et
568 5612 1222 5667 deﬁciantdetrahentes
1236 5612 1442 5666 animae
1464 5612 1972 5683 meae,operiantur

2075 4653 2249 4709 quam
2275 4637 2322 4691 si
2346 4637 2564 4691 diceret
2586 4654 2598 4691 :
2634 4635 2789 4690 Nulli
2815 4639 2906 4691 est
2927 4635 3359 4706 desperandum
3381 4633 3452 4688 de
3473 4631 3752 4703 peccatis.-

2074 4725 2217 4796 suis,
2251 4725 2391 4797 quia
2421 4723 2564 4779 mihi
2594 4724 2695 4796 qui
2725 4729 2883 4779 tanta
2933 4724 3202 4779 commisi
3225 4721 3748 4778 condonata-sunt

2075 4819 2327 4886 peccata.
2361 4813 2697 4869 Consideret
2745 4831 2882 4886 ergo
2915 4813 3168 4885 quisque
3217 4811 3361 4866 mihi
3396 4809 3750 4866 condonats

2074 4920 2202 4960 esse
2235 4910 2489 4975 peccata,
2523 4907 2580 4956 et
2610 4918 2725 4957 non
2757 4903 3045 4973 desperet,
3102 4901 3252 4956 licet.
3280 4898 3465 4954 multa
3494 4897 3585 4954 eis
3611 4897 3764 4954 sinti-

2075 4998 2311 5065 peecata
2336 5008 2348 5047 :
2378 4992 2479 5048 sed
2515 4991 2712 5062 potius
2740 5007 3057 5046 conversus
3081 4989 3356 5060 imploret
3377 4986 3734 5044 Deimiserio

2076 5082 2357 5149 cordiam,
2390 5085 2448 5135 et
2478 5084 2670 5152 speret
2699 5083 3068 5150 peccatorum
3100 5079 3354 5135 veniam.
3385 5082 3518 5148 Ipse
3555 5075 3764 5132 enim~

2077 5169 2360 5226 Dominus
2389 5169 2532 5224 dicit
2561 5168 2618 5223 in
2657 5168 2980 5241 Evangelio,
3024 5167 3446 5224 commendans
3476 5165 3748 5237 gratiam-

2077 5275 2244 5316 suam
2277 5257 2400 5313 sic:
2436 5259 2552 5313 Non
2593 5259 2720 5314 veni
2770 5273 2962 5314 vocare
2996 5259 3209 5329 justas,
3255 5257 3351 5311 sed
3397 5262 3728 5327 peccatores,

2077 5364 2268 5420 neque
2294 5350 2372 5403 est
2413 5363 2546 5417 opus
2586 5349 2748 5403 sanis
2795 5349 3058 5413 medicus,
3108 5346 3199 5402 sed
3229 5345 3374 5401 male
3402 5344 3764 5400 habentibus'

2080 5437 2285 5508 (Matth.
2321 5438 2420 5507 1x).
2455 5435 2613 5490 Hanc
2643 5436 2892 5507 gratiam
2922 5435 3296 5492 commendat
3326 5431 3728 5506 ubiquetpsal~

2082 5543 2214 5580 mus
2261 5525 2391 5592 iste,
2449 5525 2619 5596 cujus
2670 5523 2884 5580 titulus
2934 5524 3069 5580 talis
3113 5529 3240 5581 est:
3272 5519 3762 5580 PsalmusDwid-

2082 5615 2326 5685 ﬁliorum
2370 5612 2611 5670 Ionadab
2657 5621 2728 5670 et,
2763 5617 3013 5686 priorum
3059 5615 3421 5687 captivom
3462 5611 3750 5669 Jonadab‘
