4014 6194
228 313 336 380 509
1335 307 1938 375 manumanus
1980 306 2061 370 IN
2107 306 2488 371 PSALMOS.
2852 262 2869 275 ί
3500 297 3623 365 διο

219 445 657 522 justiﬁeantem,
675 446 866 503 eundo
886 444 1314 518 etiamusquein
1334 446 1599 502 altissima
1628 460 1862 515 magna-
1891 446 1943 512 Α
1971 442 2121 497 mala
2151 440 2292 496 mihi
2346 441 2747 497 existimantes
2805 437 2983 495 vitam
3044 451 3235 493 meam
3292 452 3420 494 esse
3466 436 3623 493 insa-

230 539 300 594 lia
329 552 453 610 quae
480 541 543 592 tu
572 537 1213 608 [ecisti,considerabo,
1233 536 1499 592 videlicet
1534 534 1635 590 illa
1661 551 1865 605 super-
1975 532 2154 587 niam.

230 625 500 691 cmlestia,
535 626 917 697 principatus,
950 626 1210 693 virtutes,
1235 626 1591 692 dominatus,
1616 627 1867 696 potesta-
2536 620 2858 676 PSALMUS
2886 619 3067 675 LXXI.

230 720 334 785 tes,
367 715 438 769 ad
468 718 631 769 tuam
664 715 912 785 gratiam
947 715 1270 787 pertinere:
1327 716 1487 786 quia,
1536 714 1692 785 quod
1724 714 1871 767 bene
2317 726 2577 765 PSALMUS
2619 726 2786 765 navm
2816 727 2873 764 ιιι
2914 726 3279 765 SALOMONEM.

230 804 451 869 Vivum:
474 820 543 858 ex
571 808 628 857 te
649 803 884 871 habent,
919 821 1033 859 non
1063 821 1131 859 ex
1152 820 1234 859 39°
1278 805 1346 859 Et
1376 805 1610 875 quando
1634 802 1869 875 (“ﬁdem
2055 841 2082 867 ‹‹
2114 818 2288 887 Deus,
2306 816 2595 886 judicium
2619 819 2783 870 tuum
2809 816 2927 887 regi
2951 818 3042 882 da,
3065 821 3122 871 et
3140 815 3430 886 justitiam
3455 820 3617 872 tuam

228 898 311 960 tu,
337 894 494 959 Deus,
520 896 721 947 tantus
742 909 825 957 es,
847 896 970 963 quis
984 894 1186 948 similis
1206 898 1296 948 est
1315 894 1448 948 tibi?
1478 892 1683 947 Nullus
1714 892 1805 945 vid

2046 905 2164 961 ﬁlio
2196 906 2368 976 regis.
2401 904 2675 959 Judicare
2707 904 2988 975 populum
3020 910 3188 959 tuum
3211 906 3269 959 in
3293 904 3548 975 justitia,
3572 909 3630 960 et

230 982 384 1048 licet,
418 981 555 1054 quia
587 981 732 1035 mihi
764 980 980 1037 volenti
1012 983 1071 1037 in
1103 983 1291 1054 primo
1341 986 1578 1054 parente
1607 981 1713 1036 tibi
1745 996 1873 1036 esse
1988 1017 2015 1045 α
2049 1012 2332 1068 pauperes
2354 1000 2486 1049 tuus
2528 993 2586 1047 iu
2635 992 2878 1065 judicio,
2910 993 3243 1064 suscipiant
3272 984 3500 1050 mcuics
3532 1012 3632 1067 pc-

230 1069 464 1139 similis,
490 1078 718 1141 quantas
736 1071 1147 1137 tribulationes,
1199 1072 1257 1126 id
1308 1076 1417 1135 est,
1463 1088 1637 1143 quam
1670 1087 1815 1141 gravi

2050 1102 2173 1140 cem
2196 1084 2493 1155 populo,et
2517 1081 3017 1151 collesjustitiam.
3036 1083 3630 1156 Judicabitpauperes

228 1162 296 1216 ad
326 1159 783 1225 tolerandum,et
804 1160 1013 1215 multas
1029 1169 1079 1215 et
1094 1178 1191 1216 eas
1212 1160 1875 1215 malasmihiostendisti:
1989 1199 2015 1224 α
2052 1174 2271 1247 populi,
2296 1178 2353 1229 ct
2375 1172 2563 1228 salvos
2588 1172 2757 1227 faciet,
2786 1170 2935 1226 {ilics
2967 1189 3312 1243 pauperum,
3346 1178 3403 1227 ct
3432 1173 3627 1228 humi-

228 1247 899 1305 voluittibiessesimilis
917 1249 1017 1319 qui
1040 1250 1448 1305 dixitzponam
1469 1250 1665 1304 sedem
1685 1264 1876 1303 meam
1990 1287 2017 1313 α
2050 1263 2217 1318 iiabit
2240 1262 2743 1317 caiumniatcccm.
2779 1265 2845 1314 Et
2874 1260 3240 1331 permanebit
3269 1278 3402 1316 cum
3427 1263 3547 1318 scis
3577 1269 3635 1317 et

226 1339 297 1392 ad
326 1335 687 1408 aquilonem,
720 1342 776 1392 et
797 1353 887 1391 ero
917 1339 1115 1392 similis
1150 1340 1423 1393 Altissimo
1473 1339 1606 1409 (Isa.
1654 1341 1791 1405 xxv),

2053 1352 2423 1417 antelunam,
2451 1352 2504 1404 in
2529 1350 2902 1423 generatione
2941 1353 2997 1403 et
3034 1353 3487 1420 generationem.
3523 1352 3634 1407 De-

224 1425 1879 1498 discessitateinregionedissimilitudinis.Voluitetiam
1992 1464 2020 1491 α
2054 1441 2291 1497 δοθηάει
2312 1441 2465 1495 sicut
2488 1440 2687 1512 pluvia
2716 1440 2774 1493 iu
2806 1437 3012 1501 venus,
3064 1443 3120 1492 ct
3166 1439 3320 1493 sicut
3346 1438 3643 1494 stiiiicidia

226 1515 410 1571 miser
434 1515 621 1569 Adam
652 1514 757 1568 tibi
788 1531 915 1571 3333
932 1515 1166 1584 Similis:
1189 1517 1421 1587 quando
1444 1516 1723 1571 desertori
1757 1531 1879 1569 0ιά-
1993 1554 2020 1580 ‹‹
2054 1528 2334 1586 stillantia
2351 1545 2525 1600 super
2548 1536 2781 1582 terram.
2808 1527 3057 1592 Orietur,
3084 1526 3140 1581 in
3168 1526 3378 1583 diebus
3400 1528 3525 1596 ejus
3542 1529 3640 1598 ju-

226 1605 381 1660 didit
405 1603 619 1658 dicenti
644 1619 657 1658 :
683 1605 976 1670 Comedite,
1007 1610 1058 1660 et
1087 1608 1242 1660 eritis
1272 1608 1411 1661 sicut
1439 1606 1521 1660 dii
1565 1605 1719 1675 (Gen.
1772 1622 1811 1659 ιι

2055 1620 2216 1674 stitia
2237 1622 2293 1673 et
2323 1618 2684 1673 abundantia
2714 1617 2895 1689 pacis,
2930 1617 3112 1672 donec
3151 1617 3449 1674 auferatur
3477 1615 3634 1672 luna.

226 1701 490 1758 Credidit
513 1701 668 1773 quod
693 1703 964 1773 promisit
984 1702 1578 1769 diabolus,etinvenit
1598 1705 1752 1775 quod
1773 1703 1881 1757 mi-
1996 1731 2024 1756 ‹‹
2054 1709 2123 1763 Et
2153 1707 2553 1762 dominabitur
2582 1724 2615 1762 a
2638 1707 2785 1762 mari
2818 1723 3005 1777 usque
3036 1707 3106 1761 ad
3168 1722 3347 1772 mare,
3380 1712 3437 1761 et
3476 1723 3509 1761 a
3540 1706 3645 1761 ﬂu-

238 1795 420 1845 natus
449 1795 536 1845 est
567 1790 853 1846 Dominus
911 1797 967 1847 et
998 1791 1129 1862 plus
1159 1792 1506 1865 valuitapud
1525 1810 1657 1849 eum
1674 1794 1882 1865 quide-
1912 1828 1961 1891 B
1994 1822 2021 1848 ι(
2056 1797 2212 1853 mine
2234 1812 2423 1868 usque
2454 1798 2524 1851 ad
2556 1796 2837 1851 terminos
2868 1796 3026 1851 orbis
3082 1800 3392 1850 terrarum.
3438 1795 3641 1850 Coram

222 1880 367 1935 fecit
395 1896 572 1952 quam
607 1880 708 1951 qui
738 1897 872 1935 eum
930 1882 1084 1948 fecit,
1146 1882 1201 1936 in
1248 1900 1364 1954 quo
1410 1884 1614 1938 multas
1644 1885 1883 1937 tribula-
1915 1880 1959 1891 ”
1997 1911 2023 1937 ‹‹
2054 1886 2153 1941 illo
2174 1886 2475 1959 procident
2495 1885 2875 1956 ZEthiopes,et
2899 1884 3121 1939 inimici
3145 1885 3273 1955 ejus
3295 1890 3510 1939 terram
3535 1884 3643 1939 lin-

220 1977 403 2025 tzones
430 1970 574 2024 mihi
603 1978 653 2024 et
682 1968 862 2024 malas
890 1972 1191 2039 ostendisti,
1233 1972 1332 2027 sed
1380 1989 1492 2027 non
1538 1972 1884 2043 irrepaabi-
1997 1997 2025 2025 «
2059 1981 2216 2047 gent.
2250 1976 2432 2045 Reges
2464 1975 2706 2030 Tharsis
2761 1979 2818 2029 et
2859 1973 3063 2028 insula:
3096 1990 3340 2028 munera
3376 1973 3641 2039 oﬂ‘erent,

218 2057 367 2114 liter
399 2074 491 2113 me
512 2059 829 2124 damnasti,
854 2059 991 2131 quia
1014 2076 1308 2115 conversus
1340 2061 1410 2116 ab
1440 2060 1527 2115 ira
1556 2061 1626 2115 ad
1659 2061 1886 2116 miseri-
1999 2087 2027 2114 ‹‹
2060 2080 2225 2136 reges
2256 2063 2516 2118 Arabum
2538 2068 2593 2117 et
2615 2064 2768 2118 Saba
2785 2064 2937 2118 dona
2954 2063 3327 2117 adducerent.
3356 2063 3428 2116 Et
3450 2062 3648 2117 adora-

218 2146 499 2202 cordiam
528 2145 829 2216 viviﬁcasti
858 2163 963 2213 me,
996 2148 1056 2202 id
1094 2153 1201 2217 est,
1228 2149 1285 2202 in
1305 2149 1482 2204 vitam
1504 2148 1750 2219 posuisti
1774 2166 1886 2205 me.
2000 2176 2028 2203 ‹‹
2052 2155 2202 2209 bunt
2221 2170 2354 2209 eum
2382 2169 2585 2208 omnes
2605 2168 2790 2225 reges,
2822 2168 3027 2207 omnes
3058 2156 3260 2223 gentes
3290 2150 3545 2206 servient
3575 2151 3648 2206 ei.

218 2240 297 2291 Et
322 2233 756 2304 hoc,quomodo
780 2235 893 2290 ?de
922 2236 1137 2306 abyssis
1164 2242 1329 2294 terrae
1356 2239 1558 2292 iterum
1598 2239 1887 2294 reduxisti.
2005 2262 2032 2292 ι(
2065 2241 2212 2305 Quia
2238 2240 2510 2296 liberabit
2542 2257 2857 2312 pauperem
2891 2257 2923 2295 a
2952 2244 3204 2311 potente,
3238 2244 3295 2295 et
3333 2255 3650 2310 pauperem

221 2332 392 2387 Nota
412 2331 567 2401 quod
593 2331 756 2399 dicit,
786 2332 1078 2400 reduxisti,
1111 2334 1251 2405 quia
1281 2352 1395 2390 non
1447 2335 1747 2391 reducitur
1785 2335 1891 2390 ali-
2002 2354 2029 2380 «
2065 2331 2158 2385 cui
2182 2347 2295 2384 non
2316 2335 2439 2384 erat
2459 2330 2711 2400 adjutor.
2746 2333 2950 2383 Parcet
2994 2329 3234 2399 pauperi
3283 2332 3341 2383 et
3379 2328 3560 2399 inopi,
3595 2331 3651 2383 et

216 2419 393 2492 quis,
429 2418 544 2473 nisi
576 2419 742 2489 prius
774 2421 851 2475 sit
879 2422 1132 2478 eductio.
1168 2424 1381 2477 Eduxit
1410 2424 1562 2480 Deus
1595 2425 1890 2479 hominem
2004 2442 2031 2470 ‹‹
2067 2418 2295 2475 animas
2328 2434 2651 2489 pauperum
2680 2417 2869 2472 salvas
2899 2418 3085 2472 faciet.
3120 2418 3199 2471 Ex
3222 2417 3420 2471 usuris
3460 2416 3649 2471 etini—

218 2509 299 2564 de
335 2505 564 2561 vilitate
595 2512 778 2572 terrae,
813 2509 1161 2565 mirabiliter
1188 2528 1322 2567 eum
1354 2513 1622 2567 creando.
1672 2514 1733 2567 1n
1766 2530 1893 2567 ma-
2004 2530 2032 2558 «
2069 2510 2288 2579 quitate
2306 2508 2554 2561 redimet
2586 2507 2815 2562 animas
2843 2522 3067 2571 eorum,
3100 2509 3154 2560 et
3183 2503 3526 2560 honorabile
3549 2521 3651 2559 no-

217 2611 422 2670 gnum
477 2594 635 2650 enim
692 2596 975 2666 quiddam
1006 2604 1272 2668 promota
1327 2604 1415 2655 est
1446 2605 1619 2667 terra,
1659 2602 1893 2671 quando
2003 2619 2031 2646 «
2066 2613 2198 2651 men
2226 2613 2428 2651 eorum
2447 2612 2641 2651 coram
2667 2594 2785 2649 illo.
2834 2596 2899 2649 Et
2941 2595 3111 2665 vivet,
3144 2598 3202 2649 et
3232 2593 3470 2651 dabitur
3499 2594 3549 2649 ei
3581 2594 3653 2650 de

219 2686 415 2741 homo
440 2684 682 2739 deterra
704 2683 1028 2756 plasmatus
1048 2691 1136 2742 est
1156 2688 1225 2742 ad
1250 2689 1567 2759 imaginem
1608 2693 1664 2743 et
1686 2689 1891 2744 simili-
2004 2707 2032 2733 ‹‹
2065 2701 2206 2739 auro
2230 2684 2475 2752 Arabiae,
2501 2689 2557 2740 et
2577 2684 2988 2740 adorabuntde
3006 2684 3133 2756 ipso
3149 2700 3400 2755 semper,
3424 2687 3545 2738 tota
3562 2683 3654 2738 die

217 2773 507 2830 tudinem
528 2772 630 2828 Dei
652 2772 710 2827 in
730 2772 1013 2829 vilitatem
1037 2777 1409 2832 suam.Terra
1429 2777 1893 2849 recidit,quando
2004 2797 2032 2823 «
2064 2773 2406 2829 benedicent
2427 2774 2497 2829 ei.
2524 2774 2642 2828 Erit
2672 2774 3110 2829 firmamentum
3140 2772 3198 2826 in
3228 2776 3384 2827 terra
3404 2771 3463 2826 in
3490 2788 3651 2827 sum-

222 2863 418 2920 homo
443 2878 547 2934 per
576 2862 1030 2920 inobedientiam
1053 2881 1087 2920 a
1124 2865 1239 2921 Deo
1279 2866 1505 2932 defecit,
1555 2868 1655 2923 sed
1688 2885 1895 2923 rursus
2006 2884 2032 2909 ‹‹
2068 2861 2180 2916 mis
2205 2861 3007 2934 montium,superextolletur
3028 2878 3205 2933 super
3226 2861 3511 2916 Libanum
3532 2860 3650 2915 fru-

219 2953 299 3009 ad
321 2968 571 3008 summa
592 2955 755 3006 terrae
776 2952 1106 3009 reducitur:
1127 2957 1361 3027 quando
1382 2956 1637 3011 Verbum
1656 2974 1723 3012 ex
1742 2962 1897 3011 terra
2007 2973 2033 2999 «
2067 2954 2162 3005 tus
2193 2952 2341 3022 ejus,
2375 2957 2431 3007 et
2464 2951 2752 3006 ﬂorebunt
2781 2952 2851 3005 de
2883 2951 3111 3006 civitate
3130 2950 3279 3005 sicut
3310 2951 3508 3005 fenum
3540 2954 3651 3006 ter-

217 3040 570 3112 assumpsit
602 3040 902 3097 hominem
934 3058 968 3097 a
997 3049 1231 3115 peccato
1286 3045 1633 3110 immunem,
1683 3046 1766 3100 sic
1808 3062 1895 3100 re-
2008 3062 2035 3087 «
2071 3056 2165 3094 rae.
2208 3040 2293 3095 Sit
2323 3057 2536 3095 nomen
2563 3041 2691 3110 ejus
2721 3040 3096 3095 benedictum
3138 3038 3194 3093 in
3241 3037 3473 3106 szecula,
3522 3045 3655 3093 ante

214 3129 500 3197 duxit,id
523 3131 843 3193 est,iterum
864 3130 1027 3186 duxit
1043 3132 1339 3187 hominem
1367 3134 1431 3189 de
1466 3136 1679 3205 abyssis
1710 3139 1898 3200 terrm,
1935 3192 1969 3205 Α
2014 3149 2040 3177 «
2073 3127 2253 3182 solem
2286 3134 2589 3199 permanet
2620 3145 2830 3183 nomen
2863 3129 3010 3198 ejus.
3047 3128 3111 3182 Et
3152 3127 3570 3181 benedicentur
3597 3127 3656 3181 in

217 3227 596 3285 mirabiliter
620 3244 753 3283 eum
813 3228 1184 3284 reformando
1237 3230 1297 3284 in
1324 3229 1598 3286 interiore
1630 3231 1769 3302 quia
1807 3248 1902 3302 spe
1930 3192 1974 3257 Ο
2014 3238 2042 3264 (ί
2076 3215 2203 3286 ipso
2236 3233 2440 3271 omnes
2463 3217 2653 3271 tribus
2685 3221 2869 3280 ίθῐτεεν
2905 3232 3108 3271 omnes
3158 3220 3359 3284 ρεηιθε
3389 3215 3659 3302 magnifi-

217 3319 389 3375 salvi
418 3318 573 3388 facti
600 3332 792 3371 sumus
822 3317 997 3387 (Rom.
1033 3319 1179 3387 VIII).
1202 3319 1344 3373 Ecce
1367 3318 1606 3390 planum
1630 3325 1719 3373 est
1748 3301 1902 3389 quad
2019 3325 2046 3353 «
2076 3305 2293 3358 cabunt
2314 3320 2470 3359 eum.
2498 3304 2847 3359 Benedictus
2870 3305 3153 3359 Dominus
3173 3304 3327 3357 Deus
3355 3301 3659 3373 lsrae1,qui

215 3408 348 3463 dixi
387 3405 705 3463 reduxisti;
738 3407 1120 3461 ostendamus
1154 3406 1364 3461 iterum
1398 3408 1553 3477 quod
1608 3412 1741 3462 tunc
1773 3408 1903 3475 erit,
2016 3415 2043 3441 «
2080 3392 2217 3447 facit
2242 3391 2531 3447 mirabilia
2556 3391 2737 3447 solus.
2763 3396 2829 3446 Et
2851 3393 3219 3448 benedictum
3252 3406 3463 3447 nomen
3486 3391 3662 3460 maje-

216 3497 487 3569 quando
521 3511 653 3550 caro
685 3495 949 3551 mortalis
981 3495 1040 3550 in
1074 3494 1572 3550 immortalitatem
1620 3503 1901 3569 resurget,
2020 3504 2047 3531 ί(
2079 3482 2246 3537 smus
2280 3481 2407 3569 ej“?
2439 3480 2497 3535 ίη
2531 3486 2833 3548 alternum»
2883 3487 2939 3537 et
2998 3480 3315 3552 replebitur
3357 3480 3659 3549 majestate

214 3568 374 3659 quia
401 3583 501 3641 sic
522 3584 733 3639 iterum
752 3584 1034 3640 etiterum
1054 3583 1360 3641 deducitur
1376 3585 1549 3641 homo
1573 3568 1900 3641 aDomino:
2018 3592 2044 3618 (ί
2077 3570 2206 3641 eius
2236 3568 2428 3625 omnis
2459 3573 2647 3624 terra:
2683 3570 2804 3638 ﬁat»
2836 3570 2956 3624 δεῖ·
2994 3592 3019 3618 ν

214 3675 392 3749 quod
420 3672 876 3745 dicitdeabyssis
898 3677 1063 3730 terra?
1100 3675 1299 3729 iterum
1335 3674 1623 3730 reduxisti.
1654 3676 1721 3730 Et
1751 3676 1907 3731 unde
2641 3677 2729 3732 EN
2737 3677 2901 3733 ΑΒΗΔ
2914 3676 3037 3733 T10.

212 3764 337 3820 hoc
352 3761 541 3820 scio?
567 3761 711 3818 Nam
734 3762 1119 3833 multiplicasti
1146 3765 1615 3832 magniﬁcentiam
1642 3767 1814 3833 tuam,
1847 3764 1903 3819 id
2089 3767 2363 3823 Salomon
2389 3768 2803 3840 interpretatur
2834 3767 3116 3838 paciﬁcus.
3151 3768 3286 3830 Quae
3320 3764 3659 3835 interpreta-

216 3858 338 3922 est,
357 3850 679 3925 justitiam
702 3855 864 3906 tuam
886 3850 1184 3907 intantum
1207 3852 1633 3923 multiplicasti,
1657 3854 1905 3927 [utjcum
2015 3857 2097 3912 tio
2116 3856 2371 3912 nominis
2388 3856 2614 3912 Christo
2632 3856 2805 3928 capiti
2833 3860 3028 3910 nostro
3060 3855 3349 3919 convenit,
3383 3854 3659 3926 quoniam

206 3942 364 3999 ﬁliis
383 3941 523 3998 tuis
544 3957 660 3995 non
679 3956 972 4011 parceres,
997 3949 1048 3996 et
1079 3940 1162 3995 sic
1203 3957 1487 3997 conversus
1514 3942 1825 3999 consolatus
1854 3960 1909 3999 es
2016 3945 2141 4017 ipse
2174 3962 2276 4017 per
2292 3952 2537 4001 mortem
2557 3962 2724 4000 suam
2754 3943 3095 3999 inimicitias
3127 3948 3358 4000 nostras
3388 3943 3576 4013 solvit,
3607 3948 3664 3999 et

204 4048 322 4088 me.
350 4033 516 4089 Nam
534 4038 586 4085 et
606 4044 699 4101 ego
731 4045 843 4083 non
869 4033 1100 4084 tantum
1134 4029 1194 4084 in
1226 4030 1412 4100 capite
1432 4047 1579 4099 meo,
1601 4033 1699 4087 sed
1733 4033 1908 4087 etiam
2021 4040 2130 4090 Deo
2148 4035 2422 4089 Patrinos
2452 4033 2874 4089 reconciliavit:
2905 4033 3028 4105 ipse
3057 4034 3233 4089 etiam
3266 4050 3501 4089 murum
3532 4050 3659 4089 ere-

202 4120 271 4177 in
310 4137 424 4177 me
460 4120 595 4190 ipso
625 4115 925 4188 conﬁtebor
955 4120 1061 4174 tibi
1089 4120 1151 4173 in
1193 4121 1337 4174 vasis
1384 4121 1588 4189 psalmi
1629 4122 1913 4175 veritatem
2021 4128 2179 4179 ctum
2205 4125 2358 4178 inter
2374 4140 2479 4178 nos
2502 4128 2558 4178 et
2578 4122 2871 4179 cmlestem
2896 4122 3302 4179 rationabilem
3335 4127 3661 4178 creaturam

206 4217 410 4280 tuam,
451 4209 615 4274 Deus,
645 4209 890 4279 psallam
919 4208 1024 4263 tibi
1055 4210 1114 4263 in
1144 4209 1380 4273 cithara,
1430 4212 1649 4263 sanctus
1693 4211 1869 4265 Israel
1900 4258 1915 4299 ς
2022 4212 2310 4281 dissolvit,
2331 4217 2387 4267 et
2409 4229 2541 4267 mox
2564 4229 2695 4267 cum
2719 4212 2836 4267 illis
2862 4213 2918 4266 in
2942 4230 3003 4267 se
3026 4211 3291 4284 angulari
3319 4210 3511 4283 lapide
3535 4210 3663 4264 uni-

204 4324 366 4364 vasa
392 4303 627 4379 psalmi
648 4298 1913 4377 suntpsalterium.Notainterpsalteriumet
2022 4302 2273 4373 vit;ipse
2294 4301 2469 4364 etiam
2507 4318 2684 4373 super
2731 4318 2933 4373 pacem
2987 4299 3454 4357 reconciliatonis
3498 4298 3664 4352 addi-

208 4396 565 4460 citharam,
585 4393 686 4465 qui
706 4393 1051 4465 psalterium
1075 4411 1287 4449 sonum
1313 4395 1502 4449 reddit
1522 4395 1580 4449 in
1604 4398 1911 4469 superiori,
2024 4392 2111 4447 dit
2128 4407 2328 4463 pacem
2344 4389 2872 4445 immortalitatisin
2887 4406 3059 4460 quem
3076 4389 3253 4457 hujus
3272 4386 3668 4459 psalmiverba

206 4503 325 4557 per
363 4482 549 4557 quod
573 4482 844 4554 designat
874 4482 1134 4538 animam
1170 4500 1297 4554 quas
1329 4483 1593 4554 superior
1646 4501 1781 4555 pars
1828 4492 1917 4542 est
2024 4478 2669 4550 referuntur.Propheta
2685 4478 2838 4533 enim
2865 4477 3186 4548 praevidens
3213 4476 3271 4530 in
3297 4474 3504 4546 spiritu
3530 4491 3668 4547 pro-

206 4572 273 4630 in
304 4570 603 4638 homine,
637 4571 862 4625 cithara
912 4572 1104 4627 reddit
1153 4587 1363 4626 sonum
1423 4572 1481 4626 in
1532 4572 1811 4642 inferiori,
1859 4578 1915 4630 et
1943 4562 1989 4626 D
2022 4570 2250 4642 phetico
2269 4585 2402 4624 eum
2428 4568 2486 4622 in
2510 4583 2683 4623 carne.
2708 4570 3041 4637 venturum,
3077 4564 3389 4636 diligenter
3436 4564 3671 4637 exponit

205 4668 400 4720 notat
418 4675 675 4717 carnem
698 4676 825 4731 quae
850 4659 1091 4716 inferior
1122 4676 1260 4731 pars
1290 4665 1380 4715 est
1407 4659 1466 4715 in
1525 4660 1779 4727 homine,
1814 4680 1916 4735 per
2023 4677 2091 4716 ea
2114 4676 2239 4731 quae
2272 4659 2329 4713 in
2363 4658 2568 4714 diebus
2598 4656 2716 4711 illis
2750 4656 2947 4710 futura
2970 4660 3129 4721 sunt,
3161 4659 3225 4708 ut
3255 4670 3388 4708 cum
3419 4652 3673 4709 viderint

204 4767 414 4823 quam
442 4747 1226 4811 carnemcitharizatbomo,
1251 4749 1485 4820 quando
1508 4749 1916 4809 haecinferiora
2024 4747 2309 4805 increduli
2332 4765 2399 4803 ea
2419 4747 2681 4803 evenisse
2728 4762 2853 4817 quae
2902 4745 2973 4799 de
3019 4761 3085 4799 eo
3139 4742 3482 4815 prOphetata
3511 4747 3671 4807 sunt,

199 4836 661 4913 indigentibus
692 4838 948 4910 praebet:
977 4838 1134 4910 quod
1160 4837 1255 4892 hic
1276 4838 1436 4905 dicit,
1459 4838 1699 4910 psallam
1722 4842 1836 4896 tibi
1858 4859 1914 4894 in
2024 4855 2156 4893 eum
2192 4837 2421 4892 venisse
2451 4853 2566 4891 non
2598 4835 2888 4904 dubitent,
2921 4834 3020 4889 sed
3074 4832 3375 4888 humiliter
3407 4831 3668 4885 adorent.

205 4930 467 4985 cithara
494 4931 713 4982 sanctus
732 4927 936 4998 Israel,
961 4932 1018 4983 et
1051 4928 1136 4983 sic
1176 4928 1410 4982 tandem
1453 4929 1801 4985 exsultabant
1833 4933 1914 4985 la-
2024 4926 2173 4982 Dicit
2203 4930 2398 4980 autem
2432 4925 2515 4980 sic
2547 4923 2852 4995 Propheta.

207 5018 310 5075 bia
345 5032 506 5073 mea
552 5031 679 5071 cum
729 5018 1023 5072 cantavero
1076 5018 1182 5071 tibi
1209 5016 1348 5087 quia
1405 5034 1561 5072 nunc
1600 5017 1914 5090 aliquando
2100 5021 2270 5085 Deus,
2306 5014 2587 5086 judicium
2633 5016 2792 5067 tuum
2820 5015 2939 5081 regi
2966 5013 3061 5067 da.
3097 5010 3273 5077 Quasi
3305 5010 3498 5064 dicat:
3534 5008 3673 5061 Deus

206 5112 416 5164 canto
436 5103 619 5160 mihi.
647 5106 715 5160 Et
728 5104 1741 5176 qualitcrexsultaredebetinlahiis,
1775 5110 1913 5164 suh-
2028 5105 2376 5171 Pater,mitte
2397 5119 2552 5174 quem
2574 5104 2849 5157 missurus
2880 5119 2955 5165 es,
2996 5105 3059 5155 ut
3085 5117 3187 5172 per
3234 5099 3426 5171 ipsum
3443 5097 3673 5168 judica-

198 5194 449 5269 jungit
477 5209 494 5248 :
522 5194 721 5249 Anima
740 5210 863 5250 mea
884 5211 1046 5267 quam
1066 5195 1367 5261 redemisti,
1410 5196 1693 5253 subaudis
1722 5197 1912 5255 exsul-
2023 5199 2149 5249 tum
2181 5190 2665 5263 tandemjudices
2698 5190 3009 5257 mundum,
3043 5190 3179 5260 quia
3214 5187 3500 5258 scriptum
3540 5188 3672 5238 est:

209 5287 420 5350 tabit,
465 5286 535 5338 et
564 5298 678 5337 non
710 5287 939 5339 tantum
971 5286 1188 5348 anima,
1220 5282 1311 5338 sed
1366 5283 1540 5338 etiam
1575 5286 1765 5356 lingua
1793 5304 1916 5341 mea
2024 5286 2195 5339 Pater
2214 5298 2324 5336 non
2362 5280 2580 5352 judicat
2626 5296 2973 5351 quemquam,
3000 5278 3091 5332 sed
3106 5292 3263 5332 omne
3272 5275 3548 5347 judicium
3579 5271 3679 5327 de-

204 5374 520 5433 exterior
544 5377 659 5427 tota
697 5373 793 5428 die
843 5371 1197 5428 meditabitur
1228 5372 1506 5443 justitiam
1553 5382 1725 5429 tuam.
1770 5376 1916 5431 Bene
2025 5374 2103 5429 dit
2132 5373 2281 5429 Filio
2312 5373 2488 5441 (Joan.
2521 5373 2597 5435 v).
2630 5370 2758 5441 Ipse
2783 5369 2938 5423 enim
2974 5368 3180 5423 merita
3212 5364 3499 5420 mundum
3522 5360 3680 5433 judi-

204 5463 399 5527 dicit,
429 5460 820 5516 meditabitur
844 5480 863 5515 :
895 5460 1035 5532 quia
1066 5476 1178 5514 non
1211 5463 1300 5514 est
1329 5458 1407 5513 illi
1439 5476 1587 5530 opus
1635 5478 1771 5517 voce
1800 5462 1913 5519 ele-
2027 5467 2141 5529 cat,
2173 5460 2270 5532 qui
2307 5460 2362 5512 in
2388 5458 2607 5513 mundo
2666 5463 3061 5521 conservatus,
3122 5460 3179 5510 ct
3236 5473 3267 5508 ιι
3316 5450 3680 5524 principibus

120 5621 126 5625 ν
202 5546 1915 5622 mentari.thuandohocerit?Cumexoppositocon/usiet
2026 5547 2558 5618 mundijudicatus
2588 5551 2696 5602 est.
2748 5548 2810 5602 Et
2831 5548 3110 5617 justitiam
3140 5550 3323 5614 κιιιαηι
3345 5542 3463 5613 ﬁlio
3514 5555 3675 5612 regis.

200 5639 487 5699 meriti
506 5638 1543 5710 fuerint,inconsiderationesua,qui
1562 5638 1915 5712 hicquserunt
2029 5637 2359 5711 Repetitum
2392 5641 2481 5695 est
2510 5637 2663 5708 quod
2694 5637 2856 5709 prius
2913 5636 3077 5693 dixit.
3111 5634 3258 5694 Nam
3315 5631 3471 5704 quod
3516 5629 3679 5703 prius
