4014 6194
388 359 464 422 Μ
478 361 510 423 ί.

955 357 1259 424 REMIGII
1303 357 2055 426 ANTISSIODORENS’IS
2101 357 2272 423 OPP.
2321 357 2524 424 PARS
2571 355 2619 421 Ῑ.
2652 392 2730 406 -
2765 355 3229 425 EXEGETICA.

3675 347 3794 423 bii

389 494 553 562 dixit,
584 494 872 565 judicium,
900 494 1004 550 hoc
1026 500 1215 562 sonat,
1238 495 1352 563 hic,
1367 497 1670 568 justitiam.
1696 493 1842 562 Quid
1873 495 2030 551 aliud
2063 497 2116 561 Α
2147 511 2286 551 suos
2313 494 2562 551 honores
2585 496 2833 566 superbe
2854 496 3098 568 agendo,
3146 495 3470 552 schismata
3490 492 3710 551 faciant
3736 493 3792 550 in

388 588 479 639 est
499 583 1022 655 ipsumjudicium,
1046 585 1511 656 quamjustitia?
1533 585 1712 648 Quem
1742 587 1901 657 prius
1935 603 2031 639 vo-

389 671 761 743 cavitregem,
781 672 872 726 hic
894 677 1056 727 vocat
1078 672 1264 728 filium
1296 691 1308 728 :
1335 678 1646 745 utrumque
1667 675 1822 729 enim
1851 679 1905 728 et
1934 691 2032 745 pa-

388 765 545 817 teret
566 778 662 816 rex
675 762 917 816 est.Iste
936 767 1132 816 autem
1150 763 1521 834 repetitiones
1538 763 1787 817 multum
1805 762 2036 834 eloquia

389 849 585 904 divina
606 850 1168 916 commendant,sive
1192 868 1293 922 per
1313 852 1536 922 eadem,
1554 852 1674 908 sive
1697 852 1826 907 aliis
1844 851 2034 908 verbis

386 940 586 995 eadem
603 939 891 994 sententia
905 945 1227 1011 repetatur:
1245 945 1300 994 et
1325 942 1576 997 maxime
1589 941 1733 997 tales
1748 941 2035 1013 repetitio-

386 1045 489 1083 nes
505 1029 941 1098 reperiunturin
970 1029 1232 1099 psalmis,
1259 1036 1317 1085 et
1342 1032 1398 1085 in
1423 1047 1487 1086 eo
1511 1047 1718 1103 genere
1744 1032 2032 1086 sermonis

385 1116 482 1171 ubi
500 1117 681 1172 animi
698 1120 1393 1174 movendusestaii‘ectus.
1414 1120 1514 1175 Vel
1530 1120 1714 1189 aliter,
1733 1121 2034 1193 Deusjudi-

384 1208 533 1261 cium
560 1215 714 1262 tuum
746 1209 864 1279 regi
918 1209 1010 1279 cla,
1074 1218 1122 1263 et
1165 1209 1453 1279 justitiam
1505 1214 1654 1264 tuam
1685 1211 1805 1282 ﬁlio
1852 1213 2028 1277 regis:

377 1303 504 1376 ipse
535 1306 704 1376 quasi
740 1306 1230 1375 Filiusjustitiam
1268 1308 1627 1377 praedicaret,
1659 1325 1830 1378 opere
1873 1307 2033 1362 vide-

376 1393 509 1449 licet
527 1399 584 1450 et
602 1395 795 1450 verbo.
823 1395 984 1450 Unde
1006 1395 1147 1449 illud
1172 1414 1189 1448 :
1215 1396 1345 1462 Quae
1377 1399 1539 1466 ceepit
1568 1398 1724 1452 Jesus
1753 1399 1940 1467 facere
1982 1405 2033 1451 et

380 1483 570 1538 docere
610 1485 800 1555 (ACLI)
837 1485 999 1548 Quod
1024 1485 1181 1540 Deus
1214 1490 1400 1550 Pater,
1449 1503 1548 1542 rex
1575 1491 1833 1550 vocatur,
1865 1489 2038 1540 testa.

375 1577 475 1627 tur
505 1572 740 1637 Paulus,
773 1574 972 1629 dicens
1000 1590 1010 1628 :
1050 1576 1178 1644 Regi
1206 1578 1388 1630 autem
1424 1576 1753 1632 saeculorum
1810 1575 2032 1630 immor-

377 1663 506 1722 tali.
538 1661 841 1730 invisibili,
871 1664 977 1718 soli
1000 1665 1105 1718 Deo
1163 1665 1211 1734 (I
1241 1667 1376 1720 Tim.
1431 1666 1494 1735 1),
1529 1668 1637 1720 etc.
1686 1663 1809 1735 Vel,
1845 1663 2034 1718 {ilium

380 1751 534 1823 regis
562 1768 880 1822 possumus
911 1753 1175 1822 accipere
1204 1754 1516 1809 Iudaicum
1546 1753 1832 1826 populum
1861 1769 2033 1824 quem

379 1839 662 1896 Dominus
689 1841 859 1897 Pater
887 1842 1212 1907 assumpsit
1242 1843 1300 1898 in
1361 1843 1732 1914 adoptionem
1773 1841 2032 1897 ﬁliorum

377 1945 480 2001 per
508 1929 694 2001 legem
727 1931 944 1986 datam.
976 1933 1140 1998 Deus,
1165 1933 1442 2004 judicium
1474 1941 1628 1987 tuum
1650 1933 1769 2002 regi
1798 1933 1874 1986 da
1896 1933 2019 2001 :ju-

374 2018 562 2074 dicare
586 2020 849 2090 populum
880 2025 1053 2089 tuum,
1086 2021 1144 2075 id
1175 2025 1285 2085 est,
1319 2022 1388 2076 ad
1414 2021 1804 2091 judicandum
1838 2037 2016 2091 popu-

375 2110 492 2163 lum
513 2116 664 2164 tuum
685 2110 1069 2178 injustitia,ut
1090 2110 1499 2180 perjustitiam
1521 2110 1814 2165 discernat
1837 2127 2016 2182 popu-

374 2195 496 2252 lum
532 2214 707 2253 suum
739 2215 772 2252 a
800 2215 913 2253 non
947 2215 1075 2264 suo,
1108 2205 1161 2254 et
1192 2200 1426 2254 tandem
1455 2198 1722 2254 videlicet
1750 2215 2018 2271 pauperes

373 2294 514 2351 tuos,
553 2286 609 2340 id
634 2291 742 2356 est,
768 2287 898 2343 illos
921 2287 1022 2358 qui
1055 2287 1255 2343 volunt
1285 2305 1413 2344 esse
1443 2304 1730 2360 pauperes
1761 2288 1866 2354 tui,
1902 2306 2015 2344 non

373 2374 580 2430 divites
609 2375 722 2444 sui,
756 2375 817 2430 in
849 2381 905 2431 te
936 2377 1303 2432 abundantes
1337 2377 1446 2432 sibi
1516 2381 1770 2446 egentes.
1805 2378 1874 2432 Et
1915 2378 2015 2432 ubi

365 2463 774 2533 judicabitur?
801 2467 862 2520 in
879 2466 1116 2534 judicio,
1149 2466 1432 2521 subaudis
1491 2467 1705 2521 futuro.
1757 2467 1862 2529 Qui
1897 2467 2018 2522 sint

366 2566 645 2622 pauperes
668 2552 922 2616 Domini,
945 2553 1160 2609 Paulus
1183 2554 1519 2610 manifestat
1575 2555 1658 2608 sic
1686 2572 1698 2609 :
1730 2555 1790 2609 Si
1826 2555 2014 2610 distri-

370 2641 539 2695 huero
559 2655 742 2696 omnes
760 2642 1047 2711 facultates
1073 2659 1223 2698 meas
1241 2643 1614 2714 pauperibus,
1639 2649 1688 2697 et
1725 2645 1776 2698 si
1804 2643 2015 2698 dedero

368 2744 564 2800 corpus
592 2746 778 2784 meum
806 2732 889 2786 ita
951 2739 1013 2785 ut
1039 2730 1289 2796 ardeam,
1340 2733 1665 2786 charitatem
1694 2738 1878 2786 autem
1906 2748 2017 2787 non

369 2820 626 2885 habuero,
651 2819 950 2873 nihilmihi
965 2819 1182 2886 prodest
1206 2819 1255 2889 (1
1274 2818 1392 2874 Cor.
1412 2818 1556 2889 xm).
1591 2819 1768 2882 Quasi
1827 2819 2009 2874 dicat:

371 2916 430 2972 Si
461 2915 658 2972 omnia
690 2932 818 2971 mea
848 2917 921 2970 do
960 2916 1340 2987 pauperibus,
1392 2921 1451 2971 et
1495 2933 1718 2988 pauper
1772 2917 1866 2972 Dei
1897 2934 2012 2972 non

367 3005 550 3076 fuero,
574 3003 722 3060 nihil
746 3005 998 3077 prodest.
1021 3007 1276 3060 Charitas
1293 3005 1449 3060 enim
1472 3021 1580 3060 non
1601 3008 1856 3076 inﬂatur,
1909 3021 2013 3061 nec

368 3098 458 3150 est
487 3109 620 3149 vera
649 3094 908 3150 charitas
935 3095 1030 3148 Dei
1064 3094 1122 3148 in
1154 3110 1219 3166 eo
1253 3094 1352 3166 qui
1385 3095 1651 3166 ingratus
1689 3100 1779 3150 est
1811 3100 2011 3150 sancto

365 3182 608 3254 Spiritui
641 3183 790 3252 ejus.
824 3184 887 3238 In
918 3183 1027 3238 hac
1059 3187 1397 3254 paupertate
1451 3184 1559 3237 fuit
1608 3187 1846 3238 sanctus
1877 3183 2006 3248 Job,

365 3288 590 3344 pauper
617 3276 931 3344 antequam
955 3271 1131 3328 etiam
1164 3271 1296 3327 illas
1326 3288 1569 3345 magnas
1600 3273 1831 3328 divitias
1861 3273 2007 3328 ami-

366 3361 563 3426 sisset,
596 3361 755 3416 Dicat
776 3377 998 3433 pauper
1019 3362 1129 3416 iste
1151 3377 1285 3415 cum
1319 3360 1450 3416 aliis
1473 3361 1828 3433 pauperibus
1857 3379 1869 3416 :
1903 3363 2009 3418 Nos

363 3454 552 3506 autem
581 3467 693 3506 non
719 3452 976 3522 spiritum
1007 3450 1171 3520 hujus
1200 3450 1396 3505 mundi
1424 3453 1750 3519 accepimus,
1773 3451 1866 3506 sed
1892 3453 2005 3523 spi-

360 3541 530 3594 ritum
559 3541 656 3610 qui
682 3555 754 3594 ca:
781 3541 884 3594 Deo
913 3547 1012 3607 est,
1044 3547 1104 3594 ut
1134 3540 1372 3594 sciamus
1421 3554 1546 3611 quae
1587 3557 1622 3593 a
1667 3544 1784 3596 Deo
1807 3541 2007 3596 donata

359 3631 486 3685 sunt
512 3629 667 3685 nobis
698 3630 747 3699 (Ι
775 3617 894 3684 Cor;
933 3631 1014 3697 ιι).
1050 3627 1135 3683 Illi
1171 3615 1325 3684 enim
1359 3629 1455 3698 qui
1507 3629 1578 3683 de
1626 3629 1850 3684 meritis
1883 3630 2005 3684 suis

359 3721 724 3790 prasumunt
751 3734 864 3773 non
900 3721 1038 3772 sunt
1069 3733 1354 3788 pauperes
1385 3717 1615 3771 Domini
1643 3733 1747 3772 nec
1769 3717 1879 3772 sibi
1913 3735 2003 3773 vo-

356 3807 488 3862 lunt
510 3807 806 3876 justitiam
837 3806 962 3861 dari
997 3824 1030 3862 a
1062 3811 1195 3871 Deo,
1247 3807 1348 3860 sed
1392 3821 1460 3859 ex
1506 3804 1838 3876 semetipsis
1875 3821 2002 3860 eam

360 3894 574 3950 habere
586 3895 906 3961 conﬁdunt,
933 3897 1245 3965 ignorantes
1261 3895 1359 3949 Dei
1372 3895 1654 3965 justitiam
1674 3902 1724 3948 et
1748 3892 2004 3949 volentes

357 3998 514 4036 suam
537 3985 796 4046 statuere,
814 3985 1054 4052 justitiae
1074 3985 1173 4040 Dei
1186 3999 1296 4038 non
1314 3991 1442 4038 sunt
1461 3983 1690 4054 subjecti
1703 3983 1875 4054 (Rom.
1905 3985 1961 4051 x)
1987 4001 2000 4036 :

361 4077 421 4132 bi
443 4077 582 4133 tales
605 4095 718 4134 non
736 4083 875 4135 sunt
897 4097 1182 4152 pauperes
1210 4081 1326 4149 Dei,
1357 4080 1459 4135 sed
1493 4079 1700 4134 divites
1721 4079 1832 4134 sui.
1860 4079 2002 4134 Pau-

361 4183 464 4239 per
481 4172 676 4223 autem
700 4168 796 4223 Dei
833 4167 1081 4223 clamat:
1111 4169 1308 4224 Judica
1340 4185 1448 4235 me,
1491 4170 1653 4237 Deus,
1677 4172 1730 4223 et
1757 4169 2004 4224 discerne

360 4271 590 4312 causam
621 4273 798 4312 meam
848 4257 1019 4322 (Psal.
1052 4258 1207 4327 xui).
1235 4258 1553 4326 Suscipiunt
1585 4265 1788 4312 montes
1814 4273 2002 4328 pacem

355 4345 582 4419 populo,
607 4355 658 4402 et
678 4347 840 4402 colles
851 4346 1149 4418 justitiam.
1175 4346 1350 4411 Quasi
1372 4345 1525 4400 dicat
1550 4371 1562 4401 :
1605 4347 1679 4400 Da
1709 4348 1827 4416 regi
1840 4346 2000 4415 judi-

358 4452 489 4491 care
523 4435 803 4508 populum
837 4440 1028 4500 tuum,
1060 4439 1116 4491 et
1145 4439 1212 4490 ut
1250 4433 1476 4505 judicet
1521 4437 1748 4502 montes,
1802 4435 1858 4490 id
1891 4440 1998 4503 est,

357 4531 490 4590 illos
511 4533 608 4604 qui
633 4533 689 4588 in
715 4533 927 4590 saeculo
951 4537 1092 4589 sunt
1111 4531 1825 4601 eminentiores,florcntes
1855 4532 2000 4587 divi-

2149 583 2422 648 Ecclesia,
2457 584 2700 639 unitatis
2730 601 3007 657 compage
3049 586 3334 656 disrupta.
3396 583 3573 640 Colles
3616 585 3788 640 etiam

2144 673 2404 744 accipere
2425 674 2944 745 debentjustitiam,
2967 673 3024 728 id
3047 679 3152 729 est.
3188 672 3695 740 obedientiam,sic
3729 679 3791 729 ut

2144 762 2449 817 imitentur
2478 763 2636 834 ipsos
2667 766 2872 818 montes
2903 763 2960 816 in
3010 763 3120 818 hoc
3169 779 3282 834 quo
3314 763 3585 818 imitandi
3631 769 3786 826 sunt,

2146 857 2404 907 montem
2431 853 2720 907 m0ntium
2743 853 2826 907 eis
2859 854 3270 924 proponendo:
3306 869 3422 907 non
3472 857 3537 907 ut
3570 853 3788 918 dicant,

2142 957 2238 1010 ego
2259 958 2385 996 sum
2413 942 2596 1008 Pauli,
2630 957 2725 1012 ego
2757 957 2881 996 vero
2913 943 3125 1012 Cephw,
3176 941 3278 996 sed
3327 958 3532 997 omnes
3574 940 3788 1008 dicant,

2147 1031 2352 1085 Christi
2377 1031 2424 1101 (Ι
2451 1034 2572 1088 Cor.
2608 1033 2669 1100 ι).
2731 1031 2860 1086 Haec
2889 1035 2977 1086 est
3018 1031 3275 1101 justitia,
3335 1047 3449 1085 non
3503 1048 3796 1103 apponere

2144 1136 2338 1175 servos
2365 1120 2605 1175 Domino
2630 1135 2733 1175 nec
2755 1135 2982 1191 aequare
3007 1137 3019 1174 :
3045 1120 3145 1175 sed
3169 1120 3325 1174 dicat
3345 1120 3791 1191 unusquisque:

2144 1219 2341 1273 Levavi
2369 1219 2548 1272 oculos
2579 1234 2724 1273 meos
2779 1220 2839 1272 in
2895 1223 3150 1272 montes:
3207 1222 3264 1273 et
3312 1217 3455 1273 unde
3511 1218 3796 1281 auxilium

2145 1323 2274 1361 meu
2286 1324 2338 1360 m
2359 1310 2432 1362 ?A
2457 1308 2686 1362 Domino
2701 1309 2798 1378 qui
2813 1308 2939 1368 fecit
2954 1307 3147 1360 crelum
3163 1310 3213 1361 et
3231 1311 3436 1362 terram
3448 1307 3618 1378 (Psal.
3643 1307 3768 1376 cxx)
3780 1351 3792 1361 .

2145 1395 2890 1460 Qualiterautemimitandi
2915 1400 3459 1461 suntmontes,unus
3486 1411 3552 1449 ex
3579 1397 3792 1450 monti-

2145 1484 2255 1539 bus
2277 1485 2548 1554 ostendit,
2576 1485 2658 1539 sic
2681 1501 2695 1538 :
2721 1487 2904 1541 Estote
2925 1486 3232 1540 imitatores
3265 1485 3395 1551 mei,
3432 1487 3574 1540 sicut
3618 1490 3675 1540 et
3705 1502 3796 1556 ego

2148 1573 2358 1628 Christi
2387 1573 2430 1644 (I
2477 1575 2600 1628 Cor.
2635 1579 2748 1639 1v):
2783 1579 2840 1629 et
2899 1573 3059 1641 alibi,
3095 1579 3205 1628 Pro
3255 1571 3467 1629 Christo
3519 1575 3798 1644 legatione

2144 1665 2436 1732 [angimur
2456 1670 2716 1732 tanquam
2737 1663 2840 1717 Deo
2861 1663 3190 1718 exhortante
3211 1679 3313 1734 per
3330 1678 3428 1718 nos
3458 1663 3503 1733 (Ι
3549 1665 3682 1720 Cor.
3717 1667 3793 1735 v).

2148 1751 2534 1806 Obsecremus
2587 1767 2689 1822 pro
2738 1750 2988 1816 Christo,
3042 1750 3501 1806 reconciliamini
3555 1752 3692 1807 Deo.
3729 1753 3796 1808 Hi

2149 1844 2357 1894 montes
2373 1840 2677 1911 suscipiant
2697 1855 2891 1910 pacem
2903 1838 3191 1910 populo,id
3214 1840 3568 1904 est,verbum
3595 1858 3797 1896 recon-

2146 1928 2462 1984 ciliationis
2481 1928 2716 2000 populo,
2741 1928 3046 1996 subaudis,
3072 1928 3528 2000 praedicandum.
3551 1931 3618 1985 Et
3639 1933 3802 1986 colles

2132 2019 2428 2088 justitiam,
2459 2018 2516 2072 id
2549 2023 2658 2083 est,
2693 2018 2992 2073 imitantes
3023 2034 3223 2073 eorum
3273 2018 3677 2074 eminentiam.
3711 2020 3785 2076 Ut

2131 2111 2362 2163 montes
2387 2108 2549 2177 fiant,
2609 2109 2911 2178 suscipiant
2952 2108 3252 2178 justitiam,
3314 2107 3371 2162 id
3429 2111 3537 2175 est,
3583 2125 3783 2164 eorum

2129 2194 2541 2266 obedientiam,
2577 2202 2638 2250 ut
2681 2195 2766 2250 sic
2819 2196 2920 2249 fiat
2963 2196 3118 2266 quod
3175 2197 3244 2250 de
3286 2196 3524 2266 justitia
3554 2203 3613 2252 et
3644 2215 3783 2269 pace

2128 2285 2411 2357 scriptum
2461 2290 2548 2340 est
2574 2302 2585 2340 :
2641 2286 2865 2339 Iustitia
2893 2291 2945 2340 et
2972 2301 3090 2357 pax
3115 2285 3394 2342 osculata
3448 2295 3579 2341 sunt
3608 2287 3776 2357 (Psal.

2127 2385 2372 2454 LXXXIV),
2399 2383 2560 2447 Quod
2597 2399 2697 2455 per
2711 2382 3003 2452 justitiam
3027 2383 3358 2438 obedientia
3380 2387 3570 2455 potest
3602 2385 3774 2440 deno-

2123 2472 2255 2543 tari,
2289 2476 2451 2527 notat
2480 2470 2794 2543 Apostolus
2815 2470 2914 2525 ubi
2938 2470 3114 2527 dicit:
3145 2471 3296 2526 Sicut
3312 2488 3415 2543 per
3459 2473 3774 2529 inobedien-

2127 2563 2260 2617 tiam
2283 2563 2449 2616 unius
2469 2561 2731 2628 hominis,
2773 2564 3078 2631 peccatores
3102 2562 3387 2616 constituti
3415 2570 3543 2617 sunt
3571 2564 3773 2618 multi:

2124 2652 2206 2705 ita
2233 2654 2282 2706 et
2312 2667 2408 2720 per
2425 2649 2813 2704 obedientiam
2836 2651 3006 2705 unius
3014 2651 3159 2722 justi
3190 2652 3599 2706 constituentur
3619 2653 3779 2706 multi

2127 2741 2301 2808 (Rom.
2334 2741 2409 2810 v).
2459 2739 2736 2794 Judicabit
2778 2755 3048 2810 pauperes
3084 2738 3302 2812 pepuli.
3355 2741 3533 2804 Quasi
3586 2741 3774 2797 dicat:

2123 2828 2268 2882 Vere
2314 2828 2617 2898 suscipiant
2672 2833 2882 2884 montes
2930 2828 3171 2884 verbum
3243 2829 3770 2886 reconciliationis:

2124 2917 2278 2988 quod
2310 2920 2471 2972 notat
2515 2915 2769 2972 Paulus:
2805 2917 2959 2972 Deus
2988 2917 3202 2990 inquit,
3253 2918 3649 2975 reconciliavit
3676 2936 3775 2975 nos

2121 3007 2234 3061 sibi
2244 3022 2344 3077 per
2366 3006 2726 3076 Christum,et
2749 3007 2947 3077 posuit
2972 3007 3030 3061 in
3055 3007 3211 3062 nobis
3228 3011 3554 3078 mysterium
3580 3025 3771 3064 recan-

2123 3096 2426 3150 ciliationis
2457 3095 2531 3166 (II
2563 3095 2682 3150 Cor.
2732 3095 2824 3167 v):
2859 3097 3014 3167 quod
3070 3096 3161 3151 hic
3191 3099 3434 3164 notatur,
3469 3097 3610 3166 quia
3639 3097 3770 3168 ipse

2123 3184 2276 3240 Deus
2296 3183 2587 3256 judicabit
2615 3201 2882 3256 pauperes
2913 3201 3075 3241 meos
3124 3201 3389 3257 pauperes
3435 3184 3649 3256 populi,
3701 3187 3760 3240 id

2121 3279 2212 3330 est
2242 3273 2525 3346 populum
2552 3272 2719 3328 illum
2748 3274 2844 3345 qui
2865 3291 2928 3329 se
2950 3290 3264 3345 pauperem
3284 3277 3542 3346 reputat:
3567 3276 3757 3328 ettan-

2118 3363 2250 3418 dem
2280 3363 2459 3418 salvos
2487 3365 2658 3434 faciet
2687 3362 2831 3432 ﬁlios
2855 3375 3184 3434 pauperum.
3218 3363 3278 3418 Si
3312 3367 3509 3418 autem
3555 3371 3786 3418 montes'

2116 3452 2174 3506 in
2209 3451 2418 3508 saeculo
2449 3451 2632 3506 elatos
2689 3451 3033 3524 accipimus,
3096 3453 3180 3508 sic
3235 3451 3718 3507 continuabimus
3755 3470 3768 3507 :

2117 3551 2277 3616 Deus,
2304 3549 2592 3620 judicium
2621 3551 2780 3603 tuum
2807 3550 2931 3617 regi
2983 3547 3074 3612 da,
3134 3553 3189 3604 et
3244 3565 3376 3604 vere
3433 3547 3600 3604 dabis
3631 3549 3774 3620 quia

2115 3635 2240 3707 ipse
2258 3635 2554 3705 judicabit,
2589 3635 2644 3689 id
2677 3639 2785 3700 est,
2836 3631 3127 3690 discernet
3169 3652 3439 3706 pauperes
3466 3638 3678 3706 populi,
3709 3637 3767 3691 id

2115 3728 2222 3794 est,
2249 3723 2620 3794 apostolos,et
2639 3723 2821 3779 salvos
2843 3722 3013 3796 faciet
3044 3726 3195 3793 ﬁlios
3211 3741 3544 3797 pauperum,
3567 3724 3625 3780 id
3657 3731 3765 3790 est,

2113 3811 2436 3867 imitatores
2450 3811 3156 3886 apostolorumjudicabit:
3177 3813 3352 3868 iidem
3379 3827 3554 3884 possu
3565 3819 3628 3868 nt
3641 3828 3770 3868 esse

2110 3917 2387 3972 pauperes
2418 3906 2473 3955 et
2502 3901 2612 3970 ﬁlii
2636 3917 2971 3972 pauperum.
3006 3902 3147 3974 quia
3193 3903 3394 3957 eadem
3445 3901 3652 3957 civitas
3680 3907 3768 3957 est

2114 3989 2249 4044 Sion
2309 3993 2366 4043 et
2423 3989 2543 4044 lilia
2596 3989 2754 4045 Sion.
2816 3993 2880 4046 Et
2936 3990 3260 4045 humiliabit
3285 3990 3764 4046 calumniatorem.

2113 4076 2510 4135 Calumniator
2540 4082 2630 4133 est
2671 4079 2770 4149 qui
2824 4079 3076 4134 alienam
3125 4078 3522 4135 innocentiam
3555 4079 3768 4134 nititur

2112 4169 2324 4222 ducere
2354 4167 2412 4221 in
2447 4166 2702 4238 culpam,
2737 4167 3030 4237 exquisita
3085 4166 3286 4239 aliqua
3344 4167 3676 4238 dolositate,
3709 4172 3771 4222 et

2113 4255 2447 4311 machinata
2505 4255 2705 4327 aliqua
2761 4256 3097 4312 calliditate.
3132 4256 3341 4312 Nullus
3381 4257 3511 4312 ideo
3550 4255 3769 4312 melius
3801 4255 3804 4258 ’

2112 4361 2288 4415 quam
2302 4344 2571 4400 diabolus
2586 4345 2680 4400 hic
2694 4345 2820 4400 calu
2833 4346 3084 4401 mniator
3100 4344 3771 4417 agnosciturmalumnia

2111 4434 2266 4489 enim
2281 4434 2410 4504 ejus
2425 4438 2514 4489 est
2530 4451 2543 4489 :
2557 4433 2832 4505 Nunquid
2849 4435 3032 4506 gratis
3055 4433 3190 4489 colit
3209 4434 3318 4489 Job
3336 4435 3514 4490 Deum
3529 4435 3670 4504 (Job.
3686 4436 3728 4504 ι)
3744 4440 3772 4487 .9

2111 4529 2172 4586 Si
2192 4530 2349 4586 enim
2370 4529 2554 4585 voluit
2601 4530 2996 4587 innocentiam
3017 4530 3374 4587 sanctissimi
3426 4530 3531 4585 viri
3555 4531 3616 4585 in
3649 4531 3770 4586 cul-

357 4621 478 4688 tiis,
515 4602 817 4679 sublimati
849 4622 1188 4690 honoribus,
1232 4623 1534 4692 suspiciant
1588 4637 1782 4693 pacem
1805 4623 2006 4692 p0pulu
2036 4602 2083 4666 Ῑ)
2114 4636 2247 4691 pam
2279 4619 2510 4690 ducere,
2545 4619 2595 4674 si
2624 4619 2733 4674 hoc
2767 4623 2963 4690 posset
3005 4620 3252 4687 efficere,
3286 4622 3350 4674 ut
3380 4635 3482 4691 pro
3514 4620 3772 4676 terrenis

358 4713 460 4765 tuo
490 4710 520 4764 J
532 4711 735 4767 udaico
759 4713 816 4766 in
847 4711 1232 4784 praedicando,
1258 4717 1310 4765 et
1331 4708 1496 4764 colles
1507 4710 1805 4780 justitiam.
1833 4709 2005 4767 Colles

359 4803 502 4854 sunt
531 4798 742 4854 iterum
775 4799 1190 4855 eminentiores
1215 4800 1273 4854 in
1295 4796 1524 4863 saeculo,
1545 4798 1646 4852 sed
1668 4796 1812 4868 ipsis
1845 4815 2003 4854 mon-

356 4887 516 4944 tibus
544 4887 766 4943 subditi
793 4905 806 4943 :
838 4888 924 4943 vel
957 4887 1144 4956 aliter,
1204 4888 1524 4958 Suscipiunt
1580 4890 1789 4941 montes
1810 4905 2004 4959 pacem

354 4977 573 5049 populo.
601 4977 800 5032 Montes
831 4980 971 5030 sunt
1000 4975 1100 5046 qui
1157 4974 1456 5031 excellenti
1517 4975 1822 5030 sanctitate
1865 4978 2003 5031 emi-

356 5070 561 5121 nentes
594 5071 735 5122 sunt
764 5066 822 5120 in
857 5064 1134 5131 Ecclesia,
1195 5063 1293 5135 qui
1354 5068 1493 5118 sunt
1545 5063 1740 5119 idonei
1771 5069 1828 5120 et
1855 5063 2001 5120 alios

355 5155 563 5209 docere
595 5155 677 5210 sic
726 5154 1039 5227 loquendo,
1097 5158 1164 5208 ut
1215 5151 1464 5207 ﬁdeliter
1519 5153 1890 5209 instruantur
1918 5155 2002 5209 sic

353 5243 618 5314 vivendo,
647 5248 713 5299 ut
734 5243 1047 5299 salubriter
1069 5243 1409 5297 imitentur:
1443 5242 1604 5296 colles
1635 5247 1828 5297 autem
1862 5248 2003 5298 sunt

354 5330 439 5385 illi
466 5333 563 5403 qui
596 5333 929 5387 obedientia
960 5349 1088 5397 sua,
1120 5329 1516 5386 excellentiam
1551 5331 1882 5386 sanctitatis
1913 5348 2002 5386 eo-

354 5437 486 5476 rum
519 5421 618 5493 qui
651 5422 929 5477 dicuntur
985 5426 1234 5485 montes,
1287 5419 1612 5474 imitantur.
1647 5420 1795 5475 Nota
1843 5421 1999 5491 quod

354 5508 517 5574 dixit,
535 5513 840 5580 suscipiant
859 5515 1067 5566 montes
1084 5526 1277 5582 pacem
1303 5509 1527 5580 populo,
1576 5513 1627 5564 et
1650 5510 1810 5565 colles
1830 5511 1999 5582 justi-

354 5598 518 5651 tiam.
552 5598 910 5654 Excellentes
967 5600 1184 5671 quippe
1217 5600 1273 5653 in
1332 5604 1535 5654 sancta
1564 5598 1820 5655 Ecclesia
1851 5599 2000 5673 vigi-

355 5679 500 5738 lanti
531 5684 850 5741 intentione
881 5688 1006 5758 paci
1038 5688 1252 5744 debent
1281 5687 1603 5757 consulere,
1663 5703 1734 5742 ne
1766 5693 2001 5759 propter

2113 4707 2345 4764 diabolo
2367 4708 2737 4776 serviret,sed
2760 4707 3096 4764 bumiliavit
3115 4725 3249 4764 eum
3270 4708 3552 4764 Dominus
3573 4709 3771 4780 gratia

2113 4814 2239 4866 sua,
2273 4813 2412 4851 suos
2434 4797 2651 4868 juvans
2683 4803 2747 4852 ut
2775 4798 2956 4870 gratis
2989 4798 3172 4853 Deum
3194 4797 3406 4868 colant,
3431 4795 3771 4852 bumiliavit

2110 4885 2286 4941 etiam
2316 4902 2451 4941 eum
2483 4877 2599 4942 non
2629 4885 2689 4941 in
2718 4885 2957 4958 Judaais,
2983 4886 3350 4958 quibusipse
3370 4885 3773 4942 calumniator

2110 4993 2256 5030 usus
2287 4982 2374 5030 est
2403 4979 2686 5047 tanquam
2719 4976 2876 5031 vasis
2907 4976 3054 5042 suis,
3087 4991 3336 5048 operans
3359 4975 3418 5030 in
3440 4973 3578 5030 ﬁliis
3601 4975 3764 5030 dim-

2111 5065 2339 5120 dentis}.
2366 5063 2722 5120 Humiliatus
2751 5069 2841 5121 est
2867 5065 3021 5120 enim
3043 5063 3501 5136 quiaille,quem
3535 5063 3768 5120 occide-

2112 5157 2264 5220 rant,
2299 5153 2629 5223 resurrexit,
2659 5157 2713 5209 et
2744 5169 2847 5224 per
2876 5157 3121 5210 mortem
3154 5169 3324 5209 suam
3350 5153 3559 5209 mortis
3578 5151 3771 5225 impe-

2111 5241 2263 5297 rium
2287 5241 2581 5297 dextruxit
2604 5258 2616 5297 :
2642 5241 2977 5298 bumiliavit
2995 5243 3171 5298 etiam
3197 5258 3354 5313 eum,
3379 5241 3518 5314 quia
3538 5240 3784 5297 multos

2111 5331 2182 5386 de
2202 5329 2458 5386 tenebris
2480 5330 2539 5384 in
2564 5329 2753 5385 lucem
2782 5331 3030 5398 reduxit,
3051 5331 3189 5403 quia
3206 5345 3339 5386 cum
3373 5328 3648 5386 diabolus
3662 5339 3767 5386 6x4

2111 5419 2298 5474 tendit
2326 5436 2563 5474 manum
2589 5436 2756 5475 suam
2776 5420 2846 5475 ad
2867 5419 3090 5488 illicita,
3111 5436 3243 5475 cum
3287 5418 3585 5475 Christum
3607 5419 3775 5474 vide—

2109 5508 2244 5564 licet
2273 5525 2475 5580 rapere
2505 5507 2704 5576 voluit,
2741 5510 2994 5581 perdidit
3015 5509 3148 5566 illos
3173 5509 3233 5564 in
3265 5509 3481 5582 quibus
3505 5507 3769 5582 potesta-

2111 5602 2224 5653 tem
2253 5598 2415 5670 prius
2432 5597 2640 5654 habuit
2662 5616 2674 5654 :
2697 5599 2805 5666 vel,
2833 5599 3068 5656 nomine
3089 5598 3534 5656 calumniatoris
3564 5604 3771 5670 repro-

2108 5688 2219 5743 bus
2240 5686 2883 5761 populnsintelligitur,
2907 5689 3008 5763 qui
3031 5705 3099 5746 ex
3119 5689 3374 5746 maxime
3393 5691 3580 5762 parte,
3614 5688 3788 5744 dum
