4014 6194
240 328 353 391 613

1363 332 1514 395 ENA
1528 330 1971 398 RRATIONES
2016 338 2093 397 IN
2140 338 2521 401 PSALMOS.

3524 358 3640 419 544

244 463 475 530 peccata
491 475 764 516 excusare
783 462 1098 533 contendit,
1114 464 1469 521 calumniam
1490 467 1877 540 ingeritCrea-
1907 473 1960 537 Α
1989 470 2279 524 inimicum
2304 480 2479 526 tuum.
2506 474 2620 545 Ego
2642 483 2825 530 autem
2844 475 2966 531 dico
2993 477 3137 533 vobis
3164 496 3182 533 :
3204 481 3425 551 Diligite
3446 486 3637 543 inimi-

241 548 344 607 tori
382 564 393 602 :
428 549 579 605 unde
607 548 752 605 illud
782 550 1016 607 Salustii
1043 571 1053 606 :
1082 552 1248 610 Falso
1280 557 1547 625 queritur
1579 559 1647 613 de
1675 563 1884 614 natura

241 653 543 709 suagenus
565 638 912 695 humanum.
939 642 1102 697 llunc
1130 644 1410 714 populum
1447 647 1882 717 reprobumhu-

240 725 739 795 miliatDominus,
758 730 896 800 quia
912 731 1245 787 sordescere
1260 733 1415 788 facit.
1433 735 1595 791 Unde
1609 735 1886 807 illud,Qui

238 816 297 869 in
325 817 578 872 sordibus
605 823 702 886 est,
734 820 1009 875 sordescat
1040 821 1216 876 adhuc
1244 824 1426 893 (Apoc.
1472 827 1624 895 xxii).
1668 827 1732 880 Et
1758 842 1883 896 per-

236 906 482 963 manebit
510 923 633 960 cum
659 908 795 973 sole,
826 908 881 963 id
915 913 1023 978 est,
1058 912 1316 981 quandiu
1349 911 1599 967 volvitur
1630 921 1881 985 tempus.

240 1001 402 1058 Unde
448 1002 614 1071 illud,
672 1006 833 1061 Sedes
881 1010 1001 1073 tua,
1060 1010 1219 1079 Deus,
1276 1013 1335 1064 in
1382 1013 1643 1066 saeculum
1691 1015 1886 1068 saeculi

236 1094 352 1159 (Ps.
382 1094 554 1163 κων).
588 1094 676 1161 Et,
710 1110 781 1149 ne
808 1095 1267 1168 intelligeremus
1287 1116 1420 1154 eum
1453 1099 1725 1172 deinceps
1751 1119 1883 1173 per-

239 1196 608 1250 mansurum,
639 1193 690 1238 et
720 1189 854 1240 ante
882 1191 1115 1258 tempus
1151 1205 1263 1242 non
1318 1190 1521 1255 fuisse,
1553 1191 1881 1262 subiungit,

235 1274 364 1325 ante
394 1270 612 1326 lunam.
649 1275 824 1339 Quasi
874 1274 1046 1342 dicat,
1081 1292 1251 1331 omne
1296 1283 1528 1348 tempus
1561 1280 1881 1349 praecessit.

236 1358 498 1423 Qualiter
524 1365 721 1417 autem
743 1362 881 1418 velit
908 1374 1032 1419 ante
1063 1365 1257 1420 lunam
1277 1360 1883 1439 intelligere,subjun-

235 1447 322 1518 git
343 1449 747 1519 generationes
761 1452 1224 1522 generationum,
1242 1459 1304 1507 ut
1327 1454 1484 1508 istud
1507 1455 1582 1509 sit
1602 1458 1886 1527 expositio

237 1535 469 1606 prioris.
503 1536 603 1592 Vel
636 1538 719 1593 sic
754 1556 765 1592 :
806 1542 1152 1609 permanebit
1196 1559 1321 1597 cum
1349 1544 1480 1611 sole,
1512 1544 1568 1597 id
1617 1549 1725 1609 est,
1753 1562 1885 1600 cum

236 1629 481 1696 paterna
508 1625 769 1683 claritate
800 1627 887 1683 vel
917 1630 1264 1700 aequalitate,
1294 1635 1350 1687 et
1383 1631 1490 1685 fuit
1515 1642 1641 1687 ante
1673 1635 1884 1703 lunam,

232 1713 293 1768 id
313 1719 419 1781 est,
438 1718 570 1770 ante
592 1715 907 1772 Ecclesiam
931 1719 1234 1791 dignitate,
1262 1725 1460 1793 utpote
1479 1722 1578 1792 qui
1603 1723 1889 1778 immunis

234 1821 268 1857 ο.
300 1809 535 1874 peccato
558 1803 616 1858 in
648 1805 910 1861 humana
928 1812 1138 1863 natura
1159 1815 1475 1880 conceptus
1500 1816 1590 1865 est
1618 1828 1630 1865 :
1656 1812 1740 1867 vel
1762 1815 1939 1905 anteB

232 1892 450 1960 tunam,
483 1891 621 1963 quia
657 1892 913 1949 Ecclesia
962 1897 1257 1966 praecessit
1305 1897 1623 1954 aeternitate
1673 1916 1800 1967 sua,
1836 1912 1886 1955 et

230 1981 583 2051 permanebit
605 1984 664 2037 in
682 1986 1031 2052 generatione
1050 1987 1423 2057 generationu
1436 2003 1510 2044 m.
1538 1988 1682 2043 Nota
1699 1988 1887 2046 Eccle-

234 2070 387 2125 siam
418 2087 532 2125 non
554 2070 870 2144 incongrue
888 2089 989 2144 per
1019 2075 1211 2129 lunam
1232 2076 1548 2147 designari,
1574 2078 1713 2149 quia
1733 2077 1886 2133 sicut

238 2157 384 2212 luna
405 2158 568 2214 asole
582 2159 1057 2229 illuminatur,sic
1070 2163 1325 2219 Ecclesia
1342 2182 1456 2219 non
1473 2165 1647 2220 habet
1665 2166 1860 2221 lumen
1873 2211 1887 2233 ,

239 2246 359 2301 nisi
388 2265 423 2302 a
469 2265 600 2303 vero
642 2249 781 2317 sole,
818 2267 851 2304 a
882 2251 1128 2306 Domino
1177 2253 1469 2320 videlicet,
1501 2254 1884 2310 illuminetur.

233 2345 531 2400 Descendet
574 2348 714 2400 sicut
757 2347 945 2417 pluvia
989 2351 1050 2402 in
1104 2349 1297 2403 vellus.
1350 2351 1706 2422 Prtescripsit
1756 2354 1885 2407 Pro-

234 2430 417 2503 pheta
462 2433 716 2502 qualiter
744 2434 1030 2491 Dominus
1076 2444 1357 2493 venturus
1388 2439 1464 2494 sit
1496 2457 1507 2494 :
1544 2440 1684 2511 quia
1739 2441 1891 2495 sicut

235 2520 437 2592 pluvia
484 2521 613 2577 sine
666 2524 913 2594 strepitu
969 2530 1026 2580 et
1083 2526 1209 2581 sine
1256 2544 1432 2583 sensu
1479 2530 1780 2584 descendit
1828 2531 1885 2585 in

232 2610 442 2677 vellus,
463 2615 521 2667 et
550 2611 744 2682 ipsum
780 2613 961 2669 vellus
995 2632 1109 2672 non
1132 2618 1455 2689 corrumpit
1488 2635 1499 2671 :
1537 2620 1618 2673 ita
1646 2620 1885 2673 verbum

233 2701 423 2773 patris
443 2701 747 2756 descendit
779 2702 835 2756 in
870 2707 1100 2759 uterum
1130 2705 1534 2777 virginis,sine
1560 2724 1733 2763 sensu
1760 2724 1884 2762 car-

234 2790 378 2861 nali,
404 2790 528 2846 sine
558 2791 932 2862 corruptione
960 2792 1369 2865 virginis,quia
1400 2794 1527 2865 ipsa
1556 2800 1679 2851 erat
1701 2801 1887 2851 mater

235 2879 509 2936 nesciens
555 2879 765 2936 virum.
800 2881 863 2935 Et
905 2882 1043 2936 sicut
1070 2882 1357 2937 stillicidia
1404 2884 1679 2939 stillantia
1723 2901 1887 2956 super

233 2979 473 3027 terram:
502 2969 640 3040 quia
659 2969 809 3025 sicut
828 2969 994 3024 stillas
1025 2972 1295 3027 cadentes
1321 2990 1498 3045 super
1516 2980 1752 3045 terram,
1770 2991 1885 3030 non

233 3061 649 3129 submergunt,
685 3063 785 3114 sed
811 3058 1057 3131 irrigant
1080 3060 1265 3131 ipsam
1292 3066 1507 3117 terram
1538 3080 1548 3117 :
1579 3063 1661 3118 ita
1692 3064 1883 3118 Domi-

234 3165 349 3203 nus
386 3149 449 3202 in
480 3147 739 3202 humano
786 3164 995 3219 genere
1026 3155 1397 3205 conversatus
1450 3156 1557 3215 est,
1588 3152 1886 3223 irrigando

234 3240 463 3309 ipsum,
496 3253 610 3292 non
640 3237 1012 3292 destruendo.
1046 3237 1149 3292 Vel
1182 3238 1348 3293 aliter
1380 3257 1391 3293 :
1432 3241 1725 3295 Descendet
1749 3244 1890 3296 sicut

224 3327 439 3402 pluvia
458 3328 519 3382 in
546 3327 739 3381 vellus.
768 3326 946 3381 Mittit
978 3343 1083 3381 nos
1106 3326 1175 3381 ad
1208 3326 1513 3381 historiam
1539 3345 1665 3397 qua:
1693 3334 1892 3384 narrat

231 3417 381 3490 quid
413 3417 629 3471 factum
644 3415 788 3471 sitin
805 3415 1178 3486 temporejud
1192 3415 1557 3471 icisGedeon.
1583 3416 1711 3488 Ipse
1734 3418 1888 3472 enim

231 3506 581 3563 admonitus
633 3522 666 3559 a
712 3504 981 3572 Domino,
1017 3509 1305 3574 quatenus
1355 3504 1599 3559 irrueret
1646 3506 1705 3560 in
1756 3506 1889 3560 Phi-

232 3595 465 3655 listaeos
499 3592 660 3665 petiit
690 3593 924 3664 signum
961 3593 1167 3647 futura:
1196 3593 1467 3659 victoriae,
1493 3594 1601 3649 hoc
1625 3600 1688 3648 ut
1709 3595 1891 3651 vellus

233 3686 453 3743 inarea
476 3682 729 3755 positum
754 3681 1251 3753 compluereturet
1272 3699 1405 3737 area
1425 3684 1581 3738 sicca
1605 3690 1889 3756 maneret,

235 3788 293 3841 et
323 3798 572 3839 rursum
606 3781 862 3836 secundo
886 3780 1070 3852 petiit,
1104 3786 1167 3836 ut
1189 3798 1321 3836 area
1352 3781 1803 3853 complueretur,
1836 3790 1893 3839 et

238 3873 434 3929 vellus
465 3870 685 3927 siccum
719 3874 979 3924 maneret
1011 3870 1204 3938 (Judic.
1239 3873 1334 3935 γι).
1371 3871 1534 3934 Quod
1566 3872 1645 3929 ita
1674 3873 1889 3928 factum

240 3967 329 4019 est
366 3978 383 4015 :
422 3977 537 4015 non
586 3964 780 4014 autem
814 3958 940 4012 sine
989 3958 1281 4030 mysterio.
1321 3960 1496 4015 Velius
1523 3961 1677 4016 enim
1732 3964 1891 4033 prius

236 4051 558 4122 irrigatum
590 4047 883 4119 significat
930 4047 1212 4118 pepulum
1240 4048 1552 4104 Judaicum
1598 4051 1699 4121 qui
1730 4052 1892 4123 prius

236 4139 444 4195 divino
465 4137 651 4193 Verbo
671 4137 780 4190 l'uit
803 4134 1152 4206 complutus.
1182 4137 1263 4191 lbi
1287 4137 1441 4192 enim
1464 4138 1747 4194 Dominus
1770 4158 1891 4196 ma-

240 4234 420 4297 trem,
456 4228 513 4282 in
546 4244 663 4297 qua
694 4225 939 4279 formam
975 4225 1122 4280 servi
1158 4226 1438 4296 acciperet
1467 4237 1523 4283 et
1555 4228 1893 4286 hominibus

233 4319 571 4389 appareret,
604 4313 780 4386 elegit
812 4330 825 4368 :
858 4313 935 4368 ibi
971 4312 1311 4384 discipulos,
1344 4316 1559 4386 quibus
1600 4316 1707 4373 hoc
1738 4317 1892 4374 idem

234 4405 538 4477 praecepit,
562 4405 760 4459 dicens
784 4419 797 4458 :
827 4404 890 4457 In
920 4405 1066 4457 viam
1093 4405 1345 4475 gentium
1364 4420 1432 4459 ne
1460 4407 1727 4475 abieritis,
1752 4412 1804 4462 et
1834 4410 1894 4463 in

232 4498 496 4559 civitates
541 4493 1029 4549 Samaritanorum
1058 4508 1127 4546 ne
1175 4492 1512 4547 introieritis
1566 4495 1780 4565 (Matth.
1812 4498 1889 4567 x).

1990 574 2075 613 cos
2104 562 2323 628 vestros,
2356 561 2659 631 benefacite
2686 565 2769 619 his
2798 568 2895 637 qui
2923 566 3152 623 oderunt
3182 586 3271 624 vos
3302 572 3514 642 (Matth.
3558 578 3635 646 v).

1993 660 2122 711 Haec
2147 658 2489 713 abundantia
2519 664 2669 729 pacis
2719 664 2887 720 donec
2915 671 3205 737 auferatur
3253 670 3407 736 luna,
3442 672 3639 742 idest,

1993 746 2175 800 donec
2189 746 2690 816 Ecclesia,devicta
2710 760 2915 821 morte,
2937 762 3275 813 assumatur
3296 760 3639 818 immortali-

1994 838 2144 889 tate:
2178 834 2262 888 vel
2297 837 2620 892 secundum
2645 840 2818 896 aliam
2850 847 3313 913 translationem,
3340 851 3521 907 donec
3547 870 3640 907 ex-

1994 922 2234 978 tollatur
2251 926 2389 978 luna
2417 942 2519 995 per
2534 926 2780 996 gloriam
2798 938 3259 1005 resurrectionis,
3277 939 3334 993 in
3360 946 3639 997 teternum

1994 1017 2308 1083 regnatura
2334 1031 2465 1068 cum
2492 1014 2588 1069 illo
2621 1018 2719 1087 qui
2752 1020 2807 1073 in
2832 1020 3016 1091 gloria
3046 1030 3486 1086 resurrectionis
3511 1049 3639 1087 eam

1994 1103 2309 1170 praecessit.
2327 1103 2388 1156 Et
2404 1104 2821 1162 dominabitura
2843 1114 3003 1177 mari,
3021 1114 3319 1172 orientalis
3335 1122 3639 1194 subaudis,

1995 1206 2165 1260 usque
2195 1190 2264 1245 ad
2302 1208 2456 1247 mare
2486 1194 2717 1248 occiduo
2732 1197 2860 1265 tale,
2893 1198 3221 1271 incipiendo
3273 1210 3577 1282 subaudis,
3608 1190 3644 1268 ἀ

1994 1281 2224 1346 ﬂumine
2253 1280 2526 1336 Jordanis
2573 1283 2855 1351 videlicet,
2892 1292 3212 1357 procedens
3243 1312 3412 1366 usque
3434 1301 3504 1354 ad
3533 1280 3641 1356 ter-

1993 1370 2173 1423 minos
2202 1370 2348 1424 orbis
2379 1375 2684 1427 terrarum.
2719 1375 2863 1430 Nota
2895 1380 3050 1447 quod
3083 1380 3202 1447 hic,~
3224 1386 3517 1444 evidenter
3546 1408 3641 1445 ex-

2000 1457 2368 1527 pressit,inde
2382 1459 2633 1517 voluisse
2656 1463 2951 1520 Christum
2974 1474 3315 1538 potestatem
3342 1481 3643 1550 suamjam

1998 1546 2427 1615 commendare,
2462 1549 2612 1604 unde
2640 1556 2693 1605 et
2712 1552 3455 1635 discipulos‘cmpiteligere
3482 1546 3645 1624 a—ﬂu-

2001 1632 2175 1699 mine,
2195 1634 2415 1690 scilicet
2441 1636 2716 1704 Jordane,
2733 1642 2829 1696 ubi
2860 1632 3350 1719 superg'oaptizato
3374 1653 3642 1727 Domino,

1998 1738 2132 1776 cum
2179 1724 2557 1780 descenderet
2596 1728 2849 1799 Spiritus
2899 1740 3159 1800 sanctus,
3194 1742 3389 1796 sonuit
3440 1761 3545 1801 vox
3576 1724 3645 1803 de

1994 1810 2135 1865 caelo
2170 1830 2183 1866 :
2218 1813 2314 1867 Hic
2340 1823 2422 1903 est
2457 1816 2613 1885 ﬁlius
2662 1835 2813 1873 meus
2861 1821 3086 1879 dilectus
3118 1828 3323 1897 (Matth.
3358 1837 3464 1903 in).
3499 1836 3645 1892 Hinc

2002 1916 2137 1971 ergo
2168 1900 2428 1956 doctrina
2460 1904 2586 1973 ejus
2619 1906 2924 1978 incipiens,
2959 1918 3015 1966 et
3047 1918 3364 1988 magisterii
3399 1900 3647 1982 ctelestis

1996 1989 2332 2056 auctoritas,
2366 1991 2646 2048 dilatatur
2675 2012 2845 2066 usque
2872 2000 3235 2069 adpterminos
3286 2012 3431 2065 orbis
3462 2022 3646 2083 terra,

1996 2094 2129 2131 cum
2150 2080 2499 2149 praedicatur
2520 2083 2873 2154 Evangelium
2895 2095 3050 2160 regni
3078 2096 3133 2148 in
3158 2099 3414 2154 universo
3437 2080 3645 2159 orbe

1994 2169 2365 2223 testimonium
2378 2174 2631 2227 omnibus
2640 2177 2889 2243 gentibus
2907 2181 3119 2248 (Matth.
3140 2190 3313 2254 xxxv).
3342 2190 3442 2244 Vel
3458 2191 3647 2249 aliter:

1997 2264 2385 2320 Dominabitur
2415 2286 2447 2321 ιι
2478 2272 2641 2340 mari,
2678 2274 2962 2331 subaudis
2991 2279 3350 2353 Judaeorum,
3384 2304 3550 2358 usque
3580 2292 3648 2347 ad

1998 2369 2153 2445 mare
2183 2356 2511 2426 gentilium.
2534 2359 2680 2415 Nota
2712 2365 2850 2433 quia
2879 2366 3235 2431 JudaeiJicet
3255 2356 3645 2445 cognitionem

1997 2439 2141 2512 legis
2162 2452 2521 2514 receperant,
2552 2452 2746 2504 tamen
2771 2468 2924 2508 mare
2949 2455 3073 2525 dici,
3090 2439 3354 2529 possunt:
3382 2467 3520 2535 quia
3540 2473 3650 2525 ter-

1998 2530 2153 2585 renis
2172 2532 3157 2608 inhiantes,tempestatibussaaculi
3181 2552 3347 2619 quasi
3371 2530 3647 2614 fluctibus

2000 2620 2178 2715 maris
2209 2620 2686 2716 in-quietabantur
2709 2645 2720 2691 ;
2746 2631 2981 2699 gentilis
2999 2641 3191 2690 autem
3214 2642 3485 2713 populus,
3503 2662 3645 2716 quo-

1996 2706 2152 2762 niam
2178 2706 2341 2763 nulla
2368 2710 2422 2763 in
2440 2714 2768 2783 cognitione
2787 2718 2967 2775 Deum
2992 2706 3439 2796 recepit,merito
3465 2706 3645 2792 maris

1996 2796 2233 2852 nomine
2254 2799 2632 2870 designatur;
2666 2808 2821 2876 quod
2855 2810 3012 2881 dicit,
3046 2814 3424 2875 dominabitur
3442 2840 3475 2876 a
3494 2829 3645 2881 mari

1994 2901 2163 2955 usque
2191 2886 2266 2940 ad
2296 2905 2471 2959 mare,
2505 2891 2837 2964 incipiendo
2869 2915 2903 2952 a
2934 2899 3194 2972 flumine,
3231 2922 3395 2978 usque
3425 2912 3504 2965 (ut
3533 2916 3641 2968 ter-

1996 2990 2174 3028 mmos
2197 2976 2345 3029 orbis
2367 2985 2639 3035 terrarum
2662 2986 3047 3052 perveniendo
3073 3009 3084 3045 :
3107 2999 3247 3050 eteo
3275 2976 3633 3070 dominante,

1997 3060 2190 3117 Coram
2221 3065 2317 3119 illo
2350 3068 2634 3135 procident
2679 3074 2973 3146 zEthiopes,
3007 3078 3063 3133 id
3110 3088 3219 3148 est,
3252 3060 3647 3147 bumiliabun;

1996 3156 2093 3204 tur
2123 3151 2223 3222 qui
2247 3155 2407 3223 prius
2428 3157 2665 3214 fuerunt
2687 3166 2968 3220 teterrimi
2992 3168 3048 3222 in
3074 3175 3411 3246 moribus,et
3432 3180 3651 3241 inimici

2000 3240 2117 3306 ejus
2144 3244 2349 3295 terram
2380 3244 2606 3312 lingent.
2640 3264 2774 3305 eum
2824 3259 3152 3313 venerando
3201 3240 3505 3323 subaudis.
3539 3240 3645 3328 Vel

2001 3328 2217 3382 inimici
2247 3332 2384 3398 ejus,
2420 3332 2474 3386 id
2507 3340 2611 3401 est,
2645 3336 2919 3408 haeretici,
2945 3344 3162 3414 lingent
3189 3353 3417 3419 terram,
3453 3357 3508 3410 id
3533 3365 3642 3432 est,

2004 3414 2446 3472 delectabantur
2476 3420 2532 3475 in
2566 3428 2835 3495 terrenis,
2858 3435 3210 3491 assumendo
3242 3440 3353 3494 sibi
3385 3414 3643 3502 terreno:

2003 3521 2135 3558 rum
2167 3507 2570 3605 auctoritatem
2604 3514 2772 3569 utsic
2800 3519 3146 3577 confirment
3172 3525 3306 3583 aliis
3337 3533 3490 3601 quod
3514 3551 3643 3605 per-

2003 3610 2166 3648 verse
2216 3594 2591 3667 intelligendo
2621 3600 2679 3654 in
2730 3607 3035 3677 scripturis
3082 3594 3450 3686 acceperunt.
3483 3594 3648 3692 Reges

2006 3682 2235 3738 Tharsis
2257 3693 2307 3739 et
2336 3688 2554 3743 insula’.
2578 3689 2844 3749 Ostendit
2865 3698 3114 3766 qualiter
3136 3682 3330 3760 coram
3356 3707 3452 3762 illo
3474 3682 3650 3777 prtici-

2002 3772 2133 3827 dent
2160 3790 2335 3845 reges,
2372 3778 2649 3847 quoniam
2680 3798 2827 3853 reges
2858 3785 3069 3842 Tharsis
3100 3793 3151 3844 et
3184 3794 3377 3849 insulae
3416 3772 3648 3855 munera

2002 3863 2248 3931 oﬁerent.
2280 3864 2519 3921 Tharsis
2541 3867 2957 3941 interpretatur
2976 3879 3282 3948 exploratio
3306 3886 3519 3954 gaudii,
3545 3889 3646 3945 ubi

2007 3951 2411 4024 intelliguntur
2441 3956 2537 4026 qui
2565 3960 2846 4028 gaudium
2870 3980 3045 4020 suum
3078 3969 3134 4022 in
3168 3951 3413 4030 terrenis
3442 3951 3648 4049 expro-

2006 4039 2273 4106 brabant,
2307 4042 2407 4112 qui
2439 4045 2565 4113 jam
2598 4047 2732 4101 facti
2776 4067 2962 4122 reges,
2984 4070 3055 4110 se
3087 4057 3245 4129 ipsos
3295 4039 3562 4123 videlicet
3590 4073 3649 4124 et

2005 4316 2639 4390 sis,contemplalio,ubi
2671 4326 3079 4396 signiﬁcantur
3108 4336 3205 4404 qui
3230 4338 3482 4394 cmlestia
3507 4358 3644 4397 con-

2005 4404 2363 4476 templantur
2402 4413 2457 4462 et
2494 4415 2723 4468 terrena
2762 4416 3207 4477 obliviscuntur.
3254 4426 3644 4499 Contemplari

2005 4494 2157 4549 enim
2175 4495 2504 4566 pertinetad
2526 4501 3211 4573 futura,considerare,ad
3230 4494 3646 4581 praesentiain-

231 4593 345 4647 Sed
373 4593 516 4663 quia
537 4590 789 4663 populus
814 4589 913 4644 ille
933 4589 992 4643 in
1012 4589 1229 4644 duritia
1250 4593 1891 4661 permanens,divinum
1924 4580 1969 4643 D
1999 4583 2429 4640 δαῙιῈάίευοῐυῐ*
2449 4592 2635 4653 terra.
2658 4605 2724 4644 θο
2738 4594 2890 4661 quod
2909 4595 2965 4647 in
2991 4594 3114 4651 salo
3136 4580 3512 4671 suntpositaz.
3539 4605 3645 4662 Ubi

233 4697 356 4736 non
393 4679 599 4753 recipit
629 4679 956 4750 eloquium,
982 4679 1202 4733 factum
1234 4683 1321 4733 est
1342 4680 1494 4750 quod
1527 4682 1895 4752 signiﬁcatur

236 4785 343 4839 per
373 4768 560 4825 vellus
589 4769 813 4824 siccum
843 4772 899 4821 et
929 4784 1124 4822 aream
1149 4766 1530 4838 complutam.
1554 4770 1699 4825 Nam
1731 4771 1891 4827 abla-

236 4862 370 4913 tum
406 4865 496 4914 est
518 4858 781 4915 divinum
804 4856 1102 4927 eloquium
1126 4874 1159 4911 a
1187 4856 1424 4923 Judzeis,
1442 4863 1498 4912 et
1527 4859 1891 4932 divulgatum

234 4952 331 5002 est
363 4947 659 5018 gentibus,
691 4950 748 5001 et
794 4946 877 5000 sic
907 4951 995 5001 est
1026 4961 1159 5000 area
1206 4945 1521 5017 compluta,
1552 4949 1691 5017 quia
1742 4948 1893 5005 sicca

231 5036 509 5107 gentium
524 5036 701 5091 corda
718 5051 843 5089 rore
856 5034 1033 5088 divini
1059 5033 1265 5105 eloquii
1292 5040 1431 5089 sunt
1444 5036 1684 5108 irrigata
1708 5054 1719 5092 :
1737 5039 1891 5108 quod

238 5125 410 5195 dicit,
440 5125 731 5181 Descendet
759 5126 900 5179 sicut
928 5126 1120 5193 pluvia
1150 5128 1209 5177 in
1255 5125 1447 5187 vellus,
1479 5134 1529 5180 et
1555 5128 1695 5181 sicut
1722 5128 1890 5183 stilli-

233 5214 394 5269 cidia
419 5214 695 5269 stillantia
722 5229 887 5284 super
916 5217 1138 5269 terram.
1174 5213 1240 5267 Et
1270 5214 1408 5284 quid
1441 5214 1497 5267 in
1530 5215 1735 5271 diebus
1765 5218 1893 5288 ejus

236 5303 511 5358 futurum
544 5303 638 5367 sit,
672 5303 848 5358 dicit:
877 5302 1096 5357 Orietur
1126 5304 1187 5355 in
1216 5300 1404 5356 diebus
1423 5304 1538 5369 eius
1559 5306 1806 5374 justitiu,
1836 5306 1890 5360 id

232 5396 354 5458 est,
392 5392 534 5446 lides
566 5407 858 5461 quemque
880 5390 1233 5460 justilicans,
1259 5396 1315 5445 et
1342 5391 1687 5447 abundantia
1743 5396 1894 5463 pacis

233 5480 388 5551 quia
416 5497 523 5551 pax
553 5480 611 5535 in
639 5480 756 5535 illis
786 5480 995 5536 diebus
1021 5496 1133 5534 non
1157 5479 1526 5550 protenditur
1549 5482 1616 5535 ad
1651 5482 1891 5553 amicos,

232 5569 346 5623 sed
368 5567 541 5624 etiam
558 5569 847 5625 inimicos.
882 5567 1041 5624 Unde
1064 5568 1500 5631 istud,Audistis
1525 5572 1662 5639 quia
1687 5570 1892 5627 dictum

232 5662 320 5721 est
351 5660 597 5736 antiquis
630 5676 647 5717 :
676 5658 882 5735 Diliges
914 5657 1166 5719 amicum
1220 5662 1399 5729 tuum,
1427 5665 1482 5716 et
1508 5658 1634 5718 adio
1663 5660 1894 5721 habebis

2002 4671 2413 4745 intelliguntur
2440 4675 2729 4745 homines,
2755 4681 2854 4749 qui
2889 4699 2921 4735 a
2953 4682 3226 4741 fluctibus
3257 4691 3452 4746 saeculi
3476 4696 3646 4766 quasi

2002 4763 2257 4818 motione
2290 4766 2469 4820 maris
2500 4766 2864 4836 quatiuntur.
2889 4770 2957 4824 Hi
2982 4772 3124 4829 tales
3144 4776 3275 4832 facti
3304 4763 3562 4851 stabiles,
3587 4789 3645 4840 et

2003 4851 2059 4906 in
2098 4852 2258 4908 nullo
2278 4854 2688 4924 periclitantes,
2712 4858 2934 4928 offerent
2956 4878 3192 4919 munera
3207 4870 3468 4925 Domino.
3484 4874 3644 4942 Reges

2001 4940 2239 4995 Arabum
2270 4951 2319 4996 ct
2345 4944 2490 4998 Saba
2518 4943 2656 4999 dona
2691 4946 2978 5004 adducent.
3016 4955 3180 5021 Nota,
3205 4958 3342 5027 quia
3368 4958 3512 5013 nihil
3538 4940 3645 5016 ad-

2002 5030 2234 5084 ducitur
2277 5032 2391 5085 nisi
2422 5034 2575 5099 quod
2628 5036 2933 5091 ambulat:
2970 5040 3067 5094 ubi
3103 5045 3228 5111 jam
3278 5046 3643 5119 intelligitur,

2003 5129 2155 5197 quod
2182 5128 2237 5182 in
2269 5128 2474 5184 diebus
2498 5132 2626 5201 ejus
2643 5134 2713 5185 de
2745 5133 3118 5193 immolandis
3136 5140 3389 5197 victimis
3412 5162 3525 5200 non
3548 5146 3645 5202 da-

2002 5217 2161 5270 bitur
2182 5222 2660 5289 prmceptum,sed
2681 5222 2822 5276 dona
2844 5225 3111 5296 ista,quze
3127 5230 3640 5303 adducendasunt,

2005 5304 2271 5358 homines
2318 5305 2588 5360 videntur
2627 5308 2957 5379 significare
2997 5329 3144 5382 quos
3194 5315 3250 5369 in
3307 5320 3641 5377 societatem

2002 5394 2214 5449 Christi
2231 5394 2561 5449 etEcclesiee
2576 5413 2775 5467 regum
2792 5400 3641 5464 adducitauctoritas.Arabum

2004 5483 2418 5554 interpretatur
2435 5486 2753 5555 campestris
2765 5487 2848 5542 vel
2863 5490 3224 5560 humilis,ubi
3238 5493 3645 5568 intelliguntur

2002 5572 2247 5642 gentiles
2262 5573 2361 5642 qui
2376 5574 2409 5626 h
2422 5574 2669 5628 umiliati
2688 5576 2990 5632 interdona
3004 5579 3103 5634 Dei
3118 5585 3643 5653 reputantur.Saba

2001 5662 2419 5738 interpretatur
2465 5665 2706 5736 incensa,
2742 5666 2841 5731 ubi
2889 5665 3353 5745 interpretantur
3397 5673 3503 5754 illi,
3536 5676 3639 5759 qui
