4014 6194
352 340 471 399 515

915 332 1214 398 REMIGII
1261 329 2014 398 ANTISSIODORENSIS
2061 328 2231 393 OPP.
2282 329 2481 391 PARS
2525 329 2572 390 Ι.
2607 362 2682 371 -
2725 324 3190 389 EXEGETICA.

3635 321 3768 383 516

345 474 482 543 igne
513 470 690 525 divini
725 471 942 526 amoris
992 471 1404 537 incenduntur,
1434 472 1498 523 ut
1530 467 1684 523 inter
1713 468 1866 522 dona
1895 465 1992 521 Dei
2025 467 2078 532 Α
2109 465 2180 521 de
2212 464 2451 519 mundo.
2487 463 2647 519 Unde
2677 459 2818 516 illud
2854 478 2865 516 :
2900 461 3008 530 Ego
3038 475 3131 514 vos
3160 459 3301 530 elegi
3329 458 3400 512 de
3427 456 3677 520 mundo,
3701 448 3770 509 ut

345 559 939 632 computentur,quod
953 559 1271 628 dicit,reges
1285 559 1528 614 Arabum
1540 557 1735 613 etSaba
1746 556 1888 612 dona
1902 555 1993 611 ad-

348 651 560 706 ducent.
580 652 643 705 Et
662 653 722 705 ut
735 649 981 704 breviter
995 647 1798 715 includatur,adorabunteum
1810 661 1995 701 omnes

347 756 496 811 reges
525 746 706 803 terrm,
737 737 794 792 id
847 740 954 802 est,
990 753 1194 792 omnes
1233 736 1472 791 omnino
1506 752 1691 808 reges,
1725 740 1780 790 et
1809 751 1994 790 omnes

345 837 529 898 gentes
548 829 782 883 servient
808 828 876 881 ei.
903 829 966 879 Et
987 825 1214 890 merito,
1239 827 1366 897 quia
1386 824 1653 880 liberavit
1667 840 1991 895 pauperem,

348 923 585 990 peccata
615 915 882 970 videlicet
921 914 1219 970 humiliter
1247 916 1644 980 confitentem,
1679 931 1713 967 a
1754 917 1992 984 potente,

347 1014 404 1069 id
436 1020 544 1085 est,
579 1032 613 1069 a
641 1013 904 1086 principe
934 1018 1174 1068 terrenae
1194 1012 1518 1084 potestatis.
1546 1011 1612 1066 Et
1642 1026 1817 1082 quem
1852 1026 1991 1081 pau-

348 1119 542 1176 perem
576 1103 654 1159 sit
693 1103 1065 1168 liberaturus,
1100 1101 1426 1173 subjungit,
1461 1106 1518 1156 et
1564 1116 1864 1172 pauperem
1905 1100 1996 1153 cui

345 1209 450 1247 non
482 1196 600 1248 erat
629 1191 869 1263 adjutor,
899 1195 956 1246 et
986 1191 1153 1246 illum
1176 1191 1272 1261 qui
1299 1207 1415 1245 non
1448 1188 1751 1261 praesumit
1772 1187 1885 1242 sibi
1910 1203 1997 1241 sa-

345 1280 530 1336 lutem
553 1280 676 1336 dari
701 1281 770 1334 de
796 1279 1018 1336 meritis
1041 1280 1186 1349 suis,
1213 1278 1299 1334 vel
1321 1280 1390 1334 de
1412 1279 1594 1333 libero
1618 1276 1878 1342 arbitrio,
1908 1273 1994 1330 vel

349 1369 544 1440 aliquo
577 1369 842 1440 adjutore
873 1367 1005 1436 alio,
1041 1372 1276 1439 excepto
1303 1367 1565 1423 Domino.
1600 1366 1668 1420 Et
1701 1364 1994 1436 quomodo

348 1458 653 1514 liberabit?
681 1456 805 1512 Non
837 1458 1162 1513 secundum
1197 1457 1405 1511 merita
1433 1455 1694 1519 illorum,
1729 1454 1828 1509 sed
1870 1453 1994 1524 ipse

343 1550 529 1620 parret
567 1548 800 1618 pauperi
845 1551 894 1602 et
926 1548 1098 1618 inopi,
1132 1546 1188 1600 id
1223 1549 1330 1612 est,
1365 1548 1603 1616 peccata
1634 1541 1908 1614 pauperis
1937 1545 1996 1596 et

348 1637 538 1707 inopis
555 1653 666 1691 non
681 1635 1048 1706 reputabit,et
1061 1635 1144 1690 sic
1156 1637 1370 1690 animas
1380 1649 1690 1705 pauperum
1709 1632 1889 1686 salvas
1907 1631 1993 1698 fa-

344 1725 469 1779 ciet.
503 1724 573 1778 Et
603 1723 710 1777 hoc
737 1723 1029 1795 quomodo
1049 1723 1076 1776 ‘?
1100 1722 1456 1800 Redimendo
1473 1723 1694 1776 animas
1715 1736 1906 1775 eorum
1924 1735 1993 1774 ex

344 1813 528 1867 usuris
557 1815 609 1866 et
627 1813 937 1883 iniquitate,
957 1812 1026 1866 de
1058 1817 1290 1883 peccato
1320 1810 1555 1866 veniant
1578 1811 1635 1864 in
1661 1812 1987 1881 peccatum.
2025 1839 2071 1903 Β

346 1899 534 1956 Usura
545 1901 701 1956 enim
719 1901 1066 1972 est,quando
1087 1916 1155 1954 ex
1169 1903 1401 1971 peccato
1419 1897 1761 1970 praecedenti
1778 1896 1992 1968 aliquis

346 1992 713 2060 promeretur
731 1994 794 2044 ut
815 1989 1024 2043 iterum
1041 1993 1265 2060 peccet;
1289 1987 1374 2043 vel
1395 1987 1675 2058 iniquitas
1691 1990 1779 2040 est
1798 2001 1995 2057 pecca-

342 2085 467 2132 tum
489 2084 555 2133 -et
586 2095 765 2134 usura
795 2095 964 2150 pcena
996 2077 1233 2149 peccati.
1268 2080 1337 2131 Et
1370 2076 1576 2131 merito
1610 2091 1791 2130 usura
1822 2090 1993 2145 pcena

343 2167 560 2239 peccati
595 2173 684 2222 est
731 2165 1038 2239 appellata,
1075 2167 1214 2238 quia
1244 2165 1378 2238 plus
1427 2164 1562 2218 mali
1611 2163 1903 2219 invenitur
1932 2163 1989 2217 in

341 2255 644 2328 suppliciis
674 2272 850 2328 quam
883 2256 1264 2311 commissum
1297 2260 1384 2309 est
1412 2255 1471 2308 in
1509 2252 1782 2325 peccatis.
1817 2251 1992 2306 Verbi

344 2347 531 2418 gratia
564 2363 576 2401 :
609 2345 912 2401 Homicida
942 2361 1150 2415 corpus
1184 2343 1440 2398 hominis
1470 2345 1700 2398 tantum
1733 2339 1989 2412 perimit,

347 2435 554 2489 animae
585 2439 778 2490 autem
807 2433 952 2488 nihil
975 2449 1181 2489 nocere
1212 2436 1439 2504 potest:
1477 2431 1664 2503 ipsius
1695 2446 1906 2501 corpus
1937 2432 1995 2484 et

347 2521 542 2576 anima
571 2522 833 2592 perditur
863 2522 920 2575 in
953 2521 1238 2592 gehenna.
1264 2522 1504 2576 Redimet
1529 2537 1662 2591 ergo
1687 2536 1756 2574 ea:
1785 2519 1989 2583 usuris,

346 2608 684 2664 redimendo
699 2613 932 2679 peccata
945 2625 1070 2678 qua-3
1085 2608 1668 2679 debebantampliora
1682 2606 1989 2677 supplicia.

345 2704 590 2759 Redimet
614 2710 808 2760 autem
821 2706 890 2760 ab
918 2704 1224 2775 iniquitate
1245 2705 1334 2774 adj
1347 2705 1572 2759 uvando
1600 2720 1700 2774 per
1720 2703 1989 2774 gratiam,

348 2798 404 2850 et
434 2795 609 2848 etiam
641 2794 710 2848 ad
747 2792 1069 2849 faciendam
1096 2793 1411 2862 justitiam.
1446 2793 1508 2847 Et
1547 2790 1869 2847 honorabite
1893 2807 1992 2846 no-

347 2899 472 2940 men
499 2899 689 2939 eorum
708 2899 890 2938 coram
910 2883 1028 2949 illo,
1057 2888 1114 2938 et
1145 2881 1229 2936 sic
1251 2880 1690 2953 contemptibile
1715 2881 1772 2934 ﬁt
1796 2897 1990 2936 coram

351 2973 707 3028 hominibus.
763 2971 925 3027 Unde
975 2970 1112 3026 alibi
1175 2987 1186 3025 :
1251 2971 1466 3026 Etenim
1515 2969 1815 3027 haereditas
1870 2985 1992 3025 mea

343 3062 614 3134 praetura
641 3070 720 3116 est
767 3060 910 3115 mihi
940 3061 1110 3132 (Psal.
1144 3063 1256 3128 xv).
1291 3061 1355 3114 Et
1405 3062 1560 3115 vivet.
1596 3067 1647 3114 et
1691 3059 1821 3114 ideo
1853 3058 1992 3130 quia

345 3150 515 3219 vivet,
549 3150 776 3206 dabitur
823 3151 876 3204 ei
915 3150 980 3205 de
1007 3165 1143 3204 auro
1191 3150 1426 3217 Arabiae,
1458 3148 1515 3203 id
1548 3153 1654 3218 est,
1686 3149 1758 3203 de
1791 3147 1989 3219 praeci-

345 3239 479 3311 puis
504 3208 875 3310 sapientibus
919 3237 1282 3310 gentilitatis.
1315 3208 1538 3291 Aurum
1571 3208 1728 3292 enim
1759 3208 1990 3308 sapien-
2028 3208 2069 3273 θ

347 3330 489 3385 tiam
525 3332 702 3397 notat,
735 3331 792 3383 et
840 3327 1047 3382 Arabia
1095 3330 1314 3399 gentes.
1352 3326 1508 3382 Unde
1539 3326 1820 3396 scriptum
1855 3329 1942 3381 est
1973 3341 1986 3380 :

352 3427 608 3499 Accipite
631 3425 1001 3498 prudentiam
1014 3429 1069 3480 et
1089 3423 1432 3496 sapientiam
1448 3423 1600 3479 sicut
1621 3440 1830 3478 aurum
1861 3440 1983 3495 pro-

348 3519 554 3573 batum
585 3518 766 3584 (Prov.
798 3533 900 3572 v11:
930 3524 980 3570 et
1005 3519 1120 3580 xv1)
1156 3531 1169 3567 ε
1204 3514 1290 3568 vel
1325 3530 1533 3568 aurum
1579 3513 1792 3568 dicitur
1825 3512 1988 3584 quasi

350 3605 422 3662 ab
453 3622 617 3673 aura,
650 3605 804 3660 unde
835 3603 978 3676 [per]
1012 3620 1221 3658 aurum
1243 3601 1466 3657 Arabiae
1499 3601 1992 3673 Splendidissimae

342 3695 694 3751 intentiones
712 3693 975 3764 gentium
995 3692 1367 3747 denotantur.
1387 3691 1534 3744 Nota
1557 3707 1668 3744 non
1698 3689 1825 3744 sine
1851 3705 1993 3760 pon-

345 3785 481 3840 dere
509 3799 638 3839 esse
669 3782 823 3854 quod
847 3781 1013 3852 dicit,
1042 3780 1356 3851 vivet,quia
1385 3779 1455 3846 si,
1476 3779 1547 3833 de
1564 3795 1629 3833 eo
1652 3778 1805 3848 quod
1830 3793 1988 3832 com-

348 3873 604 3928 muniter
619 3872 810 3926 vivent
831 3869 1120 3940 homines,
1148 3869 1578 3934 diceretur,non
1601 3871 1756 3922 esset
1779 3881 1992 3937 magna

348 3977 526 4016 causa
555 3975 734 4030 quare
763 3959 815 4014 ei
845 3975 1053 4014 aurum
1079 3958 1301 4012 Arabia:
1331 3957 1588 4022 daretur,
1622 3959 1678 4009 et
1704 3954 1833 4009 ideo
1855 3969 1989 4008 cum

347 4047 603 4118 pondere
623 4045 1070 4118 intelligendum
1102 4052 1210 4117 est,
1224 4049 1387 4112 vivet,
1405 4045 1573 4117 quasi
1607 4043 1783 4110 dicat,
1799 4059 1927 4098 resu
1938 4060 1990 4096 r-

349 4150 494 4206 gens
515 4151 549 4189 a
570 4134 819 4188 mortuis
837 4143 949 4188 nun
972 4134 1227 4205 amplius
1250 4134 1593 4188 moriturus.
1613 4133 1811 4203 Neque
1833 4131 1990 4187 enim

349 4239 554 4280 omnes
566 4221 944 4294 vivimus,qui
967 4223 1317 4294 quandoque
1341 4222 1604 4277 morituri
1620 4238 1826 4277 sumus
1839 4226 1990 4276 exte-

347 4313 493 4380 rius,
525 4317 582 4370 et
611 4311 872 4384 quotidie
889 4328 991 4382 per
1020 4315 1257 4383 peccata
1286 4310 1572 4366 morimur
1601 4310 1867 4366 interius.
1889 4313 1991 4366 Se-

344 4402 544 4475 quitur
601 4419 614 4458 :
651 4403 714 4456 Et
752 4400 1053 4457 adorabunt
1101 4400 1164 4455 de
1194 4401 1309 4471 ipso
1337 4415 1566 4471 semper,
1601 4400 1656 4454 id
1689 4405 1797 4465 est,
1833 4398 1992 4455 omni

344 4497 624 4564 tempore,
645 4490 710 4546 tle
744 4490 950 4562 ipso,id
971 4495 1079 4557 est,
1103 4490 1174 4545 de
1203 4489 1388 4562 ipsius
1407 4505 1644 4560 corpore
1665 4488 1987 4561 implendo,

2103 556 2241 608 eatis
2284 556 2335 606 et
2382 554 2628 621 fructum
2658 552 2924 623 aﬁeratis,
2958 552 3010 604 et
3057 551 3270 618 fructus
3314 553 3490 602 vester
3539 547 3773 599 maneat

2103 647 2287 709 (Joan.
2321 643 2440 713 xv).
2474 641 2646 712 Super
2667 640 2936 695 Libanum
2963 641 3175 709 fructus
3205 635 3415 708 ejus,id
3447 639 3558 700 est,
3585 649 3772 705 super

2104 748 2338 787 omnem
2363 731 2672 786 candorem
2691 727 3051 784 saecularem.
3065 726 3322 782 Libanus
3340 725 3773 797 interpretatur

2102 821 2435 890 candidatio,
2468 819 2574 889 vel,
2597 822 2812 890 [ructus
2843 820 2980 887 ejus,
3009 816 3064 870 id
3097 819 3205 884 est,
3237 813 3494 870 charitas
3520 810 3768 868 extolle-

2103 912 2198 963 tur
2224 925 2388 979 super
2418 909 2708 963 Libanum.
2743 905 2905 960 Unde
2935 903 3078 958 illud
3100 901 3264 958 Pauli
3289 919 3303 957 :
3339 901 3526 957 Adhuc
3552 916 3767 973 super—

2103 997 2546 1053 eminentiorem
2569 997 2720 1050 viam
2751 994 2897 1050 vobis
2920 993 3232 1048 demonstro
3264 992 3314 1062 (Ι
3347 991 3467 1046 Cor.
3499 990 3626 1061 xu).
3644 989 3765 1044 Hoc

2103 1085 2259 1141 enim
2291 1086 2349 1141 in
2367 1086 2551 1158 primo
2569 1084 2802 1156 ponitur
2815 1099 3127 1138 munerum
3157 1079 3625 1147 divinorum,ubi
3643 1079 3759 1132 ait:

2102 1177 2334 1230 Fructus
2361 1179 2547 1229 autem
2572 1175 2806 1246 spiritus
2834 1176 2916 1226 est
2943 1171 3194 1226 charitas
3224 1168 3366 1241 (Gal.
3399 1169 3478 1238 v).
3509 1168 3577 1222 Et
3594 1169 3765 1238 ﬂore-

2104 1264 2234 1318 bunt
2261 1263 2324 1318 de
2351 1265 2570 1319 civitate
2590 1264 2729 1318 sicut
2746 1267 2938 1333 fenum
2963 1269 3138 1316 terras.
3160 1258 3447 1322 Quoniam
3479 1255 3758 1312 absolute

2104 1351 2358 1425 positum
2390 1356 2497 1417 est,
2528 1351 2593 1406 de
2619 1351 2862 1419 civitate,
2893 1348 3293 1420 intelligamus
3323 1346 3618 1402 civitatem
3654 1344 3755 1401 Dei

2103 1440 2190 1496 vel
2228 1441 2578 1496 Jerusalem.
2613 1440 2672 1495 Si
2703 1443 2898 1495 autem
2948 1438 3238 1494 civitatem
3272 1435 3371 1491 Dei
3405 1435 3758 1506 accipimus,

2104 1530 2302 1585 fenum
2336 1529 2503 1601 quasi
2529 1529 2788 1585 triticum
2817 1528 3194 1599 accipiemus.
3223 1525 3382 1582 Unde
3410 1525 3469 1580 in
3505 1523 3716 1580 Genesi
3741 1540 3756 1578 :

2104 1619 2393 1674 Producat
2415 1623 2568 1674 terra
2588 1617 2813 1690 lignum
2829 1621 2886 1672 et
2908 1632 3081 1670 omne
3105 1615 3301 1670 fenum
3317 1629 3490 1669 suum
3513 1611 3670 1679 (Gen.
3695 1613 3759 1683 I).

2103 1708 2226 1763 Non
2260 1711 2457 1764 fenum
2493 1708 2710 1763 siccum
2737 1705 2828 1761 hic
2859 1703 3265 1777 accipiendum
3299 1707 3406 1772 est,
3431 1702 3533 1757 sed
3553 1701 3763 1756 fenum

2102 1797 2283 1851 viride
2312 1796 2480 1868 quasi
2506 1797 2865 1852 frumentum
2891 1792 3270 1850 fructiﬁcans.
3294 1791 3397 1847 Vel
3416 1790 3586 1846 aliter
3607 1791 3768 1847 :Flo-

2103 1885 2299 1940 rebunt
2337 1886 2402 1940 de
2437 1886 2664 1939 civitate
2690 1901 2812 1951 sua,
2837 1882 3124 1938 subaudis
3152 1881 3306 1938 sicut
3337 1881 3538 1936 fenum
3569 1883 3759 1948 terra,

2103 1975 2258 2044 quod
2276 1973 2447 2028 hodie
2459 1977 2548 2028 est
2563 1978 2761 2029 etcras
2778 1973 2835 2027 in
2848 1972 3144 2027 clibanum
3162 1969 3638 2041 mittitur(Matth.
3655 1970 3758 2039 Ix).

2104 2064 2184 2118 Ex
2215 2063 2430 2135 quibus
2482 2063 2757 2118 omnibus
2806 2078 2937 2133 qua:
2967 2061 3123 2116 dicta
3169 2064 3312 2116 sunt
3343 2059 3639 2131 superius,
3674 2059 3753 2114 sit

2102 2168 2299 2208 nomen
2343 2153 2457 2223 ejus
2510 2151 2868 2217 benedictum,
2925 2151 2981 2204 id
3030 2154 3138 2216 est,
3186 2147 3648 2220 multiplicatum
3697 2151 3760 2203 in

2102 2239 2394 2308 sazculajd
2413 2241 2786 2312 est,quandiu
2805 2239 3113 2294 volvuntur
3132 2243 3418 2310 tempora.
3438 2237 3504 2292 Et
3526 2237 3757 2304 merito,

2105 2330 2242 2402 quia
2274 2337 2401 2384 ante
2450 2330 2639 2396 solem,
2675 2329 2729 2382 id
2785 2332 2893 2397 est,
2926 2332 3059 2383 ante
3089 2341 3326 2382 omnem
3375 2323 3759 2398 temporalem

2106 2418 2575 2490 dispositionem,
2605 2423 2887 2486 permanet
2917 2431 3123 2493 nomen
3144 2417 3280 2483 eius,
3312 2420 3370 2470 et
3398 2417 3458 2470 in
3487 2416 3633 2486 ipso,
3666 2431 3763 2471 su-

2105 2507 2315 2562 baudis
2341 2507 2594 2573 nomine,
2611 2505 2991 2562 benedicentur
3007 2520 3188 2560 omnes
3209 2504 3391 2559 tribus
3412 2509 3604 2575 terrae,
3623 2504 3764 2576 quia

2106 2613 2297 2651 omnes
2343 2601 2525 2664 gentes
2575 2595 3007 2666 magniﬁcabunt
3057 2610 3201 2650 eum.
3235 2592 3400 2648 Unde
3451 2593 3763 2649 benedictus

2104 2687 2370 2740 Dominus
2401 2687 2541 2740 Deus
2572 2687 2762 2754 Israel,
2794 2686 2890 2758 qui
2914 2684 3057 2753 facit
3087 2683 3384 2738 mirabilia
3413 2683 3562 2739 solus
3582 2699 3764 2756 perse

2104 2779 2160 2830 et
2191 2791 2292 2846 per
2329 2791 2488 2844 suos,
2519 2783 2569 2829 et
2618 2775 2961 2830 benedictum
2983 2772 3059 2827 sit
3088 2788 3288 2827 nomen
3307 2775 3616 2845 majestaiis
3643 2774 3764 2844 ejus

2099 2866 2162 2919 in
2190 2869 2474 2928 wternum,
2507 2863 2564 2917 id
2595 2867 2703 2927 est,
2729 2862 3000 2918 divinitas
3029 2861 3157 2932 ejus
3190 2860 3614 2933 multiplicetur
3635 2879 3754 2918 non

2104 2955 2163 3010 in
2195 2969 2278 3018 se,
2308 2953 2408 3008 sed
2437 2953 2492 3006 in
2517 2951 2845 3023 cognitione
2874 2950 3375 3013 hominum.0uod
3400 2955 3456 3004 et
3477 2950 3753 3006 futurum

2101 3045 2208 3107 est,
2241 3041 2379 3113 quia
2421 3041 2722 3112 replebitur
2773 3041 3055 3109 majestate
3083 3040 3197 3112 ejus
3221 3039 3392 3094 omnis
3420 3042 3590 3093 terra.
3625 3041 3758 3095 Fiat

2102 3132 2222 3186 haec
2238 3129 2644 3203 multiplicatio
2660 3129 2715 3184 in
2732 3129 2908 3201 priori
2926 3129 3326 3201 populo,ﬁatet
3339 3127 3394 3181 in
3408 3126 3746 3199 posteriori.

2637 3253 2961 3310 PSALMUS
3006 3253 3216 3309 LXXII.

2104 3361 2473 3401 DEFECERUNT
2494 3361 2677 3399 HYMNI
2711 3359 2879 3399 DAVID
2902 3360 3034 3398 FILII
3049 3359 3235 3409 JESSE,
3262 3358 3518 3397 PSALMUS
3539 3357 3750 3397 ASAPH.

2176 3458 2202 3484 ‹‹
2230 3436 2413 3499 Quam
2429 3435 2619 3489 bonus
2640 3432 2813 3488 Israel
2828 3432 3084 3488 Deusbis
3106 3433 3206 3504 qui
3221 3436 3375 3487 recto
3389 3435 3527 3486 sunt
3547 3431 3753 3486 cordel

2104 3548 2130 3574 ‹‹
2176 3524 2284 3580 Mei
2317 3528 2512 3579 autem
2535 3538 2680 3594 pene
2713 3522 2852 3577 moti
2871 3524 3012 3576 sunt
3035 3521 3232 3593 pedes,
3251 3537 3394 3592 pene
3421 3519 3591 3575 effusi
3615 3523 3762 3574 sunt

2104 3635 2130 3662 ‹‹
2165 3628 2402 3683 gressus
2429 3612 2560 3664 mei.
2578 3609 2722 3673 Quia
2737 3608 2914 3666 zelavi
2939 3607 3608 3680 superiniquos,pacem
3630 3623 3760 3679 pee-

2103 3724 2130 3749 ‹‹
2165 3705 2428 3754 catorum
2459 3697 2850 3763 videns.Quia
2872 3714 2986 3752 non
3017 3701 3107 3752 est
3139 3702 3438 3768 respectus
3463 3695 3636 3751 morti
3657 3712 3752 3751 eo-

2105 3811 2131 3838 ‹‹
2165 3794 2381 3855 rum,et
2397 3787 2835 3842 firmamentum
2853 3788 2910 3841 in
2927 3785 3336 3859 plagaeorum.
3356 3785 3419 3840 In
3445 3785 3643 3840 labore
3655 3785 3756 3840 ho-

2106 3899 2133 3926 «
2167 3877 2392 3931 minum
2418 3892 2532 3930 non
2563 3880 2720 3942 sunt,
2737 3878 2795 3931 et
2815 3891 2948 3930 cum
2980 3874 3319 3932 hominibus
3351 3891 3466 3929 non
3493 3872 3751 3946 ﬂagella-

2101 3991 2129 4017 «
2166 3967 2402 4021 buntur.
2421 3965 2551 4021 Ideo
2567 3965 2863 4020 tenuiteos
2877 3964 3361 4036 superbia,operti
3383 3968 3526 4019 sunt
3542 3962 3757 4034 iniqui-

2101 4079 2130 4107 «
2157 4051 3196 4127 tateetimpietatesua.Prodiitquasi
3210 4069 3277 4108 ex
3290 4051 3757 4124 adipeiniquitas

2106 4170 2126 4195 ι
2163 4161 2388 4216 eorum,
2419 4143 2780 4198 transierunt
2807 4142 2862 4196 in
2901 4142 3172 4198 allectum
3203 4141 3414 4197 cordis.
3447 4141 3758 4213 Cogitave-

2107 4257 2126 4284 ι
2157 4232 2547 4288 runtetlocuti
2564 4229 3508 4302 suntnequitiam;iniquitatemin
3527 4229 3758 4286 excelso

2105 4345 2132 4372 ‹‹
2163 4322 2341 4378 locuti
2370 4326 2528 4377 sunt.
2565 4323 2892 4376 Posuerunt
2913 4320 2968 4374 in
3001 4318 3213 4375 ccelum
3244 4335 3308 4376 os
3340 4335 3536 4388 suum,
3561 4323 3621 4373 et
3644 4317 3759 4373 lin-

2103 4433 2131 4460 ‹‹
2165 4428 2281 4484 gua
2329 4427 2528 4467 eorum
2578 4409 2853 4466 transivit
2890 4409 2950 4463 in
2998 4415 3171 4465 terra.
3207 4409 3337 4465 Ideo
3386 4411 3760 4464 convertatur

2103 4525 2130 4551 ‹‹
2166 4500 2419 4573 populus
2450 4516 2614 4556 meus
2636 4499 2748 4570 hic,
2765 4503 2822 4555 et
2841 4498 2967 4554 dies
2984 4498 3140 4570 pleni
3166 4497 3538 4554 invenientur
3560 4496 3618 4551 in
3647 4495 3755 4552 eis.

344 4585 413 4636 ut
443 4580 708 4636 membra
727 4581 855 4651 ejus
887 4579 1156 4635 videlicet
1181 4577 1663 4650 multiplicentur,
1695 4583 1752 4633 et
1782 4579 1865 4633 sic
1886 4585 1991 4633 tota

2111 4613 2132 4640 ι
2169 4591 2234 4645 Et
2256 4590 2529 4645 dixerunt
2553 4607 2564 4644 :
2595 4588 2891 4652 Quomodo
2914 4587 3026 4643 scit
3045 4587 3220 4656 Deus,
3245 4591 3303 4643 et
3321 4586 3367 4642 si
3396 4590 3486 4642 est
3506 4585 3760 4642 scientia

343 4668 433 4725 die
465 4669 781 4725 benedicent
809 4670 863 4726 ei
886 4689 903 4724 :
936 4669 1022 4725 vel
1053 4669 1305 4725 orabunt
1334 4667 1399 4722 de
1451 4668 1567 4739 ipso
1596 4682 1807 4737 semper
1835 4665 1988 4721 acci-

346 4756 572 4829 pientes
591 4758 926 4829 quodorant
945 4758 1033 4814 vel
1054 4764 1290 4830 propter
1306 4757 1498 4828 ipsum
1516 4756 1988 4828 promerendum.

347 4856 417 4911 Et
447 4853 554 4910 hoc
589 4855 818 4918 merito,
842 4855 980 4925 quia
1010 4855 1136 4926 ipse
1161 4858 1265 4910 erit
1293 4854 1704 4923 ﬁrmamentum
1734 4855 1790 4907 in
1823 4861 1992 4922 terra,

347 4943 448 5000 ubi
478 4943 640 4999 nulla
671 4942 970 4998 ﬁrmitudo
1012 4943 1121 4998 fuit
1149 4949 1282 4999 ante
1330 4959 1484 4999 eum.
1516 4942 1642 5013 Ipse
1673 4947 1867 4996 autem
1899 4958 1993 4997 ve-

349 5033 537 5104 niens,
569 5030 848 5088 stabilivit
875 5047 973 5087 eos
995 5030 1053 5086 in
1087 5032 1351 5087 doctrina
1379 5030 1574 5087 stabili
1606 5037 1663 5086 et
1692 5047 1992 5103 nunquam

349 5123 652 5178 mutanda.
685 5119 848 5176 Unde
879 5120 1095 5176 Paulus
1121 5137 1133 5175 :
1158 5121 1213 5174 Si
1245 5121 1511 5192 quis,ait,
1527 5120 1676 5175 vobis
1705 5120 1993 5193 evangeli-

344 5211 494 5267 zavit
517 5219 724 5283 praeter
751 5211 805 5265 id
835 5209 978 5283 quod
1007 5209 1311 5282 accepistis
1334 5226 1366 5264 a
1397 5210 1586 5281 nobis,
1604 5210 1901 5265 anathema
1924 5212 1997 5266 sit

347 5300 487 5373 (Gal.
510 5301 570 5372 ι).
588 5299 716 5371 Ipse
737 5301 911 5356 etiam
938 5303 1045 5356 erit
1066 5301 1476 5370 ﬁrmamentum
1506 5301 1565 5354 in
1585 5301 1813 5354 summis
1834 5315 1994 5354 mon-

348 5389 662 5461 tium,quia
693 5390 752 5445 in
775 5407 841 5445 eo
873 5390 1327 5462 complebuntur
1356 5389 1551 5445 omnia
1566 5390 1721 5445 dicta
1740 5395 1797 5445 et
1821 5389 1992 5458 facta,

348 5496 474 5551 quae
526 5495 628 5550 per
655 5495 897 5536 summos
938 5483 1166 5547 montes,
1203 5479 1260 5534 id
1295 5485 1402 5547 est,
1439 5495 1540 5550 per
1589 5478 1901 5551 prophetas
1941 5483 1997 5534 et

347 5567 709 5639 patriarchas
731 5568 981 5625 revelata
1003 5572 1142 5625 sunt
1159 5585 1171 5623 :
1189 5569 1647 5641 superextollctur
1664 5585 1828 5641 super
1839 5569 1996 5624 Liba-

351 5671 486 5712 num
507 5657 721 5728 fructus
740 5659 874 5732 ejus,
899 5657 983 5715 illi
1005 5656 1290 5730 videlicet,
1306 5673 1452 5730 quos
1471 5657 1634 5733 eligit
1653 5658 1764 5718 sibi
1785 5660 1998 5732 fructus

2107 4703 2130 4726 α
2168 4680 2224 4734 in
2247 4677 2474 4734 excelso
2498 4678 2524 4732 ?
2558 4677 2696 4733 Ecce
2717 4676 2826 4749 ipsi
2862 4681 3190 4749 peccatores
3212 4680 3268 4732 et
3297 4675 3669 4731 abundantes
3694 4673 3757 4728 in

2103 4792 2132 4819 «
2165 4766 2378 4824 saeculo
2421 4767 2795 4822 obtinuerunt
2830 4765 3079 4821 divitias.
3138 4765 3205 4819 Et
3235 4763 3351 4819 dixi
3383 4781 3396 4818 :
3432 4763 3581 4834 Ergo
3631 4762 3760 4819 sine

2109 4882 2130 4908 ι
2167 4855 2679 4928 causajustilicavi
2703 4872 2801 4910 cor
2821 4871 3040 4925 meum,
3068 4859 3125 4910 et
3145 4852 3260 4910 lavi
3290 4854 3437 4909 inter
3465 4851 3782 4907 innoceo.-

2104 4970 2132 4997 ‹‹
2165 4952 2253 5002 tes
2283 4963 2496 5002 manus
2545 4961 2742 5011 meas;
2778 4933 2846 4999 iet
2877 4943 2959 4999 fui
3004 4942 3332 5016 ﬂagellatus
3379 4945 3502 4998 tota
3553 4941 3669 5011 die,
3697 4944 3761 4996 et

2103 5059 2130 5086 «
2164 5034 2467 5106 castigatio
2501 5051 2628 5089 mea
2651 5032 2708 5087 in
2743 5032 3145 5088 matutinis.Si
3177 5029 3758 5088 dicebamzNarrabo

2107 5149 2134 5176 «
2166 5125 2270 5191 sic,
2305 5140 2435 5180 ecce
2483 5123 2776 5178 nationem
2832 5121 3085 5177 filiorum
3139 5125 3373 5176 tuorum
3427 5117 3758 5191 reprobavi.

2105 5238 2130 5262 ‹‹
2168 5213 2587 5268 Existimabam
2623 5216 2683 5266 ut
2713 5226 3120 5282 cognoscerem
3153 5209 3284 5274 hoc,
3309 5207 3476 5263 labor
3505 5213 3597 5264 est
3626 5211 3762 5264 ante

2105 5327 2133 5354 «
2167 5317 2259 5358 me
2293 5319 2306 5356 :
2343 5302 2523 5356 donec
2555 5299 2765 5354 intrem
2797 5299 2855 5352 in
2896 5298 3298 5354 sanctuarium
3331 5296 3455 5367 Dei,
3487 5301 3549 5352 et
3579 5293 3760 5352 intel-

2104 5415 2133 5441 ‹‹
2165 5392 2343 5464 ligam
2368 5391 2427 5444 in
2455 5387 2792 5444 novissimis
2823 5403 3045 5443 eorum.
3072 5390 3488 5442 Verumtamen
3518 5389 3763 5457 prepter

2105 5504 2133 5532 «
2168 5481 2332 5537 dolos
2355 5476 2604 5552 posuisti
2626 5477 2711 5533 eis
2733 5496 2748 5544 ;
2783 5475 3045 5547 dejecisti
3069 5492 3168 5532 eos
3197 5475 3339 5531 dum
3368 5474 3762 5531 allevarentur

2106 5595 2131 5620 ‹‹
2167 5568 2468 5633 Quomodo
2501 5566 2635 5622 facti
2657 5569 2796 5622 sunt
2825 5566 2883 5620 in
2915 5562 3576 5634 desolationem,subito
3605 5563 3760 5619 defe-

2109 5681 2138 5714 «
2167 5661 2392 5727 cerunt,
2408 5656 2701 5731 perierunt
2723 5657 2959 5730 propter
2978 5653 3348 5730 iniquitatem
3373 5669 3570 5720 suam.
3588 5651 3765 5719 Velut
