4014 6194
276 332 393 400 51⁵7

1394 336 2001 405 ENARRATIONES
2050 338 2125 401 IN
2171 338 2553 405 PSALMOS.

3561 343 3680 404 518

284 493 304 520 α
342 472 637 529 somnium
692 475 1082 549 surgentium,
1132 474 1396 539 Domine,
1454 476 1512 530 in
1563 475 1792 530 civitate
1822 480 1923 531 tua
1955 476 2003 540 Α
2038 477 2140 535 tes,
2190 476 2481 544 quatenus
2527 477 2757 529 cessent
2786 490 2819 528 a
2848 471 3332 540 murmuratione,
3385 478 3439 527 et
3493 477 3680 547 magis

284 583 305 607 α
343 559 659 634 imaginem
694 563 954 636 ipsorum
990 564 1057 619 ad
1092 561 1343 618 nihilum
1377 564 1625 636 rcdiges.
1660 564 1804 629 Quia
1837 564 1924 618 in-

280 668 303 695 «
340 649 709 706 ﬂammatum
741 657 830 707 est
869 669 967 708 cor
1016 668 1234 720 meum,
1286 657 1343 708 et
1388 668 1558 708 renes
1607 653 1719 707 mei
1768 669 1926 707 com-

282 759 303 785 ο
342 739 551 793 mutati
583 745 757 806 sunt;
792 746 847 796 et
877 758 983 814 ego
1013 742 1083 797 ad
1117 741 1367 796 nihilum
1402 742 1674 797 redactus
1695 758 1849 806 sum,
1872 746 1929 796 et

283 846 306 873 ι
340 828 575 883 nescivi.
612 828 685 884 Ut
706 830 1045 900 jumentum
1081 831 1265 885 factus
1298 847 1426 885 sum
1463 832 1617 901 apud
1645 835 1717 895 te,
1746 834 1801 885 et
1822 847 1926 902 ego

282 934 305 963 ι
341 933 571 989 semper
591 921 806 973 tecum.
828 918 1095 975 Tenuisti
1120 936 1357 974 manum
1383 919 1678 974 dexteram
1704 936 1925 987 meam;

283 1024 305 1051 ι
339 1009 397 1060 et
418 1004 475 1060 in
502 1005 798 1062 voluntate
820 1011 921 1063 tua
941 1008 1232 1063 deduxisti
1257 1024 1368 1075 me,
1394 1012 1603 1062 etcum
1623 1006 1811 1079 gloria
1828 1024 1923 1063 su-

281 1116 303 1141 ι
340 1094 724 1166 scepisti-me.
760 1095 905 1161 Quid
939 1097 1093 1151 enim
1127 1096 1271 1151 mihi
1296 1101 1384 1151 est
1416 1096 1473 1150 in
1505 1095 1693 1151 caelo?
1724 1101 1782 1151 et
1810 1113 1844 1150 a
1872 1101 1927 1151 te

284 1202 307 1229 α
346 1182 487 1254 quid
513 1182 669 1239 volui
696 1201 874 1257 super
903 1188 1160 1241 terram?
1185 1185 1399 1240 Defecit
1428 1201 1560 1240 caro
1590 1201 1720 1240 mea
1745 1189 1801 1240 et
1832 1201 1930 1240 cor

282 1294 304 1321 ι
344 1288 539 1327 meum
572 1289 585 1327 :
642 1274 789 1329 Deus
844 1274 1038 1329 cordis
1086 1273 1223 1337 mei,
1272 1278 1328 1329 et
1360 1290 1494 1345 pars
1526 1289 1656 1329 mea
1686 1274 1837 1329 Deus
1870 1274 1927 1329 in

286 1382 314 1413 α
342 1366 645 1417 ωερε-ωιτη.
675 1361 822 1425 Quia
851 1378 981 1418 ecce
1012 1364 1111 1435 qui
1142 1362 1417 1435 elongant
1448 1381 1481 1417 a
1510 1366 1587 1430 te,
1622 1363 1925 1434 peribunt:

284 1469 311 1500 κ
344 1449 651 1521 perdidisti
684 1466 888 1506 omnes
919 1450 1018 1522 qui
1054 1451 1414 1506 fornicantur
1434 1451 1540 1507 abs
1562 1456 1638 1506 te.
1671 1451 1807 1506 Mihi
1831 1468 1930 1508 au-

287 1558 308 1585 ι
340 1543 458 1593 tem
490 1536 786 1593 adhaarere
810 1538 925 1594 Deo
951 1540 1169 1594 bonum
1201 1545 1326 1607 est;
1361 1556 1578 1612 ponere
1602 1539 1659 1594 in
1688 1539 1929 1596 Domino

285 1650 305 1676 ι
346 1627 461 1683 Deo
493 1644 658 1700 spem
690 1644 881 1683 meam
908 1646 921 1683 :
957 1632 1022 1683 ut
1051 1629 1397 1685 annuntiem
1428 1645 1632 1685 omnes
1656 1629 1929 1699 pradica-

286 1739 307 1765 ι
343 1715 529 1773 tiones
558 1721 692 1773 tuas
723 1716 782 1772 in
814 1717 999 1789 portis
1034 1717 1162 1772 ﬁliae
1194 1717 1353 1773 Sion.
1383 1742 1404 1768 ι

910 1844 1170 1898 ENARRA
1183 1844 1304 1899 T10.

356 1932 480 1987 Non
532 1932 746 1988 frustra
798 1932 857 1987 in
916 1932 1024 1988 hoc
1082 1932 1254 1988 titulo
1314 1932 1493 1988 David
1555 1932 1712 1989 illius
1767 1933 1934 1988 Jesse

286 2019 520 2091 dicitur,
554 2037 689 2075 cum
720 2020 1054 2092 superiores
1104 2021 1311 2091 psalmi
1362 2020 1643 2076 intitulati
1675 2022 1794 2077 sint
1824 2038 1931 2076 no-

289 2109 445 2165 mine
466 2109 668 2177 David,
694 2110 793 2165 sed
822 2109 948 2164 sine
970 2110 1523 2166 commemoratione
1546 2111 1749 2183 patris.
1770 2112 1931 2177 Quod

290 2200 486 2250 autem
517 2195 609 2251 hic
641 2196 800 2267 ponit
829 2197 1008 2261 Jesse,
1044 2197 1143 2268 qui
1177 2197 1287 2252 fuit
1318 2202 1482 2268 pater
1517 2199 1688 2253 David
1721 2215 1933 2254 secun-

291 2284 435 2338 dum
488 2301 743 2351 carnem,
798 2285 857 2339 in
909 2285 1017 2340 hoc
1059 2286 1289 2341 videtur
1320 2292 1519 2342 notare
1549 2288 1835 2359 quosdam
1869 2304 1937 2343 ex

287 2372 427 2427 filiis
482 2373 655 2429 Israel
689 2374 1000 2429 carnaliter
1029 2375 1326 2446 sapientes
1358 2380 1414 2430 et
1461 2376 1709 2432 terrenis
1740 2376 1935 2431 adhae-

284 2465 500 2516 rentes.
536 2462 684 2517 Nota
713 2467 802 2518 est
833 2463 988 2518 enim
1022 2462 1288 2529 historia,
1341 2462 1593 2535 qualiter
1625 2465 1728 2519 lilii
1762 2464 1935 2520 Israel

286 2549 485 2605 divina
517 2551 777 2622 potentia
812 2569 911 2623 per
942 2569 1100 2607 mare
1131 2552 1393 2608 Rubrum
1426 2554 1585 2608 ducti
1618 2559 1777 2621 sunt,
1803 2570 1935 2609 cum

288 2638 487 2694 hostes
518 2638 896 2710 insequentes
928 2641 1219 2696 submersi
1250 2647 1388 2696 sunt
1427 2642 1619 2713 (Exod.
1655 2647 1789 2711 xw).
1823 2642 1935 2698 No-

289 2733 417 2783 tum
450 2732 540 2783 est
568 2727 744 2782 etiam
777 2728 1031 2799 qualiter
1061 2746 1163 2800 per
1193 2729 1411 2785 multos
1443 2746 1628 2784 annos
1661 2730 1811 2785 idem
1842 2746 1939 2802 po-

290 2816 465 2888 pulus
486 2833 589 2889 per
609 2816 904 2872 desertum
930 2818 1227 2883 erraverit,
1262 2818 1455 2890 Moyse
1486 2818 1765 2873 existente
1791 2820 1937 2874 duce

292 2912 349 2961 et
372 2912 584 2961 Aaron.
605 2904 748 2961 Huic
771 2905 985 2978 populo
1008 2907 1167 2960 facta:
1190 2910 1330 2960 sunt
1350 2907 1767 2977 promissiones
1792 2907 1937 2962 mul-

293 3000 362 3049 ta:
393 3012 405 3048 :
443 2994 733 3066 promissa
755 3000 842 3050 est
860 2995 1016 3049 enim
1042 2994 1127 3049 eis
1156 2999 1308 3050 terra
1330 2994 1625 3066 Chanaan,
1651 2996 1938 3067 subjectio

296 3083 694 3149 inimicorum,
730 3082 1057 3138 fecunditas
1091 3100 1362 3151 uxorum,
1419 3083 1697 3155 filiorum,
1754 3084 1940 3140 honor

294 3171 613 3227 saecularis.
636 3175 765 3226 Haec
788 3172 985 3227 omnia
1007 3176 1348 3244 receperunt
1378 3177 1433 3226 et
1464 3190 1566 3244 pro
1591 3190 1803 3244 magno
1834 3173 1935 3227 ha-

293 3262 569 3328 buerunt,
623 3265 679 3317 et
725 3260 981 3332 plurima
1023 3278 1159 3332 pars
1188 3278 1387 3315 eorum
1424 3266 1535 3315 Deo
1564 3262 1936 3316 serviendum

292 3367 424 3407 esse
455 3366 557 3423 pro
590 3349 834 3406 terrenis
862 3348 1179 3417 intellexit;
1217 3349 1316 3403 sed
1350 3349 1656 3415 Dominus,
1691 3349 1789 3419 qui
1820 3348 1941 3404 hzec

295 3439 497 3495 omnia
544 3439 627 3495 eis
677 3440 994 3505 concessit,
1051 3455 1163 3493 non
1198 3442 1264 3492 ut
1294 3438 1351 3491 in
1382 3437 1512 3493 istis
1543 3442 1941 3505 remanerent,

294 3529 397 3585 sed
433 3533 499 3584 ut
528 3544 629 3601 per
657 3528 779 3584 haec
812 3528 926 3601 alia
956 3528 1154 3582 futura
1183 3527 1504 3594 crederent,
1539 3526 1831 3581 subtraxit
1862 3526 1946 3581 eis

296 3619 451 3673 bona
510 3616 875 3689 temporalia,
938 3622 1001 3671 ut
1048 3615 1135 3671 vel
1186 3616 1269 3671 sic
1316 3616 1685 3671 addiscerent
1716 3616 1946 3670 azternis

297 3708 613 3763 adherere.
668 3705 924 3778 P0pulus
981 3711 1197 3773 autem,
1252 3706 1439 3777 magis
1478 3710 1688 3777 optans
1718 3713 1948 3759 terrena

299 3812 479 3869 quam
513 3795 786 3866 caelestia,
818 3812 886 3850 ea
917 3812 1043 3866 qua:
1076 3794 1430 3864 viderentur,
1480 3810 1655 3865 quam
1707 3811 1775 3849 ea
1820 3810 1947 3865 quas

300 3902 418 3941 non
448 3885 803 3947 viderentur,
858 3900 991 3938 cum
1036 3882 1277 3938 vidisset
1306 3883 1457 3954 quod
1492 3883 1602 3938 sibi
1636 3883 1948 3938 subtrahe-

300 3978 525 4039 rentur,
575 3978 629 4028 et
660 3972 931 4045 gentibus
960 3973 1258 4037 darentur,
1313 3972 1719 4027 murmurabat
1749 3976 1951 4027 contra

303 4064 641 4132 Dominum,
667 4062 945 4132 quoniam
978 4065 1180 4132 gentes
1211 4061 1397 4116 Deum
1430 4078 1543 4115 non
1577 4060 1836 4116 colentes
1868 4076 1951 4116 re-

302 4152 568 4224 ciperent
599 4152 749 4206 bona
778 4149 1142 4220 temporalia,
1167 4153 1223 4205 et
1249 4150 1305 4203 in
1342 4149 1614 4205 omnibus
1648 4166 1951 4221 prospera-

304 4244 511 4296 rentur
544 4257 556 4296 :
603 4238 685 4294 illi
719 4244 911 4294 autem
944 4239 1042 4309 qui
1077 4239 1260 4293 Deum
1293 4238 1577 4308 colebant,
1626 4238 1685 4292 in
1719 4238 1955 4293 miseria

306 4336 366 4386 et
390 4331 448 4385 in
470 4331 667 4385 labore
691 4329 953 4384 fuerunt:
992 4345 1093 4399 pro
1117 4327 1247 4383 istis
1269 4326 1543 4381 omnibus
1566 4327 1649 4382 sic
1672 4342 1869 4382 secum
1893 4326 1949 4382 in

310 4424 508 4475 mente
558 4417 1003 4473 contendebant.
1057 4418 1171 4471 Aut
1224 4421 1373 4471 Deus
1423 4415 1533 4470 scit
1579 4416 1797 4486 omnia,
1855 4420 1957 4471 aut

306 4508 633 4564 nescit.Sed
648 4507 922 4579 quoniam
944 4504 1336 4577 periculosum
1359 4504 1741 4559 fuitconfiteri
1761 4522 1957 4561 crean-

2033 561 2215 617 vclint
2269 568 2601 633 exspectare
2660 581 2785 635 qua:
2843 580 2955 618 non
3021 562 3293 617 videntur
3347 579 3523 632 quam
3586 564 3678 620 his

2036 651 2326 705 adhaerere
2349 668 2474 722 quae.
2501 652 2788 707 videntur.
2816 652 2960 708 Nam
2985 652 3082 723 qui
3104 651 3196 706 his
3220 650 3537 721 adhaerent,
3558 668 3683 722 per-

2035 739 2172 793 ituri
2206 746 2344 793 sunt
2375 740 2443 793 ad
2478 740 2787 807 ultimum;
2823 745 2879 795 et
2908 740 3003 812 qui
3041 757 3152 794 non
3187 740 3505 810 adhaerent,
3541 744 3682 795 sunt

2035 828 2373 883 coronandi.
2428 829 2497 883 Et
2525 833 2612 883 est
2638 830 2877 899 psalmus
2908 829 3107 900 Asapli,
3159 830 3215 883 id
3268 834 3375 893 est,
3422 829 3680 901 operatio

2037 917 2407 971 attribuenda
2464 917 2696 971 cuidam
2745 919 3159 989 congreganti:
3206 919 3357 973 facta
3384 917 3511 973 ideo
3543 918 3683 989 quia

2036 1006 2350 1075 defecerunt
2378 1004 2578 1059 laudes
2614 1006 2807 1059 David.
2848 1006 3020 1060 David
3044 998 3173 1061 dico
3198 1024 3310 1062 non
3337 1006 3680 1079 spiritualis,

2038 1096 2138 1149 sed
2169 1093 2421 1149 carnalis
2455 1119 2469 1160 ;
2519 1095 2672 1165 quod
2705 1099 2941 1149 notatur
2972 1112 3073 1167 per
3100 1097 3209 1165 ﬁlii
3234 1099 3398 1152 Jesse.
3433 1100 3477 1151 Α
3508 1097 3679 1169 spiri-

2036 1182 2177 1238 tuali
2203 1184 2359 1238 enim
2381 1184 2559 1239 David
2590 1200 2893 1255 nunquam
2918 1184 3252 1240 defecerunt
3274 1185 3510 1255 laudes;
3544 1187 3685 1242 dicit

2039 1277 2231 1327 autem
2266 1272 2347 1327 sic
2379 1272 2577 1343 Asaph
2610 1289 2620 1326 :

2110 1380 2280 1448 Quam
2332 1380 2501 1434 bonus
2541 1378 2721 1434 Israel
2751 1380 2889 1433 Deus
2918 1379 3005 1433 his
3033 1382 3131 1450 qui
3162 1390 3305 1435 recto
3336 1391 3464 1437 sunt
3490 1383 3686 1439 corde!

2039 1470 2213 1534 Quasi
2241 1468 2419 1523 dicat:
2448 1470 2630 1533 Quam
2653 1468 3192 1539 incomparabiliter
3212 1475 3301 1525 est
3321 1471 3511 1527 bonus
3530 1472 3685 1529 Deus

2042 1556 2240 1624 Israel,
2288 1556 2343 1609 id
2384 1562 2491 1621 cst,
2544 1557 2846 1611 videntium
2877 1557 3064 1625 Deum,
3102 1556 3193 1611 his
3228 1557 3325 1627 qui
3360 1564 3514 1613 recto
3546 1565 3690 1615 sunt

2039 1646 2233 1711 corde,
2258 1644 2313 1699 id
2339 1650 2448 1707 est,
2473 1644 2587 1699 illis
2612 1645 2709 1716 qui
2737 1662 2903 1699 suam
2928 1644 3283 1700 voluntatem
3312 1646 3571 1718 dirigunt
3596 1665 3685 1704 se-

2039 1735 2298 1789 cundum
2321 1733 2676 1788 voluntatem
2705 1734 2824 1799 Dei,
2842 1734 2976 1789 licet
2997 1734 3260 1789 distortis
3285 1736 3455 1791 corde
3474 1754 3686 1808 parvus

1962 1846 2008 1909 Β
2040 1828 2095 1879 et
2118 1840 2423 1895 perversus
2442 1823 2727 1877 videatur.
2750 1823 2910 1887 Quod
2930 1823 3066 1879 alibi
3086 1824 3326 1878 dicitur:
3353 1824 3481 1879 Cum
3503 1830 3687 1881 sancto

2040 1920 2258 1968 sanctus
2286 1915 2414 1979 eris,
2447 1921 2499 1968 et
2528 1929 2649 1966 cum
2677 1929 2926 1983 perverso
2951 1914 3278 1983 perum-leris
3308 1914 3481 1983 (Psal.
3514 1917 3684 1986 xvu);

2043 2020 2158 2056 non
2192 2003 2345 2073 quod
2371 2001 2524 2057 Deus
2548 2001 2623 2055 sit
2650 2018 2980 2072 perversus,
3008 2002 3107 2056 sed
3132 2002 3272 2072 quia
3303 2020 3573 2073 perverso
3602 2004 3685 2058 vi—

2044 2093 2216 2146 detur
2248 2107 2377 2146 esse
2428 2107 2765 2162 perversus;
2802 2090 2901 2161 qui
2932 2089 3196 2162 lippienti
3240 2091 3406 2145 oculo
3456 2092 3690 2147 claritas

2046 2179 2185 2235 solis
2212 2196 2325 2235 non
2360 2179 2708 2250 resplendet,
2735 2180 2833 2233 sed
2869 2180 3119 2233 obscura
3138 2178 3389 2245 videtur,
3415 2180 3553 2249 quia
3575 2180 3691 2234 cla-

2046 2269 2281 2323 ritatem
2334 2274 2486 2322 recte
2535 2268 2747 2321 intueri
2804 2284 2917 2321 non
2950 2271 3157 2337 potest.
3213 2268 3315 2321 Mei
3343 2272 3532 2322 autem
3558 2283 3695 2339 pene

2046 2358 2179 2413 moti
2196 2361 2324 2411 sunt
2353 2357 2535 2427 pedes.
2561 2357 2825 2410 Assumit
2856 2355 2949 2409 hic
2979 2356 3173 2427 Asaph
3203 2372 3402 2411 vocem
3435 2356 3691 2427 illorum,

2049 2464 2081 2501 a
2113 2446 2327 2518 quibus
2358 2446 2695 2500 defecerunt
2724 2444 2948 2499 laudes.
2977 2445 3151 2509 Quasi
3176 2444 3329 2498 dicat
3358 2461 3369 2499 :
3406 2446 3579 2513 Quam
3602 2446 3692 2501 bo-

2046 2552 2149 2590 nus
2195 2535 2363 2589 Israel
2393 2535 2563 2589 Deus!
2614 2550 2719 2605 ego
2751 2538 2946 2587 autem
2978 2533 3085 2587 hoc
3118 2550 3231 2587 non
3264 2534 3504 2597 attendi,
3557 2535 3695 2606 quia

2050 2624 2227 2694 pedes
2260 2622 2393 2685 mei,
2428 2621 2483 2675 id
2515 2626 2626 2686 est,
2659 2621 2992 2676 affectiones
3028 2637 3187 2683 mea,
3214 2637 3351 2691 pene
3378 2622 3515 2677 moti
3541 2626 3691 2689 sunt,

2048 2711 2116 2765 ad
2153 2710 2407 2782 lapsum,
2454 2709 2771 2775 subaudis;
2803 2725 2941 2780 pene
2970 2710 3133 2780 effusi
3159 2719 3286 2764 sunt
3316 2726 3532 2779 gressus
3559 2714 3692 2781 mei,

2048 2800 2119 2853 ad
2146 2800 2481 2864 errandum,
2516 2816 2613 2853 eos
2639 2798 2925 2853 imitando
2958 2798 3058 2869 qui
3088 2816 3201 2853 non
3234 2800 3325 2853 via
3358 2805 3511 2853 recta
3541 2799 3694 2854 ince-

2047 2888 2279 2943 debant.
2306 2890 2453 2943 Pone
2473 2888 2634 2955 dicit,
2659 2888 2757 2959 qui
2780 2886 3015 2941 tandem
3046 2888 3309 2958 resipuit,
3334 2894 3397 2942 ut
3420 2889 3479 2942 in
3504 2894 3694 2959 poste-

2047 2976 2299 3031 rioribus
2332 2976 2541 3048 psalmi
2574 2976 2839 3031 denotari
2874 2980 3081 3047 potest.
3116 2976 3302 3038 Quare
3334 2983 3528 3033 autem
3560 2979 3700 3033 moti

2046 3074 2173 3120 sunt
2194 3067 2372 3136 pedes,
2399 3066 2805 3137 subjungitur:
2834 3066 2977 3132 Quid
2996 3065 3193 3129 zelavi,
3216 3066 3271 3120 id
3295 3071 3402 3135 est,
3434 3066 3697 3139 indigna-

2050 3160 2147 3209 tus
2168 3172 2321 3222 sum,
2345 3154 2429 3208 vel
2454 3154 2833 3209 invidentiam
2858 3153 3058 3219 habui,
3090 3170 3253 3225 super
3282 3158 3520 3225 iniquos,
3553 3172 3696 3211 con-

2050 3242 2460 3297 siderationem
2494 3258 2682 3296 meam
2716 3242 3052 3309 extendens,
3076 3242 3162 3297 vel
3195 3260 3371 3314 super
3402 3243 3532 3297 illos
3562 3260 3694 3300 esse

2050 3330 2267 3385 volens.
2302 3330 2369 3383 Et
2397 3346 2501 3383 cur
2529 3330 2679 3384 hoc?
2722 3330 2911 3383 Videns
2940 3329 3209 3384 videlicet
3235 3347 3427 3399 pacem
3454 3336 3699 3401 peccato-

2052 3434 2204 3485 rum,
2248 3417 2429 3472 Deum
2464 3434 2591 3472 vere
2624 3434 2737 3472 non
2771 3418 3107 3473 colentium.
3142 3422 3211 3471 Et
3241 3435 3417 3489 quam
3451 3419 3697 3490 pacem?

2054 3515 2259 3569 Pacem
2291 3519 2601 3583 terrenam,
2640 3531 2838 3585 pacem
2872 3514 3237 3587 mutabilem,
3272 3532 3468 3587 pacem
3495 3534 3608 3573 non
3631 3535 3701 3574 ex

2054 3604 2261 3676 gratia,
2296 3603 2396 3657 sed
2427 3620 2493 3657 ex
2515 3603 2759 3673 judicio.
2806 3603 2965 3661 Hanc
2998 3620 3197 3675 pacem
3230 3606 3371 3659 dum
3404 3606 3697 3663 desidera-

2057 3710 2199 3759 rem,
2233 3697 2289 3748 et
2320 3710 2421 3764 pro
2452 3690 2553 3747 illa
2582 3692 2697 3746 Deo
2728 3692 2942 3747 servire
2974 3691 3199 3759 vellem,
3226 3710 3370 3764 pene
3396 3696 3536 3749 moti
3565 3703 3705 3753 sunt

2058 3783 2232 3856 pedes
2282 3782 2431 3848 mei;
2486 3786 2543 3837 et
2590 3781 2717 3837 ideo
2749 3781 2925 3835 etiam
2959 3783 3100 3836 moti
3136 3787 3296 3848 sunt,
3330 3784 3458 3852 quia
3487 3799 3597 3839 non
3625 3791 3703 3843 est

2057 3882 2323 3943 respectus
2351 3874 2518 3927 morti
2546 3888 2766 3937 eorum;
2799 3870 2855 3925 id
2891 3875 2999 3940 est,
3034 3887 3191 3925 mors
3222 3887 3399 3942 quam
3433 3873 3545 3944 ipsi
3577 3891 3705 3946 pro-

2059 3967 2420 4027 meruerunt,
2458 3979 2573 4015 non
2606 3960 2843 4031 respicit
2874 3976 2971 4015 eos
3001 3978 3013 4026 ;
3049 3964 3101 4015 et
3131 3977 3244 4016 non
3277 3965 3367 4016 est
3392 3964 3707 4031 ﬁrmamen-

2057 4056 2175 4106 tum
2208 4054 2263 4105 in
2292 4052 2462 4121 plaga
2496 4065 2705 4114 eorum,
2761 4048 3039 4118 quoniam
3071 4050 3117 4105 si
3153 4050 3468 4123 aliquando
3503 4054 3705 4127 plagas

2061 4140 2366 4211 patiuntur
2415 4142 2471 4192 et
2516 4138 2910 4210 corriguntur,
2960 4156 3161 4194 eorum
3205 4140 3386 4213 plagas
3420 4160 3533 4199 non
3566 4150 3707 4201 sunt

2062 4230 2264 4289 firmae,
2298 4228 2397 4282 sed
2428 4228 2798 4294 transitoriae,
2826 4229 2964 4300 quia
2991 4232 3051 4284 in
3085 4228 3270 4284 labore
3290 4232 3573 4287 hominum
3594 4250 3707 4288 non

2061 4321 2207 4387 sunt,
2240 4315 2297 4370 id
2330 4320 2436 4380 cst,
2470 4333 2583 4372 non
2610 4322 2838 4372 tantum
2864 4318 3131 4373 laborant
3153 4335 3343 4390 neque
3366 4320 3709 4390 afﬂiguntur

2063 4407 2122 4461 in
2154 4406 2507 4460 correctione
2556 4412 2843 4477 quantum
2876 4406 2958 4460 illi
2992 4406 3259 4461 laborant
3309 4407 3406 4477 qui
3439 4407 3706 4464 homines

2066 4499 2223 4563 sunt,
2279 4478 2501 4548 ratione
2546 4494 2813 4548 videlicet
2863 4498 3112 4558 utentes,
3147 4499 3203 4548 et
3234 4510 3347 4548 non
3380 4493 3555 4563 idola,
3604 4497 3705 4553 sed

305 4602 427 4653 tem
458 4578 965 4668 omniaiignora‘re
996 4594 1194 4666 aliqua
1235 4594 1543 4650 dicebant:
1580 4594 1638 4650 Si
1672 4594 1799 4661 scit,
1853 4600 1955 4650 aut
1984 4578 2030 4643 D
2061 4600 2261 4639 verum
2292 4583 2473 4638 Deum
2508 4583 2836 4637 adorantes.
2893 4581 2988 4637 Vel
3038 4581 3224 4651 aliter,
3254 4599 3443 4653 pacem
3466 4589 3711 4655 peccato-

306 4691 495 4753 curat,
529 4691 631 4741 aut
662 4702 773 4741 non
808 4688 991 4741 curat.
1022 4683 1094 4739 Ut
1126 4700 1240 4739 non
1271 4687 1451 4750 curet,
1488 4688 1775 4756 repugnat
1799 4674 1953 4739 Scri-

309 4782 507 4847 ptura,
531 4774 669 4846 quia
689 4773 971 4845 scriptum
996 4776 1085 4829 est
1104 4773 1173 4828 de
1194 4789 1288 4827 eo:
1314 4773 1555 4827 Fortiter
1576 4775 1823 4827 suaviter
1843 4790 1957 4844 que

309 4865 632 4935 disponens
653 4865 837 4919 omnia
858 4861 1007 4934 (Sap.
1030 4862 1172 4933 vm).
1206 4861 1348 4916 Cum
1376 4866 1566 4917 autem
1594 4866 1776 4927 curat,
1810 4878 1954 4933 quo-

311 4954 487 5009 modo
510 4952 730 5025 patitur
750 4956 815 5007 ut
836 4951 937 5023 qui
958 4968 1090 5005 eum
1115 4968 1228 5006 non
1252 4954 1471 5016 colunt,
1498 4950 1739 5004 floreant
1770 4954 1827 5005 et
1858 4967 1953 5005 or-

312 5047 560 5108 nentur;
584 5046 639 5097 et
656 5041 754 5113 qui
779 5057 913 5095 eum
938 5039 1158 5104 colunt,
1178 5038 1440 5093 laborent
1462 5043 1517 5093 et
1539 5038 1959 5094 destruantur?

306 5132 357 5186 A
387 5130 581 5185 taliter
610 5128 1119 5186 murmurantilvus
1145 5144 1212 5183 ex
1244 5127 1561 5183 defectione
1592 5144 1785 5183 rerum
1809 5132 1955 5182 tem-

236 5218 247 5225 ί
308 5219 625 5292 poralium,
675 5219 1011 5274 defecerunt
1066 5216 1267 5271 laudes
1317 5234 1443 5288 quas
1484 5216 1763 5272 habendae
1792 5222 1960 5273 erant

310 5326 418 5381 pro
440 5308 824 5381 acquisitione
847 5308 1130 5363 bonorUm
1158 5305 1499 5361 caelestium.
1529 5307 1636 5362 Sed
1673 5306 1811 5378 quia
1842 5323 1955 5362 non

312 5397 704 5453 defueruntin
731 5395 944 5470 populo
972 5394 1089 5460 illo,
1113 5394 1211 5466 qui
1242 5393 1650 5461 intellexerunt
1677 5396 1733 5448 in
1767 5395 1958 5451 radice

309 5487 628 5559 promissa,
660 5486 925 5541 videlicet
953 5484 1012 5539 in
1044 5482 1541 5556 promittentibus,
1593 5483 1715 5537 haec
1763 5484 1961 5538 omnia

308 5592 444 5633 esse
470 5575 639 5648 quasi
665 5575 893 5641 umbra,
909 5578 965 5630 et
984 5589 1119 5628 vera
1140 5571 1294 5626 bona
1317 5570 1538 5637 futura;
1568 5587 1818 5642 quorum
1849 5588 1959 5628 vox

308 5668 403 5725 est
432 5665 491 5723 in
521 5664 630 5724 hoc
659 5663 887 5741 psalmo
909 5659 1340 5720 exhortantium
1367 5658 1561 5718 taliter
1581 5675 1957 5720 murmuran-

2064 4690 2189 4728 rum
2217 4672 2424 4728 videns.
2458 4671 2527 4726 Et
2556 4688 2734 4743 quare
2765 4670 2983 4725 habent
3014 4670 3258 4740 pacem?
3289 4673 3365 4726 Ad
3398 4688 3599 4730 eorum
3624 4675 3710 4730 vi-

2067 4762 2273 4818 delicet
2319 4762 2633 4833 judicium,
2691 4760 2969 4831 quoniam
3008 4776 3117 4815 non
3147 4765 3223 4815 est
3253 4771 3515 4834 respectus
3545 4767 3712 4821 morti

2064 4868 2272 4917 eorum,
2307 4851 2362 4905 id
2395 4854 2502 4920 est,
2538 4866 2697 4905 mors
2727 4865 2903 4919 quam
2937 4850 3048 4921 ipsi
3083 4858 3549 4921 promeruerunt,
3595 4869 3709 4907 non

2067 4940 2302 5010 respicit
2332 4955 2451 5003 eos,
2485 4939 2540 4993 id
2575 4942 2683 5007 est,
2710 4955 2824 4993 non
2848 4938 3054 4993 avertit
3076 4955 3136 4994 se
3168 4940 3238 4993 ab
3272 4939 3411 5009 illis,
3438 4940 3535 4995 sed
3565 4956 3714 4995 sem-

2068 5045 2169 5100 per
2198 5045 2295 5083 eos
2326 5028 2711 5097 exspectando
2762 5028 3057 5089 intuetur;
3112 5033 3169 5081 et
3198 5028 3608 5095 ﬁrmamentum
3650 5029 3709 5083 in

2062 5118 2229 5187 plaga
2251 5132 2457 5181 eorum,
2482 5116 2757 5186 quoniam
2786 5115 2965 5186 plagae
2993 5132 3121 5185 qua:
3144 5115 3227 5169 eis
3251 5120 3572 5185 servantur,
3594 5133 3707 5171 non

2068 5210 2207 5261 sunt
2235 5204 2605 5269 transitorizc,
2636 5205 2732 5259 sed
2763 5205 2946 5258 firmae
2974 5209 3031 5258 et
3062 5221 3362 5274 nunquam
3393 5205 3708 5260 mutandae.

2070 5304 2135 5359 Et
2166 5320 2340 5372 quare
2373 5301 2517 5356 hoc?
2547 5303 2693 5365 Quia
2723 5302 2817 5356 hic
2850 5303 2906 5355 in
2941 5301 3047 5355 hac
3079 5302 3194 5355 vita
3226 5317 3342 5356 non
3376 5306 3514 5355 sunt
3544 5302 3603 5357 in
3635 5300 3713 5358 la-

2068 5393 2204 5447 bore
2231 5390 2558 5454 hominum,
2584 5389 2816 5444 illorum
2840 5389 3109 5445 videlicet
3136 5389 3236 5461 qui
3264 5390 3588 5446 secundum
3612 5391 3711 5447 ho-

2070 5482 2289 5536 minem
2311 5478 2529 5532 vivunt.
2557 5479 2731 5543 Quasi
2755 5478 2912 5533 dicat
2933 5494 2948 5532 :-
2974 5478 3102 5532 Ideo
3128 5478 3570 5533 damnabantur
3590 5484 3713 5535 tan-

2068 5570 2200 5624 dem
2232 5584 2365 5622 cum
2398 5566 2604 5633 servis,
2640 5566 2777 5637 quia
2809 5566 2903 5621 hic
2933 5583 3046 5622 non
3081 5567 3304 5621 suntin
3337 5566 3535 5623 labore
3575 5584 3708 5625 cum

2068 5657 2237 5728 filiis;
2271 5660 2481 5715 etcum
2508 5654 2624 5713 illis
2654 5670 2766 5714 non
2792 5655 3241 5733 ﬂagellabantur,
3290 5658 3420 5731 quia
3462 5656 3709 5735 ﬂagellat
