4014 6194
331 301 450 362 519

908 299 1208 364 REMIGII
1252 299 1997 366 ANTISSIODORENSIS
2043 299 2214 363 OPP.
2262 302 2461 362 PARS
2506 299 2554 360 Ι.
2587 329 2666 344 -
2693 292 3160 359 EXEGETICA.

3612 291 3734 366 διο

332 436 468 488 Deus
497 450 711 488 onmem
749 435 932 505 ﬁlium
963 452 1119 506 quem
1150 438 1342 507 recipit
1373 439 1555 507 (Prov.
1593 437 1709 507 in);
1743 435 1860 491 ideo
1893 439 1972 490 te-
2005 443 2058 506 Α
2084 436 2318 507 populus
2347 450 2499 489 meus
2531 433 2646 494 hic;
2679 431 2734 485 id
2756 436 2865 497 est,
2891 427 3143 501 populus
3167 441 3307 482 mea:
3339 421 3619 488 nationis,
3643 439 3738 480 cu-

333 524 454 576 nuit
475 539 562 576 eos
585 523 862 594 superbia.
888 523 1061 589 Quasi
1087 525 1268 578 dicat:
1297 526 1442 590 Quia
1475 525 1758 580 Dominus
1781 541 1979 597 pacem
2083 527 2187 594 jus
2209 540 2314 595 ego
2337 540 2472 595 pars
2499 538 2664 576 sum:
2690 520 2796 585 hie,
2821 518 2879 573 id
2899 521 2988 573 est
3009 515 3154 570 mihi
3178 512 3422 581 similis;
3459 517 3517 568 et
3547 514 3608 568 in
3641 510 3739 568 illo

331 611 414 666 eis
447 613 731 678 concedit,
782 619 838 668 et
877 631 1010 668 cum
1047 613 1186 668 filiis
1217 631 1331 669 non
1363 615 1623 686 corrigit,
1658 615 1772 669 ideo
1805 615 1983 668 tenuit

329 717 417 754 eos
463 701 738 772 superbia,
790 702 846 756 id
879 706 985 768 est,
1042 702 1096 756 in
1149 719 1256 756 sua
1306 707 1590 773 potestate
1634 703 1875 774 redegit,
1911 718 1980 756 nc

331 788 522 843 sobrie
553 789 828 856 viverent,
863 791 921 843 in
955 789 1166 862 seipsis
1206 793 1385 861 operti
1412 799 1539 845 sunt
1573 792 1889 861 iniquitate,
1921 789 1980 844 id

330 893 438 955 est,
472 903 544 942 ne
568 888 726 958 juste
754 886 1009 941 viverent
1057 893 1342 958 quantum
1375 889 1446 943 ad
1482 889 1834 960 proximum,
1868 889 1980 942 im-

330 978 540 1049 pietate
595 975 778 1046 operti
836 982 994 1043 sunt,
1048 993 1118 1032 ne
1167 977 1258 1049 pie
1302 977 1556 1032 viverent
1587 982 1872 1048 quantum
1907 977 1978 1031 ad

329 1067 532 1133 Deum,
560 1065 775 1136 quibus
800 1066 1016 1120 frustra
1040 1066 1550 1138 praeceptumillud
1577 1066 1768 1121 Pauli:
1794 1065 1981 1120 Sobrie

328 1157 380 1210 et
402 1155 551 1226 juste
579 1163 629 1208 et
655 1156 748 1224 pie
779 1156 1028 1210 vivamus
1067 1157 1126 1209 in
1159 1155 1256 1209 hoc
1282 1157 1484 1212 saeculo
1529 1156 1655 1226 (Tit.
1699 1155 1783 1223 ιι).
1817 1154 1978 1220 Quod

328 1244 426 1299 isti
456 1260 568 1298 non
590 1243 783 1298 attend
794 1261 890 1297 eru
902 1248 981 1312 nt,
1000 1248 1055 1297 et
1075 1244 1197 1300 ideo
1212 1246 1383 1300 tenuit
1405 1260 1491 1299 eos
1513 1244 1789 1315 superbia,
1808 1244 1983 1314 operti

328 1341 452 1388 sunt
485 1333 780 1403 iniquitate
805 1337 858 1387 et
889 1335 1174 1404 impietate
1202 1351 1323 1389 sua.
1375 1337 1510 1397 Qua:
1553 1333 1833 1404 iniquitas
1864 1348 1978 1386 non

330 1421 483 1476 venit
513 1438 580 1475 ex
609 1422 973 1486 necessitate,
1029 1423 1181 1492 quod
1235 1423 1413 1477 dicit:
1461 1422 1662 1494 prodiit
1710 1423 1867 1492 quasi
1912 1437 1981 1476 ex

328 1511 488 1581 adipe
515 1511 778 1581 iniquitas
801 1526 1005 1565 eorum.
1035 1511 1210 1576 Quasi
1238 1511 1425 1565 dicat:
1455 1508 1873 1566 lnexcusabilis
1892 1514 1981 1564 est

328 1599 610 1670 iniquitas
643 1613 866 1662 eorum,
903 1599 1040 1670 quia
1072 1617 1186 1654 non
1222 1599 1504 1672 processit
1536 1616 1602 1653 ex
1637 1598 1840 1668 macie,
1877 1599 1977 1653 sed

329 1688 497 1759 quasi
521 1703 585 1742 ex
611 1687 798 1758 adipe.
826 1687 905 1742 Ex
927 1687 1109 1743 macie
1131 1687 1393 1760 procedit
1413 1687 1717 1758 iniquitas,
1742 1687 1977 1758 quando

331 1775 546 1848 aliquis
569 1791 790 1847 pauper
811 1793 922 1830 non
948 1776 1170 1831 habens
1197 1776 1540 1841 necessaria,
1559 1774 1976 1848 perpetratini-
2009 1814 2055 1876 Β

328 1865 634 1937 quitatem,
687 1866 1001 1920 auferendo
1053 1865 1323 1920 videlicet
1356 1866 1616 1936 proximo
1652 1866 1803 1918 bona
1835 1881 1973 1929 sua;

331 1972 462 2010 cum
493 1961 686 2009 tamen
710 1959 866 2026 esset
885 1954 1187 2009 toleranda
1210 1955 1403 2026 potius
1426 1955 1618 2008 omnis
1638 1953 1975 2008 necessitas.

330 2070 506 2124 quam
534 2051 776 2106 minima
797 2053 1185 2123 perpetranda
1205 2052 1505 2123 iniquitas.
1524 2051 1700 2116 Quasi
1723 2066 1788 2104 ex
1809 2050 1978 2121 adipe

331 2143 526 2214 prodit
555 2141 856 2212 iniquitas,
891 2141 1125 2212 quando
1157 2158 1190 2194 a
1221 2141 1518 2209 divitibus,
1546 2139 1760 2210 quibus
1790 2140 1978 2194 ﬂuunt

333 2249 523 2308 rerum
553 2230 785 2299 divitiae,
811 2247 902 2285 res
925 2230 1232 2300 rapiuntur
1255 2229 1457 2284 alienas
1481 2247 1491 2284 :
1518 2245 1585 2284 ex
1608 2229 1776 2302 adipe
1800 2229 1976 2283 etiam

331 2320 589 2393 procedit
611 2321 912 2390 iniquitas,
939 2320 1172 2390 quando
1191 2318 1540 2392 dedignatur
1561 2319 1978 2374 correctionem

331 2428 496 2466 suam
518 2410 739 2464 audire.
755 2409 858 2464 Vel
880 2409 1158 2480 iniquitas
1174 2427 1241 2464 ex
1258 2409 1428 2481 adipe
1449 2408 1726 2480 procedit,
1745 2407 1978 2479 quando

331 2500 582 2568 quisque
613 2499 711 2567 qui
746 2496 889 2550 alios
935 2499 1221 2569 corrigere
1275 2499 1534 2564 deberet,
1583 2498 1798 2552 timens
1832 2513 1900 2550 ne
1927 2495 1978 2549 ei

328 2571 675 2656 temporalia
706 2585 1152 2650 subtrahantur,
1186 2585 1463 2640 divitibus
1495 2585 1670 2640 etiam
1703 2584 1761 2638 in
1798 2583 1976 2639 male-

331 2674 498 2729 factis
539 2672 831 2728 adulatur.
873 2672 1085 2727 Prodiit
1115 2675 1277 2744 quasi
1305 2689 1372 2728 ea:
1401 2673 1560 2744 adipe
1593 2675 1858 2743 iniquitas
1888 2687 1974 2726 eo-

329 2780 493 2818 rum:
527 2766 582 2817 et
612 2763 971 2828 transierunt,
1006 2761 1063 2814 id
1096 2767 1201 2829 est,
1236 2765 1610 2816 excesserunt
1652 2765 1836 2815 metas
1867 2759 1977 2814 hu-

333 2851 489 2908 mani
519 2851 770 2923 generis,
822 2849 960 2920 quia
990 2867 1051 2905 se
1084 2849 1317 2921 fragiles
1350 2866 1463 2904 non
1497 2852 1976 2921 recognoverunt,

330 2942 627 2996 venientes
651 2942 707 2994 in
738 2940 994 3011 affectum
1024 2938 1221 3005 cordis,
1256 2938 1309 2992 id
1347 2947 1453 3001 est,
1489 2939 1544 2992 in
1573 2954 1806 2992 omnem
1840 2937 1977 2991 affe-

327 3036 483 3085 ctum
519 3027 767 3084 carnalis
797 3027 1199 3084 delectationis
1233 3028 1562 3082 tendebant.
1592 3028 1657 3081 Et
1683 3027 1975 3098 quomodo

325 3118 476 3173 hoc?
509 3117 896 3189 Cogitaverunt
925 3126 974 3172 et
1003 3118 1169 3173 locuti
1204 3125 1331 3172 sunt
1379 3118 1704 3188 nequitiam,
1760 3116 1814 3169 id
1864 3119 1970 3185 est,

325 3208 485 3280 prius
521 3178 812 3278 nequitias
842 3207 996 3278 apud
1029 3223 1090 3261 se
1122 3178 1608 3272 deliberavcrunt,
1639 3178 1700 3259 et
1727 3210 1858 3277 post
1887 3178 1969 3259 lo;
2005 3178 2047 3244 Ο

324 3296 442 3351 cuti
477 3301 635 3366 sunt,
670 3296 752 3350 sic
787 3296 1082 3350 venientes
1112 3296 1182 3350 de
1227 3300 1458 3366 peccato
1511 3294 1566 3348 in
1622 3299 1922 3366 peccatum
1958 3311 1970 3348 :

323 3385 462 3456 quia
492 3387 722 3456 culpam
757 3384 1032 3457 geminat,
1066 3385 1165 3454 qui
1243 3383 1623 3453 excogitatam
1648 3383 1971 3455 nequitiam

323 3474 614 3547 divulgat:
635 3481 690 3528 et
708 3473 920 3544 duplex
945 3479 1242 3545 peccatum
1261 3480 1370 3537 est,
1388 3472 1607 3526 malum
1626 3472 1971 3544 excogitare,

324 3563 515 3619 ethoc
549 3562 717 3634 quasi
751 3563 806 3615 in
848 3562 1066 3616 bonum
1119 3577 1457 3633 propagare.
1511 3563 1859 3632 Iniquitntem
1915 3564 1974 3615 in

322 3653 532 3708 excelso
562 3652 729 3707 locuti
758 3657 908 3706 sunt.
943 3649 1118 3714 Quasi
1147 3649 1301 3704 dicat
1329 3667 1340 3703 :
1375 3650 1572 3704 Locuti
1599 3653 1734 3704 sunt
1764 3649 1974 3720 nequi-

325 3743 487 3813 tiam,
511 3740 695 3797 ethoc
722 3757 832 3795 non
866 3739 1260 3812 qualicunque
1291 3739 1482 3805 modo,
1517 3739 1616 3792 sed
1653 3741 1710 3792 in
1741 3740 1971 3804 excelso,

323 3831 381 3885 id
409 3837 497 3886 est
524 3831 580 3885 in
607 3828 860 3902 publico,
885 3827 1114 3902 gloriati
1139 3833 1277 3883 sunt
1299 3829 1369 3882 de
1395 3827 1654 3898 nequitia
1676 3844 1801 3893 sua,
1827 3832 1884 3880 et
1912 3825 1972 3881 in

325 3920 601 3974 cathedra
631 3917 972 3988 pestilentize
1005 3917 1405 3988 praesidentes,
1433 3915 1564 3970 aliis
1590 3915 1856 3987 ncquitiaa
1880 3916 1973 3970 de-

327 4007 541 4060 derunt
562 4006 955 4062 auctoritates.
983 4005 1143 4062 Unde
1165 4005 1408 4062 Paulus:
1431 4006 1739 4060 Auferatur
1755 4004 1975 4060 clamor

329 4094 398 4147 de
425 4091 615 4147 medio
636 4097 893 4147 vestrum
923 4095 1136 4164 (Ephes.
1163 4095 1256 4165 ιν).
1286 4095 1353 4149 Et
1374 4094 1455 4149 sic
1477 4101 1774 4164 posuerunt
1795 4095 1852 4146 in
1876 4109 1974 4146 rce-

333 4181 446 4236 lum
481 4197 536 4235 os
564 4197 747 4249 suum,
780 4181 837 4235 id
871 4187 978 4247 est,
1004 4187 1204 4236 contra
1230 4188 1408 4237 Deum
1434 4182 1584 4237 male
1607 4181 1781 4236 locuti
1811 4186 1970 4237 sunt.

328 4253 572 4334 inillum
592 4277 1055 4351 videlicet,quem
1077 4278 1237 4334 nulla
1253 4278 1454 4350 lingua
1471 4280 1688 4334 sufficit
1705 4279 1970 4348 laudare;

329 4385 443 4425 non
468 4369 793 4424 timuerunt
815 4366 1468 4440 blasphemiasjactare.
1486 4370 1546 4422 Et
1571 4367 1767 4436 lingua
1783 4384 1974 4424 eorum

325 4459 578 4515 transivit
611 4459 670 4513 in
693 4458 858 4538 terra,
887 4457 944 4512 id
969 4462 1077 4521 est,
1103 4457 1423 4512 humanam
1450 4457 1897 4529 possibilitatem
1919 4461 1976 4512 et

2090 630 2365 668 converso
2385 614 2497 668 dies
2513 615 2668 684 pleni
2691 612 3057 676 invenientur,
3083 607 3222 678 quia
3242 605 3302 660 in
3330 620 3533 660 eorum
3555 602 3741 659 consi-

2090 703 2388 757 deratione
2419 708 2590 757 erunt
2624 707 2851 755 tantum
2883 698 3010 752 dies
3041 693 3402 760 aeternitatis,
3446 692 3550 764 qui
3587 690 3744 763 pleni

2089 795 2229 846 sunt
2249 791 2550 846 afﬂuentia
2576 790 2863 844 bonorum
2892 804 2904 841 :
2941 785 3311 840 invenientur
3331 781 3457 837 dies
3478 780 3661 853 pleni,
3685 780 3744 835 id

2090 885 2198 945 est,
2218 882 2336 935 vita
2362 878 2742 951 plenitudinis
2764 882 3119 948 temporum,
3138 873 3196 928 in
3223 872 3439 944 quibus
3461 869 3746 942 tempori-

2089 970 2201 1024 bus
2234 968 2628 1040 praedicabant
2669 965 2914 1038 apostoli
2945 962 3294 1035 temporalia
3321 977 3451 1016 esse
3478 963 3746 1015 contem-

2089 1059 2282 1113 nenda
2310 1063 2366 1112 et
2396 1062 2611 1112 aeterna
2640 1054 3050 1126 exspectanda.
3072 1051 3176 1106 Vel
3199 1050 3402 1106 aliter:
3435 1051 3750 1106 Posuerunt

2088 1149 2150 1202 in.
2180 1147 2378 1203 caelum
2405 1161 2464 1204 os
2477 1153 2713 1214 suum,et
2733 1146 2928 1212 lingua
2955 1157 3145 1198 eorum
3173 1141 3430 1195 transivit
3461 1140 3524 1192 in
3556 1142 3731 1193 terra.

2089 1237 2265 1300 Quasi
2309 1235 2509 1290 dicat:
2561 1234 2680 1290 Ideo
2732 1237 3072 1288 convertatur
3126 1229 3359 1301 populus
3415 1242 3570 1282 meus
3629 1225 3738 1282 hic.

2088 1332 2376 1397 Quorsum
2403 1333 2522 1387 haec
2551 1330 2862 1398 descriptio
2890 1343 3203 1401 pravorum
3226 1330 3248 1382 Ρ
3276 1329 3340 1381 ut
3367 1327 3747 1382 convertatur

2088 1421 2342 1493 populus
2375 1439 2540 1477 meus
2573 1421 2666 1476 hic
2697 1438 2731 1476 a
2761 1435 2937 1491 pravo
2969 1415 3263 1473 intellectu
3296 1431 3404 1470 suo
3433 1414 3503 1470 ad
3539 1429 3742 1470 meum

2087 1510 2448 1566 intellectum
2468 1510 2802 1566 habendum
2815 1553 2827 1575 ,
2843 1512 2908 1562 ut
2925 1509 3334 1562 contemnatur
3350 1501 3619 1559 videlicet
3635 1508 3747 1558 ter-
3849 1505 3860 1512 '

2088 1618 2228 1656 rena
2278 1599 2543 1655 felicitas.
2599 1601 2664 1653 Et
2707 1615 2856 1670 opus
2904 1601 2993 1651 est
3038 1599 3102 1650 ut
3131 1597 3565 1658 convertantur,
3599 1592 3747 1664 quia.

2086 1690 2364 1757 dixerunt,
2417 1689 2487 1742 ab
2519 1704 2584 1742 eo
2617 1686 2841 1742 aversi:
2877 1683 3148 1753 Quomodo
3177 1685 3280 1739 scit
3329 1683 3463 1737 Deus
3512 1681 3739 1752 omnia,

2088 1795 2219 1833 cum
2242 1778 2379 1832 mali
2401 1777 2655 1848 gaudent
2675 1780 2907 1830 terrena
2925 1773 3216 1840 felicitate,
3232 1776 3289 1826 et
3310 1771 3446 1826 boni
3472 1770 3748 1826 laborant

2086 1869 2144 1923 in
2178 1866 2530 1922 afﬂictione?
2561 1866 2623 1920 Et
2651 1867 2703 1920 si
2730 1867 2804 1919 est
2830 1864 3063 1918 scientia
3087 1863 3143 1916 in
3167 1861 3397 1929 arcelso,
3423 1875 3747 1932 possumus

2087 1957 2277 2011 dicere
2326 1955 2462 2026 quia
2511 1971 2626 2010 non
2659 1957 2826 2008 curat
2856 1952 3180 2023 gubernare
3209 1949 3331 2004 hazc
3362 1949 3636 2015 infirma;
3687 1953 3748 2005 et

2088 2061 2203 2101 ecce
2235 2060 2435 2116 quare,
2471 2042 2608 2115 quia
2639 2043 2747 2114 ipsi
2771 2046 3100 2113 peccatores,
3155 2043 3266 2094 Deo
3322 2037 3593 2093 videlicet
3623 2055 3743 2094 non

2089 2133 2426 2198 servientes,
2451 2137 2588 2187 sunt
2613 2131 2956 2186 abundantes
2981 2132 3040 2184 in
3065 2128 3264 2183 saeculo
3286 2145 3303 2182 :
3335 2127 3475 2200 quia
3493 2127 3742 2182 obtinue-

2087 2231 2234 2289 runt,
2284 2222 2336 2276 id
2371 2225 2460 2276 est
2489 2225 2691 2276 contra
2722 2237 2830 2275 nos
2865 2223 3178 2274 tenuerunt
3205 2217 3467 2278 divitias;
3497 2225 3548 2271 et
3577 2215 3740 2272 dixi:

2087 2323 2226 2390 Ergo
2255 2321 2376 2375 sine
2395 2335 2568 2374 causa
2583 2318 2882 2389 justiﬁcavi
2902 2333 2992 2372 cor
3019 2333 3221 2381 meum,
3253 2315 3587 2370 confitendo
3610 2331 3740 2387 pec-

2088 2414 2246 2478 cata;
2295 2413 2345 2464 et
2388 2409 2501 2463 lavi
2532 2410 2679 2463 inter
2709 2409 3020 2461 innocentes
3048 2421 3247 2460 manus
3279 2405 3471 2460 meas?
3519 2403 3578 2459 id
3629 2409 3737 2473 est,

2089 2500 2305 2553 frustra
2336 2497 2428 2570 pie
2461 2500 2516 2551 et
2546 2495 2884 2550 innocenter
2913 2493 3047 2559 vixi,
3082 2491 3456 2564 adjungendo
3485 2490 3633 2548 alios
3660 2493 3742 2547 in-

2089 2586 2402 2642 nocentes?
2426 2593 2475 2640 et
2508 2585 2725 2639 frustra
2755 2584 2843 2653 [ui
2870 2583 3184 2655 ﬂagellatus
3215 2585 3327 2636 tota
3357 2582 3468 2647 die,
3519 2581 3578 2636 id
3629 2585 3738 2649 est,

2088 2676 2357 2740 assidue;
2393 2679 2442 2728 et
2472 2674 2752 2744 castigatio
2783 2689 2907 2727 mea
2946 2671 3055 2726 fuit
3084 2673 3143 2725 in
3173 2672 3487 2738 matutinis,
3538 2669 3597 2724 id
3628 2676 3738 2738 est,

2089 2782 2204 2820 non
2235 2763 2644 2829 differebatur;
2695 2762 2793 2818 sed
2827 2759 3240 2832 comparabilis
3272 2760 3459 2815 factus
3490 2776 3626 2814 sum
3659 2757 3742 2814 illi

2088 2854 2258 2923 cujus
2290 2869 2456 2922 pcena
2489 2855 2640 2906 esset
2666 2851 2726 2905 in
2761 2850 3004 2920 foribus,
3028 2847 3537 2904 utinterﬁceretur
3560 2863 3740 2920 quam

2088 2942 2200 2996 cito
2233 2942 2302 2996 de
2335 2941 2508 2995 domo
2539 2940 2912 3012 egrederetur
2944 2955 2956 2992 :
3009 2943 3066 2993 et
3105 2937 3213 2992 hoc
3263 2942 3445 2993 totum
3493 2936 3740 3005 frustra,

2088 3031 2226 3103 quia
2243 3030 2322 3084 illi
2349 3029 2446 3102 qui
2469 3029 2574 3085 tibi
2601 3045 2714 3084 non
2735 3029 3015 3096 serviunt,
3031 3043 3231 3083 eorum
3256 3026 3514 3081 differtur
3534 3042 3734 3097 pcena,

2087 3120 2172 3176 vel
2219 3119 2382 3174 nulla
2411 3124 2515 3174 est.
2575 3119 2686 3190 Ipsi
2731 3122 3017 3173 ornantur
3046 3116 3263 3171 divitiis
3291 3133 3302 3170 :
3333 3114 3429 3186 qui
3460 3113 3563 3168 tibi
3598 3131 3727 3169 ser-

2084 3211 2269 3280 viunt,
2303 3214 2651 3280 premuntur
2682 3207 2933 3263 miseriis
2964 3211 3019 3262 et
3045 3204 3348 3278 angustiis.
3371 3203 3493 3257 Haec
3519 3202 3725 3258 omnia

2085 3303 2397 3370 postquam
2421 3290 2803 3364 considerati,
2829 3311 3142 3350 conversus
3167 3295 3238 3350 ad
3273 3291 3555 3364 meipsum
3577 3291 3728 3348 dice-

2085 3387 2208 3442 bam
2236 3405 2248 3441 :
2283 3386 2343 3441 Si
2373 3386 2608 3441 narrabo
2636 3388 2734 3455 sic,
2763 3401 2852 3439 me
2883 3383 3146 3438 videlicet
3168 3383 3296 3439 sine
3323 3398 3497 3438 causa
3520 3379 3736 3449 justifi-

2084 3481 2300 3546 catum,
2361 3477 2578 3530 frustra
2627 3474 2718 3546 pie
2761 3479 2817 3528 et
2860 3473 3198 3529 innocenter
3228 3471 3462 3539 vixisse,
3514 3470 3740 3526 frustra

2083 3565 2434 3637 castigatum
2465 3568 2522 3618 et
2553 3561 2933 3635 ﬂagellatam,
2958 3561 3095 3633 quia
3117 3577 3286 3616 careo
3309 3560 3478 3616 bonis
3508 3564 3739 3631 tempo-

2084 3654 2328 3720 ralibus,
2379 3653 2596 3724 quibus
2647 3647 2950 3707 abundant
2981 3653 3267 3706 bonorum
3303 3653 3730 3722 persecutores.

2083 3744 2213 3798 Ecce
2233 3743 2530 3808 nationem,
2557 3741 2610 3795 id
2633 3747 2742 3811 est,
2772 3740 3199 3805 auctoritatem,
3222 3739 3470 3809 ﬁliorum
3493 3743 3737 3806 tuorum,

2082 3831 2372 3886 Abraham
2427 3829 2688 3886 videlicet
2717 3834 2773 3885 et
2807 3831 2985 3893 Isaac,
3021 3829 3327 3900 reprobavi,
3362 3828 3418 3882 id
3447 3831 3558 3896 est,
3591 3844 3733 3884 con-

2087 3919 2318 3992 tempsi,
2377 3919 2516 3990 quia
2567 3918 2767 3973 nullus
2817 3917 3050 3973 illorum
3091 3933 3319 3972 mecum
3355 3917 3651 3972 consentit
3679 3915 3733 3970 in

2084 4009 2213 4079 hoc,
2265 4014 2329 4064 ut
2370 4008 2718 4079 contemptis
2749 4007 3000 4072 aeternis,
3035 4005 3446 4076 possideantur
3477 4010 3735 4061 interna:

2084 4123 2189 4163 nec
2223 4105 2640 4178 ﬂagellandum
2673 4122 2799 4160 esse
2833 4122 2935 4176 pro
2971 4101 3424 4176 temporalibus,
3481 4103 3583 4158 sed
3631 4119 3736 4174 pro

2083 4197 2348 4262 aeternis;
2401 4199 2458 4250 et
2506 4196 2588 4249 sic
2639 4193 2916 4249 omnibus
2964 4193 3125 4263 visis,
3169 4192 3560 4248 existimabam
3592 4191 3738 4248 utile

2085 4285 2249 4352 mihi,
2283 4283 2568 4340 subaudis
2602 4283 2739 4350 tore,
2773 4292 2832 4337 ut
2863 4297 3236 4352 cognoscerem
3267 4279 3433 4347 illud,
3479 4279 3738 4351 qualiter

2083 4374 2236 4429 Deus
2267 4372 2527 4428 humana
2560 4371 2854 4444 disponat,
2887 4376 2946 4426 et
2977 4386 3037 4426 se
3069 4369 3396 4426 colentibus
3427 4374 3733 4442 tempora-

2083 4459 2162 4516 lia
2191 4461 2528 4526 subtrahat,
2579 4467 2636 4515 et
2683 4476 2797 4515 non
2847 4476 2909 4515 se
2963 4459 3292 4516 colentibus
3344 4458 3560 4514 habere
3598 4474 3733 4531 per-

325 4553 511 4604 metas
533 4547 774 4603 humani
799 4547 1049 4620 generis,
1077 4545 1289 4601 licetin
1320 4550 1473 4602 terra
1497 4552 1651 4602 esset
1673 4547 1886 4619 posita,
1917 4545 1974 4601 id
2007 4547 2051 4610 D
2086 4550 2288 4622 mittit,
2345 4555 2402 4605 et
2443 4550 2542 4605 hoc
2589 4548 2872 4605 subaudis
2931 4564 3280 4622 cognoscere
3326 4552 3384 4604 et
3434 4547 3735 4620 inquirere

324 4640 430 4700 est,
455 4636 512 4689 in
534 4636 724 4707 fragili
744 4654 876 4692 vase
901 4642 958 4692 et
977 4635 1089 4691 cito
1114 4635 1404 4691 mutabili.
1431 4635 1576 4690 Nota
1599 4635 1848 4707 qualiter
1867 4634 1972 4690 lin-

325 4741 442 4798 gua
474 4741 675 4779 eorum
707 4725 994 4781 transivit.
1047 4725 1172 4779 Non
1205 4725 1461 4797 cogitant
1491 4723 1645 4779 enim
1679 4741 1740 4779 sc
1773 4724 1972 4779 subito

325 4830 498 4888 posse
521 4813 689 4878 mori,
715 4830 843 4868 cum
873 4814 1008 4870 talia
1030 4814 1389 4886 loquuntur:
1424 4813 1522 4869 sed
1552 4813 1719 4884 quasi
1744 4829 1975 4886 semper

320 4902 551 4974 victuri,
566 4901 809 4975 grandia
828 4903 1144 4958 minantur.
1187 4903 1252 4958 Hi
1276 4901 1418 4958 tales
1437 4919 1612 4974 quam
1634 4901 1821 4975 fragili
1839 4919 1974 4958 vase

326 4991 582 5065 cooperti
633 4996 791 5057 sunt,
844 4992 1112 5046 nesciunt
1157 4994 1310 5062 quod
1343 4993 1627 5062 scriptum
1659 4998 1783 5048 est:
1818 4993 1975 5048 Exiet

322 5083 553 5154 spiritus
574 5085 623 5137 et
646 5085 954 5138 revertetur
973 5083 1030 5134 in
1057 5085 1261 5136 terram
1284 5097 1440 5135 suam
1462 5082 1631 5149 (Psal.
1655 5081 1838 5152 CXLV).
1874 5080 1973 5137 Vel

325 5170 408 5226 sic
433 5187 444 5224 :
481 5172 694 5242 Lingua
716 5188 902 5226 eorum
927 5172 1186 5226 transivit
1211 5187 1412 5225 omnes
1436 5171 1496 5224 in
1522 5174 1696 5236 terra,
1723 5170 1778 5224 id
1803 5175 1893 5225 est
1913 5170 1973 5225 in

323 5259 642 5315 stabilitate
690 5260 940 5331 positos,
990 5259 1417 5314 contemnendo
1448 5275 1546 5315 eos
1582 5259 1637 5315 in
1671 5259 1974 5315 affectione

321 5349 514 5404 cordis
536 5349 649 5419 sui,
665 5349 806 5404 dum
826 5349 935 5404 sibi
963 5350 1112 5404 bona
1130 5346 1474 5421 temporalia
1491 5349 1971 5420 attribuerentur,

323 5452 379 5503 et
408 5446 538 5503 aliis
569 5447 950 5503 auferrentur.
1017 5447 1137 5503 Ideo
1184 5451 1524 5503 convertetur
1559 5449 1792 5518 populus
1820 5463 1974 5503 meus

326 5539 431 5593 hic.
467 5535 640 5598 Quasi
677 5537 868 5592 dicat:
902 5537 1187 5602 Quoniam
1221 5536 1303 5592 illi
1337 5553 1404 5590 ex
1434 5541 1694 5608 tempore
1745 5536 1970 5605 ﬂorent,

295 5632 304 5638 '
331 5629 396 5685 ut
423 5625 796 5704 postmodum
829 5626 1176 5686 aaternaliter
1204 5629 1461 5704 pereant,
1485 5625 1615 5685 ideo
1635 5629 1974 5687 convcrtetur

2083 4648 2159 4698 est
2191 4641 2346 4695 labor
2374 4642 2501 4694 ante
2529 4655 2634 4709 me,
2685 4639 2741 4693 id
2774 4643 2881 4704 est,
2929 4640 3118 4708 major
3148 4653 3274 4705 me;
3309 4640 3374 4693 ut
3401 4635 3545 4692 illud
3577 4654 3589 4692 :
3625 4635 3736 4702 Qui

2080 4738 2196 4801 post
2224 4745 2311 4783 me
2341 4729 2510 4794 venit,
2560 4735 2692 4781 ante
2721 4743 2805 4782 me
2831 4730 3012 4798 factus
3037 4736 3116 4782 est
3148 4727 3324 4798 (Joan.
3359 4725 3418 4798 ι).
3453 4724 3632 4781 Labor
3660 4732 3742 4780 est

2085 4819 2234 4886 dico,
2285 4821 2412 4872 ante
2459 4832 2565 4882 me,
2605 4815 2776 4871 donec
2807 4818 3030 4884 intrem,
3081 4813 3345 4870 videlicet
3392 4814 3737 4871 considera-

2083 4908 2258 4974 tione,
2275 4909 2331 4961 in
2356 4907 2738 4962 sanctuarium
2753 4905 2871 4971 Dei,
2888 4905 2944 4959 in
2973 4903 3260 4959 occultam
3284 4903 3735 4976 dispositionem

2086 4995 2348 5062 Domini;
2397 4999 2446 5051 et
2486 4995 2794 5062 intelligam
2827 4995 2884 5048 in
2912 4995 3224 5049 novissimis
3253 5009 3462 5060 eorum,
3513 4992 3572 5048 id
3623 4996 3730 5062 est,

2084 5086 2446 5141 considerem
2481 5083 2798 5138 novissima
2828 5099 3054 5148 eorum,
3108 5082 3206 5153 qui
3241 5081 3334 5137 hic
3366 5081 3614 5138 terrenis
3645 5081 3733 5136 in-

2085 5175 2270 5233 hiant.
2304 5179 2361 5228 et
2390 5173 2446 5227 in
2480 5190 2582 5245 spe
2613 5171 2935 5227 cmlestium
2967 5187 3084 5226 non
3116 5169 3402 5226 laborant.
3452 5169 3650 5227 Potest
3678 5174 3736 5227 et

2085 5264 2167 5318 sic
2225 5261 2558 5334 distingui:
2616 5261 3012 5316 Existimabam
3068 5269 3128 5316 ut
3179 5276 3556 5333 cognoscerem
3613 5261 3736 5330 hoc,

2085 5361 2336 5432 qualiter
2381 5358 2649 5415 videlicet
2698 5357 2835 5413 mali
2876 5359 2935 5413 in
2970 5357 3078 5414 hac
3108 5359 3225 5414 vita
3254 5359 3460 5414 ﬂorere
3487 5359 3733 5430 permit-

2084 5455 2324 5518 tuntur;
2359 5449 2458 5505 sed
2495 5447 2651 5504 labor
2678 5457 2754 5502 est
2783 5452 2910 5503 ante
2937 5464 3042 5520 me,
3075 5447 3244 5504 donec
3272 5450 3477 5504 inirem
3504 5450 3568 5502 in
3603 5464 3733 5503 sau-

2084 5542 2360 5594 ctuarium
2405 5539 2522 5607 Dei,
2576 5540 2626 5593 ct
2679 5537 2994 5608 intelligam
3047 5539 3104 5592 in
3153 5539 3467 5593 novissimis
3519 5553 3726 5604 eorum,

2087 5629 2320 5704 quando
2343 5627 2454 5703 ipsi
2477 5625 2756 5702 puniendi
2782 5630 2940 5685 sunt.
2966 5627 3347 5686 Verumtamen
3370 5635 3606 5708 propter
3631 5625 3726 5684 de-
