  <div class='ocr_page' id='page_1' title='image "/cluster/home/n/w/nwhite01/storage/ocr_20150623/131/hvd.32044054759923/268.png"; bbox 0 0 4014 6194; ppageno 0'>
   <div class='ocr_carea' id='block_1_1' title="bbox 231 313 341 375">
    <p class='ocr_par' dir='ltr' id='par_1_1' title="bbox 231 313 341 375">
     <span class='ocr_line' id='line_1_1' title="bbox 231 313 341 375; baseline -0.036 0"><span class='ocrx_word' id='word_1_1' title='bbox 231 313 341 375; x_wconf 68' lang='lat' dir='ltr'>52f</span> 
     </span>
    </p>
   </div>
   <div class='ocr_carea' id='block_1_2' title="bbox 1353 302 2512 390">
    <p class='ocr_par' dir='ltr' id='par_1_2' title="bbox 1353 302 2512 390">
     <span class='ocr_line' id='line_1_2' title="bbox 1353 302 2512 390; baseline -0.003 -22"><span class='ocrx_word' id='word_1_2' title='bbox 1353 302 1958 390; x_wconf 64' lang='lat' dir='ltr'>ENAR-RATIQNES</span> <span class='ocrx_word' id='word_1_3' title='bbox 2002 303 2080 364; x_wconf 88' lang='lat' dir='ltr'><strong>IN</strong></span> <span class='ocrx_word' id='word_1_4' title='bbox 2127 305 2512 368; x_wconf 83' lang='lat' dir='ltr'>PSALMOS.</span> 
     </span>
    </p>
   </div>
   <div class='ocr_carea' id='block_1_3' title="bbox 3515 310 3634 376">
    <p class='ocr_par' dir='ltr' id='par_1_3' title="bbox 3515 310 3634 376">
     <span class='ocr_line' id='line_1_3' title="bbox 3515 310 3634 376; baseline 0.067 -8"><span class='ocrx_word' id='word_1_5' title='bbox 3515 310 3634 376; x_wconf 67' lang='grc'>528</span> 
     </span>
    </p>
   </div>
   <div class='ocr_carea' id='block_1_4' title="bbox 234 439 3632 516">
    <p class='ocr_par' dir='ltr' id='par_1_4' title="bbox 234 439 3632 516">
     <span class='ocr_line' id='line_1_4' title="bbox 234 439 3632 516; baseline -0.001 -17"><span class='ocrx_word' id='word_1_6' title='bbox 234 447 306 501; x_wconf 89' lang='lat' dir='ltr'>los</span> <span class='ocrx_word' id='word_1_7' title='bbox 323 443 680 516; x_wconf 49' lang='lat' dir='ltr'>posuisti&#39;cis.</span> <span class='ocrx_word' id='word_1_8' title='bbox 712 440 888 505; x_wconf 84' lang='lat' dir='ltr'>Quasi</span> <span class='ocrx_word' id='word_1_9' title='bbox 917 441 1074 496; x_wconf 89' lang='lat' dir='ltr'>dicat</span> <span class='ocrx_word' id='word_1_10' title='bbox 1103 458 1114 495; x_wconf 91' lang='lat'>:</span> <span class='ocrx_word' id='word_1_11' title='bbox 1153 441 1310 498; x_wconf 83' lang='lat' dir='ltr'>Licet</span> <span class='ocrx_word' id='word_1_12' title='bbox 1348 440 1591 497; x_wconf 72' lang='lat' dir='ltr'>dixerim</span> <span class='ocrx_word' id='word_1_13' title='bbox 1624 456 1722 496; x_wconf 89' lang='lat' dir='ltr'>eos</span> <span class='ocrx_word' id='word_1_14' title='bbox 1753 456 1864 511; x_wconf 56' lang='lat' dir='ltr'>pu-</span> <span class='ocrx_word' id='word_1_15' title='bbox 1895 439 1949 510; x_wconf 76' lang='grc' dir='ltr'><strong>Α</strong></span> <span class='ocrx_word' id='word_1_16' title='bbox 1981 443 2179 500; x_wconf 81' lang='lat' dir='ltr'>erant;</span> <span class='ocrx_word' id='word_1_17' title='bbox 2213 439 2309 493; x_wconf 86' lang='lat' dir='ltr'>sed</span> <span class='ocrx_word' id='word_1_18' title='bbox 2338 444 2392 494; x_wconf 89' lang='lat' dir='ltr'>ut</span> <span class='ocrx_word' id='word_1_19' title='bbox 2415 441 2729 507; x_wconf 83' lang='lat' dir='ltr'>jumentum</span> <span class='ocrx_word' id='word_1_20' title='bbox 2747 442 2928 510; x_wconf 84' lang='lat' dir='ltr'>[actus</span> <span class='ocrx_word' id='word_1_21' title='bbox 2956 456 3076 496; x_wconf 89' lang='lat' dir='ltr'>sum</span> <span class='ocrx_word' id='word_1_22' title='bbox 3106 440 3252 511; x_wconf 86' lang='lat' dir='ltr'>apud</span> <span class='ocrx_word' id='word_1_23' title='bbox 3275 443 3346 506; x_wconf 84' lang='lat' dir='ltr'>te,</span> <span class='ocrx_word' id='word_1_24' title='bbox 3400 441 3632 496; x_wconf 85' lang='lat' dir='ltr'>irratio-</span> 
     </span>
    </p>
   </div>
   <div class='ocr_carea' id='block_1_5' title="bbox 231 527 1867 601">
    <p class='ocr_par' dir='ltr' id='par_1_5' title="bbox 231 527 1867 601">
     <span class='ocr_line' id='line_1_5' title="bbox 231 527 1867 601; baseline -0.005 -11"><span class='ocrx_word' id='word_1_25' title='bbox 231 533 466 591; x_wconf 81' lang='lat' dir='ltr'>niendos</span> <span class='ocrx_word' id='word_1_26' title='bbox 489 532 550 586; x_wconf 93' lang='lat' dir='ltr'>in</span> <span class='ocrx_word' id='word_1_27' title='bbox 573 529 908 588; x_wconf 75' lang='lat' dir='ltr'>novissimis</span> <span class='ocrx_word' id='word_1_28' title='bbox 936 547 1162 601; x_wconf 90' lang='lat' dir='ltr'>eorum,</span> <span class='ocrx_word' id='word_1_29' title='bbox 1195 535 1259 586; x_wconf 87' lang='lat' dir='ltr'>tu</span> <span class='ocrx_word' id='word_1_30' title='bbox 1291 536 1486 586; x_wconf 88' lang='lat' dir='ltr'>tamen</span> <span class='ocrx_word' id='word_1_31' title='bbox 1519 530 1577 584; x_wconf 90' lang='lat' dir='ltr'>in</span> <span class='ocrx_word' id='word_1_32' title='bbox 1602 527 1867 601; x_wconf 80' lang='lat' dir='ltr'>praesenti</span> 
     </span>
    </p>
   </div>
   <div class='ocr_carea' id='block_1_6' title="bbox 221 616 1869 696">
    <p class='ocr_par' dir='ltr' id='par_1_6' title="bbox 221 616 1869 696">
     <span class='ocr_line' id='line_1_6' title="bbox 221 616 1869 696; baseline -0.005 -17"><span class='ocrx_word' id='word_1_33' title='bbox 221 625 336 696; x_wconf 83' lang='lat' dir='ltr'>jam</span> <span class='ocrx_word' id='word_1_34' title='bbox 363 620 660 677; x_wconf 74' lang='lat' dir='ltr'>damnasti</span> <span class='ocrx_word' id='word_1_35' title='bbox 688 635 810 688; x_wconf 90' lang='lat' dir='ltr'>eos,</span> <span class='ocrx_word' id='word_1_36' title='bbox 842 619 984 693; x_wconf 81' lang='lat' dir='ltr'>quia</span> <span class='ocrx_word' id='word_1_37' title='bbox 1013 624 1249 692; x_wconf 76' lang='lat' dir='ltr'>propter</span> <span class='ocrx_word' id='word_1_38' title='bbox 1298 618 1484 685; x_wconf 82' lang='lat' dir='ltr'>dolos,</span> <span class='ocrx_word' id='word_1_39' title='bbox 1537 618 1758 690; x_wconf 85' lang='lat' dir='ltr'>quibus</span> <span class='ocrx_word' id='word_1_40' title='bbox 1787 616 1869 670; x_wconf 93' lang='lat' dir='ltr'>vi-</span> 
     </span>
    </p>
   </div>
   <div class='ocr_carea' id='block_1_7' title="bbox 227 707 1872 781">
    <p class='ocr_par' dir='ltr' id='par_1_7' title="bbox 227 707 1872 781">
     <span class='ocr_line' id='line_1_7' title="bbox 227 707 1872 781; baseline -0.005 -13"><span class='ocrx_word' id='word_1_41' title='bbox 227 712 423 769; x_wconf 87' lang='lat' dir='ltr'>delicet</span> <span class='ocrx_word' id='word_1_42' title='bbox 454 709 812 765; x_wconf 75' lang='lat' dir='ltr'>convictores</span> <span class='ocrx_word' id='word_1_43' title='bbox 834 726 974 765; x_wconf 88' lang='lat' dir='ltr'>suos</span> <span class='ocrx_word' id='word_1_44' title='bbox 1005 709 1270 781; x_wconf 84' lang='lat' dir='ltr'>decipere</span> <span class='ocrx_word' id='word_1_45' title='bbox 1300 707 1602 773; x_wconf 89' lang='lat' dir='ltr'>solent,vel</span> <span class='ocrx_word' id='word_1_46' title='bbox 1636 710 1872 779; x_wconf 85' lang='lat' dir='ltr'>propter</span> 
     </span>
    </p>
   </div>
   <div class='ocr_carea' id='block_1_8' title="bbox 226 796 1866 872">
    <p class='ocr_par' dir='ltr' id='par_1_8' title="bbox 226 796 1866 872">
     <span class='ocr_line' id='line_1_8' title="bbox 226 796 1866 872; baseline -0.005 -15"><span class='ocrx_word' id='word_1_47' title='bbox 226 801 381 858; x_wconf 89' lang='lat' dir='ltr'>dolos</span> <span class='ocrx_word' id='word_1_48' title='bbox 415 800 472 855; x_wconf 91' lang='lat' dir='ltr'>in</span> <span class='ocrx_word' id='word_1_49' title='bbox 507 799 692 872; x_wconf 78' lang='lat' dir='ltr'>signis</span> <span class='ocrx_word' id='word_1_50' title='bbox 719 803 775 854; x_wconf 89' lang='lat' dir='ltr'>et</span> <span class='ocrx_word' id='word_1_51' title='bbox 804 815 920 854; x_wconf 88' lang='lat' dir='ltr'>non</span> <span class='ocrx_word' id='word_1_52' title='bbox 951 797 1010 853; x_wconf 92' lang='lat' dir='ltr'>in</span> <span class='ocrx_word' id='word_1_53' title='bbox 1038 798 1411 870; x_wconf 78' lang='lat' dir='ltr'>signiﬁcatis,</span> <span class='ocrx_word' id='word_1_54' title='bbox 1435 797 1491 852; x_wconf 88' lang='lat' dir='ltr'>in</span> <span class='ocrx_word' id='word_1_55' title='bbox 1523 796 1866 868; x_wconf 87' lang='lat' dir='ltr'>promitten-</span> 
     </span>
    </p>
   </div>
   <div class='ocr_carea' id='block_1_9' title="bbox 223 886 1868 960">
    <p class='ocr_par' dir='ltr' id='par_1_9' title="bbox 223 886 1868 960">
     <span class='ocr_line' id='line_1_9' title="bbox 223 886 1868 960; baseline -0.006 -14"><span class='ocrx_word' id='word_1_56' title='bbox 223 891 370 946; x_wconf 87' lang='lat' dir='ltr'>tibus</span> <span class='ocrx_word' id='word_1_57' title='bbox 403 895 462 952; x_wconf 81' lang='lat' dir='ltr'>et</span> <span class='ocrx_word' id='word_1_58' title='bbox 489 905 603 944; x_wconf 86' lang='lat' dir='ltr'>non</span> <span class='ocrx_word' id='word_1_59' title='bbox 635 887 694 943; x_wconf 90' lang='lat' dir='ltr'>in</span> <span class='ocrx_word' id='word_1_60' title='bbox 724 886 1054 960; x_wconf 81' lang='lat' dir='ltr'>promissis,</span> <span class='ocrx_word' id='word_1_61' title='bbox 1111 894 1580 959; x_wconf 87' lang='lat' dir='ltr'>permanserunt,</span> <span class='ocrx_word' id='word_1_62' title='bbox 1637 886 1868 956; x_wconf 76' lang='lat' dir='ltr'>potuisti</span> 
     </span>
    </p>
   </div>
   <div class='ocr_carea' id='block_1_10' title="bbox 222 974 1867 1048">
    <p class='ocr_par' dir='ltr' id='par_1_10' title="bbox 222 974 1867 1048">
     <span class='ocr_line' id='line_1_10' title="bbox 222 974 1867 1048; baseline -0.005 -12"><span class='ocrx_word' id='word_1_63' title='bbox 222 979 312 1046; x_wconf 83' lang='lat' dir='ltr'>eis,</span> <span class='ocrx_word' id='word_1_64' title='bbox 344 978 629 1034; x_wconf 74' lang='lat' dir='ltr'>subaudis</span> <span class='ocrx_word' id='word_1_65' title='bbox 661 977 964 1034; x_wconf 81' lang='lat' dir='ltr'>dolum.Et</span> <span class='ocrx_word' id='word_1_66' title='bbox 990 976 1099 1031; x_wconf 92' lang='lat' dir='ltr'>hoc</span> <span class='ocrx_word' id='word_1_67' title='bbox 1135 974 1476 1048; x_wconf 86' lang='lat' dir='ltr'>quomodo?</span> <span class='ocrx_word' id='word_1_68' title='bbox 1500 974 1761 1046; x_wconf 74' lang='lat' dir='ltr'>Dejecisti</span> <span class='ocrx_word' id='word_1_69' title='bbox 1780 989 1867 1028; x_wconf 91' lang='lat' dir='ltr'>eos</span> 
     </span>
    </p>
   </div>
   <div class='ocr_carea' id='block_1_11' title="bbox 219 1061 1867 1138">
    <p class='ocr_par' dir='ltr' id='par_1_11' title="bbox 219 1061 1867 1138">
     <span class='ocr_line' id='line_1_11' title="bbox 219 1061 1867 1138; baseline -0.005 -14"><span class='ocrx_word' id='word_1_70' title='bbox 219 1069 344 1124; x_wconf 82' lang='lat' dir='ltr'>dum</span> <span class='ocrx_word' id='word_1_71' title='bbox 366 1067 746 1126; x_wconf 81' lang='lat' dir='ltr'>allevarentur</span> <span class='ocrx_word' id='word_1_72' title='bbox 763 1082 784 1127; x_wconf 84' lang='lat'>.&#39;</span> <span class='ocrx_word' id='word_1_73' title='bbox 817 1066 958 1138; x_wconf 86' lang='lat' dir='ltr'>quia</span> <span class='ocrx_word' id='word_1_74' title='bbox 989 1067 1050 1120; x_wconf 93' lang='lat' dir='ltr'>in</span> <span class='ocrx_word' id='word_1_75' title='bbox 1080 1065 1186 1120; x_wconf 90' lang='lat' dir='ltr'>hoc</span> <span class='ocrx_word' id='word_1_76' title='bbox 1210 1065 1336 1137; x_wconf 85' lang='lat' dir='ltr'>ipso</span> <span class='ocrx_word' id='word_1_77' title='bbox 1359 1081 1474 1138; x_wconf 85' lang='lat' dir='ltr'>quo</span> <span class='ocrx_word' id='word_1_78' title='bbox 1498 1079 1558 1120; x_wconf 89' lang='lat' dir='ltr'>se</span> <span class='ocrx_word' id='word_1_79' title='bbox 1583 1061 1867 1135; x_wconf 82' lang='lat' dir='ltr'>putabant</span> 
     </span>
    </p>
   </div>
   <div class='ocr_carea' id='block_1_12' title="bbox 219 1150 1864 1226">
    <p class='ocr_par' dir='ltr' id='par_1_12' title="bbox 219 1150 1864 1226">
     <span class='ocr_line' id='line_1_12' title="bbox 219 1150 1864 1226; baseline -0.004 -14"><span class='ocrx_word' id='word_1_80' title='bbox 219 1155 442 1226; x_wconf 82' lang='lat' dir='ltr'>elevari,</span> <span class='ocrx_word' id='word_1_81' title='bbox 477 1155 693 1211; x_wconf 86' lang='lat' dir='ltr'>misera</span> <span class='ocrx_word' id='word_1_82' title='bbox 723 1153 1046 1225; x_wconf 78' lang='lat' dir='ltr'>dejectione</span> <span class='ocrx_word' id='word_1_83' title='bbox 1096 1153 1356 1224; x_wconf 85' lang='lat' dir='ltr'>depressi</span> <span class='ocrx_word' id='word_1_84' title='bbox 1397 1156 1554 1208; x_wconf 90' lang='lat' dir='ltr'>sunt.</span> <span class='ocrx_word' id='word_1_85' title='bbox 1588 1150 1864 1222; x_wconf 88' lang='lat' dir='ltr'>Quomodo</span> 
     </span>
    </p>
   </div>
   <div class='ocr_carea' id='block_1_13' title="bbox 215 1239 1863 1313">
    <p class='ocr_par' dir='ltr' id='par_1_13' title="bbox 215 1239 1863 1313">
     <span class='ocr_line' id='line_1_13' title="bbox 215 1239 1863 1313; baseline -0.004 -15"><span class='ocrx_word' id='word_1_86' title='bbox 215 1245 344 1313; x_wconf 81' lang='lat' dir='ltr'>facti</span> <span class='ocrx_word' id='word_1_87' title='bbox 369 1251 501 1298; x_wconf 88' lang='lat' dir='ltr'>sunt</span> <span class='ocrx_word' id='word_1_88' title='bbox 532 1244 590 1298; x_wconf 89' lang='lat' dir='ltr'>in</span> <span class='ocrx_word' id='word_1_89' title='bbox 620 1241 1031 1312; x_wconf 69' lang='lat' dir='ltr'>desolationem,</span> <span class='ocrx_word' id='word_1_90' title='bbox 1071 1240 1250 1298; x_wconf 81' lang='lat' dir='ltr'>subito</span> <span class='ocrx_word' id='word_1_91' title='bbox 1297 1239 1632 1311; x_wconf 81' lang='lat' dir='ltr'>defecerunt,</span> <span class='ocrx_word' id='word_1_92' title='bbox 1673 1242 1863 1310; x_wconf 81' lang='lat' dir='ltr'>perie-</span> 
     </span>
    </p>
   </div>
   <div class='ocr_carea' id='block_1_14' title="bbox 216 1328 1861 1404">
    <p class='ocr_par' dir='ltr' id='par_1_14' title="bbox 216 1328 1861 1404">
     <span class='ocr_line' id='line_1_14' title="bbox 216 1328 1861 1404; baseline -0.003 -17"><span class='ocrx_word' id='word_1_93' title='bbox 216 1337 362 1403; x_wconf 87' lang='lat' dir='ltr'>runt,</span> <span class='ocrx_word' id='word_1_94' title='bbox 389 1336 613 1404; x_wconf 78' lang='lat' dir='ltr'>propter</span> <span class='ocrx_word' id='word_1_95' title='bbox 661 1332 1016 1403; x_wconf 73' lang='lat' dir='ltr'>iniquitatem,</span> <span class='ocrx_word' id='word_1_96' title='bbox 1037 1346 1196 1386; x_wconf 87' lang='lat' dir='ltr'>suam</span> <span class='ocrx_word' id='word_1_97' title='bbox 1218 1328 1245 1384; x_wconf 81' lang='lat'><strong>?</strong></span> <span class='ocrx_word' id='word_1_98' title='bbox 1279 1328 1496 1401; x_wconf 86' lang='lat' dir='ltr'>Asaph,</span> <span class='ocrx_word' id='word_1_99' title='bbox 1531 1329 1630 1400; x_wconf 87' lang='lat' dir='ltr'>qui</span> <span class='ocrx_word' id='word_1_100' title='bbox 1662 1328 1721 1384; x_wconf 90' lang='lat' dir='ltr'>in</span> <span class='ocrx_word' id='word_1_101' title='bbox 1756 1328 1861 1383; x_wconf 90' lang='lat' dir='ltr'>hoc</span> 
     </span>
    </p>
   </div>
   <div class='ocr_carea' id='block_1_15' title="bbox 215 1416 1864 1493">
    <p class='ocr_par' dir='ltr' id='par_1_15' title="bbox 215 1416 1864 1493">
     <span class='ocr_line' id='line_1_15' title="bbox 215 1416 1864 1493; baseline -0.004 -15"><span class='ocrx_word' id='word_1_102' title='bbox 215 1419 438 1493; x_wconf 82' lang='lat' dir='ltr'>psalmo</span> <span class='ocrx_word' id='word_1_103' title='bbox 461 1418 991 1492; x_wconf 73' lang='lat' dir='ltr'>loquitur,prccvide</span> <span class='ocrx_word' id='word_1_104' title='bbox 1003 1436 1070 1472; x_wconf 85' lang='lat' dir='ltr'>ns</span> <span class='ocrx_word' id='word_1_105' title='bbox 1091 1419 1342 1474; x_wconf 86' lang='lat' dir='ltr'>futuram</span> <span class='ocrx_word' id='word_1_106' title='bbox 1366 1416 1784 1474; x_wconf 84' lang='lat' dir='ltr'>desolationem</span> <span class='ocrx_word' id='word_1_107' title='bbox 1800 1416 1864 1472; x_wconf 86' lang='lat' dir='ltr'>il-</span> 
     </span>
    </p>
   </div>
   <div class='ocr_carea' id='block_1_16' title="bbox 215 1506 1864 1581">
    <p class='ocr_par' dir='ltr' id='par_1_16' title="bbox 215 1506 1864 1581">
     <span class='ocr_line' id='line_1_16' title="bbox 215 1506 1864 1581; baseline -0.002 -17"><span class='ocrx_word' id='word_1_108' title='bbox 215 1509 424 1577; x_wconf 86' lang='lat' dir='ltr'>lorum,</span> <span class='ocrx_word' id='word_1_109' title='bbox 462 1526 714 1581; x_wconf 86' lang='lat' dir='ltr'>quorum</span> <span class='ocrx_word' id='word_1_110' title='bbox 748 1508 842 1564; x_wconf 88' lang='lat' dir='ltr'>hic</span> <span class='ocrx_word' id='word_1_111' title='bbox 887 1510 944 1562; x_wconf 85' lang='lat' dir='ltr'>in</span> <span class='ocrx_word' id='word_1_112' title='bbox 981 1506 1226 1563; x_wconf 79' lang='lat' dir='ltr'>terrenis</span> <span class='ocrx_word' id='word_1_113' title='bbox 1256 1512 1397 1562; x_wconf 90' lang='lat' dir='ltr'>sunt</span> <span class='ocrx_word' id='word_1_114' title='bbox 1427 1507 1652 1572; x_wconf 84' lang='lat' dir='ltr'>solatia,</span> <span class='ocrx_word' id='word_1_115' title='bbox 1688 1508 1864 1578; x_wconf 68' lang='lat' dir='ltr'>quasi.</span> 
     </span>
    </p>
   </div>
   <div class='ocr_carea' id='block_1_17' title="bbox 212 1595 1858 1669">
    <p class='ocr_par' dir='ltr' id='par_1_17' title="bbox 212 1595 1858 1669">
     <span class='ocr_line' id='line_1_17' title="bbox 212 1595 1858 1669; baseline -0.003 -14"><span class='ocrx_word' id='word_1_116' title='bbox 212 1598 566 1656; x_wconf 73' lang='lat' dir='ltr'>condolenclo</span> <span class='ocrx_word' id='word_1_117' title='bbox 599 1598 681 1653; x_wconf 91' lang='lat' dir='ltr'>eis</span> <span class='ocrx_word' id='word_1_118' title='bbox 715 1597 797 1654; x_wconf 90' lang='lat' dir='ltr'>sic</span> <span class='ocrx_word' id='word_1_119' title='bbox 827 1598 1044 1652; x_wconf 89' lang='lat' dir='ltr'>clamat</span> <span class='ocrx_word' id='word_1_120' title='bbox 1075 1615 1093 1652; x_wconf 91' lang='lat'><em>:</em></span> <span class='ocrx_word' id='word_1_121' title='bbox 1126 1596 1433 1669; x_wconf 85' lang='lat' dir='ltr'>Quomodo,</span> <span class='ocrx_word' id='word_1_122' title='bbox 1471 1595 1526 1648; x_wconf 90' lang='lat' dir='ltr'>id</span> <span class='ocrx_word' id='word_1_123' title='bbox 1559 1601 1650 1651; x_wconf 86' lang='lat' dir='ltr'>est</span> <span class='ocrx_word' id='word_1_124' title='bbox 1679 1611 1858 1666; x_wconf 88' lang='lat' dir='ltr'>quam</span> 
     </span>
    </p>
   </div>
   <div class='ocr_carea' id='block_1_18' title="bbox 211 1684 1856 1760">
    <p class='ocr_par' dir='ltr' id='par_1_18' title="bbox 211 1684 1856 1760">
     <span class='ocr_line' id='line_1_18' title="bbox 211 1684 1856 1760; baseline -0.003 -15"><span class='ocrx_word' id='word_1_125' title='bbox 211 1690 420 1745; x_wconf 80' lang='lat' dir='ltr'>misere</span> <span class='ocrx_word' id='word_1_126' title='bbox 452 1693 508 1744; x_wconf 89' lang='lat' dir='ltr'>et</span> <span class='ocrx_word' id='word_1_127' title='bbox 566 1687 749 1744; x_wconf 89' lang='lat' dir='ltr'>irrecu</span> <span class='ocrx_word' id='word_1_128' title='bbox 763 1684 1117 1760; x_wconf 81' lang='lat' dir='ltr'>perabiliter,</span> <span class='ocrx_word' id='word_1_129' title='bbox 1157 1687 1293 1756; x_wconf 85' lang='lat' dir='ltr'>facti</span> <span class='ocrx_word' id='word_1_130' title='bbox 1322 1693 1449 1740; x_wconf 87' lang='lat' dir='ltr'>sunt</span> <span class='ocrx_word' id='word_1_131' title='bbox 1481 1687 1540 1739; x_wconf 87' lang='lat' dir='ltr'>in</span> <span class='ocrx_word' id='word_1_132' title='bbox 1567 1684 1856 1740; x_wconf 86' lang='lat' dir='ltr'>desolatio-</span> 
     </span>
    </p>
   </div>
   <div class='ocr_carea' id='block_1_19' title="bbox 211 1773 1858 1847">
    <p class='ocr_par' dir='ltr' id='par_1_19' title="bbox 211 1773 1858 1847">
     <span class='ocr_line' id='line_1_19' title="bbox 211 1773 1858 1847; baseline -0.002 -16"><span class='ocrx_word' id='word_1_133' title='bbox 211 1795 335 1836; x_wconf 87' lang='lat' dir='ltr'>nem</span> <span class='ocrx_word' id='word_1_134' title='bbox 357 1782 384 1831; x_wconf 72' lang='lat'>.9</span> <span class='ocrx_word' id='word_1_135' title='bbox 417 1794 552 1834; x_wconf 89' lang='lat' dir='ltr'>nam</span> <span class='ocrx_word' id='word_1_136' title='bbox 577 1777 754 1832; x_wconf 85' lang='lat' dir='ltr'>subito</span> <span class='ocrx_word' id='word_1_137' title='bbox 784 1774 1230 1847; x_wconf 84' lang='lat' dir='ltr'>defecerunt,qui</span> <span class='ocrx_word' id='word_1_138' title='bbox 1253 1774 1512 1829; x_wconf 86' lang='lat' dir='ltr'>divinam</span> <span class='ocrx_word' id='word_1_139' title='bbox 1545 1774 1721 1829; x_wconf 85' lang='lat' dir='ltr'>vitam</span> <span class='ocrx_word' id='word_1_140' title='bbox 1747 1773 1858 1834; x_wconf 84' lang='lat' dir='ltr'>sibi</span> 
     </span>
    </p>
   </div>
   <div class='ocr_carea' id='block_1_20' title="bbox 205 1863 1863 1938">
    <p class='ocr_par' dir='ltr' id='par_1_20' title="bbox 205 1863 1863 1938">
     <span class='ocr_line' id='line_1_20' title="bbox 205 1863 1863 1938; baseline -0.002 -18"><span class='ocrx_word' id='word_1_141' title='bbox 205 1867 353 1938; x_wconf 86' lang='lat' dir='ltr'>ipsis</span> <span class='ocrx_word' id='word_1_142' title='bbox 383 1865 782 1938; x_wconf 85' lang='lat' dir='ltr'>promiserant</span> <span class='ocrx_word' id='word_1_143' title='bbox 807 1890 820 1931; x_wconf 88' lang='lat'><strong>;</strong></span> <span class='ocrx_word' id='word_1_144' title='bbox 853 1869 909 1919; x_wconf 92' lang='lat' dir='ltr'>et</span> <span class='ocrx_word' id='word_1_145' title='bbox 938 1863 1020 1920; x_wconf 92' lang='lat' dir='ltr'>sic</span> <span class='ocrx_word' id='word_1_146' title='bbox 1044 1865 1334 1934; x_wconf 78' lang='lat' dir='ltr'>perierunt</span> <span class='ocrx_word' id='word_1_147' title='bbox 1355 1866 1579 1935; x_wconf 80' lang='lat' dir='ltr'>propter</span> <span class='ocrx_word' id='word_1_148' title='bbox 1601 1864 1863 1934; x_wconf 87' lang='lat' dir='ltr'>iniquita-</span> 
     </span>
    </p>
   </div>
   <div class='ocr_carea' id='block_1_21' title="bbox 202 1951 1857 2027">
    <p class='ocr_par' dir='ltr' id='par_1_21' title="bbox 202 1951 1857 2027">
     <span class='ocr_line' id='line_1_21' title="bbox 202 1951 1857 2027; baseline -0.002 -18"><span class='ocrx_word' id='word_1_149' title='bbox 202 1964 314 2009; x_wconf 86' lang='lat' dir='ltr'>tem</span> <span class='ocrx_word' id='word_1_150' title='bbox 338 1971 517 2026; x_wconf 87' lang='lat' dir='ltr'>suam,</span> <span class='ocrx_word' id='word_1_151' title='bbox 538 1971 651 2012; x_wconf 90' lang='lat' dir='ltr'>non</span> <span class='ocrx_word' id='word_1_152' title='bbox 687 1959 921 2027; x_wconf 80' lang='lat' dir='ltr'>propter</span> <span class='ocrx_word' id='word_1_153' title='bbox 941 1953 1331 2009; x_wconf 77' lang='lat' dir='ltr'>examinantis</span> <span class='ocrx_word' id='word_1_154' title='bbox 1362 1951 1460 2008; x_wconf 91' lang='lat' dir='ltr'>Dei</span> <span class='ocrx_word' id='word_1_155' title='bbox 1484 1951 1563 2023; x_wconf 85' lang='lat' dir='ltr'>inj</span> <span class='ocrx_word' id='word_1_156' title='bbox 1575 1951 1857 2008; x_wconf 84' lang='lat' dir='ltr'>ustitiam.</span> 
     </span>
    </p>
   </div>
   <div class='ocr_carea' id='block_1_22' title="bbox 199 2042 1857 2116">
    <p class='ocr_par' dir='ltr' id='par_1_22' title="bbox 199 2042 1857 2116">
     <span class='ocr_line' id='line_1_22' title="bbox 199 2042 1857 2116; baseline -0.001 -18"><span class='ocrx_word' id='word_1_157' title='bbox 199 2045 270 2100; x_wconf 85' lang='lat' dir='ltr'>Et</span> <span class='ocrx_word' id='word_1_158' title='bbox 298 2045 597 2116; x_wconf 90' lang='lat' dir='ltr'>quomodo</span> <span class='ocrx_word' id='word_1_159' title='bbox 637 2043 956 2116; x_wconf 85' lang='lat' dir='ltr'>peribunt?</span> <span class='ocrx_word' id='word_1_160' title='bbox 991 2043 1140 2098; x_wconf 84' lang='lat' dir='ltr'>Velut</span> <span class='ocrx_word' id='word_1_161' title='bbox 1167 2043 1459 2107; x_wconf 75' lang='lat' dir='ltr'>somnium,</span> <span class='ocrx_word' id='word_1_162' title='bbox 1493 2042 1857 2112; x_wconf 78' lang='lat' dir='ltr'>surgentium,</span> 
     </span>
    </p>
   </div>
   <div class='ocr_carea' id='block_1_23' title="bbox 198 2129 1861 2205">
    <p class='ocr_par' dir='ltr' id='par_1_23' title="bbox 198 2129 1861 2205">
     <span class='ocr_line' id='line_1_23' title="bbox 198 2129 1861 2205; baseline -0.002 -18"><span class='ocrx_word' id='word_1_163' title='bbox 198 2133 255 2189; x_wconf 89' lang='lat' dir='ltr'>id</span> <span class='ocrx_word' id='word_1_164' title='bbox 289 2139 402 2200; x_wconf 88' lang='lat' dir='ltr'>est,</span> <span class='ocrx_word' id='word_1_165' title='bbox 431 2132 859 2205; x_wconf 86' lang='lat' dir='ltr'>comparabiles</span> <span class='ocrx_word' id='word_1_166' title='bbox 884 2136 1058 2188; x_wconf 89' lang='lat' dir='ltr'>erunt</span> <span class='ocrx_word' id='word_1_167' title='bbox 1089 2130 1524 2187; x_wconf 82' lang='lat' dir='ltr'>somniantibus</span> <span class='ocrx_word' id='word_1_168' title='bbox 1555 2147 1617 2185; x_wconf 90' lang='lat' dir='ltr'>se</span> <span class='ocrx_word' id='word_1_169' title='bbox 1647 2129 1861 2185; x_wconf 89' lang='lat' dir='ltr'>habere</span> 
     </span>
    </p>
   </div>
   <div class='ocr_carea' id='block_1_24' title="bbox 194 2216 1862 2292">
    <p class='ocr_par' dir='ltr' id='par_1_24' title="bbox 194 2216 1862 2292">
     <span class='ocr_line' id='line_1_24' title="bbox 194 2216 1862 2292; baseline -0.001 -17"><span class='ocrx_word' id='word_1_170' title='bbox 194 2220 573 2292; x_wconf 88' lang='lat' dir='ltr'>div.itias,qui</span> <span class='ocrx_word' id='word_1_171' title='bbox 607 2226 802 2278; x_wconf 89' lang='lat' dir='ltr'>tamen</span> <span class='ocrx_word' id='word_1_172' title='bbox 834 2219 980 2275; x_wconf 88' lang='lat' dir='ltr'>nihil</span> <span class='ocrx_word' id='word_1_173' title='bbox 1011 2218 1232 2275; x_wconf 87' lang='lat' dir='ltr'>habent</span> <span class='ocrx_word' id='word_1_174' title='bbox 1260 2219 1402 2273; x_wconf 88' lang='lat' dir='ltr'>dum</span> <span class='ocrx_word' id='word_1_175' title='bbox 1435 2216 1709 2290; x_wconf 85' lang='lat' dir='ltr'>evigilent</span> <span class='ocrx_word' id='word_1_176' title='bbox 1743 2218 1862 2273; x_wconf 91' lang='lat' dir='ltr'>:ita</span> 
     </span>
    </p>
   </div>
   <div class='ocr_carea' id='block_1_25' title="bbox 192 2306 1860 2374">
    <p class='ocr_par' dir='ltr' id='par_1_25' title="bbox 192 2306 1860 2374">
     <span class='ocr_line' id='line_1_25' title="bbox 192 2306 1860 2374; baseline -0.002 -10"><span class='ocrx_word' id='word_1_177' title='bbox 192 2310 294 2368; x_wconf 89' lang='lat' dir='ltr'>isti</span> <span class='ocrx_word' id='word_1_178' title='bbox 331 2309 542 2366; x_wconf 82' lang='lat' dir='ltr'>felices</span> <span class='ocrx_word' id='word_1_179' title='bbox 575 2309 686 2364; x_wconf 88' lang='lat' dir='ltr'>sibi</span> <span class='ocrx_word' id='word_1_180' title='bbox 717 2309 988 2364; x_wconf 90' lang='lat' dir='ltr'>videntur</span> <span class='ocrx_word' id='word_1_181' title='bbox 1015 2308 1156 2364; x_wconf 90' lang='lat' dir='ltr'>dum</span> <span class='ocrx_word' id='word_1_182' title='bbox 1190 2311 1388 2362; x_wconf 90' lang='lat' dir='ltr'>manet</span> <span class='ocrx_word' id='word_1_183' title='bbox 1437 2306 1551 2362; x_wconf 89' lang='lat' dir='ltr'>ista</span> <span class='ocrx_word' id='word_1_184' title='bbox 1582 2323 1727 2374; x_wconf 86' lang='lat' dir='ltr'>nox;</span> <span class='ocrx_word' id='word_1_185' title='bbox 1759 2307 1860 2363; x_wconf 86' lang='lat' dir='ltr'>sed</span> 
     </span>
    </p>
   </div>
   <div class='ocr_carea' id='block_1_26' title="bbox 186 2395 1860 2469">
    <p class='ocr_par' dir='ltr' id='par_1_26' title="bbox 186 2395 1860 2469">
     <span class='ocr_line' id='line_1_26' title="bbox 186 2395 1860 2469; baseline -0.003 -15"><span class='ocrx_word' id='word_1_186' title='bbox 186 2399 338 2454; x_wconf 87' lang='lat' dir='ltr'>dum</span> <span class='ocrx_word' id='word_1_187' title='bbox 389 2399 628 2457; x_wconf 90' lang='lat' dir='ltr'>somnis</span> <span class='ocrx_word' id='word_1_188' title='bbox 669 2399 846 2469; x_wconf 81' lang='lat' dir='ltr'>hujus</span> <span class='ocrx_word' id='word_1_189' title='bbox 875 2397 1129 2454; x_wconf 87' lang='lat' dir='ltr'>carnalis</span> <span class='ocrx_word' id='word_1_190' title='bbox 1187 2397 1315 2452; x_wconf 65' lang='lat' dir='ltr'>vitae</span> <span class='ocrx_word' id='word_1_191' title='bbox 1359 2395 1590 2452; x_wconf 79' lang='lat' dir='ltr'>excitati</span> <span class='ocrx_word' id='word_1_192' title='bbox 1623 2395 1860 2466; x_wconf 81' lang='lat' dir='ltr'>fuerint,</span> 
     </span>
    </p>
   </div>
   <div class='ocr_carea' id='block_1_27' title="bbox 192 2485 1861 2560">
    <p class='ocr_par' dir='ltr' id='par_1_27' title="bbox 192 2485 1861 2560">
     <span class='ocr_line' id='line_1_27' title="bbox 192 2485 1861 2560; baseline -0.001 -18"><span class='ocrx_word' id='word_1_193' title='bbox 192 2492 626 2560; x_wconf 82' lang='lat' dir='ltr'>recognoscent</span> <span class='ocrx_word' id='word_1_194' title='bbox 646 2503 708 2542; x_wconf 92' lang='lat' dir='ltr'>se</span> <span class='ocrx_word' id='word_1_195' title='bbox 729 2504 858 2543; x_wconf 86' lang='lat' dir='ltr'>esse</span> <span class='ocrx_word' id='word_1_196' title='bbox 875 2491 1242 2559; x_wconf 85' lang='lat' dir='ltr'>pauperes,et</span> <span class='ocrx_word' id='word_1_197' title='bbox 1263 2502 1324 2541; x_wconf 90' lang='lat' dir='ltr'>se</span> <span class='ocrx_word' id='word_1_198' title='bbox 1355 2485 1523 2557; x_wconf 87' lang='lat' dir='ltr'>quasi</span> <span class='ocrx_word' id='word_1_199' title='bbox 1557 2485 1614 2539; x_wconf 89' lang='lat' dir='ltr'>in</span> <span class='ocrx_word' id='word_1_200' title='bbox 1634 2485 1861 2541; x_wconf 81' lang='lat' dir='ltr'>somnis</span> 
     </span>
    </p>
   </div>
   <div class='ocr_carea' id='block_1_28' title="bbox 173 2573 1860 2650">
    <p class='ocr_par' dir='ltr' id='par_1_28' title="bbox 173 2573 1860 2650">
     <span class='ocr_line' id='line_1_28' title="bbox 173 2573 1860 2650; baseline -0.003 -17"><span class='ocrx_word' id='word_1_201' title='bbox 173 2575 539 2650; x_wconf 10' lang='lat' dir='ltr'>{possedisse</span> <span class='ocrx_word' id='word_1_202' title='bbox 569 2575 922 2647; x_wconf 86' lang='lat' dir='ltr'>temporales</span> <span class='ocrx_word' id='word_1_203' title='bbox 957 2575 1188 2630; x_wconf 84' lang='lat' dir='ltr'>divitias</span> <span class='ocrx_word' id='word_1_204' title='bbox 1219 2573 1555 2639; x_wconf 88' lang='lat' dir='ltr'>atlendent;</span> <span class='ocrx_word' id='word_1_205' title='bbox 1591 2574 1744 2646; x_wconf 91' lang='lat' dir='ltr'>quod</span> <span class='ocrx_word' id='word_1_206' title='bbox 1778 2574 1860 2629; x_wconf 85' lang='lat' dir='ltr'>di-</span> 
     </span>
    </p>
   </div>
   <div class='ocr_carea' id='block_1_29' title="bbox 193 2663 1856 2734">
    <p class='ocr_par' dir='ltr' id='par_1_29' title="bbox 193 2663 1856 2734">
     <span class='ocr_line' id='line_1_29' title="bbox 193 2663 1856 2734; baseline -0.001 -14"><span class='ocrx_word' id='word_1_207' title='bbox 193 2667 318 2722; x_wconf 89' lang='lat' dir='ltr'>cit:</span> <span class='ocrx_word' id='word_1_208' title='bbox 361 2665 516 2723; x_wconf 83' lang='lat' dir='ltr'>Velut</span> <span class='ocrx_word' id='word_1_209' title='bbox 541 2665 816 2720; x_wconf 88' lang='lat' dir='ltr'>somnium</span> <span class='ocrx_word' id='word_1_210' title='bbox 862 2665 1229 2734; x_wconf 79' lang='lat' dir='ltr'>surgentium.</span> <span class='ocrx_word' id='word_1_211' title='bbox 1278 2663 1344 2718; x_wconf 88' lang='lat' dir='ltr'>Et</span> <span class='ocrx_word' id='word_1_212' title='bbox 1373 2667 1458 2732; x_wconf 89' lang='lat' dir='ltr'>tu,</span> <span class='ocrx_word' id='word_1_213' title='bbox 1514 2664 1763 2730; x_wconf 78' lang='lat' dir='ltr'>Domine,</span> <span class='ocrx_word' id='word_1_214' title='bbox 1796 2665 1856 2718; x_wconf 88' lang='lat' dir='ltr'>in</span> 
     </span>
    </p>
   </div>
   <div class='ocr_carea' id='block_1_30' title="bbox 192 2751 1853 2825">
    <p class='ocr_par' dir='ltr' id='par_1_30' title="bbox 192 2751 1853 2825">
     <span class='ocr_line' id='line_1_30' title="bbox 192 2751 1853 2825; baseline -0.001 -15"><span class='ocrx_word' id='word_1_215' title='bbox 192 2756 422 2811; x_wconf 80' lang='lat' dir='ltr'>civitate</span> <span class='ocrx_word' id='word_1_216' title='bbox 451 2763 554 2810; x_wconf 80' lang='lat' dir='ltr'>tua</span> <span class='ocrx_word' id='word_1_217' title='bbox 585 2756 887 2822; x_wconf 78' lang='lat' dir='ltr'>imaginem</span> <span class='ocrx_word' id='word_1_218' title='bbox 934 2755 1198 2825; x_wconf 81' lang='lat' dir='ltr'>ipsorum,</span> <span class='ocrx_word' id='word_1_219' title='bbox 1232 2752 1289 2806; x_wconf 91' lang='lat' dir='ltr'>id</span> <span class='ocrx_word' id='word_1_220' title='bbox 1322 2755 1432 2817; x_wconf 88' lang='lat' dir='ltr'>est,</span> <span class='ocrx_word' id='word_1_221' title='bbox 1465 2751 1521 2806; x_wconf 92' lang='lat' dir='ltr'>in</span> <span class='ocrx_word' id='word_1_222' title='bbox 1553 2768 1853 2824; x_wconf 87' lang='lat' dir='ltr'>compara-</span> 
     </span>
    </p>
   </div>
   <div class='ocr_carea' id='block_1_31' title="bbox 191 2840 1855 2914">
    <p class='ocr_par' dir='ltr' id='par_1_31' title="bbox 191 2840 1855 2914">
     <span class='ocr_line' id='line_1_31' title="bbox 191 2840 1855 2914; baseline -0.002 -15"><span class='ocrx_word' id='word_1_223' title='bbox 191 2845 348 2900; x_wconf 81' lang='lat' dir='ltr'>tione</span> <span class='ocrx_word' id='word_1_224' title='bbox 380 2849 624 2899; x_wconf 88' lang='lat' dir='ltr'>tuorum</span> <span class='ocrx_word' id='word_1_225' title='bbox 659 2841 943 2908; x_wconf 79' lang='lat' dir='ltr'>fidelium,</span> <span class='ocrx_word' id='word_1_226' title='bbox 975 2841 1046 2896; x_wconf 90' lang='lat' dir='ltr'>ad</span> <span class='ocrx_word' id='word_1_227' title='bbox 1102 2840 1342 2896; x_wconf 78' lang='lat' dir='ltr'>nihilum</span> <span class='ocrx_word' id='word_1_228' title='bbox 1374 2841 1619 2914; x_wconf 85' lang='lat' dir='ltr'>rediges,</span> <span class='ocrx_word' id='word_1_229' title='bbox 1651 2841 1708 2896; x_wconf 93' lang='lat' dir='ltr'>id</span> <span class='ocrx_word' id='word_1_230' title='bbox 1742 2846 1855 2908; x_wconf 90' lang='lat' dir='ltr'>est,</span> 
     </span>
    </p>
   </div>
   <div class='ocr_carea' id='block_1_32' title="bbox 191 2929 1854 3003">
    <p class='ocr_par' dir='ltr' id='par_1_32' title="bbox 191 2929 1854 3003">
     <span class='ocr_line' id='line_1_32' title="bbox 191 2929 1854 3003; baseline -0.003 -15"><span class='ocrx_word' id='word_1_231' title='bbox 191 2949 256 2988; x_wconf 86' lang='lat' dir='ltr'>ex</span> <span class='ocrx_word' id='word_1_232' title='bbox 287 2937 410 2989; x_wconf 89' lang='lat' dir='ltr'>toto</span> <span class='ocrx_word' id='word_1_233' title='bbox 448 2935 756 2999; x_wconf 88' lang='lat' dir='ltr'>destrues;</span> <span class='ocrx_word' id='word_1_234' title='bbox 789 2937 846 2988; x_wconf 90' lang='lat' dir='ltr'>et</span> <span class='ocrx_word' id='word_1_235' title='bbox 876 2931 1064 3003; x_wconf 88' lang='lat' dir='ltr'>magis</span> <span class='ocrx_word' id='word_1_236' title='bbox 1094 2932 1342 3000; x_wconf 87' lang='lat' dir='ltr'>ipsorum</span> <span class='ocrx_word' id='word_1_237' title='bbox 1366 2929 1466 3001; x_wconf 88' lang='lat' dir='ltr'>qui</span> <span class='ocrx_word' id='word_1_238' title='bbox 1503 2929 1558 2987; x_wconf 89' lang='lat' dir='ltr'>in</span> <span class='ocrx_word' id='word_1_239' title='bbox 1582 2947 1691 2986; x_wconf 90' lang='lat' dir='ltr'>sua</span> <span class='ocrx_word' id='word_1_240' title='bbox 1721 2930 1854 2985; x_wconf 91' lang='lat' dir='ltr'>civi-</span> 
     </span>
    </p>
   </div>
   <div class='ocr_carea' id='block_1_33' title="bbox 189 3019 1854 3093">
    <p class='ocr_par' dir='ltr' id='par_1_33' title="bbox 189 3019 1854 3093">
     <span class='ocr_line' id='line_1_33' title="bbox 189 3019 1854 3093; baseline -0.002 -16"><span class='ocrx_word' id='word_1_241' title='bbox 189 3027 304 3078; x_wconf 85' lang='lat' dir='ltr'>tate</span> <span class='ocrx_word' id='word_1_242' title='bbox 334 3027 504 3077; x_wconf 89' lang='lat' dir='ltr'>tuam</span> <span class='ocrx_word' id='word_1_243' title='bbox 531 3021 849 3093; x_wconf 82' lang='lat' dir='ltr'>imaginem</span> <span class='ocrx_word' id='word_1_244' title='bbox 881 3020 1314 3085; x_wconf 83' lang='lat' dir='ltr'>destruxerunt,</span> <span class='ocrx_word' id='word_1_245' title='bbox 1350 3036 1464 3075; x_wconf 89' lang='lat' dir='ltr'>non</span> <span class='ocrx_word' id='word_1_246' title='bbox 1497 3019 1854 3075; x_wconf 88' lang='lat' dir='ltr'>rationabili-</span> 
     </span>
    </p>
   </div>
   <div class='ocr_carea' id='block_1_34' title="bbox 189 3107 1850 3182">
    <p class='ocr_par' dir='ltr' id='par_1_34' title="bbox 189 3107 1850 3182">
     <span class='ocr_line' id='line_1_34' title="bbox 189 3107 1850 3182; baseline -0.002 -17"><span class='ocrx_word' id='word_1_247' title='bbox 189 3114 275 3165; x_wconf 87' lang='lat' dir='ltr'>ter</span> <span class='ocrx_word' id='word_1_248' title='bbox 305 3109 563 3166; x_wconf 89' lang='lat' dir='ltr'>vivendo</span> <span class='ocrx_word' id='word_1_249' title='bbox 586 3109 977 3182; x_wconf 61' lang='lat' dir='ltr'>etimaginem</span> <span class='ocrx_word' id='word_1_250' title='bbox 1000 3109 1214 3166; x_wconf 90' lang='lat' dir='ltr'>terreni</span> <span class='ocrx_word' id='word_1_251' title='bbox 1234 3107 1495 3164; x_wconf 89' lang='lat' dir='ltr'>hominis</span> <span class='ocrx_word' id='word_1_252' title='bbox 1526 3108 1811 3163; x_wconf 87' lang='lat' dir='ltr'>imitando</span> <span class='ocrx_word' id='word_1_253' title='bbox 1836 3126 1850 3177; x_wconf 84' lang='lat'><strong>;</strong></span> 
     </span>
    </p>
   </div>
   <div class='ocr_carea' id='block_1_35' title="bbox 187 3176 1929 3271">
    <p class='ocr_par' dir='ltr' id='par_1_35' title="bbox 187 3176 1929 3271">
     <span class='ocr_line' id='line_1_35' title="bbox 187 3176 1929 3271; baseline -0.002 -17"><span class='ocrx_word' id='word_1_254' title='bbox 187 3203 242 3255; x_wconf 91' lang='lat' dir='ltr'>et</span> <span class='ocrx_word' id='word_1_255' title='bbox 269 3199 403 3256; x_wconf 71' lang='lat' dir='ltr'>ideo</span> <span class='ocrx_word' id='word_1_256' title='bbox 437 3199 750 3271; x_wconf 84' lang='lat' dir='ltr'>imaginem</span> <span class='ocrx_word' id='word_1_257' title='bbox 771 3176 1012 3270; x_wconf 70' lang='lat' dir='ltr'>ipsorum</span> <span class='ocrx_word' id='word_1_258' title='bbox 1042 3197 1109 3252; x_wconf 89' lang='lat' dir='ltr'>ad</span> <span class='ocrx_word' id='word_1_259' title='bbox 1138 3199 1377 3252; x_wconf 84' lang='lat' dir='ltr'>nihilum</span> <span class='ocrx_word' id='word_1_260' title='bbox 1401 3196 1630 3267; x_wconf 87' lang='lat' dir='ltr'>rediges,</span> <span class='ocrx_word' id='word_1_261' title='bbox 1664 3176 1856 3251; x_wconf 88' lang='lat' dir='ltr'>meam</span> <span class='ocrx_word' id='word_1_262' title='bbox 1887 3176 1929 3242; x_wconf 71' lang='grc' dir='ltr'>(ἶ</span> 
     </span>
    </p>
   </div>
   <div class='ocr_carea' id='block_1_36' title="bbox 189 3283 1856 3358">
    <p class='ocr_par' dir='ltr' id='par_1_36' title="bbox 189 3283 1856 3358">
     <span class='ocr_line' id='line_1_36' title="bbox 189 3283 1856 3358; baseline -0.003 -15"><span class='ocrx_word' id='word_1_263' title='bbox 189 3293 384 3344; x_wconf 89' lang='lat' dir='ltr'>autem</span> <span class='ocrx_word' id='word_1_264' title='bbox 439 3287 870 3352; x_wconf 69' lang='lat' dir='ltr'>reaediﬁcabis;</span> <span class='ocrx_word' id='word_1_265' title='bbox 900 3289 1031 3358; x_wconf 84' lang='lat' dir='ltr'>quia</span> <span class='ocrx_word' id='word_1_266' title='bbox 1084 3286 1500 3354; x_wconf 81' lang='lat' dir='ltr'>inﬂammatum</span> <span class='ocrx_word' id='word_1_267' title='bbox 1528 3289 1602 3339; x_wconf 83' lang='lat' dir='ltr'>est</span> <span class='ocrx_word' id='word_1_268' title='bbox 1633 3283 1727 3339; x_wconf 91' lang='lat' dir='ltr'>hic</span> <span class='ocrx_word' id='word_1_269' title='bbox 1765 3299 1856 3338; x_wconf 91' lang='lat' dir='ltr'>cor</span> 
     </span>
    </p>
   </div>
   <div class='ocr_carea' id='block_1_37' title="bbox 185 3371 1862 3446">
    <p class='ocr_par' dir='ltr' id='par_1_37' title="bbox 185 3371 1862 3446">
     <span class='ocr_line' id='line_1_37' title="bbox 185 3371 1862 3446; baseline -0.002 -14"><span class='ocrx_word' id='word_1_270' title='bbox 185 3393 387 3446; x_wconf 88' lang='lat' dir='ltr'>meum,</span> <span class='ocrx_word' id='word_1_271' title='bbox 422 3375 730 3433; x_wconf 89' lang='lat' dir='ltr'>desiderio</span> <span class='ocrx_word' id='word_1_272' title='bbox 760 3375 844 3430; x_wconf 88' lang='lat' dir='ltr'>tui</span> <span class='ocrx_word' id='word_1_273' title='bbox 879 3372 1194 3440; x_wconf 88' lang='lat' dir='ltr'>subaudis;</span> <span class='ocrx_word' id='word_1_274' title='bbox 1227 3389 1380 3433; x_wconf 83' lang='lat' dir='ltr'>renes</span> <span class='ocrx_word' id='word_1_275' title='bbox 1409 3375 1542 3434; x_wconf 87' lang='lat' dir='ltr'>mei.</span> <span class='ocrx_word' id='word_1_276' title='bbox 1592 3371 1862 3428; x_wconf 86' lang='lat' dir='ltr'>carnales</span> 
     </span>
    </p>
   </div>
   <div class='ocr_carea' id='block_1_38' title="bbox 186 3459 1856 3534">
    <p class='ocr_par' dir='ltr' id='par_1_38' title="bbox 186 3459 1856 3534">
     <span class='ocr_line' id='line_1_38' title="bbox 186 3459 1856 3534; baseline -0.004 -14"><span class='ocrx_word' id='word_1_277' title='bbox 186 3465 481 3534; x_wconf 86' lang='lat' dir='ltr'>videlicet,</span> <span class='ocrx_word' id='word_1_278' title='bbox 514 3465 844 3521; x_wconf 85' lang='lat' dir='ltr'>commutati</span> <span class='ocrx_word' id='word_1_279' title='bbox 872 3463 1085 3530; x_wconf 87' lang='lat' dir='ltr'>sunt,in</span> <span class='ocrx_word' id='word_1_280' title='bbox 1118 3460 1485 3534; x_wconf 88' lang='lat' dir='ltr'>spiritualem</span> <span class='ocrx_word' id='word_1_281' title='bbox 1519 3459 1856 3516; x_wconf 88' lang='lat' dir='ltr'>delectatio-</span> 
     </span>
    </p>
   </div>
   <div class='ocr_carea' id='block_1_39' title="bbox 184 3551 1857 3625">
    <p class='ocr_par' dir='ltr' id='par_1_39' title="bbox 184 3551 1857 3625">
     <span class='ocr_line' id='line_1_39' title="bbox 184 3551 1857 3625; baseline -0.004 -16"><span class='ocrx_word' id='word_1_282' title='bbox 184 3572 310 3612; x_wconf 88' lang='lat' dir='ltr'>nem</span> <span class='ocrx_word' id='word_1_283' title='bbox 338 3575 352 3625; x_wconf 90' lang='lat'><strong>;</strong></span> <span class='ocrx_word' id='word_1_284' title='bbox 389 3561 445 3611; x_wconf 88' lang='lat' dir='ltr'>et</span> <span class='ocrx_word' id='word_1_285' title='bbox 477 3553 560 3610; x_wconf 80' lang='lat' dir='ltr'>ad</span> <span class='ocrx_word' id='word_1_286' title='bbox 597 3553 841 3609; x_wconf 84' lang='lat' dir='ltr'>nihilum</span> <span class='ocrx_word' id='word_1_287' title='bbox 870 3551 1115 3609; x_wconf 84' lang='lat' dir='ltr'>redactus</span> <span class='ocrx_word' id='word_1_288' title='bbox 1145 3568 1287 3618; x_wconf 90' lang='lat' dir='ltr'>sum,</span> <span class='ocrx_word' id='word_1_289' title='bbox 1323 3556 1388 3606; x_wconf 88' lang='lat' dir='ltr'>ut</span> <span class='ocrx_word' id='word_1_290' title='bbox 1421 3554 1478 3606; x_wconf 90' lang='lat' dir='ltr'>te</span> <span class='ocrx_word' id='word_1_291' title='bbox 1517 3551 1576 3605; x_wconf 90' lang='lat' dir='ltr'>in</span> <span class='ocrx_word' id='word_1_292' title='bbox 1612 3565 1702 3607; x_wconf 90' lang='lat' dir='ltr'>me</span> <span class='ocrx_word' id='word_1_293' title='bbox 1736 3566 1857 3604; x_wconf 89' lang='lat' dir='ltr'>ma-</span> 
     </span>
    </p>
   </div>
   <div class='ocr_carea' id='block_1_40' title="bbox 183 3638 1860 3715">
    <p class='ocr_par' dir='ltr' id='par_1_40' title="bbox 183 3638 1860 3715">
     <span class='ocr_line' id='line_1_40' title="bbox 183 3638 1860 3715; baseline -0.004 -16"><span class='ocrx_word' id='word_1_294' title='bbox 183 3645 570 3715; x_wconf 83' lang='lat' dir='ltr'>gniﬁcarem,</span> <span class='ocrx_word' id='word_1_295' title='bbox 603 3648 660 3698; x_wconf 90' lang='lat' dir='ltr'>et</span> <span class='ocrx_word' id='word_1_296' title='bbox 687 3643 916 3709; x_wconf 64' lang='lat' dir='ltr'>nescivi;</span> <span class='ocrx_word' id='word_1_297' title='bbox 947 3641 1002 3697; x_wconf 91' lang='lat' dir='ltr'>id</span> <span class='ocrx_word' id='word_1_298' title='bbox 1036 3639 1200 3711; x_wconf 84' lang='lat' dir='ltr'>est,si</span> <span class='ocrx_word' id='word_1_299' title='bbox 1231 3641 1583 3713; x_wconf 85' lang='lat' dir='ltr'>quandoque</span> <span class='ocrx_word' id='word_1_300' title='bbox 1607 3638 1860 3712; x_wconf 85' lang='lat' dir='ltr'>peccavi,</span> 
     </span>
    </p>
   </div>
   <div class='ocr_carea' id='block_1_41' title="bbox 183 3727 1861 3806">
    <p class='ocr_par' dir='ltr' id='par_1_41' title="bbox 183 3727 1861 3806">
     <span class='ocr_line' id='line_1_41' title="bbox 183 3727 1861 3806; baseline -0.002 -18"><span class='ocrx_word' id='word_1_301' title='bbox 183 3733 537 3806; x_wconf 87' lang='lat' dir='ltr'>ignoranter</span> <span class='ocrx_word' id='word_1_302' title='bbox 572 3732 681 3787; x_wconf 88' lang='lat' dir='ltr'>hoc</span> <span class='ocrx_word' id='word_1_303' title='bbox 714 3730 821 3786; x_wconf 80' lang='lat' dir='ltr'>ieci</span> <span class='ocrx_word' id='word_1_304' title='bbox 864 3733 996 3802; x_wconf 89' lang='lat' dir='ltr'>post</span> <span class='ocrx_word' id='word_1_305' title='bbox 1055 3728 1578 3786; x_wconf 89' lang='lat' dir='ltr'>commutationem</span> <span class='ocrx_word' id='word_1_306' title='bbox 1612 3727 1861 3784; x_wconf 87' lang='lat' dir='ltr'>carnalis</span> 
     </span>
    </p>
   </div>
   <div class='ocr_carea' id='block_1_42' title="bbox 183 3817 1863 3892">
    <p class='ocr_par' dir='ltr' id='par_1_42' title="bbox 183 3817 1863 3892">
     <span class='ocr_line' id='line_1_42' title="bbox 183 3817 1863 3892; baseline -0.002 -15"><span class='ocrx_word' id='word_1_307' title='bbox 183 3822 631 3880; x_wconf 82' lang='lat' dir='ltr'>delectationis.</span> <span class='ocrx_word' id='word_1_308' title='bbox 660 3821 762 3875; x_wconf 85' lang='lat' dir='ltr'>,Et</span> <span class='ocrx_word' id='word_1_309' title='bbox 818 3817 1030 3876; x_wconf 89' lang='lat' dir='ltr'>iterum</span> <span class='ocrx_word' id='word_1_310' title='bbox 1087 3828 1145 3874; x_wconf 89' lang='lat' dir='ltr'>ut</span> <span class='ocrx_word' id='word_1_311' title='bbox 1189 3821 1504 3892; x_wconf 84' lang='lat' dir='ltr'>jumentum</span> <span class='ocrx_word' id='word_1_312' title='bbox 1531 3821 1710 3889; x_wconf 82' lang='lat' dir='ltr'>factus</span> <span class='ocrx_word' id='word_1_313' title='bbox 1738 3833 1863 3874; x_wconf 88' lang='lat' dir='ltr'>sum</span> 
     </span>
    </p>
   </div>
   <div class='ocr_carea' id='block_1_43' title="bbox 181 3906 1864 3983">
    <p class='ocr_par' dir='ltr' id='par_1_43' title="bbox 181 3906 1864 3983">
     <span class='ocr_line' id='line_1_43' title="bbox 181 3906 1864 3983; baseline -0.001 -20"><span class='ocrx_word' id='word_1_314' title='bbox 181 3911 326 3983; x_wconf 87' lang='lat' dir='ltr'>apud</span> <span class='ocrx_word' id='word_1_315' title='bbox 357 3916 435 3978; x_wconf 90' lang='lat' dir='ltr'>te,</span> <span class='ocrx_word' id='word_1_316' title='bbox 473 3913 868 3967; x_wconf 83' lang='lat' dir='ltr'>mansuetum</span> <span class='ocrx_word' id='word_1_317' title='bbox 923 3907 1194 3963; x_wconf 88' lang='lat' dir='ltr'>videlicet</span> <span class='ocrx_word' id='word_1_318' title='bbox 1223 3906 1441 3963; x_wconf 88' lang='lat' dir='ltr'>animal</span> <span class='ocrx_word' id='word_1_319' title='bbox 1469 3911 1526 3963; x_wconf 89' lang='lat' dir='ltr'>et</span> <span class='ocrx_word' id='word_1_320' title='bbox 1556 3913 1758 3980; x_wconf 89' lang='lat' dir='ltr'>aptum</span> <span class='ocrx_word' id='word_1_321' title='bbox 1790 3907 1864 3963; x_wconf 92' lang='lat' dir='ltr'>ad</span> 
     </span>
    </p>
   </div>
   <div class='ocr_carea' id='block_1_44' title="bbox 182 3996 1864 4071">
    <p class='ocr_par' dir='ltr' id='par_1_44' title="bbox 182 3996 1864 4071">
     <span class='ocr_line' id='line_1_44' title="bbox 182 3996 1864 4071; baseline -0.004 -15"><span class='ocrx_word' id='word_1_322' title='bbox 182 4001 559 4071; x_wconf 87' lang='lat' dir='ltr'>portandum</span> <span class='ocrx_word' id='word_1_323' title='bbox 598 4015 748 4054; x_wconf 90' lang='lat' dir='ltr'>onus</span> <span class='ocrx_word' id='word_1_324' title='bbox 766 4002 933 4054; x_wconf 90' lang='lat' dir='ltr'>tuum</span> <span class='ocrx_word' id='word_1_325' title='bbox 955 3996 1098 4066; x_wconf 89' lang='lat' dir='ltr'>leve,</span> <span class='ocrx_word' id='word_1_326' title='bbox 1125 4001 1182 4052; x_wconf 90' lang='lat' dir='ltr'>et</span> <span class='ocrx_word' id='word_1_327' title='bbox 1203 3996 1285 4052; x_wconf 93' lang='lat' dir='ltr'>sic</span> <span class='ocrx_word' id='word_1_328' title='bbox 1307 4013 1402 4052; x_wconf 90' lang='lat' dir='ltr'>ero</span> <span class='ocrx_word' id='word_1_329' title='bbox 1424 4013 1635 4068; x_wconf 78' lang='lat' dir='ltr'>semper</span> <span class='ocrx_word' id='word_1_330' title='bbox 1662 4001 1864 4052; x_wconf 86' lang='lat' dir='ltr'>tecum:</span> 
     </span>
    </p>
   </div>
   <div class='ocr_carea' id='block_1_45' title="bbox 181 4086 1868 4156">
    <p class='ocr_par' dir='ltr' id='par_1_45' title="bbox 181 4086 1868 4156">
     <span class='ocr_line' id='line_1_45' title="bbox 181 4086 1868 4156; baseline -0.002 -13"><span class='ocrx_word' id='word_1_331' title='bbox 181 4093 234 4144; x_wconf 89' lang='lat' dir='ltr'>et</span> <span class='ocrx_word' id='word_1_332' title='bbox 266 4088 380 4146; x_wconf 88' lang='lat' dir='ltr'>hoc</span> <span class='ocrx_word' id='word_1_333' title='bbox 413 4108 540 4146; x_wconf 89' lang='lat' dir='ltr'>non</span> <span class='ocrx_word' id='word_1_334' title='bbox 588 4105 655 4143; x_wconf 82' lang='lat' dir='ltr'>ex</span> <span class='ocrx_word' id='word_1_335' title='bbox 686 4086 891 4144; x_wconf 89' lang='lat' dir='ltr'>merito</span> <span class='ocrx_word' id='word_1_336' title='bbox 925 4103 1072 4156; x_wconf 90' lang='lat' dir='ltr'>meo,</span> <span class='ocrx_word' id='word_1_337' title='bbox 1122 4086 1223 4142; x_wconf 89' lang='lat' dir='ltr'>sed</span> <span class='ocrx_word' id='word_1_338' title='bbox 1278 4091 1340 4141; x_wconf 89' lang='lat' dir='ltr'>tu</span> <span class='ocrx_word' id='word_1_339' title='bbox 1385 4087 1612 4141; x_wconf 82' lang='lat' dir='ltr'>tenuisti</span> <span class='ocrx_word' id='word_1_340' title='bbox 1639 4102 1868 4141; x_wconf 88' lang='lat' dir='ltr'>manum</span> 
     </span>
    </p>
   </div>
   <div class='ocr_carea' id='block_1_46' title="bbox 179 4173 1867 4247">
    <p class='ocr_par' dir='ltr' id='par_1_46' title="bbox 179 4173 1867 4247">
     <span class='ocr_line' id='line_1_46' title="bbox 179 4173 1867 4247; baseline -0.002 -13"><span class='ocrx_word' id='word_1_341' title='bbox 179 4177 468 4235; x_wconf 67' lang='lat' dir='ltr'>dexteram</span> <span class='ocrx_word' id='word_1_342' title='bbox 510 4194 726 4245; x_wconf 86' lang='lat' dir='ltr'>meam,</span> <span class='ocrx_word' id='word_1_343' title='bbox 761 4177 817 4231; x_wconf 92' lang='lat' dir='ltr'>id</span> <span class='ocrx_word' id='word_1_344' title='bbox 853 4179 960 4246; x_wconf 87' lang='lat' dir='ltr'>est,</span> <span class='ocrx_word' id='word_1_345' title='bbox 993 4191 1183 4230; x_wconf 88' lang='lat' dir='ltr'>meam</span> <span class='ocrx_word' id='word_1_346' title='bbox 1217 4174 1534 4247; x_wconf 87' lang='lat' dir='ltr'>potentiam</span> <span class='ocrx_word' id='word_1_347' title='bbox 1553 4173 1761 4245; x_wconf 88' lang='lat' dir='ltr'>juvisti</span> <span class='ocrx_word' id='word_1_348' title='bbox 1796 4173 1867 4230; x_wconf 88' lang='lat' dir='ltr'>ad</span> 
     </span>
    </p>
   </div>
   <div class='ocr_carea' id='block_1_47' title="bbox 182 4263 1870 4338">
    <p class='ocr_par' dir='ltr' id='par_1_47' title="bbox 182 4263 1870 4338">
     <span class='ocr_line' id='line_1_47' title="bbox 182 4263 1870 4338; baseline -0.003 -16"><span class='ocrx_word' id='word_1_349' title='bbox 182 4265 386 4335; x_wconf 90' lang='lat' dir='ltr'>hoc,ut</span> <span class='ocrx_word' id='word_1_350' title='bbox 418 4270 602 4326; x_wconf 79' lang='lat' dir='ltr'>esset</span> <span class='ocrx_word' id='word_1_351' title='bbox 632 4266 691 4320; x_wconf 89' lang='lat' dir='ltr'>in</span> <span class='ocrx_word' id='word_1_352' title='bbox 725 4267 961 4321; x_wconf 79' lang='lat' dir='ltr'>dextera</span> <span class='ocrx_word' id='word_1_353' title='bbox 991 4264 1302 4338; x_wconf 88' lang='lat' dir='ltr'>acquirens</span> <span class='ocrx_word' id='word_1_354' title='bbox 1335 4263 1582 4336; x_wconf 90' lang='lat' dir='ltr'>potiora,</span> <span class='ocrx_word' id='word_1_355' title='bbox 1614 4263 1870 4319; x_wconf 78' lang='lat' dir='ltr'>coelestia</span> 
     </span>
    </p>
   </div>
   <div class='ocr_carea' id='block_1_48' title="bbox 179 4353 1868 4430">
    <p class='ocr_par' dir='ltr' id='par_1_48' title="bbox 179 4353 1868 4430">
     <span class='ocr_line' id='line_1_48' title="bbox 179 4353 1868 4430; baseline -0.001 -20"><span class='ocrx_word' id='word_1_356' title='bbox 179 4356 480 4430; x_wconf 86' lang='lat' dir='ltr'>videlicet,</span> <span class='ocrx_word' id='word_1_357' title='bbox 521 4360 596 4413; x_wconf 83' lang='lat' dir='ltr'>et</span> <span class='ocrx_word' id='word_1_358' title='bbox 626 4372 740 4410; x_wconf 89' lang='lat' dir='ltr'>non</span> <span class='ocrx_word' id='word_1_359' title='bbox 772 4358 1004 4410; x_wconf 89' lang='lat' dir='ltr'>terrena</span> <span class='ocrx_word' id='word_1_360' title='bbox 1033 4370 1044 4407; x_wconf 95' lang='lat'>:</span> <span class='ocrx_word' id='word_1_361' title='bbox 1081 4353 1222 4424; x_wconf 87' lang='lat' dir='ltr'>quia</span> <span class='ocrx_word' id='word_1_362' title='bbox 1281 4369 1384 4425; x_wconf 87' lang='lat' dir='ltr'>per</span> <span class='ocrx_word' id='word_1_363' title='bbox 1439 4353 1732 4408; x_wconf 82' lang='lat' dir='ltr'>dexteram</span> <span class='ocrx_word' id='word_1_364' title='bbox 1763 4369 1868 4408; x_wconf 70' lang='lat' dir='ltr'>caa—</span> 
     </span>
    </p>
   </div>
   <div class='ocr_carea' id='block_1_49' title="bbox 179 4441 1872 4520">
    <p class='ocr_par' dir='ltr' id='par_1_49' title="bbox 179 4441 1872 4520">
     <span class='ocr_line' id='line_1_49' title="bbox 179 4441 1872 4520; baseline -0.001 -22"><span class='ocrx_word' id='word_1_365' title='bbox 179 4443 370 4517; x_wconf 89' lang='lat' dir='ltr'>lestia,</span> <span class='ocrx_word' id='word_1_366' title='bbox 406 4452 472 4504; x_wconf 90' lang='lat' dir='ltr'>et</span> <span class='ocrx_word' id='word_1_367' title='bbox 499 4461 624 4520; x_wconf 87' lang='lat' dir='ltr'>per</span> <span class='ocrx_word' id='word_1_368' title='bbox 653 4443 954 4500; x_wconf 89' lang='lat' dir='ltr'>sinistram</span> <span class='ocrx_word' id='word_1_369' title='bbox 988 4446 1220 4498; x_wconf 89' lang='lat' dir='ltr'>terrena</span> <span class='ocrx_word' id='word_1_370' title='bbox 1249 4441 1676 4514; x_wconf 86' lang='lat' dir='ltr'>intelliguntur.</span> <span class='ocrx_word' id='word_1_371' title='bbox 1711 4441 1872 4498; x_wconf 92' lang='lat' dir='ltr'>Unde</span> 
     </span>
    </p>
   </div>
   <div class='ocr_carea' id='block_1_50' title="bbox 1984 526 3634 600">
    <p class='ocr_par' dir='ltr' id='par_1_50' title="bbox 1984 526 3634 600">
     <span class='ocr_line' id='line_1_50' title="bbox 1984 526 3634 600; baseline 0.003 -20"><span class='ocrx_word' id='word_1_372' title='bbox 1984 526 2251 580; x_wconf 88' lang='lat' dir='ltr'>n‘abiliter</span> <span class='ocrx_word' id='word_1_373' title='bbox 2279 527 2544 582; x_wconf 82' lang='lat' dir='ltr'>videlicet</span> <span class='ocrx_word' id='word_1_374' title='bbox 2569 528 2792 597; x_wconf 87' lang='lat' dir='ltr'>vivens,</span> <span class='ocrx_word' id='word_1_375' title='bbox 2813 533 2870 584; x_wconf 90' lang='lat' dir='ltr'>et</span> <span class='ocrx_word' id='word_1_376' title='bbox 2895 546 3021 600; x_wconf 69' lang='lat' dir='ltr'>quae</span> <span class='ocrx_word' id='word_1_377' title='bbox 3053 529 3124 584; x_wconf 91' lang='lat' dir='ltr'>ad</span> <span class='ocrx_word' id='word_1_378' title='bbox 3158 544 3340 584; x_wconf 90' lang='lat' dir='ltr'>usum.</span> <span class='ocrx_word' id='word_1_379' title='bbox 3372 529 3634 599; x_wconf 86' lang='lat' dir='ltr'>corporis</span> 
     </span>
    </p>
   </div>
   <div class='ocr_carea' id='block_1_51' title="bbox 1983 614 3631 688">
    <p class='ocr_par' dir='ltr' id='par_1_51' title="bbox 1983 614 3631 688">
     <span class='ocr_line' id='line_1_51' title="bbox 1983 614 3631 688; baseline 0.004 -21"><span class='ocrx_word' id='word_1_380' title='bbox 1983 614 2350 684; x_wconf 86' lang='lat' dir='ltr'>pertinebant</span> <span class='ocrx_word' id='word_1_381' title='bbox 2379 620 2632 672; x_wconf 88' lang='lat' dir='ltr'>tamtum</span> <span class='ocrx_word' id='word_1_382' title='bbox 2665 634 2929 688; x_wconf 59' lang='lat' dir='ltr'>quaerens</span> <span class='ocrx_word' id='word_1_383' title='bbox 2957 635 2971 685; x_wconf 89' lang='lat'>;</span> <span class='ocrx_word' id='word_1_384' title='bbox 3006 622 3064 674; x_wconf 89' lang='lat' dir='ltr'>et</span> <span class='ocrx_word' id='word_1_385' title='bbox 3087 617 3227 673; x_wconf 91' lang='lat' dir='ltr'>licet</span> <span class='ocrx_word' id='word_1_386' title='bbox 3247 616 3330 672; x_wconf 92' lang='lat' dir='ltr'>sic</span> <span class='ocrx_word' id='word_1_387' title='bbox 3364 633 3631 684; x_wconf 84' lang='lat' dir='ltr'>aversus,</span> 
     </span>
    </p>
   </div>
   <div class='ocr_carea' id='block_1_52' title="bbox 1980 705 3630 778">
    <p class='ocr_par' dir='ltr' id='par_1_52' title="bbox 1980 705 3630 778">
     <span class='ocr_line' id='line_1_52' title="bbox 1980 705 3630 778; baseline 0.004 -22"><span class='ocrx_word' id='word_1_388' title='bbox 1980 707 2173 758; x_wconf 87' lang='lat' dir='ltr'>tamen</span> <span class='ocrx_word' id='word_1_389' title='bbox 2207 719 2311 776; x_wconf 78' lang='lat' dir='ltr'>ego</span> <span class='ocrx_word' id='word_1_390' title='bbox 2346 709 2538 760; x_wconf 88' lang='lat' dir='ltr'>tecum</span> <span class='ocrx_word' id='word_1_391' title='bbox 2573 721 2804 777; x_wconf 90' lang='lat' dir='ltr'>semper</span> <span class='ocrx_word' id='word_1_392' title='bbox 2836 707 3007 774; x_wconf 89' lang='lat' dir='ltr'>fui,in</span> <span class='ocrx_word' id='word_1_393' title='bbox 3039 707 3148 764; x_wconf 93' lang='lat' dir='ltr'>hoc</span> <span class='ocrx_word' id='word_1_394' title='bbox 3179 705 3444 763; x_wconf 87' lang='lat' dir='ltr'>videlicet</span> <span class='ocrx_word' id='word_1_395' title='bbox 3474 708 3630 778; x_wconf 91' lang='lat' dir='ltr'>quod</span> 
     </span>
    </p>
   </div>
   <div class='ocr_carea' id='block_1_53' title="bbox 1980 792 3634 868">
    <p class='ocr_par' dir='ltr' id='par_1_53' title="bbox 1980 792 3634 868">
     <span class='ocr_line' id='line_1_53' title="bbox 1980 792 3634 868; baseline 0.004 -22"><span class='ocrx_word' id='word_1_396' title='bbox 1980 808 2094 846; x_wconf 89' lang='lat' dir='ltr'>non</span> <span class='ocrx_word' id='word_1_397' title='bbox 2125 793 2395 847; x_wconf 87' lang='lat' dir='ltr'>consensi</span> <span class='ocrx_word' id='word_1_398' title='bbox 2427 792 2520 848; x_wconf 90' lang='lat' dir='ltr'>his</span> <span class='ocrx_word' id='word_1_399' title='bbox 2543 793 2642 865; x_wconf 91' lang='lat' dir='ltr'>qui</span> <span class='ocrx_word' id='word_1_400' title='bbox 2676 795 2952 850; x_wconf 78' lang='lat' dir='ltr'>dixerunt</span> <span class='ocrx_word' id='word_1_401' title='bbox 2972 797 3126 852; x_wconf 82' lang='lat' dir='ltr'>bona</span> <span class='ocrx_word' id='word_1_402' title='bbox 3154 795 3498 868; x_wconf 82' lang='lat' dir='ltr'>temporalia</span> <span class='ocrx_word' id='word_1_403' title='bbox 3520 811 3554 849; x_wconf 90' lang='lat' dir='ltr'>a</span> <span class='ocrx_word' id='word_1_404' title='bbox 3577 799 3634 852; x_wconf 81' lang='lat' dir='ltr'>to</span> 
     </span>
    </p>
   </div>
   <div class='ocr_carea' id='block_1_54' title="bbox 1978 880 3630 953">
    <p class='ocr_par' dir='ltr' id='par_1_54' title="bbox 1978 880 3630 953">
     <span class='ocr_line' id='line_1_54' title="bbox 1978 880 3630 953; baseline 0.003 -19"><span class='ocrx_word' id='word_1_405' title='bbox 1978 897 2093 935; x_wconf 89' lang='lat' dir='ltr'>non</span> <span class='ocrx_word' id='word_1_406' title='bbox 2125 897 2254 936; x_wconf 88' lang='lat' dir='ltr'>esse</span> <span class='ocrx_word' id='word_1_407' title='bbox 2275 883 2717 953; x_wconf 73' lang='lat' dir='ltr'>quaerenda.sed</span> <span class='ocrx_word' id='word_1_408' title='bbox 2743 885 2813 938; x_wconf 82' lang='lat' dir='ltr'>ab</span> <span class='ocrx_word' id='word_1_409' title='bbox 2833 884 2973 952; x_wconf 90' lang='lat' dir='ltr'>alio;</span> <span class='ocrx_word' id='word_1_410' title='bbox 3001 891 3060 940; x_wconf 92' lang='lat' dir='ltr'>et</span> <span class='ocrx_word' id='word_1_411' title='bbox 3081 886 3209 941; x_wconf 90' lang='lat' dir='ltr'>ideo</span> <span class='ocrx_word' id='word_1_412' title='bbox 3233 884 3424 941; x_wconf 90' lang='lat' dir='ltr'>locum</span> <span class='ocrx_word' id='word_1_413' title='bbox 3450 880 3630 940; x_wconf 64' lang='lat' dir='ltr'>veniae</span> 
     </span>
    </p>
   </div>
   <div class='ocr_carea' id='block_1_55' title="bbox 1977 970 3627 1042">
    <p class='ocr_par' dir='ltr' id='par_1_55' title="bbox 1977 970 3627 1042">
     <span class='ocr_line' id='line_1_55' title="bbox 1977 970 3627 1042; baseline 0.005 -18"><span class='ocrx_word' id='word_1_414' title='bbox 1977 971 2412 1042; x_wconf 88' lang='lat' dir='ltr'>quodammodo</span> <span class='ocrx_word' id='word_1_415' title='bbox 2437 970 2832 1042; x_wconf 86' lang='lat' dir='ltr'>promerui.Et</span> <span class='ocrx_word' id='word_1_416' title='bbox 2861 978 2923 1028; x_wconf 90' lang='lat' dir='ltr'>tu</span> <span class='ocrx_word' id='word_1_417' title='bbox 2952 975 3192 1030; x_wconf 89' lang='lat' dir='ltr'>tenuisti</span> <span class='ocrx_word' id='word_1_418' title='bbox 3226 990 3467 1030; x_wconf 88' lang='lat' dir='ltr'>manum</span> <span class='ocrx_word' id='word_1_419' title='bbox 3490 974 3627 1032; x_wconf 77' lang='lat' dir='ltr'>dex-</span> 
     </span>
    </p>
   </div>
   <div class='ocr_carea' id='block_1_56' title="bbox 1973 1060 3623 1136">
    <p class='ocr_par' dir='ltr' id='par_1_56' title="bbox 1973 1060 3623 1136">
     <span class='ocr_line' id='line_1_56' title="bbox 1973 1060 3623 1136; baseline 0.004 -22"><span class='ocrx_word' id='word_1_420' title='bbox 1973 1062 2108 1115; x_wconf 72' lang='lat' dir='ltr'>terae</span> <span class='ocrx_word' id='word_1_421' title='bbox 2127 1077 2290 1129; x_wconf 70' lang='lat' dir='ltr'>meae,</span> <span class='ocrx_word' id='word_1_422' title='bbox 2311 1066 2375 1114; x_wconf 89' lang='lat' dir='ltr'>ut</span> <span class='ocrx_word' id='word_1_423' title='bbox 2391 1077 2502 1115; x_wconf 89' lang='lat' dir='ltr'>non</span> <span class='ocrx_word' id='word_1_424' title='bbox 2521 1060 3110 1134; x_wconf 73' lang='lat' dir='ltr'>ampliusquaarerem</span> <span class='ocrx_word' id='word_1_425' title='bbox 3129 1080 3197 1118; x_wconf 90' lang='lat' dir='ltr'>ea</span> <span class='ocrx_word' id='word_1_426' title='bbox 3209 1081 3336 1136; x_wconf 70' lang='lat' dir='ltr'>quae</span> <span class='ocrx_word' id='word_1_427' title='bbox 3352 1065 3421 1118; x_wconf 89' lang='lat' dir='ltr'>ad</span> <span class='ocrx_word' id='word_1_428' title='bbox 3447 1063 3623 1120; x_wconf 87' lang='lat' dir='ltr'>siisn-</span> 
     </span>
    </p>
   </div>
   <div class='ocr_carea' id='block_1_57' title="bbox 1977 1148 3626 1226">
    <p class='ocr_par' dir='ltr' id='par_1_57' title="bbox 1977 1148 3626 1226">
     <span class='ocr_line' id='line_1_57' title="bbox 1977 1148 3626 1226; baseline 0.005 -24"><span class='ocrx_word' id='word_1_429' title='bbox 1977 1152 2127 1204; x_wconf 85' lang='lat' dir='ltr'>tram</span> <span class='ocrx_word' id='word_1_430' title='bbox 2153 1148 2570 1220; x_wconf 87' lang='lat' dir='ltr'>pertinent,sed</span> <span class='ocrx_word' id='word_1_431' title='bbox 2597 1165 2723 1220; x_wconf 68' lang='lat' dir='ltr'>quae</span> <span class='ocrx_word' id='word_1_432' title='bbox 2754 1167 2854 1222; x_wconf 90' lang='lat' dir='ltr'>per</span> <span class='ocrx_word' id='word_1_433' title='bbox 2885 1151 3183 1208; x_wconf 81' lang='lat' dir='ltr'>dexteram</span> <span class='ocrx_word' id='word_1_434' title='bbox 3198 1151 3626 1226; x_wconf 80' lang='lat' dir='ltr'>intelliguntur.</span> 
     </span>
    </p>
   </div>
   <div class='ocr_carea' id='block_1_58' title="bbox 1978 1235 3629 1313">
    <p class='ocr_par' dir='ltr' id='par_1_58' title="bbox 1978 1235 3629 1313">
     <span class='ocr_line' id='line_1_58' title="bbox 1978 1235 3629 1313; baseline 0.005 -22"><span class='ocrx_word' id='word_1_435' title='bbox 1978 1235 2166 1292; x_wconf 85' lang='lat' dir='ltr'>Potest</span> <span class='ocrx_word' id='word_1_436' title='bbox 2186 1244 2240 1292; x_wconf 91' lang='lat' dir='ltr'>et</span> <span class='ocrx_word' id='word_1_437' title='bbox 2262 1237 2373 1292; x_wconf 89' lang='lat' dir='ltr'>adh</span> <span class='ocrx_word' id='word_1_438' title='bbox 2385 1255 2452 1292; x_wconf 91' lang='lat' dir='ltr'>uc</span> <span class='ocrx_word' id='word_1_439' title='bbox 2476 1238 2643 1295; x_wconf 86' lang='lat' dir='ltr'>aliter</span> <span class='ocrx_word' id='word_1_440' title='bbox 2662 1238 2989 1312; x_wconf 85' lang='lat' dir='ltr'>legi:Subito</span> <span class='ocrx_word' id='word_1_441' title='bbox 3005 1240 3629 1313; x_wconf 60' lang='lat' dir='ltr'>defeceruntmerierunt</span> 
     </span>
    </p>
   </div>
   <div class='ocr_carea' id='block_1_59' title="bbox 1972 1330 3626 1405">
    <p class='ocr_par' dir='ltr' id='par_1_59' title="bbox 1972 1330 3626 1405">
     <span class='ocr_line' id='line_1_59' title="bbox 1972 1330 3626 1405; baseline 0.007 -24"><span class='ocrx_word' id='word_1_442' title='bbox 1972 1331 2196 1398; x_wconf 81' lang='lat' dir='ltr'>prapter</span> <span class='ocrx_word' id='word_1_443' title='bbox 2227 1330 2578 1398; x_wconf 76' lang='lat' dir='ltr'>iniquitatem</span> <span class='ocrx_word' id='word_1_444' title='bbox 2598 1330 2928 1395; x_wconf 82' lang='lat' dir='ltr'>suam,vclut</span> <span class='ocrx_word' id='word_1_445' title='bbox 2953 1332 3228 1385; x_wconf 81' lang='lat' dir='ltr'>somnium</span> <span class='ocrx_word' id='word_1_446' title='bbox 3252 1334 3626 1405; x_wconf 63' lang='lat' dir='ltr'>surgentium;</span> 
     </span>
    </p>
   </div>
   <div class='ocr_carea' id='block_1_60' title="bbox 1972 1416 3629 1491">
    <p class='ocr_par' dir='ltr' id='par_1_60' title="bbox 1972 1416 3629 1491">
     <span class='ocr_line' id='line_1_60' title="bbox 1972 1416 3629 1491; baseline 0.002 -18"><span class='ocrx_word' id='word_1_447' title='bbox 1972 1416 2072 1476; x_wconf 88' lang='lat' dir='ltr'>sed</span> <span class='ocrx_word' id='word_1_448' title='bbox 2092 1417 2734 1487; x_wconf 76' lang='lat' dir='ltr'>tu,Donu’ne,imaginem</span> <span class='ocrx_word' id='word_1_449' title='bbox 2753 1418 3336 1491; x_wconf 87' lang='lat' dir='ltr'>ipsorum,imaginem</span> <span class='ocrx_word' id='word_1_450' title='bbox 3361 1419 3629 1488; x_wconf 78' lang='lat' dir='ltr'>videlicet</span> 
     </span>
    </p>
   </div>
   <div class='ocr_carea' id='block_1_61' title="bbox 1975 1505 3625 1580">
    <p class='ocr_par' dir='ltr' id='par_1_61' title="bbox 1975 1505 3625 1580">
     <span class='ocr_line' id='line_1_61' title="bbox 1975 1505 3625 1580; baseline 0.002 -17"><span class='ocrx_word' id='word_1_451' title='bbox 1975 1506 2185 1571; x_wconf 80' lang='lat' dir='ltr'>terreni</span> <span class='ocrx_word' id='word_1_452' title='bbox 2216 1505 2678 1578; x_wconf 88' lang='lat' dir='ltr'>hominis,quam</span> <span class='ocrx_word' id='word_1_453' title='bbox 2711 1507 2822 1580; x_wconf 89' lang='lat' dir='ltr'>ipsi</span> <span class='ocrx_word' id='word_1_454' title='bbox 2854 1507 3230 1563; x_wconf 87' lang='lat' dir='ltr'>imitatisunt</span> <span class='ocrx_word' id='word_1_455' title='bbox 3257 1510 3330 1564; x_wconf 88' lang='lat' dir='ltr'>ad</span> <span class='ocrx_word' id='word_1_456' title='bbox 3361 1510 3625 1578; x_wconf 80' lang='lat' dir='ltr'>nihilum,</span> 
     </span>
    </p>
   </div>
   <div class='ocr_carea' id='block_1_62' title="bbox 1970 1595 3620 1668">
    <p class='ocr_par' dir='ltr' id='par_1_62' title="bbox 1970 1595 3620 1668">
     <span class='ocr_line' id='line_1_62' title="bbox 1970 1595 3620 1668; baseline 0.003 -16"><span class='ocrx_word' id='word_1_457' title='bbox 1970 1603 2033 1652; x_wconf 89' lang='lat' dir='ltr'>tu</span> <span class='ocrx_word' id='word_1_458' title='bbox 2067 1595 2430 1653; x_wconf 74' lang='lat' dir='ltr'>reaedilicasti</span> <span class='ocrx_word' id='word_1_459' title='bbox 2478 1598 2752 1668; x_wconf 88' lang='lat' dir='ltr'>ponendo</span> <span class='ocrx_word' id='word_1_460' title='bbox 2784 1613 2882 1652; x_wconf 90' lang='lat' dir='ltr'>eos</span> <span class='ocrx_word' id='word_1_461' title='bbox 2915 1597 2972 1651; x_wconf 92' lang='lat' dir='ltr'>in</span> <span class='ocrx_word' id='word_1_462' title='bbox 3007 1597 3236 1653; x_wconf 88' lang='lat' dir='ltr'>civitate</span> <span class='ocrx_word' id='word_1_463' title='bbox 3265 1603 3386 1666; x_wconf 87' lang='lat' dir='ltr'>tua,</span> <span class='ocrx_word' id='word_1_464' title='bbox 3421 1599 3476 1654; x_wconf 92' lang='lat' dir='ltr'>id</span> <span class='ocrx_word' id='word_1_465' title='bbox 3511 1606 3620 1657; x_wconf 85' lang='lat' dir='ltr'>est.</span> 
     </span>
    </p>
   </div>
   <div class='ocr_carea' id='block_1_63' title="bbox 1971 1685 3626 1746">
    <p class='ocr_par' dir='ltr' id='par_1_63' title="bbox 1971 1685 3626 1746">
     <span class='ocr_line' id='line_1_63' title="bbox 1971 1685 3626 1746; baseline 0.002 -6"><span class='ocrx_word' id='word_1_466' title='bbox 1971 1687 2122 1741; x_wconf 86' lang='lat' dir='ltr'>intra</span> <span class='ocrx_word' id='word_1_467' title='bbox 2152 1685 2488 1740; x_wconf 86' lang='lat' dir='ltr'>societatem</span> <span class='ocrx_word' id='word_1_468' title='bbox 2517 1691 2750 1741; x_wconf 87' lang='lat' dir='ltr'>tuorum</span> <span class='ocrx_word' id='word_1_469' title='bbox 2772 1685 3127 1742; x_wconf 82' lang='lat' dir='ltr'>ﬁdelium.Et</span> <span class='ocrx_word' id='word_1_470' title='bbox 3147 1687 3302 1742; x_wconf 88' lang='lat' dir='ltr'>unde</span> <span class='ocrx_word' id='word_1_471' title='bbox 3326 1687 3436 1744; x_wconf 89' lang='lat' dir='ltr'>hoc</span> <span class='ocrx_word' id='word_1_472' title='bbox 3458 1689 3626 1746; x_wconf 80' lang='lat' dir='ltr'>scio?</span> 
     </span>
    </p>
   </div>
   <div class='ocr_carea' id='block_1_64' title="bbox 1970 1773 3622 1848">
    <p class='ocr_par' dir='ltr' id='par_1_64' title="bbox 1970 1773 3622 1848">
     <span class='ocr_line' id='line_1_64' title="bbox 1970 1773 3622 1848; baseline 0.002 -18"><span class='ocrx_word' id='word_1_473' title='bbox 1970 1776 2116 1840; x_wconf 90' lang='lat' dir='ltr'>Quia</span> <span class='ocrx_word' id='word_1_474' title='bbox 2143 1773 2201 1829; x_wconf 90' lang='lat' dir='ltr'>in</span> <span class='ocrx_word' id='word_1_475' title='bbox 2235 1792 2326 1829; x_wconf 88' lang='lat' dir='ltr'>me</span> <span class='ocrx_word' id='word_1_476' title='bbox 2359 1775 2483 1846; x_wconf 92' lang='lat' dir='ltr'>ipso</span> <span class='ocrx_word' id='word_1_477' title='bbox 2515 1775 2624 1830; x_wconf 91' lang='lat' dir='ltr'>hoc</span> <span class='ocrx_word' id='word_1_478' title='bbox 2655 1779 2924 1847; x_wconf 81' lang='lat' dir='ltr'>expertus</span> <span class='ocrx_word' id='word_1_479' title='bbox 2972 1792 3126 1846; x_wconf 89' lang='lat' dir='ltr'>sum,</span> <span class='ocrx_word' id='word_1_480' title='bbox 3160 1775 3440 1848; x_wconf 85' lang='lat' dir='ltr'>quoniam</span> <span class='ocrx_word' id='word_1_481' title='bbox 3477 1777 3622 1834; x_wconf 87' lang='lat' dir='ltr'>ima-</span> 
     </span>
    </p>
   </div>
   <div class='ocr_carea' id='block_1_65' title="bbox 1973 1861 3624 1936">
    <p class='ocr_par' dir='ltr' id='par_1_65' title="bbox 1973 1861 3624 1936">
     <span class='ocr_line' id='line_1_65' title="bbox 1973 1861 3624 1936; baseline 0.004 -19"><span class='ocrx_word' id='word_1_482' title='bbox 1973 1864 2168 1936; x_wconf 82' lang='lat' dir='ltr'>ginem</span> <span class='ocrx_word' id='word_1_483' title='bbox 2201 1863 2414 1918; x_wconf 88' lang='lat' dir='ltr'>tcrreni</span> <span class='ocrx_word' id='word_1_484' title='bbox 2445 1863 2702 1919; x_wconf 86' lang='lat' dir='ltr'>hominis</span> <span class='ocrx_word' id='word_1_485' title='bbox 2733 1861 2790 1917; x_wconf 88' lang='lat' dir='ltr'>in</span> <span class='ocrx_word' id='word_1_486' title='bbox 2823 1879 2914 1918; x_wconf 91' lang='lat' dir='ltr'>me</span> <span class='ocrx_word' id='word_1_487' title='bbox 2967 1864 3330 1936; x_wconf 82' lang='lat' dir='ltr'>destruxisti,</span> <span class='ocrx_word' id='word_1_488' title='bbox 3373 1869 3431 1921; x_wconf 86' lang='lat' dir='ltr'>et</span> <span class='ocrx_word' id='word_1_489' title='bbox 3461 1871 3624 1924; x_wconf 84' lang='lat' dir='ltr'>tuam</span> 
     </span>
    </p>
   </div>
   <div class='ocr_carea' id='block_1_66' title="bbox 1972 1951 3628 2024">
    <p class='ocr_par' dir='ltr' id='par_1_66' title="bbox 1972 1951 3628 2024">
     <span class='ocr_line' id='line_1_66' title="bbox 1972 1951 3628 2024; baseline 0.001 -16"><span class='ocrx_word' id='word_1_490' title='bbox 1972 1953 2371 2018; x_wconf 70' lang='lat' dir='ltr'>reaediﬁcasti;</span> <span class='ocrx_word' id='word_1_491' title='bbox 2403 1953 2554 2023; x_wconf 85' lang='lat' dir='ltr'>quod</span> <span class='ocrx_word' id='word_1_492' title='bbox 2609 1952 2766 2022; x_wconf 89' lang='lat' dir='ltr'>dicit,</span> <span class='ocrx_word' id='word_1_493' title='bbox 2820 1951 2958 2024; x_wconf 91' lang='lat' dir='ltr'>quia</span> <span class='ocrx_word' id='word_1_494' title='bbox 2987 1954 3391 2023; x_wconf 81' lang='lat' dir='ltr'>inﬂammatum</span> <span class='ocrx_word' id='word_1_495' title='bbox 3429 1963 3505 2012; x_wconf 86' lang='lat' dir='ltr'>est</span> <span class='ocrx_word' id='word_1_496' title='bbox 3533 1971 3628 2012; x_wconf 88' lang='lat' dir='ltr'>cor</span> 
     </span>
    </p>
   </div>
   <div class='ocr_carea' id='block_1_67' title="bbox 1971 2043 3629 2111">
    <p class='ocr_par' dir='ltr' id='par_1_67' title="bbox 1971 2043 3629 2111">
     <span class='ocr_line' id='line_1_67' title="bbox 1971 2043 3629 2111; baseline 0.001 -13"><span class='ocrx_word' id='word_1_497' title='bbox 1971 2058 2153 2098; x_wconf 82' lang='lat' dir='ltr'>meum</span> <span class='ocrx_word' id='word_1_498' title='bbox 2183 2043 2470 2098; x_wconf 89' lang='lat' dir='ltr'>desiderio</span> <span class='ocrx_word' id='word_1_499' title='bbox 2504 2047 2947 2107; x_wconf 88' lang='lat' dir='ltr'>terrenorum,et</span> <span class='ocrx_word' id='word_1_500' title='bbox 2974 2059 3129 2097; x_wconf 83' lang='lat' dir='ltr'>renes</span> <span class='ocrx_word' id='word_1_501' title='bbox 3159 2045 3271 2098; x_wconf 91' lang='lat' dir='ltr'>mei</span> <span class='ocrx_word' id='word_1_502' title='bbox 3298 2046 3629 2111; x_wconf 73' lang='lat' dir='ltr'>commutati</span> 
     </span>
    </p>
   </div>
   <div class='ocr_carea' id='block_1_68' title="bbox 1971 2130 3626 2202">
    <p class='ocr_par' dir='ltr' id='par_1_68' title="bbox 1971 2130 3626 2202">
     <span class='ocr_line' id='line_1_68' title="bbox 1971 2130 3626 2202; baseline 0.003 -17"><span class='ocrx_word' id='word_1_503' title='bbox 1971 2131 2031 2186; x_wconf 89' lang='lat' dir='ltr'>in</span> <span class='ocrx_word' id='word_1_504' title='bbox 2062 2132 2320 2187; x_wconf 88' lang='lat' dir='ltr'>carnalia</span> <span class='ocrx_word' id='word_1_505' title='bbox 2350 2131 2720 2202; x_wconf 86' lang='lat' dir='ltr'>desideria,et</span> <span class='ocrx_word' id='word_1_506' title='bbox 2748 2130 2819 2186; x_wconf 90' lang='lat' dir='ltr'>ad</span> <span class='ocrx_word' id='word_1_507' title='bbox 2847 2132 3096 2187; x_wconf 79' lang='lat' dir='ltr'>nihilum</span> <span class='ocrx_word' id='word_1_508' title='bbox 3124 2132 3397 2202; x_wconf 84' lang='lat' dir='ltr'>redactus,</span> <span class='ocrx_word' id='word_1_509' title='bbox 3423 2133 3476 2187; x_wconf 89' lang='lat' dir='ltr'>id</span> <span class='ocrx_word' id='word_1_510' title='bbox 3513 2137 3626 2200; x_wconf 76' lang='lat' dir='ltr'>est,</span> 
     </span>
    </p>
   </div>
   <div class='ocr_carea' id='block_1_69' title="bbox 1972 2220 3629 2294">
    <p class='ocr_par' dir='ltr' id='par_1_69' title="bbox 1972 2220 3629 2294">
     <span class='ocr_line' id='line_1_69' title="bbox 1972 2220 3629 2294; baseline 0.001 -19"><span class='ocrx_word' id='word_1_511' title='bbox 1972 2220 2044 2275; x_wconf 88' lang='lat' dir='ltr'>ad</span> <span class='ocrx_word' id='word_1_512' title='bbox 2075 2238 2142 2275; x_wconf 90' lang='lat' dir='ltr'>ea</span> <span class='ocrx_word' id='word_1_513' title='bbox 2174 2237 2299 2293; x_wconf 74' lang='lat' dir='ltr'>quo:</span> <span class='ocrx_word' id='word_1_514' title='bbox 2333 2220 2477 2274; x_wconf 89' lang='lat' dir='ltr'>nihil</span> <span class='ocrx_word' id='word_1_515' title='bbox 2514 2223 2652 2276; x_wconf 89' lang='lat' dir='ltr'>sunt</span> <span class='ocrx_word' id='word_1_516' title='bbox 2685 2221 2994 2276; x_wconf 78' lang='lat' dir='ltr'>tendebam</span> <span class='ocrx_word' id='word_1_517' title='bbox 3031 2237 3042 2274; x_wconf 90' lang='lat'><strong>:</strong></span> <span class='ocrx_word' id='word_1_518' title='bbox 3077 2226 3133 2276; x_wconf 91' lang='lat' dir='ltr'>et</span> <span class='ocrx_word' id='word_1_519' title='bbox 3161 2221 3270 2276; x_wconf 90' lang='lat' dir='ltr'>hoc</span> <span class='ocrx_word' id='word_1_520' title='bbox 3301 2221 3452 2288; x_wconf 91' lang='lat' dir='ltr'>ideo,</span> <span class='ocrx_word' id='word_1_521' title='bbox 3484 2222 3629 2294; x_wconf 76' lang='lat' dir='ltr'>quia</span> 
     </span>
    </p>
   </div>
   <div class='ocr_carea' id='block_1_70' title="bbox 1974 2309 3620 2383">
    <p class='ocr_par' dir='ltr' id='par_1_70' title="bbox 1974 2309 3620 2383">
     <span class='ocr_line' id='line_1_70' title="bbox 1974 2309 3620 2383; baseline 0.002 -19"><span class='ocrx_word' id='word_1_522' title='bbox 1974 2309 2189 2365; x_wconf 87' lang='lat' dir='ltr'>nescivi</span> <span class='ocrx_word' id='word_1_523' title='bbox 2222 2326 2288 2365; x_wconf 89' lang='lat' dir='ltr'>ea</span> <span class='ocrx_word' id='word_1_524' title='bbox 2319 2327 2446 2380; x_wconf 79' lang='lat' dir='ltr'>quae</span> <span class='ocrx_word' id='word_1_525' title='bbox 2478 2309 2717 2364; x_wconf 89' lang='lat' dir='ltr'>scienda</span> <span class='ocrx_word' id='word_1_526' title='bbox 2747 2314 2949 2376; x_wconf 85' lang='lat' dir='ltr'>erant;</span> <span class='ocrx_word' id='word_1_527' title='bbox 2982 2310 3082 2365; x_wconf 89' lang='lat' dir='ltr'>sed</span> <span class='ocrx_word' id='word_1_528' title='bbox 3116 2311 3504 2381; x_wconf 84' lang='lat' dir='ltr'>utjumentum</span> <span class='ocrx_word' id='word_1_529' title='bbox 3531 2317 3620 2383; x_wconf 79' lang='lat' dir='ltr'>fa-</span> 
     </span>
    </p>
   </div>
   <div class='ocr_carea' id='block_1_71' title="bbox 1969 2397 3622 2470">
    <p class='ocr_par' dir='ltr' id='par_1_71' title="bbox 1969 2397 3622 2470">
     <span class='ocr_line' id='line_1_71' title="bbox 1969 2397 3622 2470; baseline 0.001 -16"><span class='ocrx_word' id='word_1_530' title='bbox 1969 2407 2084 2454; x_wconf 86' lang='lat' dir='ltr'>ctus</span> <span class='ocrx_word' id='word_1_531' title='bbox 2120 2416 2244 2454; x_wconf 87' lang='lat' dir='ltr'>sum</span> <span class='ocrx_word' id='word_1_532' title='bbox 2294 2398 2444 2470; x_wconf 85' lang='lat' dir='ltr'>apud</span> <span class='ocrx_word' id='word_1_533' title='bbox 2473 2406 2541 2464; x_wconf 88' lang='lat' dir='ltr'>te,</span> <span class='ocrx_word' id='word_1_534' title='bbox 2578 2397 3052 2454; x_wconf 77' lang='lat' dir='ltr'>irrationabiliter</span> <span class='ocrx_word' id='word_1_535' title='bbox 3079 2397 3347 2455; x_wconf 87' lang='lat' dir='ltr'>videlicet</span> <span class='ocrx_word' id='word_1_536' title='bbox 3383 2399 3622 2462; x_wconf 84' lang='lat' dir='ltr'>vivens;</span> 
     </span>
    </p>
   </div>
   <div class='ocr_carea' id='block_1_72' title="bbox 1971 2486 3624 2559">
    <p class='ocr_par' dir='ltr' id='par_1_72' title="bbox 1971 2486 3624 2559">
     <span class='ocr_line' id='line_1_72' title="bbox 1971 2486 3624 2559; baseline 0.001 -16"><span class='ocrx_word' id='word_1_537' title='bbox 1971 2489 2071 2544; x_wconf 87' lang='lat' dir='ltr'>sed</span> <span class='ocrx_word' id='word_1_538' title='bbox 2104 2503 2298 2543; x_wconf 81' lang='lat' dir='ltr'>tamen</span> <span class='ocrx_word' id='word_1_539' title='bbox 2331 2504 2429 2559; x_wconf 87' lang='lat' dir='ltr'>ego</span> <span class='ocrx_word' id='word_1_540' title='bbox 2455 2503 2670 2558; x_wconf 81' lang='lat' dir='ltr'>semper</span> <span class='ocrx_word' id='word_1_541' title='bbox 2695 2495 2869 2541; x_wconf 84' lang='lat' dir='ltr'>tecum</span> <span class='ocrx_word' id='word_1_542' title='bbox 2901 2486 3128 2554; x_wconf 79' lang='lat' dir='ltr'>fui,non</span> <span class='ocrx_word' id='word_1_543' title='bbox 3160 2487 3404 2543; x_wconf 89' lang='lat' dir='ltr'>credens</span> <span class='ocrx_word' id='word_1_544' title='bbox 3435 2487 3624 2546; x_wconf 85' lang='lat' dir='ltr'>alium.</span> 
     </span>
    </p>
   </div>
   <div class='ocr_carea' id='block_1_73' title="bbox 1968 2573 3624 2632">
    <p class='ocr_par' dir='ltr' id='par_1_73' title="bbox 1968 2573 3624 2632">
     <span class='ocr_line' id='line_1_73' title="bbox 1968 2573 3624 2632; baseline 0.001 -1"><span class='ocrx_word' id='word_1_545' title='bbox 1968 2577 2229 2632; x_wconf 90' lang='lat' dir='ltr'>datorem</span> <span class='ocrx_word' id='word_1_546' title='bbox 2256 2582 2616 2631; x_wconf 89' lang='lat' dir='ltr'>terrenorum</span> <span class='ocrx_word' id='word_1_547' title='bbox 2643 2573 2753 2629; x_wconf 90' lang='lat' dir='ltr'>nisi</span> <span class='ocrx_word' id='word_1_548' title='bbox 2776 2580 2830 2630; x_wconf 88' lang='lat' dir='ltr'>te</span> <span class='ocrx_word' id='word_1_549' title='bbox 2853 2593 2870 2628; x_wconf 91' lang='lat'><strong><em>:</em></strong></span> <span class='ocrx_word' id='word_1_550' title='bbox 2893 2579 2949 2630; x_wconf 88' lang='lat' dir='ltr'>et</span> <span class='ocrx_word' id='word_1_551' title='bbox 2980 2575 3108 2632; x_wconf 92' lang='lat' dir='ltr'>ideo</span> <span class='ocrx_word' id='word_1_552' title='bbox 3141 2577 3366 2632; x_wconf 84' lang='lat' dir='ltr'>tenuisti</span> <span class='ocrx_word' id='word_1_553' title='bbox 3392 2594 3624 2632; x_wconf 88' lang='lat' dir='ltr'>manum</span> 
     </span>
    </p>
   </div>
   <div class='ocr_carea' id='block_1_74' title="bbox 1965 2663 3614 2736">
    <p class='ocr_par' dir='ltr' id='par_1_74' title="bbox 1965 2663 3614 2736">
     <span class='ocr_line' id='line_1_74' title="bbox 1965 2663 3614 2736; baseline 0.001 -17"><span class='ocrx_word' id='word_1_554' title='bbox 1965 2665 2248 2720; x_wconf 77' lang='lat' dir='ltr'>dexteram</span> <span class='ocrx_word' id='word_1_555' title='bbox 2277 2669 2548 2729; x_wconf 85' lang='lat' dir='ltr'>meam,ut</span> <span class='ocrx_word' id='word_1_556' title='bbox 2565 2663 2694 2733; x_wconf 88' lang='lat' dir='ltr'>jam</span> <span class='ocrx_word' id='word_1_557' title='bbox 2725 2681 2837 2718; x_wconf 89' lang='lat' dir='ltr'>non</span> <span class='ocrx_word' id='word_1_558' title='bbox 2871 2663 3127 2736; x_wconf 89' lang='lat' dir='ltr'>amplius</span> <span class='ocrx_word' id='word_1_559' title='bbox 3158 2681 3220 2720; x_wconf 89' lang='lat' dir='ltr'>se</span> <span class='ocrx_word' id='word_1_560' title='bbox 3249 2667 3522 2721; x_wconf 80' lang='lat' dir='ltr'>extendat</span> <span class='ocrx_word' id='word_1_561' title='bbox 3541 2666 3614 2721; x_wconf 87' lang='lat' dir='ltr'>ad</span> 
     </span>
    </p>
   </div>
   <div class='ocr_carea' id='block_1_75' title="bbox 1965 2752 3622 2825">
    <p class='ocr_par' dir='ltr' id='par_1_75' title="bbox 1965 2752 3622 2825">
     <span class='ocr_line' id='line_1_75' title="bbox 1965 2752 3622 2825; baseline 0.001 -16"><span class='ocrx_word' id='word_1_562' title='bbox 1965 2763 2227 2819; x_wconf 85' lang='lat' dir='ltr'>terrena,-</span> <span class='ocrx_word' id='word_1_563' title='bbox 2273 2759 2326 2808; x_wconf 84' lang='lat' dir='ltr'>ct</span> <span class='ocrx_word' id='word_1_564' title='bbox 2358 2755 2417 2807; x_wconf 85' lang='lat' dir='ltr'>in</span> <span class='ocrx_word' id='word_1_565' title='bbox 2471 2754 2753 2808; x_wconf 85' lang='lat' dir='ltr'>voluntate</span> <span class='ocrx_word' id='word_1_566' title='bbox 2811 2762 2906 2808; x_wconf 89' lang='lat' dir='ltr'>tua</span> <span class='ocrx_word' id='word_1_567' title='bbox 2944 2752 3222 2809; x_wconf 77' lang='lat' dir='ltr'>deduxisti</span> <span class='ocrx_word' id='word_1_568' title='bbox 3274 2771 3379 2825; x_wconf 89' lang='lat' dir='ltr'>me,</span> <span class='ocrx_word' id='word_1_569' title='bbox 3412 2761 3467 2810; x_wconf 84' lang='lat' dir='ltr'>et</span> <span class='ocrx_word' id='word_1_570' title='bbox 3495 2772 3622 2810; x_wconf 85' lang='lat' dir='ltr'>cum</span> 
     </span>
    </p>
   </div>
   <div class='ocr_carea' id='block_1_76' title="bbox 1963 2842 3622 2916">
    <p class='ocr_par' dir='ltr' id='par_1_76' title="bbox 1963 2842 3622 2916">
     <span class='ocr_line' id='line_1_76' title="bbox 1963 2842 3622 2916; baseline 0 -18"><span class='ocrx_word' id='word_1_571' title='bbox 1963 2844 2151 2916; x_wconf 85' lang='lat' dir='ltr'>gloria</span> <span class='ocrx_word' id='word_1_572' title='bbox 2180 2844 2464 2914; x_wconf 87' lang='lat' dir='ltr'>suscepisti</span> <span class='ocrx_word' id='word_1_573' title='bbox 2490 2859 2596 2910; x_wconf 89' lang='lat' dir='ltr'>me,</span> <span class='ocrx_word' id='word_1_574' title='bbox 2630 2847 2686 2898; x_wconf 85' lang='lat' dir='ltr'>et</span> <span class='ocrx_word' id='word_1_575' title='bbox 2717 2859 2846 2897; x_wconf 78' lang='lat' dir='ltr'>ecce.</span> <span class='ocrx_word' id='word_1_576' title='bbox 2889 2842 3092 2913; x_wconf 83' lang='lat' dir='ltr'>gloria,</span> <span class='ocrx_word' id='word_1_577' title='bbox 3153 2843 3295 2913; x_wconf 87' lang='lat' dir='ltr'>quia</span> <span class='ocrx_word' id='word_1_578' title='bbox 3318 2844 3452 2915; x_wconf 89' lang='lat' dir='ltr'>quid</span> <span class='ocrx_word' id='word_1_579' title='bbox 3479 2845 3622 2899; x_wconf 89' lang='lat' dir='ltr'>mihi</span> 
     </span>
    </p>
   </div>
   <div class='ocr_carea' id='block_1_77' title="bbox 1963 2931 3616 3003">
    <p class='ocr_par' dir='ltr' id='par_1_77' title="bbox 1963 2931 3616 3003">
     <span class='ocr_line' id='line_1_77' title="bbox 1963 2931 3616 3003; baseline 0.001 -17"><span class='ocrx_word' id='word_1_580' title='bbox 1963 2936 2042 2987; x_wconf 89' lang='lat' dir='ltr'>est</span> <span class='ocrx_word' id='word_1_581' title='bbox 2073 2934 2129 2987; x_wconf 89' lang='lat' dir='ltr'>in</span> <span class='ocrx_word' id='word_1_582' title='bbox 2162 2933 2292 2987; x_wconf 77' lang='lat' dir='ltr'>cazlo</span> <span class='ocrx_word' id='word_1_583' title='bbox 2314 2932 2340 2986; x_wconf 79' lang='lat'><strong><em>?</em></strong></span> <span class='ocrx_word' id='word_1_584' title='bbox 2391 2931 2447 2986; x_wconf 85' lang='lat' dir='ltr'>id</span> <span class='ocrx_word' id='word_1_585' title='bbox 2480 2936 2586 2998; x_wconf 90' lang='lat' dir='ltr'>est,</span> <span class='ocrx_word' id='word_1_586' title='bbox 2641 2936 2925 3002; x_wconf 90' lang='lat' dir='ltr'>quantum</span> <span class='ocrx_word' id='word_1_587' title='bbox 2959 2936 3048 2987; x_wconf 88' lang='lat' dir='ltr'>est</span> <span class='ocrx_word' id='word_1_588' title='bbox 3099 2931 3246 2987; x_wconf 92' lang='lat' dir='ltr'>illud</span> <span class='ocrx_word' id='word_1_589' title='bbox 3278 2933 3433 3003; x_wconf 93' lang='lat' dir='ltr'>quod</span> <span class='ocrx_word' id='word_1_590' title='bbox 3468 2931 3616 2988; x_wconf 90' lang='lat' dir='ltr'>mihi</span> 
     </span>
    </p>
   </div>
   <div class='ocr_carea' id='block_1_78' title="bbox 1963 3019 3618 3092">
    <p class='ocr_par' dir='ltr' id='par_1_78' title="bbox 1963 3019 3618 3092">
     <span class='ocr_line' id='line_1_78' title="bbox 1963 3019 3618 3092; baseline 0.002 -16"><span class='ocrx_word' id='word_1_591' title='bbox 1963 3038 1996 3076; x_wconf 88' lang='lat' dir='ltr'>a</span> <span class='ocrx_word' id='word_1_592' title='bbox 2026 3025 2082 3075; x_wconf 88' lang='lat' dir='ltr'>te</span> <span class='ocrx_word' id='word_1_593' title='bbox 2114 3026 2355 3092; x_wconf 88' lang='lat' dir='ltr'>paratur</span> <span class='ocrx_word' id='word_1_594' title='bbox 2383 3020 2442 3075; x_wconf 91' lang='lat' dir='ltr'>in</span> <span class='ocrx_word' id='word_1_595' title='bbox 2471 3019 2633 3076; x_wconf 80' lang='lat' dir='ltr'>cmlo.</span> <span class='ocrx_word' id='word_1_596' title='bbox 2669 3023 2811 3088; x_wconf 86' lang='lat' dir='ltr'>Quia</span> <span class='ocrx_word' id='word_1_597' title='bbox 2841 3019 2984 3076; x_wconf 88' lang='lat' dir='ltr'>illud</span> <span class='ocrx_word' id='word_1_598' title='bbox 3001 3037 3100 3076; x_wconf 87' lang='lat' dir='ltr'>nec</span> <span class='ocrx_word' id='word_1_599' title='bbox 3128 3023 3317 3077; x_wconf 87' lang='lat' dir='ltr'>oculus</span> <span class='ocrx_word' id='word_1_600' title='bbox 3347 3023 3618 3085; x_wconf 87' lang='lat' dir='ltr'>vidit,nec</span> 
     </span>
    </p>
   </div>
   <div class='ocr_carea' id='block_1_79' title="bbox 1964 3109 3616 3182">
    <p class='ocr_par' dir='ltr' id='par_1_79' title="bbox 1964 3109 3616 3182">
     <span class='ocr_line' id='line_1_79' title="bbox 1964 3109 3616 3182; baseline 0.002 -18"><span class='ocrx_word' id='word_1_601' title='bbox 1964 3111 2118 3164; x_wconf 87' lang='lat' dir='ltr'>auris</span> <span class='ocrx_word' id='word_1_602' title='bbox 2173 3109 2402 3174; x_wconf 86' lang='lat' dir='ltr'>audivit,</span> <span class='ocrx_word' id='word_1_603' title='bbox 2461 3125 2557 3164; x_wconf 87' lang='lat' dir='ltr'>nec</span> <span class='ocrx_word' id='word_1_604' title='bbox 2615 3111 2674 3163; x_wconf 90' lang='lat' dir='ltr'>in</span> <span class='ocrx_word' id='word_1_605' title='bbox 2729 3111 3089 3165; x_wconf 85' lang='lat' dir='ltr'>corhominis</span> <span class='ocrx_word' id='word_1_606' title='bbox 3126 3111 3374 3166; x_wconf 83' lang='lat' dir='ltr'>ascendit</span> <span class='ocrx_word' id='word_1_607' title='bbox 3405 3113 3448 3182; x_wconf 89' lang='grc' dir='ltr'>(ι</span> <span class='ocrx_word' id='word_1_608' title='bbox 3489 3113 3616 3168; x_wconf 86' lang='lat' dir='ltr'>Cor.</span> 
     </span>
    </p>
   </div>
   <div class='ocr_carea' id='block_1_80' title="bbox 1970 3197 3618 3272">
    <p class='ocr_par' dir='ltr' id='par_1_80' title="bbox 1970 3197 3618 3272">
     <span class='ocr_line' id='line_1_80' title="bbox 1970 3197 3618 3272; baseline 0.005 -20"><span class='ocrx_word' id='word_1_609' title='bbox 1970 3197 2050 3268; x_wconf 73' lang='grc' dir='ltr'>ιι).</span> <span class='ocrx_word' id='word_1_610' title='bbox 2087 3201 2153 3252; x_wconf 77' lang='lat' dir='ltr'>Et</span> <span class='ocrx_word' id='word_1_611' title='bbox 2201 3197 2677 3269; x_wconf 84' lang='lat' dir='ltr'>quandoquidem</span> <span class='ocrx_word' id='word_1_612' title='bbox 2727 3202 2889 3252; x_wconf 87' lang='lat' dir='ltr'>tanta</span> <span class='ocrx_word' id='word_1_613' title='bbox 2929 3203 3017 3253; x_wconf 90' lang='lat' dir='ltr'>est</span> <span class='ocrx_word' id='word_1_614' title='bbox 3045 3198 3248 3272; x_wconf 89' lang='lat' dir='ltr'>gloria,</span> <span class='ocrx_word' id='word_1_615' title='bbox 3299 3216 3405 3271; x_wconf 84' lang='lat' dir='ltr'>ego</span> <span class='ocrx_word' id='word_1_616' title='bbox 3437 3199 3618 3260; x_wconf 80' lang='lat' dir='ltr'>miser</span> 
     </span>
    </p>
   </div>
   <div class='ocr_carea' id='block_1_81' title="bbox 1968 3285 3611 3356">
    <p class='ocr_par' dir='ltr' id='par_1_81' title="bbox 1968 3285 3611 3356">
     <span class='ocr_line' id='line_1_81' title="bbox 1968 3285 3611 3356; baseline 0.002 -17"><span class='ocrx_word' id='word_1_617' title='bbox 1968 3285 2101 3356; x_wconf 88' lang='lat' dir='ltr'>quid</span> <span class='ocrx_word' id='word_1_618' title='bbox 2151 3286 2297 3340; x_wconf 89' lang='lat' dir='ltr'>volui</span> <span class='ocrx_word' id='word_1_619' title='bbox 2343 3303 2376 3338; x_wconf 81' lang='grc' dir='ltr'>ιι</span> <span class='ocrx_word' id='word_1_620' title='bbox 2425 3290 2477 3340; x_wconf 90' lang='lat' dir='ltr'>te</span> <span class='ocrx_word' id='word_1_621' title='bbox 2532 3301 2696 3356; x_wconf 88' lang='lat' dir='ltr'>super</span> <span class='ocrx_word' id='word_1_622' title='bbox 2747 3288 2951 3340; x_wconf 88' lang='lat' dir='ltr'>terram</span> <span class='ocrx_word' id='word_1_623' title='bbox 2994 3290 3018 3338; x_wconf 70' lang='lat'>.9</span> <span class='ocrx_word' id='word_1_624' title='bbox 3053 3287 3114 3341; x_wconf 85' lang='lat' dir='ltr'>Id</span> <span class='ocrx_word' id='word_1_625' title='bbox 3170 3291 3281 3353; x_wconf 90' lang='lat' dir='ltr'>est,</span> <span class='ocrx_word' id='word_1_626' title='bbox 3313 3304 3492 3356; x_wconf 88' lang='lat' dir='ltr'>quam</span> <span class='ocrx_word' id='word_1_627' title='bbox 3525 3289 3611 3344; x_wconf 85' lang='lat' dir='ltr'>ni-</span> 
     </span>
    </p>
   </div>
   <div class='ocr_carea' id='block_1_82' title="bbox 1969 3372 3618 3446">
    <p class='ocr_par' dir='ltr' id='par_1_82' title="bbox 1969 3372 3618 3446">
     <span class='ocr_line' id='line_1_82' title="bbox 1969 3372 3618 3446; baseline 0.002 -18"><span class='ocrx_word' id='word_1_628' title='bbox 1969 3372 2051 3428; x_wconf 91' lang='lat' dir='ltr'>hil</span> <span class='ocrx_word' id='word_1_629' title='bbox 2082 3373 2192 3428; x_wconf 83' lang='lat' dir='ltr'>fuit</span> <span class='ocrx_word' id='word_1_630' title='bbox 2225 3373 2281 3427; x_wconf 91' lang='lat' dir='ltr'>in</span> <span class='ocrx_word' id='word_1_631' title='bbox 2314 3375 2810 3445; x_wconf 84' lang='lat' dir='ltr'>comparationem</span> <span class='ocrx_word' id='word_1_632' title='bbox 2845 3375 3053 3429; x_wconf 66' lang='lat' dir='ltr'>futurae</span> <span class='ocrx_word' id='word_1_633' title='bbox 3087 3373 3470 3446; x_wconf 72' lang='lat' dir='ltr'>gloriaa,quod</span> <span class='ocrx_word' id='word_1_634' title='bbox 3498 3394 3532 3431; x_wconf 86' lang='lat' dir='ltr'>a</span> <span class='ocrx_word' id='word_1_635' title='bbox 3561 3381 3618 3433; x_wconf 90' lang='lat' dir='ltr'>te</span> 
     </span>
    </p>
   </div>
   <div class='ocr_carea' id='block_1_83' title="bbox 1969 3461 3620 3537">
    <p class='ocr_par' dir='ltr' id='par_1_83' title="bbox 1969 3461 3620 3537">
     <span class='ocr_line' id='line_1_83' title="bbox 1969 3461 3620 3537; baseline 0.002 -19"><span class='ocrx_word' id='word_1_636' title='bbox 1969 3461 2210 3535; x_wconf 62' lang='lat' dir='ltr'>quaesivi</span> <span class='ocrx_word' id='word_1_637' title='bbox 2262 3461 2322 3516; x_wconf 88' lang='lat' dir='ltr'>in</span> <span class='ocrx_word' id='word_1_638' title='bbox 2355 3467 2509 3518; x_wconf 89' lang='lat' dir='ltr'>terra</span> <span class='ocrx_word' id='word_1_639' title='bbox 2565 3461 2592 3516; x_wconf 86' lang='lat'><strong>?</strong></span> <span class='ocrx_word' id='word_1_640' title='bbox 2651 3461 2813 3519; x_wconf 88' lang='lat' dir='ltr'>Uude</span> <span class='ocrx_word' id='word_1_641' title='bbox 2844 3462 3020 3520; x_wconf 86' lang='lat' dir='ltr'>habui</span> <span class='ocrx_word' id='word_1_642' title='bbox 3050 3463 3158 3520; x_wconf 91' lang='lat' dir='ltr'>hoc</span> <span class='ocrx_word' id='word_1_643' title='bbox 3187 3480 3444 3537; x_wconf 65' lang='lat' dir='ltr'>quarere</span> <span class='ocrx_word' id='word_1_644' title='bbox 3474 3465 3501 3522; x_wconf 82' lang='lat'><strong>?</strong></span> <span class='ocrx_word' id='word_1_645' title='bbox 3537 3466 3620 3522; x_wconf 80' lang='lat' dir='ltr'><strong>Ex</strong></span> 
     </span>
    </p>
   </div>
   <div class='ocr_carea' id='block_1_84' title="bbox 1971 3550 3613 3624">
    <p class='ocr_par' dir='ltr' id='par_1_84' title="bbox 1971 3550 3613 3624">
     <span class='ocr_line' id='line_1_84' title="bbox 1971 3550 3613 3624; baseline 0.002 -17"><span class='ocrx_word' id='word_1_646' title='bbox 1971 3552 2192 3608; x_wconf 90' lang='lat' dir='ltr'>defectu</span> <span class='ocrx_word' id='word_1_647' title='bbox 2223 3551 2417 3606; x_wconf 88' lang='lat' dir='ltr'>carnis</span> <span class='ocrx_word' id='word_1_648' title='bbox 2464 3550 2736 3607; x_wconf 88' lang='lat' dir='ltr'>videlidet</span> <span class='ocrx_word' id='word_1_649' title='bbox 2765 3558 2822 3607; x_wconf 88' lang='lat' dir='ltr'>et</span> <span class='ocrx_word' id='word_1_650' title='bbox 2851 3552 3043 3609; x_wconf 88' lang='lat' dir='ltr'>cordis</span> <span class='ocrx_word' id='word_1_651' title='bbox 3070 3571 3082 3620; x_wconf 89' lang='lat'><strong>;</strong></span> <span class='ocrx_word' id='word_1_652' title='bbox 3134 3554 3293 3624; x_wconf 89' lang='lat' dir='ltr'>quod</span> <span class='ocrx_word' id='word_1_653' title='bbox 3322 3554 3485 3624; x_wconf 90' lang='lat' dir='ltr'>dicit,</span> <span class='ocrx_word' id='word_1_654' title='bbox 3520 3556 3613 3611; x_wconf 83' lang='lat' dir='ltr'>de-</span> 
     </span>
    </p>
   </div>
   <div class='ocr_carea' id='block_1_85' title="bbox 1967 3639 3622 3714">
    <p class='ocr_par' dir='ltr' id='par_1_85' title="bbox 1967 3639 3622 3714">
     <span class='ocr_line' id='line_1_85' title="bbox 1967 3639 3622 3714; baseline 0.001 -18"><span class='ocrx_word' id='word_1_655' title='bbox 1967 3643 2102 3712; x_wconf 81' lang='lat' dir='ltr'>fecit</span> <span class='ocrx_word' id='word_1_656' title='bbox 2129 3655 2256 3696; x_wconf 88' lang='lat' dir='ltr'>caro</span> <span class='ocrx_word' id='word_1_657' title='bbox 2285 3656 2428 3708; x_wconf 89' lang='lat' dir='ltr'>mea,</span> <span class='ocrx_word' id='word_1_658' title='bbox 2458 3644 2580 3695; x_wconf 88' lang='lat' dir='ltr'>tam</span> <span class='ocrx_word' id='word_1_659' title='bbox 2606 3639 2667 3695; x_wconf 91' lang='lat' dir='ltr'>in</span> <span class='ocrx_word' id='word_1_660' title='bbox 2690 3656 2781 3696; x_wconf 90' lang='lat' dir='ltr'>me</span> <span class='ocrx_word' id='word_1_661' title='bbox 2812 3640 3076 3696; x_wconf 87' lang='lat' dir='ltr'>videlicet</span> <span class='ocrx_word' id='word_1_662' title='bbox 3106 3658 3283 3714; x_wconf 88' lang='lat' dir='ltr'>quam</span> <span class='ocrx_word' id='word_1_663' title='bbox 3307 3641 3366 3696; x_wconf 92' lang='lat' dir='ltr'>in</span> <span class='ocrx_word' id='word_1_664' title='bbox 3391 3645 3579 3698; x_wconf 86' lang='lat' dir='ltr'>Adam</span> <span class='ocrx_word' id='word_1_665' title='bbox 3606 3662 3622 3712; x_wconf 87' lang='lat'><strong>;</strong></span> 
     </span>
    </p>
   </div>
   <div class='ocr_carea' id='block_1_86' title="bbox 1969 3729 3625 3802">
    <p class='ocr_par' dir='ltr' id='par_1_86' title="bbox 1969 3729 3625 3802">
     <span class='ocr_line' id='line_1_86' title="bbox 1969 3729 3625 3802; baseline 0 -16"><span class='ocrx_word' id='word_1_666' title='bbox 1969 3734 2023 3786; x_wconf 84' lang='lat' dir='ltr'>et</span> <span class='ocrx_word' id='word_1_667' title='bbox 2049 3746 2142 3786; x_wconf 85' lang='lat' dir='ltr'>cor</span> <span class='ocrx_word' id='word_1_668' title='bbox 2171 3746 2348 3785; x_wconf 88' lang='lat' dir='ltr'>meum</span> <span class='ocrx_word' id='word_1_669' title='bbox 2377 3729 2608 3799; x_wconf 76' lang='lat' dir='ltr'>defecit,</span> <span class='ocrx_word' id='word_1_670' title='bbox 2643 3730 2700 3785; x_wconf 91' lang='lat' dir='ltr'>id</span> <span class='ocrx_word' id='word_1_671' title='bbox 2732 3729 2995 3802; x_wconf 88' lang='lat' dir='ltr'>est,_ratio</span> <span class='ocrx_word' id='word_1_672' title='bbox 3029 3747 3157 3786; x_wconf 90' lang='lat' dir='ltr'>mea</span> <span class='ocrx_word' id='word_1_673' title='bbox 3188 3731 3494 3787; x_wconf 81' lang='lat' dir='ltr'>obtuscata</span> <span class='ocrx_word' id='word_1_674' title='bbox 3513 3737 3625 3799; x_wconf 89' lang='lat' dir='ltr'>est,</span> 
     </span>
    </p>
   </div>
   <div class='ocr_carea' id='block_1_87' title="bbox 1975 3819 3627 3892">
    <p class='ocr_par' dir='ltr' id='par_1_87' title="bbox 1975 3819 3627 3892">
     <span class='ocr_line' id='line_1_87' title="bbox 1975 3819 3627 3892; baseline 0.001 -18"><span class='ocrx_word' id='word_1_675' title='bbox 1975 3823 2038 3874; x_wconf 88' lang='lat' dir='ltr'>ut</span> <span class='ocrx_word' id='word_1_676' title='bbox 2066 3835 2182 3874; x_wconf 85' lang='lat' dir='ltr'>non</span> <span class='ocrx_word' id='word_1_677' title='bbox 2207 3835 2524 3891; x_wconf 78' lang='lat' dir='ltr'>quaererem</span> <span class='ocrx_word' id='word_1_678' title='bbox 2547 3835 2674 3891; x_wconf 66' lang='lat' dir='ltr'>quae</span> <span class='ocrx_word' id='word_1_679' title='bbox 2698 3819 3010 3892; x_wconf 66' lang='lat' dir='ltr'>quaerenda</span> <span class='ocrx_word' id='word_1_680' title='bbox 3033 3824 3198 3876; x_wconf 84' lang='lat' dir='ltr'>erant</span> <span class='ocrx_word' id='word_1_681' title='bbox 3233 3836 3246 3874; x_wconf 87' lang='lat'><strong>:</strong></span> <span class='ocrx_word' id='word_1_682' title='bbox 3281 3819 3382 3875; x_wconf 86' lang='lat' dir='ltr'>sed</span> <span class='ocrx_word' id='word_1_683' title='bbox 3415 3821 3627 3884; x_wconf 85' lang='lat' dir='ltr'>amodo</span> 
     </span>
    </p>
   </div>
   <div class='ocr_carea' id='block_1_88' title="bbox 1972 3907 3628 3983">
    <p class='ocr_par' dir='ltr' id='par_1_88' title="bbox 1972 3907 3628 3983">
     <span class='ocr_line' id='line_1_88' title="bbox 1972 3907 3628 3983; baseline 0.001 -19"><span class='ocrx_word' id='word_1_684' title='bbox 1972 3911 2110 3964; x_wconf 88' lang='lat' dir='ltr'>Deus</span> <span class='ocrx_word' id='word_1_685' title='bbox 2139 3909 2250 3964; x_wconf 91' lang='lat' dir='ltr'>erit</span> <span class='ocrx_word' id='word_1_686' title='bbox 2277 3909 2456 3965; x_wconf 81' lang='lat' dir='ltr'>cordis</span> <span class='ocrx_word' id='word_1_687' title='bbox 2485 3907 2872 3983; x_wconf 85' lang='lat' dir='ltr'>aggratulatio</span> <span class='ocrx_word' id='word_1_688' title='bbox 2900 3927 2912 3977; x_wconf 89' lang='lat'><strong>;</strong></span> <span class='ocrx_word' id='word_1_689' title='bbox 2946 3912 2999 3963; x_wconf 87' lang='lat' dir='ltr'>et</span> <span class='ocrx_word' id='word_1_690' title='bbox 3026 3909 3165 3964; x_wconf 83' lang='lat' dir='ltr'>Deus</span> <span class='ocrx_word' id='word_1_691' title='bbox 3195 3914 3320 3968; x_wconf 84' lang='lat' dir='ltr'>erat</span> <span class='ocrx_word' id='word_1_692' title='bbox 3342 3927 3476 3981; x_wconf 87' lang='lat' dir='ltr'>pars</span> <span class='ocrx_word' id='word_1_693' title='bbox 3504 3926 3628 3976; x_wconf 80' lang='lat' dir='ltr'>mea</span> 
     </span>
    </p>
   </div>
   <div class='ocr_carea' id='block_1_89' title="bbox 1975 3997 3630 4072">
    <p class='ocr_par' dir='ltr' id='par_1_89' title="bbox 1975 3997 3630 4072">
     <span class='ocr_line' id='line_1_89' title="bbox 1975 3997 3630 4072; baseline 0.002 -18"><span class='ocrx_word' id='word_1_694' title='bbox 1975 4002 2033 4054; x_wconf 88' lang='lat' dir='ltr'>et</span> <span class='ocrx_word' id='word_1_695' title='bbox 2063 3998 2170 4053; x_wconf 90' lang='lat' dir='ltr'>hoc</span> <span class='ocrx_word' id='word_1_696' title='bbox 2204 3999 2260 4053; x_wconf 86' lang='lat' dir='ltr'>in</span> <span class='ocrx_word' id='word_1_697' title='bbox 2281 3997 2691 4054; x_wconf 59' lang='lat' dir='ltr'>aeternumAlii</span> <span class='ocrx_word' id='word_1_698' title='bbox 2717 4001 2912 4056; x_wconf 80' lang='lat' dir='ltr'>autem</span> <span class='ocrx_word' id='word_1_699' title='bbox 2936 4005 3247 4054; x_wconf 88' lang='lat' dir='ltr'>assumant</span> <span class='ocrx_word' id='word_1_700' title='bbox 3269 3998 3381 4056; x_wconf 89' lang='lat' dir='ltr'>sibi</span> <span class='ocrx_word' id='word_1_701' title='bbox 3403 4006 3630 4072; x_wconf 85' lang='lat' dir='ltr'>partem</span> 
     </span>
    </p>
   </div>
   <div class='ocr_carea' id='block_1_90' title="bbox 1978 4086 3627 4163">
    <p class='ocr_par' dir='ltr' id='par_1_90' title="bbox 1978 4086 3627 4163">
     <span class='ocr_line' id='line_1_90' title="bbox 1978 4086 3627 4163; baseline 0.004 -21"><span class='ocrx_word' id='word_1_702' title='bbox 1978 4087 2354 4152; x_wconf 89' lang='lat' dir='ltr'>mundum,et</span> <span class='ocrx_word' id='word_1_703' title='bbox 2375 4086 2504 4141; x_wconf 89' lang='lat' dir='ltr'>idco</span> <span class='ocrx_word' id='word_1_704' title='bbox 2525 4102 2726 4142; x_wconf 91' lang='lat' dir='ltr'>eorum</span> <span class='ocrx_word' id='word_1_705' title='bbox 2752 4103 2886 4159; x_wconf 88' lang='lat' dir='ltr'>pars</span> <span class='ocrx_word' id='word_1_706' title='bbox 2908 4092 2996 4144; x_wconf 86' lang='lat' dir='ltr'>est</span> <span class='ocrx_word' id='word_1_707' title='bbox 3017 4088 3453 4145; x_wconf 88' lang='lat' dir='ltr'>transitoria.Et</span> <span class='ocrx_word' id='word_1_708' title='bbox 3473 4107 3627 4163; x_wconf 80' lang='lat' dir='ltr'>opus</span> 
     </span>
    </p>
   </div>
   <div class='ocr_carea' id='block_1_91' title="bbox 1976 4175 3633 4251">
    <p class='ocr_par' dir='ltr' id='par_1_91' title="bbox 1976 4175 3633 4251">
     <span class='ocr_line' id='line_1_91' title="bbox 1976 4175 3633 4251; baseline 0.001 -18"><span class='ocrx_word' id='word_1_709' title='bbox 1976 4182 2086 4247; x_wconf 89' lang='lat' dir='ltr'>est,</span> <span class='ocrx_word' id='word_1_710' title='bbox 2119 4192 2150 4230; x_wconf 90' lang='grc' dir='ltr'>ο</span> <span class='ocrx_word' id='word_1_711' title='bbox 2181 4175 2357 4243; x_wconf 91' lang='lat' dir='ltr'>Deus,</span> <span class='ocrx_word' id='word_1_712' title='bbox 2383 4180 2446 4230; x_wconf 89' lang='lat' dir='ltr'>ut</span> <span class='ocrx_word' id='word_1_713' title='bbox 2479 4179 2540 4230; x_wconf 89' lang='lat' dir='ltr'>tu</span> <span class='ocrx_word' id='word_1_714' title='bbox 2570 4175 2654 4232; x_wconf 91' lang='lat' dir='ltr'>sis</span> <span class='ocrx_word' id='word_1_715' title='bbox 2684 4176 2826 4232; x_wconf 90' lang='lat' dir='ltr'>mihi</span> <span class='ocrx_word' id='word_1_716' title='bbox 2863 4195 3034 4250; x_wconf 88' lang='lat' dir='ltr'>pars;</span> <span class='ocrx_word' id='word_1_717' title='bbox 3067 4196 3204 4233; x_wconf 89' lang='lat' dir='ltr'>nam</span> <span class='ocrx_word' id='word_1_718' title='bbox 3249 4179 3351 4251; x_wconf 90' lang='lat' dir='ltr'>qui</span> <span class='ocrx_word' id='word_1_719' title='bbox 3384 4197 3499 4235; x_wconf 92' lang='lat' dir='ltr'>non</span> <span class='ocrx_word' id='word_1_720' title='bbox 3529 4179 3633 4235; x_wconf 89' lang='lat' dir='ltr'>eli-</span> 
     </span>
    </p>
   </div>
   <div class='ocr_carea' id='block_1_92' title="bbox 1978 4264 3637 4339">
    <p class='ocr_par' dir='ltr' id='par_1_92' title="bbox 1978 4264 3637 4339">
     <span class='ocr_line' id='line_1_92' title="bbox 1978 4264 3637 4339; baseline 0.002 -19"><span class='ocrx_word' id='word_1_721' title='bbox 1978 4268 2125 4339; x_wconf 89' lang='lat' dir='ltr'>gunt</span> <span class='ocrx_word' id='word_1_722' title='bbox 2155 4268 2401 4336; x_wconf 90' lang='lat' dir='ltr'>partem,</span> <span class='ocrx_word' id='word_1_723' title='bbox 2437 4264 2542 4336; x_wconf 88' lang='lat' dir='ltr'>ipsi</span> <span class='ocrx_word' id='word_1_724' title='bbox 2582 4266 2874 4335; x_wconf 90' lang='lat' dir='ltr'>peribunt.</span> <span class='ocrx_word' id='word_1_725' title='bbox 2911 4267 3074 4334; x_wconf 82' lang='lat' dir='ltr'>Quod</span> <span class='ocrx_word' id='word_1_726' title='bbox 3128 4268 3271 4324; x_wconf 90' lang='lat' dir='ltr'>dicit</span> <span class='ocrx_word' id='word_1_727' title='bbox 3302 4285 3314 4322; x_wconf 90' lang='lat'>:</span> <span class='ocrx_word' id='word_1_728' title='bbox 3347 4269 3485 4323; x_wconf 90' lang='lat' dir='ltr'>Pars</span> <span class='ocrx_word' id='word_1_729' title='bbox 3515 4283 3637 4324; x_wconf 85' lang='lat' dir='ltr'>mea</span> 
     </span>
    </p>
   </div>
   <div class='ocr_carea' id='block_1_93' title="bbox 1980 4355 3633 4426">
    <p class='ocr_par' dir='ltr' id='par_1_93' title="bbox 1980 4355 3633 4426">
     <span class='ocr_line' id='line_1_93' title="bbox 1980 4355 3633 4426; baseline 0.002 -18"><span class='ocrx_word' id='word_1_730' title='bbox 1980 4355 2118 4409; x_wconf 87' lang='lat' dir='ltr'>Deus</span> <span class='ocrx_word' id='word_1_731' title='bbox 2149 4355 2205 4407; x_wconf 91' lang='lat' dir='ltr'>in</span> <span class='ocrx_word' id='word_1_732' title='bbox 2234 4355 2522 4408; x_wconf 61' lang='lat' dir='ltr'>wicrnum.</span> <span class='ocrx_word' id='word_1_733' title='bbox 2572 4355 2638 4408; x_wconf 85' lang='lat' dir='ltr'>Et</span> <span class='ocrx_word' id='word_1_734' title='bbox 2695 4371 2824 4410; x_wconf 90' lang='lat' dir='ltr'>ecce</span> <span class='ocrx_word' id='word_1_735' title='bbox 2856 4372 3034 4426; x_wconf 88' lang='lat' dir='ltr'>quare</span> <span class='ocrx_word' id='word_1_736' title='bbox 3080 4361 3135 4411; x_wconf 88' lang='lat' dir='ltr'>te</span> <span class='ocrx_word' id='word_1_737' title='bbox 3192 4356 3374 4410; x_wconf 89' lang='lat' dir='ltr'>Deum</span> <span class='ocrx_word' id='word_1_738' title='bbox 3409 4360 3633 4426; x_wconf 89' lang='lat' dir='ltr'>partem</span> 
     </span>
    </p>
   </div>
   <div class='ocr_carea' id='block_1_94' title="bbox 1982 4442 3632 4514">
    <p class='ocr_par' dir='ltr' id='par_1_94' title="bbox 1982 4442 3632 4514">
     <span class='ocr_line' id='line_1_94' title="bbox 1982 4442 3632 4514; baseline 0 -16"><span class='ocrx_word' id='word_1_739' title='bbox 1982 4458 2282 4499; x_wconf 88' lang='lat' dir='ltr'>assumam</span> <span class='ocrx_word' id='word_1_740' title='bbox 2318 4458 2330 4498; x_wconf 93' lang='lat'>:</span> <span class='ocrx_word' id='word_1_741' title='bbox 2366 4443 2496 4513; x_wconf 86' lang='lat' dir='ltr'>quia</span> <span class='ocrx_word' id='word_1_742' title='bbox 2524 4445 2621 4512; x_wconf 86' lang='lat' dir='ltr'>qui</span> <span class='ocrx_word' id='word_1_743' title='bbox 2649 4444 2902 4514; x_wconf 88' lang='lat' dir='ltr'>elongant</span> <span class='ocrx_word' id='word_1_744' title='bbox 2929 4461 2986 4500; x_wconf 90' lang='lat' dir='ltr'>se</span> <span class='ocrx_word' id='word_1_745' title='bbox 3013 4462 3047 4499; x_wconf 94' lang='lat' dir='ltr'>a</span> <span class='ocrx_word' id='word_1_746' title='bbox 3079 4443 3446 4513; x_wconf 87' lang='lat' dir='ltr'>te,mundum</span> <span class='ocrx_word' id='word_1_747' title='bbox 3474 4442 3632 4498; x_wconf 90' lang='lat' dir='ltr'>vide-</span> 
     </span>
    </p>
   </div>
   <div class='ocr_carea' id='block_1_95' title="bbox 182 4531 3630 4612">
    <p class='ocr_par' dir='ltr' id='par_1_95' title="bbox 182 4531 3630 4612">
     <span class='ocr_line' id='line_1_95' title="bbox 182 4531 3630 4612; baseline 0.001 -25"><span class='ocrx_word' id='word_1_748' title='bbox 182 4533 330 4592; x_wconf 90' lang='lat' dir='ltr'>illud</span> <span class='ocrx_word' id='word_1_749' title='bbox 364 4537 431 4591; x_wconf 88' lang='lat' dir='ltr'>in</span> <span class='ocrx_word' id='word_1_750' title='bbox 463 4532 738 4592; x_wconf 82' lang='lat' dir='ltr'>Canticis</span> <span class='ocrx_word' id='word_1_751' title='bbox 760 4549 772 4588; x_wconf 89' lang='lat'>:</span> <span class='ocrx_word' id='word_1_752' title='bbox 795 4535 958 4589; x_wconf 72' lang='lat' dir='ltr'>Laeva</span> <span class='ocrx_word' id='word_1_753' title='bbox 986 4531 1106 4603; x_wconf 86' lang='lat' dir='ltr'>ejus</span> <span class='ocrx_word' id='word_1_754' title='bbox 1125 4533 1224 4586; x_wconf 86' lang='lat' dir='ltr'>sub</span> <span class='ocrx_word' id='word_1_755' title='bbox 1242 4532 1418 4602; x_wconf 87' lang='lat' dir='ltr'>capite</span> <span class='ocrx_word' id='word_1_756' title='bbox 1433 4547 1547 4586; x_wconf 88' lang='lat' dir='ltr'>meo</span> <span class='ocrx_word' id='word_1_757' title='bbox 1562 4534 1614 4586; x_wconf 87' lang='lat' dir='ltr'>et</span> <span class='ocrx_word' id='word_1_758' title='bbox 1643 4532 1878 4588; x_wconf 76' lang='lat' dir='ltr'>dextera</span> <span class='ocrx_word' id='word_1_759' title='bbox 1907 4548 1954 4612; x_wconf 69' lang='grc' dir='ltr'>Β</span> <span class='ocrx_word' id='word_1_760' title='bbox 1989 4531 2144 4601; x_wconf 89' lang='lat' dir='ltr'>licet,</span> <span class='ocrx_word' id='word_1_761' title='bbox 2175 4535 2232 4586; x_wconf 90' lang='lat' dir='ltr'>et</span> <span class='ocrx_word' id='word_1_762' title='bbox 2261 4548 2376 4586; x_wconf 88' lang='lat' dir='ltr'>non</span> <span class='ocrx_word' id='word_1_763' title='bbox 2407 4535 2482 4597; x_wconf 89' lang='lat' dir='ltr'>te,</span> <span class='ocrx_word' id='word_1_764' title='bbox 2516 4531 2626 4586; x_wconf 91' lang='lat' dir='ltr'>sibi</span> <span class='ocrx_word' id='word_1_765' title='bbox 2687 4536 2907 4603; x_wconf 85' lang='lat' dir='ltr'>partem</span> <span class='ocrx_word' id='word_1_766' title='bbox 2941 4532 3297 4587; x_wconf 85' lang='lat' dir='ltr'>assumendo</span> <span class='ocrx_word' id='word_1_767' title='bbox 3344 4531 3630 4602; x_wconf 84' lang='lat' dir='ltr'>peribunt.</span> 
     </span>
    </p>
   </div>
   <div class='ocr_carea' id='block_1_96' title="bbox 187 4618 1872 4695">
    <p class='ocr_par' dir='ltr' id='par_1_96' title="bbox 187 4618 1872 4695">
     <span class='ocr_line' id='line_1_96' title="bbox 187 4618 1872 4695; baseline -0.002 -17"><span class='ocrx_word' id='word_1_768' title='bbox 187 4625 339 4681; x_wconf 87' lang='lat' dir='ltr'>illius</span> <span class='ocrx_word' id='word_1_769' title='bbox 359 4621 811 4695; x_wconf 79' lang='lat' dir='ltr'>amplexabitur</span> <span class='ocrx_word' id='word_1_770' title='bbox 832 4619 1433 4692; x_wconf 81' lang='lat' dir='ltr'>me(Cant.n).Habent</span> <span class='ocrx_word' id='word_1_771' title='bbox 1455 4618 1693 4691; x_wconf 88' lang='lat' dir='ltr'>quidam</span> <span class='ocrx_word' id='word_1_772' title='bbox 1717 4619 1872 4686; x_wconf 87' lang='lat' dir='ltr'>libri,</span> 
     </span>
    </p>
   </div>
   <div class='ocr_carea' id='block_1_97' title="bbox 186 4708 1877 4770">
    <p class='ocr_par' dir='ltr' id='par_1_97' title="bbox 186 4708 1877 4770">
     <span class='ocr_line' id='line_1_97' title="bbox 186 4708 1877 4770; baseline -0.002 -2"><span class='ocrx_word' id='word_1_773' title='bbox 186 4729 442 4770; x_wconf 88' lang='lat' dir='ltr'>manum</span> <span class='ocrx_word' id='word_1_774' title='bbox 493 4715 754 4768; x_wconf 67' lang='lat' dir='ltr'>dexterae</span> <span class='ocrx_word' id='word_1_775' title='bbox 805 4708 1095 4765; x_wconf 83' lang='lat' dir='ltr'>sententia</span> <span class='ocrx_word' id='word_1_776' title='bbox 1122 4712 1318 4764; x_wconf 87' lang='lat' dir='ltr'>tamen</span> <span class='ocrx_word' id='word_1_777' title='bbox 1349 4708 1576 4764; x_wconf 90' lang='lat' dir='ltr'>eadem.</span> <span class='ocrx_word' id='word_1_778' title='bbox 1609 4709 1670 4764; x_wconf 89' lang='lat' dir='ltr'>Et</span> <span class='ocrx_word' id='word_1_779' title='bbox 1702 4710 1760 4763; x_wconf 88' lang='lat' dir='ltr'>in</span> <span class='ocrx_word' id='word_1_780' title='bbox 1789 4724 1877 4764; x_wconf 89' lang='lat' dir='ltr'>vo-</span> 
     </span>
    </p>
   </div>
   <div class='ocr_carea' id='block_1_98' title="bbox 186 4797 1878 4872">
    <p class='ocr_par' dir='ltr' id='par_1_98' title="bbox 186 4797 1878 4872">
     <span class='ocr_line' id='line_1_98' title="bbox 186 4797 1878 4872; baseline -0.002 -17"><span class='ocrx_word' id='word_1_781' title='bbox 186 4801 412 4860; x_wconf 86' lang='lat' dir='ltr'>luntate</span> <span class='ocrx_word' id='word_1_782' title='bbox 440 4809 579 4872; x_wconf 84' lang='lat' dir='ltr'>tua,</span> <span class='ocrx_word' id='word_1_783' title='bbox 616 4800 673 4854; x_wconf 89' lang='lat' dir='ltr'>id</span> <span class='ocrx_word' id='word_1_784' title='bbox 708 4799 886 4866; x_wconf 89' lang='lat' dir='ltr'>est,in</span> <span class='ocrx_word' id='word_1_785' title='bbox 909 4797 1272 4870; x_wconf 89' lang='lat' dir='ltr'>beneplacito</span> <span class='ocrx_word' id='word_1_786' title='bbox 1300 4802 1423 4865; x_wconf 89' lang='lat' dir='ltr'>tuo,</span> <span class='ocrx_word' id='word_1_787' title='bbox 1461 4815 1576 4853; x_wconf 89' lang='lat' dir='ltr'>non</span> <span class='ocrx_word' id='word_1_788' title='bbox 1596 4798 1653 4852; x_wconf 91' lang='lat' dir='ltr'>in</span> <span class='ocrx_word' id='word_1_789' title='bbox 1672 4797 1878 4853; x_wconf 90' lang='lat' dir='ltr'>merito</span> 
     </span>
    </p>
   </div>
   <div class='ocr_carea' id='block_1_99' title="bbox 187 4886 1880 4959">
    <p class='ocr_par' dir='ltr' id='par_1_99' title="bbox 187 4886 1880 4959">
     <span class='ocr_line' id='line_1_99' title="bbox 187 4886 1880 4959; baseline -0.004 -13"><span class='ocrx_word' id='word_1_790' title='bbox 187 4908 340 4956; x_wconf 89' lang='lat' dir='ltr'>meo,</span> <span class='ocrx_word' id='word_1_791' title='bbox 375 4890 684 4950; x_wconf 74' lang='lat' dir='ltr'>deduxisti</span> <span class='ocrx_word' id='word_1_792' title='bbox 733 4904 838 4959; x_wconf 87' lang='lat' dir='ltr'>me,</span> <span class='ocrx_word' id='word_1_793' title='bbox 893 4888 964 4942; x_wconf 91' lang='lat' dir='ltr'>de</span> <span class='ocrx_word' id='word_1_794' title='bbox 993 4886 1204 4942; x_wconf 89' lang='lat' dir='ltr'>virtute</span> <span class='ocrx_word' id='word_1_795' title='bbox 1236 4887 1293 4941; x_wconf 89' lang='lat' dir='ltr'>in</span> <span class='ocrx_word' id='word_1_796' title='bbox 1326 4887 1637 4954; x_wconf 87' lang='lat' dir='ltr'>virtutem;</span> <span class='ocrx_word' id='word_1_797' title='bbox 1671 4890 1727 4942; x_wconf 88' lang='lat' dir='ltr'>et</span> <span class='ocrx_word' id='word_1_798' title='bbox 1756 4902 1880 4940; x_wconf 88' lang='lat' dir='ltr'>cum</span> 
     </span>
    </p>
   </div>
   <div class='ocr_carea' id='block_1_100' title="bbox 187 4975 1878 5051">
    <p class='ocr_par' dir='ltr' id='par_1_100' title="bbox 187 4975 1878 5051">
     <span class='ocr_line' id='line_1_100' title="bbox 187 4975 1878 5051; baseline -0.003 -16"><span class='ocrx_word' id='word_1_799' title='bbox 187 4981 371 5051; x_wconf 87' lang='lat' dir='ltr'>gloria</span> <span class='ocrx_word' id='word_1_800' title='bbox 422 4978 732 5050; x_wconf 79' lang='lat' dir='ltr'>suscepisti</span> <span class='ocrx_word' id='word_1_801' title='bbox 790 4993 894 5043; x_wconf 86' lang='lat' dir='ltr'>me,</span> <span class='ocrx_word' id='word_1_802' title='bbox 928 4976 1027 5049; x_wconf 91' lang='lat' dir='ltr'>qui</span> <span class='ocrx_word' id='word_1_803' title='bbox 1088 4975 1411 5047; x_wconf 77' lang='lat' dir='ltr'>gloriamur</span> <span class='ocrx_word' id='word_1_804' title='bbox 1442 4976 1497 5030; x_wconf 93' lang='lat' dir='ltr'>in</span> <span class='ocrx_word' id='word_1_805' title='bbox 1551 4993 1652 5048; x_wconf 90' lang='lat' dir='ltr'>spe</span> <span class='ocrx_word' id='word_1_806' title='bbox 1686 4992 1878 5030; x_wconf 87' lang='lat' dir='ltr'>resur-</span> 
     </span>
    </p>
   </div>
   <div class='ocr_carea' id='block_1_101' title="bbox 191 5063 1880 5139">
    <p class='ocr_par' dir='ltr' id='par_1_101' title="bbox 191 5063 1880 5139">
     <span class='ocr_line' id='line_1_101' title="bbox 191 5063 1880 5139; baseline -0.002 -16"><span class='ocrx_word' id='word_1_807' title='bbox 191 5071 510 5137; x_wconf 87' lang='lat' dir='ltr'>rectionis,</span> <span class='ocrx_word' id='word_1_808' title='bbox 550 5083 686 5139; x_wconf 68' lang='lat' dir='ltr'>quae</span> <span class='ocrx_word' id='word_1_809' title='bbox 719 5065 778 5122; x_wconf 92' lang='lat' dir='ltr'>in</span> <span class='ocrx_word' id='word_1_810' title='bbox 808 5070 865 5120; x_wconf 91' lang='lat' dir='ltr'>te</span> <span class='ocrx_word' id='word_1_811' title='bbox 890 5065 1185 5138; x_wconf 67' lang='lat' dir='ltr'>praecessit</span> <span class='ocrx_word' id='word_1_812' title='bbox 1214 5063 1613 5136; x_wconf 82' lang='lat' dir='ltr'>capite.Aliter</span> <span class='ocrx_word' id='word_1_813' title='bbox 1645 5083 1656 5119; x_wconf 88' lang='lat'>:</span> <span class='ocrx_word' id='word_1_814' title='bbox 1681 5066 1880 5136; x_wconf 87' lang='lat' dir='ltr'>Imagi-</span> 
     </span>
    </p>
   </div>
   <div class='ocr_carea' id='block_1_102' title="bbox 192 5155 1882 5234">
    <p class='ocr_par' dir='ltr' id='par_1_102' title="bbox 192 5155 1882 5234">
     <span class='ocr_line' id='line_1_102' title="bbox 192 5155 1882 5234; baseline 0 -21"><span class='ocrx_word' id='word_1_815' title='bbox 192 5177 316 5216; x_wconf 89' lang='lat' dir='ltr'>nem</span> <span class='ocrx_word' id='word_1_816' title='bbox 366 5163 640 5234; x_wconf 84' lang='lat' dir='ltr'>ipsoru-m</span> <span class='ocrx_word' id='word_1_817' title='bbox 687 5157 758 5212; x_wconf 89' lang='lat' dir='ltr'>ad</span> <span class='ocrx_word' id='word_1_818' title='bbox 807 5157 1057 5213; x_wconf 86' lang='lat' dir='ltr'>nihilum</span> <span class='ocrx_word' id='word_1_819' title='bbox 1105 5157 1334 5226; x_wconf 84' lang='lat' dir='ltr'>rediges.</span> <span class='ocrx_word' id='word_1_820' title='bbox 1385 5156 1454 5210; x_wconf 90' lang='lat' dir='ltr'>Et</span> <span class='ocrx_word' id='word_1_821' title='bbox 1484 5155 1710 5226; x_wconf 88' lang='lat' dir='ltr'>merito,</span> <span class='ocrx_word' id='word_1_822' title='bbox 1744 5157 1882 5228; x_wconf 87' lang='lat' dir='ltr'>quia</span> 
     </span>
    </p>
   </div>
   <div class='ocr_carea' id='block_1_103' title="bbox 191 5244 1881 5319">
    <p class='ocr_par' dir='ltr' id='par_1_103' title="bbox 191 5244 1881 5319">
     <span class='ocr_line' id='line_1_103' title="bbox 191 5244 1881 5319; baseline -0.001 -16"><span class='ocrx_word' id='word_1_823' title='bbox 191 5265 400 5305; x_wconf 90' lang='lat' dir='ltr'>eorum</span> <span class='ocrx_word' id='word_1_824' title='bbox 427 5245 716 5319; x_wconf 81' lang='lat' dir='ltr'>exemplo</span> <span class='ocrx_word' id='word_1_825' title='bbox 739 5244 1173 5302; x_wconf 84' lang='lat' dir='ltr'>inﬂammatum</span> <span class='ocrx_word' id='word_1_826' title='bbox 1197 5249 1286 5300; x_wconf 91' lang='lat' dir='ltr'>est</span> <span class='ocrx_word' id='word_1_827' title='bbox 1309 5261 1407 5300; x_wconf 88' lang='lat' dir='ltr'>cor</span> <span class='ocrx_word' id='word_1_828' title='bbox 1429 5246 1881 5314; x_wconf 88' lang='lat' dir='ltr'>meum,deside-</span> 
     </span>
    </p>
   </div>
   <div class='ocr_carea' id='block_1_104' title="bbox 191 5335 1880 5406">
    <p class='ocr_par' dir='ltr' id='par_1_104' title="bbox 191 5335 1880 5406">
     <span class='ocr_line' id='line_1_104' title="bbox 191 5335 1880 5406; baseline -0.002 -14"><span class='ocrx_word' id='word_1_829' title='bbox 191 5338 274 5393; x_wconf 87' lang='lat' dir='ltr'>rio</span> <span class='ocrx_word' id='word_1_830' title='bbox 337 5335 639 5392; x_wconf 87' lang='lat' dir='ltr'>videlicet</span> <span class='ocrx_word' id='word_1_831' title='bbox 695 5340 1061 5392; x_wconf 90' lang='lat' dir='ltr'>terrenorum</span> <span class='ocrx_word' id='word_1_832' title='bbox 1117 5352 1128 5390; x_wconf 95' lang='lat'>:</span> <span class='ocrx_word' id='word_1_833' title='bbox 1181 5339 1235 5389; x_wconf 87' lang='lat' dir='ltr'>et</span> <span class='ocrx_word' id='word_1_834' title='bbox 1285 5350 1442 5389; x_wconf 87' lang='lat' dir='ltr'>renes</span> <span class='ocrx_word' id='word_1_835' title='bbox 1498 5335 1627 5400; x_wconf 89' lang='lat' dir='ltr'>mei,</span> <span class='ocrx_word' id='word_1_836' title='bbox 1659 5335 1715 5388; x_wconf 90' lang='lat' dir='ltr'>id</span> <span class='ocrx_word' id='word_1_837' title='bbox 1774 5338 1880 5406; x_wconf 85' lang='lat' dir='ltr'>est,</span> 
     </span>
    </p>
   </div>
   <div class='ocr_carea' id='block_1_105' title="bbox 1985 4619 3638 4692">
    <p class='ocr_par' dir='ltr' id='par_1_105' title="bbox 1985 4619 3638 4692">
     <span class='ocr_line' id='line_1_105' title="bbox 1985 4619 3638 4692; baseline 0 -14"><span class='ocrx_word' id='word_1_838' title='bbox 1985 4621 2129 4678; x_wconf 88' lang='lat' dir='ltr'>Nam</span> <span class='ocrx_word' id='word_1_839' title='bbox 2155 4626 2218 4676; x_wconf 90' lang='lat' dir='ltr'>tu</span> <span class='ocrx_word' id='word_1_840' title='bbox 2243 4619 2538 4692; x_wconf 85' lang='lat' dir='ltr'>perdidisti</span> <span class='ocrx_word' id='word_1_841' title='bbox 2567 4636 2801 4674; x_wconf 90' lang='lat' dir='ltr'>omnem</span> <span class='ocrx_word' id='word_1_842' title='bbox 2833 4620 2931 4691; x_wconf 90' lang='lat' dir='ltr'>qui</span> <span class='ocrx_word' id='word_1_843' title='bbox 2957 4620 3277 4675; x_wconf 87' lang='lat' dir='ltr'>fornicatur</span> <span class='ocrx_word' id='word_1_844' title='bbox 3295 4620 3390 4676; x_wconf 84' lang='lat' dir='ltr'>abs</span> <span class='ocrx_word' id='word_1_845' title='bbox 3421 4621 3638 4689; x_wconf 86' lang='lat' dir='ltr'>te,sub-</span> 
     </span>
    </p>
   </div>
   <div class='ocr_carea' id='block_1_106' title="bbox 1989 4708 3641 4781">
    <p class='ocr_par' dir='ltr' id='par_1_106' title="bbox 1989 4708 3641 4781">
     <span class='ocr_line' id='line_1_106' title="bbox 1989 4708 3641 4781; baseline -0.001 -14"><span class='ocrx_word' id='word_1_846' title='bbox 1989 4710 2159 4767; x_wconf 88' lang='lat' dir='ltr'>audis</span> <span class='ocrx_word' id='word_1_847' title='bbox 2191 4710 2532 4766; x_wconf 86' lang='lat' dir='ltr'>recedendo.</span> <span class='ocrx_word' id='word_1_848' title='bbox 2567 4708 2908 4764; x_wconf 87' lang='lat' dir='ltr'>Fornicatur</span> <span class='ocrx_word' id='word_1_849' title='bbox 2964 4708 3082 4778; x_wconf 90' lang='lat' dir='ltr'>ille,</span> <span class='ocrx_word' id='word_1_850' title='bbox 3142 4709 3242 4781; x_wconf 91' lang='lat' dir='ltr'>qui</span> <span class='ocrx_word' id='word_1_851' title='bbox 3283 4710 3468 4766; x_wconf 90' lang='lat' dir='ltr'>Deum</span> <span class='ocrx_word' id='word_1_852' title='bbox 3502 4709 3641 4766; x_wconf 85' lang='lat' dir='ltr'>colit</span> 
     </span>
    </p>
   </div>
   <div class='ocr_carea' id='block_1_107' title="bbox 1989 4797 3642 4873">
    <p class='ocr_par' dir='ltr' id='par_1_107' title="bbox 1989 4797 3642 4873">
     <span class='ocr_line' id='line_1_107' title="bbox 1989 4797 3642 4873; baseline -0.002 -18"><span class='ocrx_word' id='word_1_853' title='bbox 1989 4804 2227 4873; x_wconf 84' lang='lat' dir='ltr'>propter</span> <span class='ocrx_word' id='word_1_854' title='bbox 2256 4799 2415 4854; x_wconf 89' lang='lat' dir='ltr'>aliud</span> <span class='ocrx_word' id='word_1_855' title='bbox 2448 4815 2625 4871; x_wconf 87' lang='lat' dir='ltr'>quam</span> <span class='ocrx_word' id='word_1_856' title='bbox 2657 4802 2892 4870; x_wconf 86' lang='lat' dir='ltr'>propter</span> <span class='ocrx_word' id='word_1_857' title='bbox 2919 4797 3202 4870; x_wconf 87' lang='lat' dir='ltr'>seipsum,</span> <span class='ocrx_word' id='word_1_858' title='bbox 3235 4798 3394 4856; x_wconf 85' lang='lat' dir='ltr'>velut</span> <span class='ocrx_word' id='word_1_859' title='bbox 3424 4799 3506 4854; x_wconf 93' lang='lat' dir='ltr'>illi</span> <span class='ocrx_word' id='word_1_860' title='bbox 3539 4798 3642 4870; x_wconf 90' lang='lat' dir='ltr'>qui</span> 
     </span>
    </p>
   </div>
   <div class='ocr_carea' id='block_1_108' title="bbox 1988 4887 3638 4960">
    <p class='ocr_par' dir='ltr' id='par_1_108' title="bbox 1988 4887 3638 4960">
     <span class='ocr_line' id='line_1_108' title="bbox 1988 4887 3638 4960; baseline -0.001 -16"><span class='ocrx_word' id='word_1_861' title='bbox 1988 4905 2123 4944; x_wconf 90' lang='lat' dir='ltr'>eum</span> <span class='ocrx_word' id='word_1_862' title='bbox 2153 4887 2351 4943; x_wconf 91' lang='lat' dir='ltr'>colunt</span> <span class='ocrx_word' id='word_1_863' title='bbox 2381 4905 2483 4958; x_wconf 85' lang='lat' dir='ltr'>pro</span> <span class='ocrx_word' id='word_1_864' title='bbox 2514 4891 2742 4942; x_wconf 90' lang='lat' dir='ltr'>terreno</span> <span class='ocrx_word' id='word_1_865' title='bbox 2761 4888 3293 4960; x_wconf 85' lang='lat' dir='ltr'>commodo.Neque</span> <span class='ocrx_word' id='word_1_866' title='bbox 3315 4888 3472 4944; x_wconf 91' lang='lat' dir='ltr'>enim</span> <span class='ocrx_word' id='word_1_867' title='bbox 3497 4903 3638 4946; x_wconf 80' lang='lat' dir='ltr'>uxor</span> 
     </span>
    </p>
   </div>
   <div class='ocr_carea' id='block_1_109' title="bbox 1990 4976 3647 5050">
    <p class='ocr_par' dir='ltr' id='par_1_109' title="bbox 1990 4976 3647 5050">
     <span class='ocr_line' id='line_1_109' title="bbox 1990 4976 3647 5050; baseline -0.001 -18"><span class='ocrx_word' id='word_1_868' title='bbox 1990 4976 2266 5050; x_wconf 65' lang='lat' dir='ltr'>quaelibet</span> <span class='ocrx_word' id='word_1_869' title='bbox 2295 4983 2452 5031; x_wconf 87' lang='lat' dir='ltr'>caste</span> <span class='ocrx_word' id='word_1_870' title='bbox 2475 4981 2634 5032; x_wconf 88' lang='lat' dir='ltr'>amat</span> <span class='ocrx_word' id='word_1_871' title='bbox 2657 4976 2935 5030; x_wconf 90' lang='lat' dir='ltr'>maritum</span> <span class='ocrx_word' id='word_1_872' title='bbox 2956 4994 3285 5048; x_wconf 67' lang='lat' dir='ltr'>suum,quae</span> <span class='ocrx_word' id='word_1_873' title='bbox 3319 4976 3452 5049; x_wconf 88' lang='lat' dir='ltr'>plus</span> <span class='ocrx_word' id='word_1_874' title='bbox 3485 4978 3647 5031; x_wconf 85' lang='lat' dir='ltr'>amat</span> 
     </span>
    </p>
   </div>
   <div class='ocr_carea' id='block_1_110' title="bbox 1991 5063 3655 5138">
    <p class='ocr_par' dir='ltr' id='par_1_110' title="bbox 1991 5063 3655 5138">
     <span class='ocr_line' id='line_1_110' title="bbox 1991 5063 3655 5138; baseline -0.001 -15"><span class='ocrx_word' id='word_1_875' title='bbox 1991 5083 2122 5124; x_wconf 90' lang='lat' dir='ltr'>eum</span> <span class='ocrx_word' id='word_1_876' title='bbox 2158 5082 2261 5137; x_wconf 91' lang='lat' dir='ltr'>pro</span> <span class='ocrx_word' id='word_1_877' title='bbox 2291 5064 2508 5120; x_wconf 90' lang='lat' dir='ltr'>divitiis</span> <span class='ocrx_word' id='word_1_878' title='bbox 2535 5082 2711 5138; x_wconf 88' lang='lat' dir='ltr'>quam</span> <span class='ocrx_word' id='word_1_879' title='bbox 2745 5082 2848 5137; x_wconf 91' lang='lat' dir='ltr'>pro</span> <span class='ocrx_word' id='word_1_880' title='bbox 2896 5066 3108 5138; x_wconf 90' lang='lat' dir='ltr'>seipso.</span> <span class='ocrx_word' id='word_1_881' title='bbox 3140 5065 3275 5120; x_wconf 88' lang='lat' dir='ltr'>Mihi</span> <span class='ocrx_word' id='word_1_882' title='bbox 3322 5063 3606 5120; x_wconf 84' lang='lat' dir='ltr'>autemad</span> <span class='ocrx_word' id='word_1_883' title='bbox 3631 5110 3655 5122; x_wconf 93' lang='lat'>-</span> 
     </span>
    </p>
   </div>
   <div class='ocr_carea' id='block_1_111' title="bbox 1992 5153 3654 5225">
    <p class='ocr_par' dir='ltr' id='par_1_111' title="bbox 1992 5153 3654 5225">
     <span class='ocr_line' id='line_1_111' title="bbox 1992 5153 3654 5225; baseline -0.002 -15"><span class='ocrx_word' id='word_1_884' title='bbox 1992 5155 2195 5210; x_wconf 78' lang='lat' dir='ltr'>haerere</span> <span class='ocrx_word' id='word_1_885' title='bbox 2223 5155 2325 5209; x_wconf 86' lang='lat' dir='ltr'>Deo</span> <span class='ocrx_word' id='word_1_886' title='bbox 2358 5155 2561 5210; x_wconf 82' lang='lat' dir='ltr'>bonum</span> <span class='ocrx_word' id='word_1_887' title='bbox 2592 5163 2689 5210; x_wconf 91' lang='lat' dir='ltr'>est.</span> <span class='ocrx_word' id='word_1_888' title='bbox 2723 5154 2897 5218; x_wconf 87' lang='lat' dir='ltr'>Quasi</span> <span class='ocrx_word' id='word_1_889' title='bbox 2933 5155 3086 5209; x_wconf 85' lang='lat' dir='ltr'>dicat</span> <span class='ocrx_word' id='word_1_890' title='bbox 3121 5172 3132 5208; x_wconf 92' lang='lat'>:</span> <span class='ocrx_word' id='word_1_891' title='bbox 3169 5153 3305 5210; x_wconf 91' lang='lat' dir='ltr'>Illos</span> <span class='ocrx_word' id='word_1_892' title='bbox 3335 5154 3434 5225; x_wconf 91' lang='lat' dir='ltr'>qui</span> <span class='ocrx_word' id='word_1_893' title='bbox 3467 5154 3593 5209; x_wconf 91' lang='lat' dir='ltr'>forn</span> <span class='ocrx_word' id='word_1_894' title='bbox 3634 5153 3654 5206; x_wconf 89' lang='lat' dir='ltr'>i</span> 
     </span>
    </p>
   </div>
   <div class='ocr_carea' id='block_1_112' title="bbox 1992 5241 3731 5316">
    <p class='ocr_par' dir='ltr' id='par_1_112' title="bbox 1992 5241 3731 5316">
     <span class='ocr_line' id='line_1_112' title="bbox 1992 5241 3731 5316; baseline -0.001 -17"><span class='ocrx_word' id='word_1_895' title='bbox 1992 5248 2200 5299; x_wconf 86' lang='lat' dir='ltr'>cantur</span> <span class='ocrx_word' id='word_1_896' title='bbox 2229 5242 2558 5314; x_wconf 87' lang='lat' dir='ltr'>perdidisti,</span> <span class='ocrx_word' id='word_1_897' title='bbox 2610 5260 2716 5316; x_wconf 88' lang='lat' dir='ltr'>ego</span> <span class='ocrx_word' id='word_1_898' title='bbox 2748 5248 2941 5298; x_wconf 88' lang='lat' dir='ltr'>autem</span> <span class='ocrx_word' id='word_1_899' title='bbox 2977 5260 3091 5299; x_wconf 90' lang='lat' dir='ltr'>non</span> <span class='ocrx_word' id='word_1_900' title='bbox 3124 5243 3476 5308; x_wconf 86' lang='lat' dir='ltr'>fornicahor,</span> <span class='ocrx_word' id='word_1_901' title='bbox 3510 5241 3650 5314; x_wconf 87' lang='lat' dir='ltr'>quia</span> <span class='ocrx_word' id='word_1_902' title='bbox 3727 5264 3731 5268; x_wconf 61' lang='grc' dir='ltr'>ί</span> 
     </span>
    </p>
   </div>
   <div class='ocr_carea' id='block_1_113' title="bbox 1990 5329 3648 5399">
    <p class='ocr_par' dir='ltr' id='par_1_113' title="bbox 1990 5329 3648 5399">
     <span class='ocr_line' id='line_1_113' title="bbox 1990 5329 3648 5399; baseline -0.001 -12"><span class='ocrx_word' id='word_1_903' title='bbox 1990 5333 2134 5388; x_wconf 88' lang='lat' dir='ltr'>mihi</span> <span class='ocrx_word' id='word_1_904' title='bbox 2187 5331 2470 5388; x_wconf 63' lang='lat' dir='ltr'>adhaerere</span> <span class='ocrx_word' id='word_1_905' title='bbox 2525 5333 2630 5387; x_wconf 87' lang='lat' dir='ltr'>Deo</span> <span class='ocrx_word' id='word_1_906' title='bbox 2688 5333 2890 5388; x_wconf 87' lang='lat' dir='ltr'>bonum</span> <span class='ocrx_word' id='word_1_907' title='bbox 2945 5337 3044 5398; x_wconf 83' lang='lat' dir='ltr'>est,</span> <span class='ocrx_word' id='word_1_908' title='bbox 3075 5332 3131 5386; x_wconf 91' lang='lat' dir='ltr'>id</span> <span class='ocrx_word' id='word_1_909' title='bbox 3165 5336 3274 5399; x_wconf 88' lang='lat' dir='ltr'>est,</span> <span class='ocrx_word' id='word_1_910' title='bbox 3309 5329 3648 5386; x_wconf 89' lang='lat' dir='ltr'>delectabile</span> 
     </span>
    </p>
   </div>
   <div class='ocr_carea' id='block_1_114' title="bbox 190 5421 3644 5504">
    <p class='ocr_par' dir='ltr' id='par_1_114' title="bbox 190 5421 3644 5504">
     <span class='ocr_line' id='line_1_114' title="bbox 190 5421 3644 5504; baseline -0.003 -20"><span class='ocrx_word' id='word_1_911' title='bbox 190 5425 541 5501; x_wconf 76' lang='lat' dir='ltr'>spiritualis</span> <span class='ocrx_word' id='word_1_912' title='bbox 612 5423 916 5480; x_wconf 87' lang='lat' dir='ltr'>delectatio</span> <span class='ocrx_word' id='word_1_913' title='bbox 960 5440 1090 5479; x_wconf 87' lang='lat' dir='ltr'>mea</span> <span class='ocrx_word' id='word_1_914' title='bbox 1121 5427 1343 5478; x_wconf 84' lang='lat' dir='ltr'>mutata</span> <span class='ocrx_word' id='word_1_915' title='bbox 1370 5426 1479 5489; x_wconf 88' lang='lat' dir='ltr'>est,</span> <span class='ocrx_word' id='word_1_916' title='bbox 1532 5426 1589 5478; x_wconf 91' lang='lat' dir='ltr'>et</span> <span class='ocrx_word' id='word_1_917' title='bbox 1619 5423 1768 5504; x_wconf 85' lang='lat' dir='ltr'>facta</span> <span class='ocrx_word' id='word_1_918' title='bbox 1797 5427 1884 5478; x_wconf 90' lang='lat' dir='ltr'>est</span> <span class='ocrx_word' id='word_1_919' title='bbox 1994 5421 2138 5477; x_wconf 91' lang='lat' dir='ltr'>mihi</span> <span class='ocrx_word' id='word_1_920' title='bbox 2161 5421 2705 5487; x_wconf 88' lang='lat' dir='ltr'>videtur,mundum</span> <span class='ocrx_word' id='word_1_921' title='bbox 2733 5427 3107 5478; x_wconf 89' lang='lat' dir='ltr'>contemnere</span> <span class='ocrx_word' id='word_1_922' title='bbox 3129 5421 3304 5476; x_wconf 87' lang='lat' dir='ltr'>etDeo</span> <span class='ocrx_word' id='word_1_923' title='bbox 3327 5421 3644 5476; x_wconf 63' lang='lat' dir='ltr'>adhaerere.</span> 
     </span>
    </p>
   </div>
   <div class='ocr_carea' id='block_1_115' title="bbox 189 5508 3656 5586">
    <p class='ocr_par' dir='ltr' id='par_1_115' title="bbox 189 5508 3656 5586">
     <span class='ocr_line' id='line_1_115' title="bbox 189 5508 3656 5586; baseline -0.001 -14"><span class='ocrx_word' id='word_1_924' title='bbox 189 5515 497 5581; x_wconf 68' lang='lat' dir='ltr'>carnalis;</span> <span class='ocrx_word' id='word_1_925' title='bbox 539 5516 596 5568; x_wconf 84' lang='lat' dir='ltr'>et</span> <span class='ocrx_word' id='word_1_926' title='bbox 629 5530 728 5586; x_wconf 87' lang='lat' dir='ltr'>ego</span> <span class='ocrx_word' id='word_1_927' title='bbox 752 5513 1084 5570; x_wconf 85' lang='lat' dir='ltr'>adnihilum</span> <span class='ocrx_word' id='word_1_928' title='bbox 1103 5512 1360 5568; x_wconf 83' lang='lat' dir='ltr'>redactus</span> <span class='ocrx_word' id='word_1_929' title='bbox 1381 5527 1882 5582; x_wconf 81' lang='lat' dir='ltr'>sum,permanens</span> <span class='ocrx_word' id='word_1_930' title='bbox 1994 5512 2062 5567; x_wconf 89' lang='lat' dir='ltr'>Et</span> <span class='ocrx_word' id='word_1_931' title='bbox 2091 5511 2384 5584; x_wconf 91' lang='lat' dir='ltr'>quomodo</span> <span class='ocrx_word' id='word_1_932' title='bbox 2416 5510 2709 5566; x_wconf 71' lang='lat' dir='ltr'>adhmrerc</span> <span class='ocrx_word' id='word_1_933' title='bbox 2731 5515 2756 5564; x_wconf 73' lang='lat'>.9</span> <span class='ocrx_word' id='word_1_934' title='bbox 2807 5512 2919 5584; x_wconf 90' lang='lat' dir='ltr'>Spe</span> <span class='ocrx_word' id='word_1_935' title='bbox 2965 5510 3331 5582; x_wconf 86' lang='lat' dir='ltr'>sciliset,non</span> <span class='ocrx_word' id='word_1_936' title='bbox 3363 5509 3424 5566; x_wconf 91' lang='lat' dir='ltr'>in</span> <span class='ocrx_word' id='word_1_937' title='bbox 3453 5508 3656 5582; x_wconf 65' lang='grc' dir='ltr'>ωηερε</span> 
     </span>
    </p>
   </div>
   <div class='ocr_carea' id='block_1_116' title="bbox 190 5597 3646 5680">
    <p class='ocr_par' dir='ltr' id='par_1_116' title="bbox 190 5597 3646 5680">
     <span class='ocr_line' id='line_1_116' title="bbox 190 5597 3646 5680; baseline -0.001 -18"><span class='ocrx_word' id='word_1_938' title='bbox 190 5598 478 5664; x_wconf 82' lang='lat' dir='ltr'>videlicet</span> <span class='ocrx_word' id='word_1_939' title='bbox 542 5601 612 5656; x_wconf 84' lang='lat' dir='ltr'>in</span> <span class='ocrx_word' id='word_1_940' title='bbox 673 5607 981 5670; x_wconf 78' lang='lat' dir='ltr'>vetustate,</span> <span class='ocrx_word' id='word_1_941' title='bbox 1015 5611 1066 5660; x_wconf 90' lang='lat' dir='ltr'>et</span> <span class='ocrx_word' id='word_1_942' title='bbox 1119 5603 1328 5662; x_wconf 86' lang='lat' dir='ltr'>nescivi</span> <span class='ocrx_word' id='word_1_943' title='bbox 1383 5617 1452 5664; x_wconf 82' lang='lat' dir='ltr'>ea</span> <span class='ocrx_word' id='word_1_944' title='bbox 1489 5616 1618 5676; x_wconf 66' lang='lat' dir='ltr'>qua</span> <span class='ocrx_word' id='word_1_945' title='bbox 1648 5600 1886 5662; x_wconf 85' lang='lat' dir='ltr'>scienda</span> <span class='ocrx_word' id='word_1_946' title='bbox 1992 5602 2144 5674; x_wconf 75' lang='lat' dir='ltr'>enim</span> <span class='ocrx_word' id='word_1_947' title='bbox 2169 5600 2310 5660; x_wconf 85' lang='lat' dir='ltr'>salvi</span> <span class='ocrx_word' id='word_1_948' title='bbox 2336 5601 2474 5675; x_wconf 83' lang='lat' dir='ltr'>facti</span> <span class='ocrx_word' id='word_1_949' title='bbox 2499 5617 2689 5660; x_wconf 83' lang='lat' dir='ltr'>sumus</span> <span class='ocrx_word' id='word_1_950' title='bbox 2717 5600 3236 5680; x_wconf 82' lang='lat' dir='ltr'>(Rom.vm).0uasi</span> <span class='ocrx_word' id='word_1_951' title='bbox 3269 5599 3424 5656; x_wconf 80' lang='lat' dir='ltr'>dicat</span> <span class='ocrx_word' id='word_1_952' title='bbox 3455 5616 3472 5662; x_wconf 89' lang='lat'><strong>:</strong></span> <span class='ocrx_word' id='word_1_953' title='bbox 3503 5597 3646 5669; x_wconf 79' lang='lat' dir='ltr'>Volo</span> 
     </span>
    </p>
   </div>
   <div class='ocr_carea' id='block_1_117' title="bbox 534 5729 1860 5796">
    <p class='ocr_par' dir='ltr' id='par_1_117' title="bbox 534 5729 1178 5796">
     <span class='ocr_line' id='line_1_117' title="bbox 534 5729 1178 5796; baseline 0.006 -5"><span class='ocrx_word' id='word_1_954' title='bbox 534 5729 820 5796; x_wconf 63' lang='lat' dir='ltr'>Panos.</span> <span class='ocrx_word' id='word_1_955' title='bbox 869 5730 1137 5795; x_wconf 80' lang='lat' dir='ltr'>CXXXI.</span> <span class='ocrx_word' id='word_1_956' title='bbox 1173 5754 1178 5760; x_wconf 91' lang='grc'>·</span> 
     </span>
    </p>
   </div>
   <div class='ocr_carea' id='block_1_118' title="bbox 1975 5729 3325 5796">
    <p class='ocr_par' dir='ltr' id='par_1_118' title="bbox 3253 5733 3325 5795">
     <span class='ocr_line' id='line_1_118' title="bbox 3253 5733 3325 5795; baseline -0.014 0"><span class='ocrx_word' id='word_1_957' title='bbox 3253 5733 3325 5795; x_wconf 80' lang='grc'>17</span> 
     </span>
    </p>
   </div>
  </div>
