4014 6194
352 377 470 437 523

859 396 867 409 λ
931 372 1233 433 BEMIGII
1275 361 2031 430 ANTISSIODORENSIS
2077 359 2249 421 OPP.
2299 358 2495 420 PARS
2540 357 2587 417 Ι.
2621 390 2697 400 —
2724 351 3185 415 EXEGETICA.

3628 343 3750 405 524

348 521 553 580 ponere
583 508 642 560 in
665 506 894 560 Domino
931 506 1037 559 Deo
1082 519 1233 574 spem
1267 518 1469 569 meam,
1520 498 1577 554 id
1611 501 1720 565 est,
1754 496 1837 551 sic
1868 492 1994 550 volo
2024 494 2078 559 Α
2112 513 2140 541 ‹‹
2171 492 2354 547 scaris
2386 490 2443 545 in
2485 489 2681 545 finem.
2733 486 2971 559 Respice
3027 483 3087 539 in
3114 482 3531 580 testamentum
3556 482 3752 580 tuum,

352 595 645 653 adhaerere
676 598 741 649 ut
769 594 827 648 in
860 591 959 648 illo
991 595 1219 647 tantum
1252 607 1416 663 spem
1451 604 1642 644 meam
1675 602 1909 659 ponam,
1934 582 1996 637 in

351 702 469 759 qua
497 701 600 758 spe
628 687 685 740 et
713 684 774 738 in
807 699 923 754 quo
952 698 1149 737 amore
1182 681 1312 737 nolo
1344 679 1504 735 solus
1536 693 1687 748 esse,
1719 674 1876 731 velut
1910 670 1997 727 illi

352 775 450 847 qui
483 774 771 830 mundum
795 770 1082 838 amant,in
1112 769 1333 826 incesto
1365 785 1563 824 amore
1615 783 1722 821 suo
1784 761 1996 819 nolunt

349 863 566 921 habere
595 861 804 918 socios.
837 859 978 915 Mihi
1010 864 1204 915 antem
1236 859 1320 915 sic
1354 854 1691 913 delectabile
1747 857 1834 910 est
1890 849 1997 906 tibi

352 952 469 1009 Deo
516 935 827 1018 adhaerere,
854 957 915 1004 ut
971 949 1295 1004 annuntiem
1344 934 1541 1002 omnes.
1579 943 1999 1017 praedicationes

350 1046 498 1111 luas,
534 1043 599 1097 ut
628 1039 712 1096 sic
751 1036 1155 1094 annuntiando
1184 1035 1328 1091 mihi
1371 1035 1691 1107 adjungam
1722 1031 1911 1089 socios
1936 1028 1996 1084 in

355 1145 552 1186 amore
605 1133 727 1184 tuo.
762 1128 832 1183 Et
870 1126 1088 1199 quibus
1120 1122 1518 1181 annuntiabo!
1552 1122 1768 1192 Sion,id
1801 1125 1894 1176 est
1912 1118 1999 1175 illi

353 1218 453 1293 qui
486 1221 625 1276 sunt
655 1217 714 1273 in
741 1214 1227 1287 contemplatione
1282 1214 1615 1269 futurorum
1655 1231 1667 1280 ;
1728 1210 1825 1284 qui
1860 1214 2001 1266 sunt

355 1308 531 1367 etiam
561 1306 702 1373 filia,
733 1305 1011 1378 quoniam
1044 1304 1129 1361 eis
1160 1307 1323 1359 tanta
1370 1301 1674 1375 diligentia
1715 1305 1806 1361 est
1834 1299 1999 1356 adhi-

352 1398 549 1454 benda
578 1400 642 1451 ut
669 1395 729 1451 in
786 1400 944 1450 casto
1002 1409 1199 1449 amore
1233 1392 1329 1448 Dei
1362 1394 1749 1464 perseverent,
1783 1393 2004 1462 quanta

357 1484 659 1558 diligentia
678 1482 1074 1540 custodiendae
1092 1486 1230 1537 sunt
1252 1480 1382 1536 tiliae
1402 1498 1474 1536 ne
1505 1485 1639 1536 ante
1668 1485 1904 1552 tempus
1924 1478 2002 1534 le-

356 1574 507 1649 galis
537 1571 795 1645 conjugii
824 1572 967 1627 fiant
996 1570 1339 1626 fornicariee.
1368 1569 1499 1625 Haec
1528 1567 1898 1625 annuntiatio
1919 1567 2005 1623 fa-

360 1663 567 1720 cienda
595 1666 684 1718 est
714 1664 773 1717 in
788 1662 983 1733 portis,
1017 1660 1074 1715 id
1102 1663 1189 1715 est
1216 1659 1275 1715 in
1298 1659 1632 1727 virtutibus,
1665 1674 1796 1730 quae
1826 1662 2003 1729 portae

360 1758 500 1810 sunt
529 1752 601 1807 ad
632 1767 946 1824 supernam
967 1749 1166 1818 vitam;
1190 1748 1327 1820 quia
1348 1749 1669 1804 cavendum
1693 1751 1783 1803 est
1805 1745 2008 1819 praedi-

2114 602 2135 632 ι
2171 580 2310 653 quia
2340 577 2542 651 repleti
2574 580 2714 633 sunt
2741 575 2841 648 qui
2873 572 3167 630 obscurati
3198 573 3357 639 sunt,
3375 573 3543 625 terra:
3573 565 3760 623 domi-

2113 694 2133 719 α
2171 671 2284 726 bus
2329 668 2729 740 iniquitatum.
2791 665 2873 720 Ne
2920 666 3211 719 avertatur
3263 657 3509 716 humilis
3565 658 3759 712 tactus

2109 784 2137 810 ‹‹
2171 759 2450 814 confusus
2485 774 2499 824 ;
2569 771 2790 829 pauper
2830 758 2889 810 et
2942 753 3113 825 inops
3172 750 3496 807 laudabunt
3539 761 3760 802 nomen

2110 854 2362 904 «tuum.
2410 847 2683 917 Exsurge,
2745 844 2921 912 Deus,
2974 843 3178 913 judica
3233 855 3473 896 causam
3529 842 3694 893 tuam
3740 854 3759 892 :

2109 962 2136 987 ‹‹
2170 953 2397 993 memor
2423 937 2547 990 esto
2576 932 3068 1005 improperiorum
3098 935 3357 997 tuorum,
3391 942 3598 984 eorum
3629 943 3762 999 qua

2109 1051 2134 1078 ‹‹
2172 1027 2242 1083 ab
2271 1024 2582 1096 insipiente
2612 1026 2753 1077 sunt
2780 1026 2902 1077 tota
2931 1020 3043 1075 die.
3075 1020 3159 1076 Ne
3189 1017 3556 1075 obliviscaris
3589 1032 3765 1073 voces

2108 1146 2136 1175 ‹‹
2170 1119 2541 1185 ἱῐὶίῐῐὶιοοΐιιῐῐὶ
2570 1121 2842 1180 tuorum;
2869 1114 3146 1187 superbia
3199 1126 3402 1174 eorum
3433 1110 3534 1182 qui
3568 1117 3628 1168 te
3657 1110 3769 1169 ode

2112 1240 2136 1265 ‹‹
2175 1220 2309 1271 runt
2339 1211 2603 1271 ascendit
2628 1224 2876 1281 semper.
2914 1231 2934 1259 δ

2654 1296 3215 1354 ENARRATIO.

2184 1393 2385 1465 Asaph.
2423 1392 2602 1447 Istius
2657 1386 2915 1443 nominis
2946 1391 3036 1442 est
3076 1385 3278 1444 Latina
3330 1385 3765 1458 interpretatio,

2112 1498 2450 1553 congregans
2477 1478 2563 1534 vel
2595 1478 2948 1548 congregatio
2983 1493 2997 1532 :
3032 1476 3233 1532 Graeca
3257 1492 3416 1545 voce,
3448 1491 3766 1549 synagoga.

2114 1573 2221 1627 Per
2250 1569 2754 1642 congregationem
2786 1570 2980 1622 autem
3028 1568 3217 1638 potest
3265 1564 3447 1636 accipi
3474 1569 3597 1621 tam
3630 1580 3770 1620 con-

2116 1660 2371 1733 gregatio
2398 1657 2702 1714 hominum
2735 1671 2913 1729 quam
2946 1653 3312 1710 animalium.
3345 1654 3456 1710 Sed
3482 1652 3771 1725 quoniam

2120 1767 2264 1806 usus
2281 1748 2455 1803 habet
2476 1750 2539 1801 ut
2561 1762 2661 1818 per
2680 1744 3046 1817 Synagogam
3073 1759 3305 1815 semper
3322 1743 3640 1800 Judaicum
3664 1759 3771 1815 po-

360 1841 561 1908 catori,
594 1844 660 1895 ut
687 1839 745 1895 id
777 1839 931 1912 quod
963 1839 1135 1894 verbo
1165 1838 1458 1910 praedicat,
1493 1852 1664 1909 opere
1696 1836 2004 1908 compleat;
2038 1867 2083 1931 B
2120 1838 2319 1910 pulum
2341 1832 2887 1908 accipiamus,etbic
2911 1849 3142 1905 quoque
3163 1832 3471 1931 perAsaph
3491 1831 3773 1888 eumdem

359 1929 445 1987 vel
478 1933 541 1986 in
564 1931 758 2002 portis,
781 1928 841 1983 id
872 1931 961 1984 est
987 1928 1045 1982 in
1079 1926 1773 1989 manifesto,annuntiabo
1806 1925 2007 1999 praedi-

361 2020 620 2076 cationes
645 2023 802 2086 tuas,
833 2022 889 2073 et
916 2035 1029 2073 non
1060 2016 1303 2073 occulte.
1366 2016 1527 2072 Unde
1556 2015 1701 2070 illud
1738 2032 1750 2070 :
1786 2016 1894 2084 Qui
1922 2031 2007 2071 me

358 2108 644 2164 erubuerit
672 2123 855 2163 coram
884 2106 1215 2171 hminibus,
1274 2114 1327 2160 et
1367 2121 1460 2176 ego
1514 2105 1853 2161 erubescam
1884 2121 2009 2160 eum

363 2212 545 2253 coram
575 2193 798 2269 angelis
830 2193 1023 2249 Dei.Et
1051 2194 1148 2264 qui
1174 2209 1258 2248 me
1287 2192 1593 2248 confessus
1626 2193 1799 2246 fuerit
1822 2208 2007 2247 coram

362 2286 695 2351 hami-nibus,
738 2288 787 2339 et
810 2299 909 2352 ego
939 2298 1063 2338 eum
1090 2282 1381 2352 conﬁtebor
1410 2281 1584 2336 etiam
1633 2297 1815 2336 coram
1844 2287 2009 2336 Patre

362 2376 667 2446 meo-(Luc.
702 2391 773 2441 11;
810 2372 999 2428 Matth.
1034 2370 1233 2444 x).Vel
1264 2373 1324 2426 in
1350 2372 1546 2443 portis,
1576 2371 1632 2425 id
1666 2374 1755 2426 est
1785 2369 1844 2425 in
1876 2387 2011 2442 apo-

365 2464 533 2520 stolis
563 2464 703 2528 tuis,
734 2478 937 2518 eorum
996 2460 1443 2516 auctoritatibus
1499 2458 1768 2515 videlicet
1797 2460 2009 2515 confir-

365 2552 579 2608 mando
600 2551 885 2622 quidquid
909 2550 968 2604 in
990 2554 1091 2604 tua
1115 2549 1520 2621 pradicatione
1537 2547 2012 2603 annuntio.Unde

371 2639 506 2696 alibi
539 2657 551 2695 :
585 2639 820 2695 Narrate
844 2640 900 2693 in
931 2637 1175 2693 turribus
1204 2639 1321 2709 ejus
1353 2637 1523 2708 (Psal.
1556 2640 1749 2705 xcvn).

895 2743 1215 2800 PSALMUS
1246 2743 1486 2799 LXXIII.

769 2831 1286 2873 INTELLECTUS
1334 2831 1621 2870 ASAPH.

441 2932 470 2959 ‹‹
501 2904 741 2978 thuid,
773 2909 948 2972 Deus,
982 2902 1248 2976 repulisti
1280 2902 1337 2957 in
1371 2903 1569 2972 ﬁnem,
1601 2903 1786 2959 iratus
1816 2906 1904 2958 est
1925 2902 2012 2958 fu-

372 3022 402 3049 cc
432 3014 529 3054 ror
581 2999 721 3050 tuus
752 3010 928 3065 super
956 3009 1090 3049 oves
1147 3008 1374 3064 pascuae
1421 2996 1534 3047 tuae
1568 2994 1591 3048 Ρ
1643 2992 1865 3048 Memor
1893 2997 2017 3049 esto

374 3110 402 3137 (‹
429 3082 898 3157 congregationis
955 3088 1087 3149 tuae,
1121 3098 1297 3152 quam
1356 3081 1665 3154 possedisti
1722 3081 1793 3136 ab
1827 3080 2014 3137 initio.

374 3199 403 3227 ‹‹
430 3171 747 3230 Redemisti
778 3170 998 3244 virgam
1038 3170 1393 3227 hereditatis
1420 3176 1554 3226 tuae:
1581 3187 1750 3227 mons
1779 3170 2016 3238 Sion,in

2121 1925 2403 2000 populum
2437 1924 2815 1996 designemus
2838 1948 2853 1991 ;
2879 1926 2936 1977 et
2967 1939 3080 1977 non
3113 1921 3555 1994 qualescunque
3587 1922 3644 1977 in
3670 1938 3775 1993 po-

2119 2015 2253 2088 pulo
2277 2012 2377 2070 illo
2408 2012 2729 2085 accipiendi
2765 2014 2905 2068 sunt
2932 2010 3159 2076 bic,sed
3191 2009 3276 2065 illi
3304 2015 3538 2066 tantum
3582 2010 3686 2083 qui
3710 2010 3773 2066 in

2119 2105 2341 2161 semine
2370 2107 2510 2159 sunt
2530 2101 2978 2173 reputandi,non
2998 2100 3150 2155 inter
3177 2098 3373 2172 paleas
3397 2098 3773 2167 numerandi;

2122 2211 2237 2250 non
2270 2191 2371 2247 {illi
2402 2190 2646 2247 Abrahae
2678 2194 2816 2246 sunt
2847 2191 3170 2245 secundum
3211 2205 3466 2259 carnem,
3519 2189 3623 2244 sed
3672 2189 3774 2262 qui

2122 2300 2257 2340 eum
2290 2281 2594 2337 imitantur
2624 2280 2948 2336 secundum
2982 2277 3257 2335 fidem.Ut
3280 2282 3475 2335 autem
3508 2278 3663 2334 tales
3682 2279 3777 2335 in-

2122 2372 2476 2445 telligamus,
2510 2374 2671 2425 notat
2699 2368 2866 2425 nobis
2898 2368 3008 2424 hoc
3058 2366 3405 2423 vocabulum
3438 2367 3774 2440 intellectus,

2125 2462 2280 2534 quod
2335 2460 2604 2533 jungitur
2654 2457 2857 2530 Asaph.
2916 2457 3061 2512 Nam
3094 2473 3294 2513 eorum
3353 2472 3466 2512 vox
3521 2461 3615 2513 est
3668 2457 3776 2513 hoc

2127 2549 2374 2621 psalmo,
2407 2548 2505 2620 qui
2536 2550 2880 2620 receperunt
2907 2545 3090 2602 Vetus
3120 2545 3652 2614 Testamentum,et
3673 2547 3776 2619 qui

2126 2656 2227 2712 per
2256 2638 2400 2694 illud
2431 2637 2654 2692 Novum
2684 2636 3125 2693 Testamentum
3173 2634 3619 2692 intelllexerunt
3649 2652 3779 2692 esse

2122 2729 2409 2796 futurum,
2444 2726 2507 2782 In
2539 2725 2756 2798 quibus
2784 2726 3017 2782 duobus
3069 2725 3462 2783 Testamentis
3492 2714 3785 2799 précepta

2126 2822 2265 2872 sunt
2296 2816 2537 2882 eadem;
2573 2813 2711 2886 quia
2741 2814 2863 2870 haec
2894 2818 3197 2887 precepta.
3241 2815 3362 2871 Non
3389 2815 3782 2884 maechaberis,

2140 2906 2255 2961 Non
2281 2907 2495 2976 furtum
2521 2906 2712 2975 facies,
2744 2909 2801 2959 et
2821 2908 3046 2971 cetera,
3109 2907 3358 2976 utroque
3400 2905 3782 2961 Testamento

2126 2997 2263 3049 sunt
2293 2995 2517 3050 eadem.
2539 2994 2836 3050 Promissa
2865 2997 3061 3048 autem
3092 2992 3342 3048 duorum
3373 2992 3783 3050 Testamento-

2126 3100 2255 3139 rum
2281 3087 2420 3139 sunt
2441 3082 2833 3154 diversa,quia
2860 3082 3150 3154 promissa
3168 3081 3385 3138 Veteris
3406 3082 3780 3139 Testamenti

2127 3178 2270 3229 sunt
2299 3173 2418 3228 haec
2451 3191 2462 3229 :
2498 3173 2678 3227 Terra
2697 3172 3158 3238 Chanaan,terra
3187 3170 3428 3243 copiosa,
3453 3170 3772 3228 abundans

377 3285 405 3315 ‹‹
437 3278 553 3336 quo
573 3260 851 3318 habitasti
874 3242 943 3314 in
975 3260 1215 3315 eo.Leva
1236 3276 1447 3315 manus
1467 3264 1599 3315 tuas
1627 3259 1688 3314 in
1711 3258 2019 3332 superbias
2049 3242 2091 3309 (ἶ
2130 3262 2279 3319 lacte
2308 3267 2364 3317 et
2381 3260 2582 3329 melle;
2618 3276 2862 3333 regnum
2886 3259 3226 3332 temporale,
3254 3242 3533 3332 subjectio
3559 3259 3767 3316 inimi-

374 3375 403 3404 «
436 3367 637 3408 eorum
671 3350 730 3405 in
757 3350 932 3405 ﬁnem
968 3365 980 3402 :
1015 3352 1236 3420 quanta
1264 3347 1620 3421 malignatus
1642 3353 1731 3404 est
1746 3348 2020 3406 inimicus

375 3466 404 3492 ‹‹
438 3442 494 3497 in
520 3438 748 3497 sancto!
778 3440 847 3493 Et
864 3436 1094 3511 gloriati
1116 3443 1254 3493 sunt
1271 3438 1368 3510 qui
1392 3437 1642 3494 oderunt
1662 3438 1804 3505 te,in
1828 3438 2019 3495 medio

378 3555 406 3582 ‹‹
434 3529 825 3587 solemnitatis
855 3533 990 3584 tuae.
1027 3526 1352 3583 Posuerunt
1381 3526 1551 3600 signa
1580 3529 1884 3600 sua,signa
1917 3546 1930 3596 ;
1964 3533 2021 3583 et

377 3643 405 3671 ‹‹
439 3635 556 3675 non
590 3619 987 3691 cognoverunt
1015 3614 1168 3672 sicut
1195 3614 1254 3670 in
1300 3615 1457 3671 exitu
1488 3632 1666 3688 super
1694 3634 2017 3673 summum.

377 3731 406 3760 α
434 3707 610 3776 Quasi
642 3707 701 3762 in
733 3706 879 3762 silva
908 3704 1199 3775 lignorum
1231 3705 1535 3760 securibus
1566 3705 1906 3761 exciderunt
1930 3708 2020 3778 ja-

378 3822 405 3851 ‹‹
439 3815 588 3855 nuas
617 3797 747 3870 ejus
776 3796 835 3851 in
867 3795 1127 3867 idipsum
1153 3811 1166 3862 ;
1198 3792 1258 3848 in
1291 3791 1482 3848 securi
1527 3797 1584 3849 et
1612 3794 1770 3849 ascia
1800 3796 2021 3867 dejece-

382 3911 403 3938 ι
439 3891 579 3943 runt
607 3884 1160 3942 eum.Incenderunt
1185 3881 1303 3952 igni
1335 3883 1739 3937 sanctuarium
1764 3885 2020 3954 tuum;in

377 3999 406 4024 ‹‹
441 3981 597 4031 terra
624 3973 965 4045 polluerunt
990 3970 1435 4029 tabernaculum
1465 3972 1722 4027 nominis
1744 3973 2020 4030 tui.Dixe-

379 4086 408 4115 ‹‹
431 4067 571 4119 runt
594 4062 655 4117 in
677 4062 848 4117 corde
879 4077 984 4117 suo
1003 4060 1268 4134 cognatio
1290 4076 1492 4117 eorum
1514 4059 2023 4126 simulzouiescere

378 4175 406 4204 ‹‹
442 4151 726 4208 iaciamus
783 4165 986 4205 omnes
1033 4149 1157 4205 dies
1189 4150 1366 4205 festos
1414 4149 1513 4204 Dei
1545 4167 1578 4205 a
1635 4156 1809 4207 terra.
1844 4154 2023 4227 Signa

387 4262 409 4291 α
443 4245 646 4298 nostra
674 4255 790 4294 non
819 4237 1234 4308 vidimus,jam
1265 4255 1379 4293 non
1412 4243 1501 4294 est
1530 4240 1895 4314 propheta,et
1917 4262 2022 4301 nos

388 4354 407 4382 ι
445 4347 559 4388 non
590 4331 901 4402 cognoscet
929 4325 1204 4398 amplius.
1250 4325 1766 4399 Usquequo,Deus,
1803 4331 2023 4405 impro-

382 4444 411 4473 ‹‹
444 4419 672 4495 parabit
696 4417 992 4483 inimicus;
1014 4414 1206 4470 irritat
1230 4415 1599 4472 adversarius
1618 4435 1829 4476 nomen
1853 4425 2019 4481 tuum

385 4535 413 4565 ‹‹
442 4512 503 4567 in
536 4511 711 4565 ﬁnem
734 4511 759 4562 .9
790 4504 1004 4578 thuid
1028 4503 1240 4560 avertis
1271 4521 1513 4560 manum
1544 4510 1707 4562 tuam
1740 4513 1798 4564 et
1829 4511 2022 4570 dexte-

2129 3350 2688 3417 corum,fecunditas
2719 3366 2966 3406 uxorum
2998 3355 3056 3405 et
3086 3348 3380 3417 ﬁliorum;
3411 3348 3633 3405 Novum
3662 3366 3777 3406 au-

2130 3446 2245 3497 tem
2276 3442 2717 3497 Testamentum
2750 3439 2854 3494 tibi
2902 3438 3191 3511 promittit
3243 3455 3486 3512 regnum
3519 3438 3782 3510 caeleste,

2129 3530 2554 3603 subjectionem
2588 3545 2718 3585 vero
2767 3527 3141 3584 inimicorum
3193 3528 3265 3584 de
3305 3529 3523 3601 quibus
3553 3528 3783 3586 dictum

2128 3627 2218 3677 est
2250 3638 2262 3675 :
2299 3624 2419 3676 Non
2451 3623 2529 3674 est
2556 3619 2711 3674 nobis
2767 3618 3075 3674 colluctatio
3132 3617 3397 3673 adversus
3452 3634 3679 3675 carnem
3730 3627 3787 3676 et

2126 3712 2473 3781 sanguinem,
2494 3708 2593 3763 sed
2622 3707 2876 3764 adversus
2918 3711 3206 3780 potestates
3234 3708 3588 3764 tenebrarum
3615 3708 3781 3782 (Eph.

2128 3798 2324 3872 vn).Sic
2352 3802 2490 3854 sunt
2521 3797 2812 3869 promissa
2841 3796 3068 3853 diversa
3099 3797 3351 3853 duorum
3383 3798 3788 3854 Testamento-

2133 3904 2302 3954 rum;
2336 3887 2435 3943 sed
2468 3890 2604 3942 nota
2638 3885 2776 3958 quia
2823 3884 3115 3958 promissa
3158 3885 3384 3942 Veteris
3419 3886 3785 3943 Testamenti

2132 3975 2706 4048 praecedebant,quia
2735 3975 2899 4046 prius
2921 3973 3415 4040 animale,deinde
3440 3975 3596 4047 quod
3621 3973 3789 4048 spiri-

2131 4065 2266 4121 tale.
2300 4066 2526 4120 Primus
2557 4065 2705 4119 em’m
2734 4063 2890 4119 homo
2929 4062 2994 4119 de
3022 4072 3174 4120 terra
3205 4068 3474 4135 teramus,
3513 4064 3791 4121 secundus

2133 4156 2295 4211 homo
2324 4153 2390 4210 de
2417 4158 2544 4209 caelo
2573 4153 2805 4208 caelestis
2831 4155 2883 4220 (Ι
2913 4152 3033 4209 Cor.
3058 4153 3249 4225 xv),ad
3282 4152 3603 4227 imaginem
3651 4170 3790 4211 vero

2134 4243 2347 4300 terreni
2381 4243 2629 4315 pertinet
2655 4241 2835 4298 Vetus
2865 4243 3332 4312 Testamentum,
3357 4244 3429 4299 ad
3461 4243 3791 4316 imaginem

2132 4332 2378 4389 caelestis
2407 4332 2631 4388 Novum
2657 4356 2671 4398 ;
2703 4331 2803 4387 sed
2865 4334 3060 4387 tamen
3094 4332 3402 4405 utriusque
3424 4333 3791 4390 Testamenti

2132 4422 2288 4478 idem
2317 4426 2407 4477 est
2435 4426 2653 4477 auctor.
2682 4419 2827 4476 Nam
2859 4420 2959 4492 qui
2991 4437 3091 4492 per
3118 4424 3299 4477 Vetus
3336 4421 3793 4480 Testamentum

2133 4510 2402 4584 promisit
2433 4526 2676 4583 regnum
2706 4508 3046 4581 temporale,
3067 4509 3195 4582 ipse
3220 4510 3394 4568 etiam
3426 4526 3530 4584 per
3557 4511 3793 4568 Novum
3876 4520 3885 4524 ‘

383 4625 411 4651 ‹‹
445 4616 570 4655 ram
599 4604 763 4654 tuam
794 4597 863 4651 de
898 4595 1090 4650 medio
1118 4593 1249 4649 sinu
1277 4598 1377 4649 tuo
1402 4593 1461 4648 in
1495 4593 1671 4650 tinem
1692 4597 1720 4650 ?
1741 4598 1894 4655 Deus
1918 4618 2022 4659 au-
2052 4612 2098 4676 D
2131 4601 2401 4673 promisit
2445 4606 2695 4673 regn’um
2718 4598 2979 4667 caeleste;
3006 4601 3106 4656 sed
3128 4600 3424 4672 praecessit
3450 4599 3638 4657 Vetus
3656 4618 3791 4674 pro-

387 4712 407 4739 .
442 4694 559 4743 tem
594 4704 691 4743 rex
719 4692 917 4741 noster
946 4687 1078 4739 ante
1108 4682 1341 4749 saecula,
1367 4689 1639 4755 operatus
1664 4692 1754 4741 est
1775 4687 2023 4748 salutem

384 4802 411 4829 ‹‹
446 4777 505 4832 in
538 4776 730 4832 medio
762 4780 942 4829 terrae.
977 4774 1065 4828 Tu
1123 4764 1483 4828 confirmasti
1540 4773 1597 4827 in
1655 4773 1871 4832 virtute
1927 4785 2028 4836 tua

383 4892 409 4919 α
446 4880 626 4931 mare,
648 4862 1053 4919 contribulasti
1084 4862 1276 4932 capita
1304 4860 1622 4917 draconum
1658 4864 1714 4918 in
1745 4868 2031 4938 aquis.Tu

385 4983 412 5010 ‹‹
447 4952 783 5027 confregisti
841 4950 1032 5022 capita
1085 4949 1374 5019 draconis,
1407 4950 1620 5007 dedisti
1661 4970 1795 5010 cum
1835 4973 2029 5015 escam

386 5074 413 5101 ‹‹
446 5045 680 5121 populis
713 5040 1067 5112 Aithiopum.
1090 5039 1173 5094 Tu
1207 5039 1478 5111 dirupisti
1514 5040 1702 5099 fontes
1723 5049 1780 5100 et
1808 5050 2029 5103 torren-

384 5164 413 5192 ‹‹
448 5145 573 5206 tes;
608 5139 670 5191 tu
717 5129 949 5189 siccasti
981 5128 1187 5185 fluvios
1243 5129 1449 5184 Ethan.
1483 5131 1643 5187 Tuus
1679 5138 1765 5189 est
1796 5136 1941 5208 dies,
1975 5142 2031 5194 et

388 5253 408 5281 ι
445 5234 549 5283 tua
577 5228 666 5281 est
694 5238 808 5278 nox
839 5236 855 5279 :
884 5224 949 5275 tu
982 5219 1299 5275 fabricatus
1330 5235 1390 5274 es
1416 5237 1686 5276 auroram
1734 5231 1790 5278 et
1821 5227 2024 5281 solem.

384 5342 412 5370 ‹‹
444 5317 530 5372 Tu
559 5311 745 5370 fecisti
776 5325 984 5366 omnes
1013 5308 1298 5364 terminos
1318 5312 1504 5378 terrae,
1536 5315 1790 5366 aestatem
1823 5318 1877 5369 et
1907 5331 2025 5384 ver,

392 5432 413 5458 ι
446 5412 509 5462 tu
544 5400 845 5477 plasmasti
876 5415 962 5454 ea.
985 5398 1208 5453 Memor
1236 5401 1358 5453 esto
1383 5394 1582 5468 hujus,
1615 5399 2028 5460 inimicusim—

388 5522 415 5549 α
448 5490 779 5568 properavit
814 5487 1137 5557 Domino,et
1167 5485 1418 5559 populus
1448 5486 1733 5560 insipiens
1768 5491 2031 5548 incitavit

372 5578 417 5637 ’‹‹
453 5597 666 5641 nomen
690 5581 971 5633 tuum.Ne
1000 5576 1196 5632 tradas
1243 5575 1445 5632 bestiis
1465 5577 1722 5635 animum
1755 5583 2029 5638 conﬁten-

394 5667 422 5728 ςὲ
454 5677 572 5728 tem
601 5667 730 5735 tibi,
764 5670 819 5721 et
849 5665 1076 5720 animas
1105 5680 1428 5736 pauperum
1458 5671 1692 5724 tuorum
1730 5685 1798 5725 ne
1827 5668 2025 5729 oblivl.

2138 4692 2376 4746 mittens
2406 4687 2919 4761 temporalia,quia
2947 4687 3196 4744 carnalis
3228 4689 3478 4762 populus
3508 4689 3795 4747 inducen-

2137 4780 2248 4834 dus
2277 4783 2402 4834 erat
2432 4794 2533 4850 per
2560 4776 3002 4850 temporalia,ut
3021 4778 3105 4833 sic
3126 4778 3373 4834 disceret
3393 4795 3593 4835 amare
3618 4778 3795 4837 caele-

2141 4868 2272 4939 stia;
2308 4867 2447 4943 quia
2478 4867 2603 4938 ipsa
2632 4865 2979 4938 temporalia
3008 4883 3132 4938 qua:
3161 4868 3585 4938 praecedebant,
3620 4868 3796 4942 signa

2141 4959 2375 5014 fuerunt
2418 4955 2742 5012 caelestium
2801 4960 2857 5010 et
2886 4971 2952 5011 ea
3001 4956 3489 5028 promittentium.
3520 4956 3790 5031 Regnum

2139 5048 2292 5104 enim
2355 5044 2673 5118 temporale
2722 5045 3018 5117 significat
3046 5062 3293 5118 regnum
3325 5045 3557 5105 caeleste
3597 5067 3611 5105 :
3645 5050 3792 5105 sub-

2130 5138 2306 5209 jectio
2334 5135 2704 5191 inimicorum
2732 5135 3105 5201 exteriorum,
3139 5137 3562 5207 subjectionem
3594 5137 3798 5194 inimi-

2138 5242 2337 5281 corum
2369 5224 2712 5280 interiorum
2749 5249 2764 5291 ;
2804 5240 2992 5296 genus
3023 5224 3384 5281 diversarum
3414 5226 3794 5283 victimarum

2138 5312 2428 5387 signiﬁcat
2458 5312 2752 5369 Christum
2788 5328 2889 5385 pro
2938 5312 3126 5369 salute
3185 5314 3494 5371 hominum
3527 5315 3585 5371 in
3621 5332 3796 5373 cruce

2137 5419 2513 5475 suspensum.
2547 5401 2781 5466 Quare?
2812 5401 2957 5466 Quia
2984 5401 3226 5473 impleta
3264 5408 3403 5460 sunt
3434 5406 3635 5462 omnia
3664 5421 3795 5479 qua

2137 5490 2622 5564 significabantur
2651 5509 2754 5564 per
2782 5491 2901 5560 illa,
2935 5491 3149 5547 debent
3178 5508 3411 5550 cessare
3441 5496 3798 5567 promitten-

2135 5580 2217 5636 tia
2248 5598 2259 5635 :
2298 5580 2453 5636 venit
2482 5581 2639 5636 enim
2672 5580 2959 5651 Christus,
2995 5597 3027 5634 a
3058 5579 3358 5653 prophetis
3391 5582 3495 5639 diu
3529 5599 3799 5659 pronun-

2134 5668 2333 5730 tiatus.
2367 5669 2549 5743 Signa
2577 5669 2731 5728 enim
2772 5685 2907 5728 eum
2959 5669 3189 5733 venisse
3220 5671 3803 5748 manifestant,quia
