  <div class='ocr_page' id='page_1' title='image "/cluster/home/n/w/nwhite01/storage/ocr_20150623/131/hvd.32044054759923/271.png"; bbox 0 0 4014 6194; ppageno 0'>
   <div class='ocr_carea' id='block_1_1' title="bbox 387 381 500 438">
    <p class='ocr_par' dir='ltr' id='par_1_1' title="bbox 387 381 500 438">
     <span class='ocr_line' id='line_1_1' title="bbox 387 381 500 438; baseline -0.027 0"><span class='ocrx_word' id='word_1_1' title='bbox 387 381 500 438; x_wconf 74' lang='grc'>527</span> 
     </span>
    </p>
   </div>
   <div class='ocr_carea' id='block_1_2' title="bbox 949 367 3214 439">
    <p class='ocr_par' dir='ltr' id='par_1_2' title="bbox 949 367 3214 439">
     <span class='ocr_line' id='line_1_2' title="bbox 949 367 3214 439; baseline -0.006 0"><span class='ocrx_word' id='word_1_2' title='bbox 949 378 1250 439; x_wconf 81' lang='lat' dir='ltr'>REMlGIl</span> <span class='ocrx_word' id='word_1_3' title='bbox 1299 375 2053 437; x_wconf 80' lang='lat' dir='ltr'>ANTISSIODORENSIS</span> <span class='ocrx_word' id='word_1_4' title='bbox 2101 373 2274 434; x_wconf 89' lang='lat' dir='ltr'>OPP.</span> <span class='ocrx_word' id='word_1_5' title='bbox 2321 373 2517 434; x_wconf 84' lang='lat' dir='ltr'>PARS</span> <span class='ocrx_word' id='word_1_6' title='bbox 2563 373 2609 433; x_wconf 86' lang='grc' dir='ltr'><strong>Ι.</strong></span> <span class='ocrx_word' id='word_1_7' title='bbox 2644 407 2718 416; x_wconf 89' lang='grc'><strong>-</strong></span> <span class='ocrx_word' id='word_1_8' title='bbox 2748 367 3214 433; x_wconf 80' lang='lat' dir='ltr'>EXEGETICA.</span> 
     </span>
    </p>
   </div>
   <div class='ocr_carea' id='block_1_3' title="bbox 3668 359 3790 422">
    <p class='ocr_par' dir='ltr' id='par_1_3' title="bbox 3668 359 3790 422">
     <span class='ocr_line' id='line_1_3' title="bbox 3668 359 3790 422; baseline 0 0"><span class='ocrx_word' id='word_1_9' title='bbox 3668 359 3790 422; x_wconf 67' lang='lat'>598</span> 
     </span>
    </p>
   </div>
   <div class='ocr_carea' id='block_1_4' title="bbox 386 491 3800 580">
    <p class='ocr_par' dir='ltr' id='par_1_4' title="bbox 386 491 3800 580">
     <span class='ocr_line' id='line_1_4' title="bbox 386 491 3800 580; baseline -0.005 -16"><span class='ocrx_word' id='word_1_10' title='bbox 386 507 654 564; x_wconf 77' lang='lat' dir='ltr'>videlicet</span> <span class='ocrx_word' id='word_1_11' title='bbox 683 508 1467 580; x_wconf 87' lang='lat' dir='ltr'>eamimitando,sanaturab</span> <span class='ocrx_word' id='word_1_12' title='bbox 1481 507 1640 562; x_wconf 90' lang='lat' dir='ltr'>omni</span> <span class='ocrx_word' id='word_1_13' title='bbox 1658 507 2034 578; x_wconf 78' lang='lat' dir='ltr'>percussione</span> <span class='ocrx_word' id='word_1_14' title='bbox 2065 508 2118 572; x_wconf 78' lang='grc' dir='ltr'><strong>Α</strong></span> <span class='ocrx_word' id='word_1_15' title='bbox 2149 519 2261 559; x_wconf 90' lang='lat' dir='ltr'>non</span> <span class='ocrx_word' id='word_1_16' title='bbox 2299 505 2670 577; x_wconf 86' lang='lat' dir='ltr'>reperiuntur</span> <span class='ocrx_word' id='word_1_17' title='bbox 2695 504 2931 560; x_wconf 84' lang='lat' dir='ltr'>arbores</span> <span class='ocrx_word' id='word_1_18' title='bbox 2949 499 3122 556; x_wconf 80' lang='lat' dir='ltr'>utiles</span> <span class='ocrx_word' id='word_1_19' title='bbox 3144 499 3214 553; x_wconf 89' lang='lat' dir='ltr'>ad</span> <span class='ocrx_word' id='word_1_20' title='bbox 3233 493 3616 560; x_wconf 67' lang='lat' dir='ltr'>aediticia,sed~</span> <span class='ocrx_word' id='word_1_21' title='bbox 3635 491 3800 565; x_wconf 66' lang='lat' dir='ltr'>ligna</span> 
     </span>
    </p>
   </div>
   <div class='ocr_carea' id='block_1_5' title="bbox 389 597 2036 669">
    <p class='ocr_par' dir='ltr' id='par_1_5' title="bbox 389 597 2036 669">
     <span class='ocr_line' id='line_1_5' title="bbox 389 597 2036 669; baseline -0.002 -15"><span class='ocrx_word' id='word_1_22' title='bbox 389 599 815 668; x_wconf 87' lang='lat' dir='ltr'>serpentum,id</span> <span class='ocrx_word' id='word_1_23' title='bbox 847 602 938 654; x_wconf 89' lang='lat' dir='ltr'>est</span> <span class='ocrx_word' id='word_1_24' title='bbox 967 597 1671 669; x_wconf 83' lang='lat' dir='ltr'>abomniimpugnatione</span> <span class='ocrx_word' id='word_1_25' title='bbox 1703 599 2036 652; x_wconf 72' lang='lat' dir='ltr'>daemonum</span> 
     </span>
    </p>
   </div>
   <div class='ocr_carea' id='block_1_6' title="bbox 389 686 2038 759">
    <p class='ocr_par' dir='ltr' id='par_1_6' title="bbox 389 686 2038 759">
     <span class='ocr_line' id='line_1_6' title="bbox 389 686 2038 759; baseline 0 -18"><span class='ocrx_word' id='word_1_26' title='bbox 389 691 529 741; x_wconf 84' lang='lat' dir='ltr'>Leva</span> <span class='ocrx_word' id='word_1_27' title='bbox 555 704 754 742; x_wconf 83' lang='lat' dir='ltr'>manus</span> <span class='ocrx_word' id='word_1_28' title='bbox 785 696 907 744; x_wconf 86' lang='lat' dir='ltr'>tuas</span> <span class='ocrx_word' id='word_1_29' title='bbox 938 690 998 742; x_wconf 88' lang='lat' dir='ltr'>in</span> <span class='ocrx_word' id='word_1_30' title='bbox 1026 689 1311 759; x_wconf 77' lang='lat' dir='ltr'>superbius</span> <span class='ocrx_word' id='word_1_31' title='bbox 1341 703 1530 742; x_wconf 86' lang='lat' dir='ltr'>eorum</span> <span class='ocrx_word' id='word_1_32' title='bbox 1562 688 1617 741; x_wconf 81' lang='lat' dir='ltr'>in</span> <span class='ocrx_word' id='word_1_33' title='bbox 1650 688 1834 757; x_wconf 81' lang='lat' dir='ltr'>ﬁnem.</span> <span class='ocrx_word' id='word_1_34' title='bbox 1861 686 2038 753; x_wconf 83' lang='lat' dir='ltr'>Quasi</span> 
     </span>
    </p>
   </div>
   <div class='ocr_carea' id='block_1_7' title="bbox 390 775 2042 848">
    <p class='ocr_par' dir='ltr' id='par_1_7' title="bbox 390 775 2042 848">
     <span class='ocr_line' id='line_1_7' title="bbox 390 775 2042 848; baseline 0 -18"><span class='ocrx_word' id='word_1_35' title='bbox 390 775 798 832; x_wconf 89' lang='lat' dir='ltr'>dicat:Memor</span> <span class='ocrx_word' id='word_1_36' title='bbox 827 782 950 833; x_wconf 84' lang='lat' dir='ltr'>esto</span> <span class='ocrx_word' id='word_1_37' title='bbox 985 775 1454 848; x_wconf 76' lang='lat' dir='ltr'>congregationis</span> <span class='ocrx_word' id='word_1_38' title='bbox 1487 781 1694 845; x_wconf 62' lang='lat' dir='ltr'>tua;et</span> <span class='ocrx_word' id='word_1_39' title='bbox 1723 782 1787 830; x_wconf 89' lang='lat' dir='ltr'>ut</span> <span class='ocrx_word' id='word_1_40' title='bbox 1819 792 2042 831; x_wconf 90' lang='lat' dir='ltr'>memor</span> 
     </span>
    </p>
   </div>
   <div class='ocr_carea' id='block_1_8' title="bbox 395 865 2040 936">
    <p class='ocr_par' dir='ltr' id='par_1_8' title="bbox 395 865 2040 936">
     <span class='ocr_line' id='line_1_8' title="bbox 395 865 2040 936; baseline -0.001 -16"><span class='ocrx_word' id='word_1_41' title='bbox 395 865 501 930; x_wconf 89' lang='lat' dir='ltr'>sis,</span> <span class='ocrx_word' id='word_1_42' title='bbox 543 866 661 920; x_wconf 86' lang='lat' dir='ltr'>leva</span> <span class='ocrx_word' id='word_1_43' title='bbox 681 883 883 921; x_wconf 87' lang='lat' dir='ltr'>manus</span> <span class='ocrx_word' id='word_1_44' title='bbox 940 867 1145 931; x_wconf 86' lang='lat' dir='ltr'>t-uas,id</span> <span class='ocrx_word' id='word_1_45' title='bbox 1176 871 1284 935; x_wconf 88' lang='lat' dir='ltr'>est,</span> <span class='ocrx_word' id='word_1_46' title='bbox 1304 882 1503 921; x_wconf 85' lang='lat' dir='ltr'>exerce</span> <span class='ocrx_word' id='word_1_47' title='bbox 1535 866 1854 936; x_wconf 84' lang='lat' dir='ltr'>potentiam</span> <span class='ocrx_word' id='word_1_48' title='bbox 1877 869 2040 920; x_wconf 88' lang='lat' dir='ltr'>tuam</span> 
     </span>
    </p>
   </div>
   <div class='ocr_carea' id='block_1_9' title="bbox 394 954 2041 1026">
    <p class='ocr_par' dir='ltr' id='par_1_9' title="bbox 394 954 2041 1026">
     <span class='ocr_line' id='line_1_9' title="bbox 394 954 2041 1026; baseline -0.001 -18"><span class='ocrx_word' id='word_1_49' title='bbox 394 955 454 1009; x_wconf 86' lang='lat' dir='ltr'>in</span> <span class='ocrx_word' id='word_1_50' title='bbox 481 955 767 1026; x_wconf 81' lang='lat' dir='ltr'>superbius</span> <span class='ocrx_word' id='word_1_51' title='bbox 796 971 1002 1024; x_wconf 89' lang='lat' dir='ltr'>eorum,</span> <span class='ocrx_word' id='word_1_52' title='bbox 1039 956 1096 1010; x_wconf 89' lang='lat' dir='ltr'>id</span> <span class='ocrx_word' id='word_1_53' title='bbox 1123 959 1233 1021; x_wconf 89' lang='lat' dir='ltr'>est,</span> <span class='ocrx_word' id='word_1_54' title='bbox 1258 959 1458 1010; x_wconf 88' lang='lat' dir='ltr'>contra</span> <span class='ocrx_word' id='word_1_55' title='bbox 1489 955 1796 1025; x_wconf 81' lang='lat' dir='ltr'>superbius</span> <span class='ocrx_word' id='word_1_56' title='bbox 1826 954 2041 1009; x_wconf 84' lang='lat' dir='ltr'>Roma-</span> 
     </span>
    </p>
   </div>
   <div class='ocr_carea' id='block_1_10' title="bbox 394 1041 2039 1116">
    <p class='ocr_par' dir='ltr' id='par_1_10' title="bbox 394 1041 2039 1116">
     <span class='ocr_line' id='line_1_10' title="bbox 394 1041 2039 1116; baseline -0.001 -19"><span class='ocrx_word' id='word_1_57' title='bbox 394 1059 629 1110; x_wconf 90' lang='lat' dir='ltr'>norum,</span> <span class='ocrx_word' id='word_1_58' title='bbox 654 1043 959 1116; x_wconf 90' lang='lat' dir='ltr'>dirigendo</span> <span class='ocrx_word' id='word_1_59' title='bbox 1015 1061 1114 1099; x_wconf 90' lang='lat' dir='ltr'>eas</span> <span class='ocrx_word' id='word_1_60' title='bbox 1145 1044 1207 1099; x_wconf 91' lang='lat' dir='ltr'>in</span> <span class='ocrx_word' id='word_1_61' title='bbox 1244 1048 1301 1098; x_wconf 90' lang='lat' dir='ltr'>te</span> <span class='ocrx_word' id='word_1_62' title='bbox 1331 1043 1509 1097; x_wconf 82' lang='lat' dir='ltr'>finem</span> <span class='ocrx_word' id='word_1_63' title='bbox 1547 1061 1559 1110; x_wconf 91' lang='lat'>;</span> <span class='ocrx_word' id='word_1_64' title='bbox 1592 1041 1680 1096; x_wconf 90' lang='lat' dir='ltr'>vel</span> <span class='ocrx_word' id='word_1_65' title='bbox 1739 1044 1799 1097; x_wconf 81' lang='lat' dir='ltr'>in</span> <span class='ocrx_word' id='word_1_66' title='bbox 1853 1043 2039 1112; x_wconf 84' lang='lat' dir='ltr'>ﬁnem,</span> 
     </span>
    </p>
   </div>
   <div class='ocr_carea' id='block_1_11' title="bbox 392 1131 2041 1204">
    <p class='ocr_par' dir='ltr' id='par_1_11' title="bbox 392 1131 2041 1204">
     <span class='ocr_line' id='line_1_11' title="bbox 392 1131 2041 1204; baseline -0.001 -18"><span class='ocrx_word' id='word_1_67' title='bbox 392 1131 452 1188; x_wconf 89' lang='lat' dir='ltr'>id</span> <span class='ocrx_word' id='word_1_68' title='bbox 485 1137 575 1188; x_wconf 85' lang='lat' dir='ltr'>est</span> <span class='ocrx_word' id='word_1_69' title='bbox 603 1132 766 1188; x_wconf 79' lang='lat' dir='ltr'>ﬁnali</span> <span class='ocrx_word' id='word_1_70' title='bbox 798 1133 1105 1204; x_wconf 87' lang='lat' dir='ltr'>levatione,</span> <span class='ocrx_word' id='word_1_71' title='bbox 1130 1133 1253 1188; x_wconf 87' lang='lat' dir='ltr'>leva</span> <span class='ocrx_word' id='word_1_72' title='bbox 1280 1149 1480 1187; x_wconf 88' lang='lat' dir='ltr'>manus</span> <span class='ocrx_word' id='word_1_73' title='bbox 1519 1141 1639 1186; x_wconf 86' lang='lat' dir='ltr'>tuas</span> <span class='ocrx_word' id='word_1_74' title='bbox 1689 1135 1895 1186; x_wconf 88' lang='lat' dir='ltr'>contra</span> <span class='ocrx_word' id='word_1_75' title='bbox 1922 1146 2041 1186; x_wconf 67' lang='lat' dir='ltr'>808i</span> 
     </span>
    </p>
   </div>
   <div class='ocr_carea' id='block_1_12' title="bbox 395 1220 2044 1294">
    <p class='ocr_par' dir='ltr' id='par_1_12' title="bbox 395 1220 2044 1294">
     <span class='ocr_line' id='line_1_12' title="bbox 395 1220 2044 1294; baseline -0.002 -16"><span class='ocrx_word' id='word_1_76' title='bbox 395 1226 463 1278; x_wconf 84' lang='lat' dir='ltr'>Et</span> <span class='ocrx_word' id='word_1_77' title='bbox 493 1239 642 1294; x_wconf 87' lang='lat' dir='ltr'>opus</span> <span class='ocrx_word' id='word_1_78' title='bbox 674 1223 929 1294; x_wconf 88' lang='lat' dir='ltr'>est,quia</span> <span class='ocrx_word' id='word_1_79' title='bbox 959 1221 1317 1293; x_wconf 86' lang='lat' dir='ltr'>inimicus,id</span> <span class='ocrx_word' id='word_1_80' title='bbox 1351 1226 1441 1277; x_wconf 89' lang='lat' dir='ltr'>est</span> <span class='ocrx_word' id='word_1_81' title='bbox 1471 1220 1725 1294; x_wconf 93' lang='lat' dir='ltr'>populus</span> <span class='ocrx_word' id='word_1_82' title='bbox 1745 1221 2044 1276; x_wconf 83' lang='lat' dir='ltr'>Romanus</span> 
     </span>
    </p>
   </div>
   <div class='ocr_carea' id='block_1_13' title="bbox 398 1309 2044 1384">
    <p class='ocr_par' dir='ltr' id='par_1_13' title="bbox 398 1309 2044 1384">
     <span class='ocr_line' id='line_1_13' title="bbox 398 1309 2044 1384; baseline -0.003 -17"><span class='ocrx_word' id='word_1_83' title='bbox 398 1310 653 1367; x_wconf 90' lang='lat' dir='ltr'>multum</span> <span class='ocrx_word' id='word_1_84' title='bbox 685 1311 940 1384; x_wconf 79' lang='lat' dir='ltr'>maligne</span> <span class='ocrx_word' id='word_1_85' title='bbox 970 1312 1087 1383; x_wconf 84' lang='lat' dir='ltr'>egit</span> <span class='ocrx_word' id='word_1_86' title='bbox 1115 1311 1174 1365; x_wconf 92' lang='lat' dir='ltr'>in</span> <span class='ocrx_word' id='word_1_87' title='bbox 1207 1315 1408 1366; x_wconf 89' lang='lat' dir='ltr'>sancto</span> <span class='ocrx_word' id='word_1_88' title='bbox 1430 1310 1578 1376; x_wconf 91' lang='lat' dir='ltr'>loco,</span> <span class='ocrx_word' id='word_1_89' title='bbox 1614 1309 1900 1365; x_wconf 82' lang='lat' dir='ltr'>subaudis</span> <span class='ocrx_word' id='word_1_90' title='bbox 1920 1314 2044 1377; x_wconf 87' lang='lat' dir='ltr'>tuo,</span> 
     </span>
    </p>
   </div>
   <div class='ocr_carea' id='block_1_14' title="bbox 399 1399 2048 1469">
    <p class='ocr_par' dir='ltr' id='par_1_14' title="bbox 399 1399 2048 1469">
     <span class='ocr_line' id='line_1_14' title="bbox 399 1399 2048 1469; baseline -0.002 -13"><span class='ocrx_word' id='word_1_91' title='bbox 399 1401 774 1456; x_wconf 85' lang='lat' dir='ltr'>destruendo.</span> <span class='ocrx_word' id='word_1_92' title='bbox 811 1402 972 1467; x_wconf 87' lang='lat' dir='ltr'>Quod</span> <span class='ocrx_word' id='word_1_93' title='bbox 1003 1401 1146 1455; x_wconf 81' lang='lat' dir='ltr'>dicit</span> <span class='ocrx_word' id='word_1_94' title='bbox 1179 1418 1191 1454; x_wconf 90' lang='lat'>:</span> <span class='ocrx_word' id='word_1_95' title='bbox 1229 1401 1447 1468; x_wconf 82' lang='lat' dir='ltr'>Quanta</span> <span class='ocrx_word' id='word_1_96' title='bbox 1473 1400 1806 1469; x_wconf 87' lang='lat' dir='ltr'>malignatus</span> <span class='ocrx_word' id='word_1_97' title='bbox 1835 1406 1910 1453; x_wconf 86' lang='lat' dir='ltr'>est</span> <span class='ocrx_word' id='word_1_98' title='bbox 1942 1399 2048 1452; x_wconf 84' lang='lat' dir='ltr'>ini-</span> 
     </span>
    </p>
   </div>
   <div class='ocr_carea' id='block_1_15' title="bbox 397 1486 2050 1558">
    <p class='ocr_par' dir='ltr' id='par_1_15' title="bbox 397 1486 2050 1558">
     <span class='ocr_line' id='line_1_15' title="bbox 397 1486 2050 1558; baseline -0.003 -13"><span class='ocrx_word' id='word_1_99' title='bbox 397 1492 571 1545; x_wconf 87' lang='lat' dir='ltr'>micus</span> <span class='ocrx_word' id='word_1_100' title='bbox 593 1491 652 1544; x_wconf 83' lang='lat' dir='ltr'>in</span> <span class='ocrx_word' id='word_1_101' title='bbox 669 1498 854 1545; x_wconf 85' lang='lat' dir='ltr'>sancto</span> <span class='ocrx_word' id='word_1_102' title='bbox 874 1495 955 1545; x_wconf 88' lang='lat' dir='ltr'>!et</span> <span class='ocrx_word' id='word_1_103' title='bbox 976 1490 1034 1544; x_wconf 91' lang='lat' dir='ltr'>in</span> <span class='ocrx_word' id='word_1_104' title='bbox 1065 1494 1292 1545; x_wconf 85' lang='lat' dir='ltr'>tantum</span> <span class='ocrx_word' id='word_1_105' title='bbox 1312 1490 1548 1558; x_wconf 80' lang='lat' dir='ltr'>gloriati</span> <span class='ocrx_word' id='word_1_106' title='bbox 1565 1493 1691 1544; x_wconf 82' lang='lat' dir='ltr'>sunt</span> <span class='ocrx_word' id='word_1_107' title='bbox 1711 1488 1782 1542; x_wconf 91' lang='lat' dir='ltr'>de</span> <span class='ocrx_word' id='word_1_108' title='bbox 1811 1486 2050 1542; x_wconf 90' lang='lat' dir='ltr'>victoria</span> 
     </span>
    </p>
   </div>
   <div class='ocr_carea' id='block_1_16' title="bbox 400 1575 2049 1651">
    <p class='ocr_par' dir='ltr' id='par_1_16' title="bbox 400 1575 2049 1651">
     <span class='ocr_line' id='line_1_16' title="bbox 400 1575 2049 1651; baseline -0.003 -18"><span class='ocrx_word' id='word_1_109' title='bbox 400 1595 508 1633; x_wconf 91' lang='lat' dir='ltr'>sua</span> <span class='ocrx_word' id='word_1_110' title='bbox 537 1580 634 1650; x_wconf 87' lang='lat' dir='ltr'>qui</span> <span class='ocrx_word' id='word_1_111' title='bbox 662 1579 892 1634; x_wconf 86' lang='lat' dir='ltr'>oderunt</span> <span class='ocrx_word' id='word_1_112' title='bbox 923 1586 993 1648; x_wconf 84' lang='lat' dir='ltr'>te,</span> <span class='ocrx_word' id='word_1_113' title='bbox 1039 1576 1287 1651; x_wconf 80' lang='lat' dir='ltr'>gentiles</span> <span class='ocrx_word' id='word_1_114' title='bbox 1344 1577 1632 1644; x_wconf 81' lang='lat' dir='ltr'>videlicet,</span> <span class='ocrx_word' id='word_1_115' title='bbox 1664 1576 1764 1648; x_wconf 88' lang='lat' dir='ltr'>qui</span> <span class='ocrx_word' id='word_1_116' title='bbox 1797 1575 2049 1630; x_wconf 82' lang='lat' dir='ltr'>maxime</span> 
     </span>
    </p>
   </div>
   <div class='ocr_carea' id='block_1_17' title="bbox 401 1666 2047 1739">
    <p class='ocr_par' dir='ltr' id='par_1_17' title="bbox 401 1666 2047 1739">
     <span class='ocr_line' id='line_1_17' title="bbox 401 1666 2047 1739; baseline -0.002 -17"><span class='ocrx_word' id='word_1_117' title='bbox 401 1668 680 1722; x_wconf 87' lang='lat' dir='ltr'>dicuntur</span> <span class='ocrx_word' id='word_1_118' title='bbox 710 1673 764 1723; x_wconf 90' lang='lat' dir='ltr'>te</span> <span class='ocrx_word' id='word_1_119' title='bbox 795 1667 1013 1735; x_wconf 90' lang='lat' dir='ltr'>odisse,</span> <span class='ocrx_word' id='word_1_120' title='bbox 1045 1668 1183 1738; x_wconf 85' lang='lat' dir='ltr'>quia</span> <span class='ocrx_word' id='word_1_121' title='bbox 1211 1668 1298 1722; x_wconf 88' lang='lat' dir='ltr'>tui</span> <span class='ocrx_word' id='word_1_122' title='bbox 1324 1666 1714 1739; x_wconf 88' lang='lat' dir='ltr'>cognitionem</span> <span class='ocrx_word' id='word_1_123' title='bbox 1746 1680 2047 1736; x_wconf 86' lang='lat' dir='ltr'>nunquam</span> 
     </span>
    </p>
   </div>
   <div class='ocr_carea' id='block_1_18' title="bbox 403 1754 2048 1828">
    <p class='ocr_par' dir='ltr' id='par_1_18' title="bbox 403 1754 2048 1828">
     <span class='ocr_line' id='line_1_18' title="bbox 403 1754 2048 1828; baseline -0.002 -18"><span class='ocrx_word' id='word_1_124' title='bbox 403 1760 765 1827; x_wconf 90' lang='lat' dir='ltr'>receperunt.</span> <span class='ocrx_word' id='word_1_125' title='bbox 799 1756 868 1810; x_wconf 92' lang='lat' dir='ltr'>Et</span> <span class='ocrx_word' id='word_1_126' title='bbox 899 1756 997 1811; x_wconf 91' lang='lat' dir='ltr'>ubi</span> <span class='ocrx_word' id='word_1_127' title='bbox 1029 1754 1259 1828; x_wconf 82' lang='lat' dir='ltr'>gloriati</span> <span class='ocrx_word' id='word_1_128' title='bbox 1293 1755 1462 1811; x_wconf 85' lang='lat' dir='ltr'>sunt?</span> <span class='ocrx_word' id='word_1_129' title='bbox 1489 1760 1557 1810; x_wconf 87' lang='lat' dir='ltr'>In</span> <span class='ocrx_word' id='word_1_130' title='bbox 1586 1755 1763 1811; x_wconf 82' lang='lat' dir='ltr'>medio</span> <span class='ocrx_word' id='word_1_131' title='bbox 1793 1755 2048 1810; x_wconf 85' lang='lat' dir='ltr'>solemni-</span> 
     </span>
    </p>
   </div>
   <div class='ocr_carea' id='block_1_19' title="bbox 403 1843 2049 1912">
    <p class='ocr_par' dir='ltr' id='par_1_19' title="bbox 403 1843 2049 1912">
     <span class='ocr_line' id='line_1_19' title="bbox 403 1843 2049 1912; baseline -0.001 -13"><span class='ocrx_word' id='word_1_132' title='bbox 403 1846 534 1900; x_wconf 86' lang='lat' dir='ltr'>tatis</span> <span class='ocrx_word' id='word_1_133' title='bbox 564 1849 691 1912; x_wconf 65' lang='lat' dir='ltr'>tux,</span> <span class='ocrx_word' id='word_1_134' title='bbox 726 1846 782 1900; x_wconf 91' lang='lat' dir='ltr'>id</span> <span class='ocrx_word' id='word_1_135' title='bbox 814 1849 903 1900; x_wconf 90' lang='lat' dir='ltr'>est</span> <span class='ocrx_word' id='word_1_136' title='bbox 936 1845 994 1900; x_wconf 89' lang='lat' dir='ltr'>in</span> <span class='ocrx_word' id='word_1_137' title='bbox 1027 1861 1093 1900; x_wconf 91' lang='lat' dir='ltr'>eo</span> <span class='ocrx_word' id='word_1_138' title='bbox 1127 1845 1251 1901; x_wconf 89' lang='lat' dir='ltr'>loco</span> <span class='ocrx_word' id='word_1_139' title='bbox 1284 1845 1383 1900; x_wconf 92' lang='lat' dir='ltr'>ubi</span> <span class='ocrx_word' id='word_1_140' title='bbox 1428 1851 1529 1900; x_wconf 90' lang='lat' dir='ltr'>tua</span> <span class='ocrx_word' id='word_1_141' title='bbox 1577 1844 1921 1900; x_wconf 88' lang='lat' dir='ltr'>solemnitas</span> <span class='ocrx_word' id='word_1_142' title='bbox 1952 1843 2049 1897; x_wconf 84' lang='lat' dir='ltr'>de-</span> 
     </span>
    </p>
   </div>
   <div class='ocr_carea' id='block_1_20' title="bbox 403 1931 2047 2006">
    <p class='ocr_par' dir='ltr' id='par_1_20' title="bbox 403 1931 2047 2006">
     <span class='ocr_line' id='line_1_20' title="bbox 403 1931 2047 2006; baseline -0.001 -19"><span class='ocrx_word' id='word_1_143' title='bbox 403 1935 565 1988; x_wconf 90' lang='lat' dir='ltr'>beret</span> <span class='ocrx_word' id='word_1_144' title='bbox 593 1933 892 1989; x_wconf 79' lang='lat' dir='ltr'>fieri.Nota</span> <span class='ocrx_word' id='word_1_145' title='bbox 905 1933 1042 2005; x_wconf 91' lang='lat' dir='ltr'>quia</span> <span class='ocrx_word' id='word_1_146' title='bbox 1054 1934 1390 2006; x_wconf 86' lang='lat' dir='ltr'>congregati</span> <span class='ocrx_word' id='word_1_147' title='bbox 1415 1933 1598 1989; x_wconf 74' lang='lat' dir='ltr'>Judaei</span> <span class='ocrx_word' id='word_1_148' title='bbox 1617 1934 1688 1989; x_wconf 89' lang='lat' dir='ltr'>ad</span> <span class='ocrx_word' id='word_1_149' title='bbox 1713 1931 2047 2005; x_wconf 86' lang='lat' dir='ltr'>paschalem</span> 
     </span>
    </p>
   </div>
   <div class='ocr_carea' id='block_1_21' title="bbox 407 2021 2050 2095">
    <p class='ocr_par' dir='ltr' id='par_1_21' title="bbox 407 2021 2050 2095">
     <span class='ocr_line' id='line_1_21' title="bbox 407 2021 2050 2095; baseline -0.002 -17"><span class='ocrx_word' id='word_1_150' title='bbox 407 2022 860 2092; x_wconf 83' lang='lat' dir='ltr'>solemnitatem,</span> <span class='ocrx_word' id='word_1_151' title='bbox 895 2023 1193 2095; x_wconf 89' lang='lat' dir='ltr'>perierunt</span> <span class='ocrx_word' id='word_1_152' title='bbox 1222 2041 1248 2078; x_wconf 91' lang='lat' dir='ltr'>s</span> <span class='ocrx_word' id='word_1_153' title='bbox 1268 2023 1547 2078; x_wconf 84' lang='lat' dir='ltr'>Romanis</span> <span class='ocrx_word' id='word_1_154' title='bbox 1581 2041 1593 2092; x_wconf 95' lang='lat'><strong>;</strong></span> <span class='ocrx_word' id='word_1_155' title='bbox 1627 2026 1684 2078; x_wconf 91' lang='lat' dir='ltr'>et</span> <span class='ocrx_word' id='word_1_156' title='bbox 1713 2021 1921 2077; x_wconf 90' lang='lat' dir='ltr'>merito</span> <span class='ocrx_word' id='word_1_157' title='bbox 1941 2021 2050 2076; x_wconf 90' lang='lat' dir='ltr'>hoc</span> 
     </span>
    </p>
   </div>
   <div class='ocr_carea' id='block_1_22' title="bbox 404 2109 2053 2184">
    <p class='ocr_par' dir='ltr' id='par_1_22' title="bbox 404 2109 2053 2184">
     <span class='ocr_line' id='line_1_22' title="bbox 404 2109 2053 2184; baseline -0.002 -18"><span class='ocrx_word' id='word_1_158' title='bbox 404 2117 664 2184; x_wconf 89' lang='lat' dir='ltr'>tempore</span> <span class='ocrx_word' id='word_1_159' title='bbox 693 2112 1157 2184; x_wconf 87' lang='lat' dir='ltr'>perierunt,quia</span> <span class='ocrx_word' id='word_1_160' title='bbox 1184 2112 1452 2168; x_wconf 90' lang='lat' dir='ltr'>ineadem</span> <span class='ocrx_word' id='word_1_161' title='bbox 1485 2111 1878 2167; x_wconf 86' lang='lat' dir='ltr'>solemnitate</span> <span class='ocrx_word' id='word_1_162' title='bbox 1898 2109 2053 2164; x_wconf 87' lang='lat' dir='ltr'>Chri-</span> 
     </span>
    </p>
   </div>
   <div class='ocr_carea' id='block_1_23' title="bbox 405 2199 2053 2273">
    <p class='ocr_par' dir='ltr' id='par_1_23' title="bbox 405 2199 2053 2273">
     <span class='ocr_line' id='line_1_23' title="bbox 405 2199 2053 2273; baseline -0.001 -18"><span class='ocrx_word' id='word_1_163' title='bbox 405 2203 562 2255; x_wconf 85' lang='lat' dir='ltr'>stum</span> <span class='ocrx_word' id='word_1_164' title='bbox 597 2201 937 2257; x_wconf 82' lang='lat' dir='ltr'>occiderunt</span> <span class='ocrx_word' id='word_1_165' title='bbox 971 2219 984 2268; x_wconf 88' lang='lat'><strong>;</strong></span> <span class='ocrx_word' id='word_1_166' title='bbox 1020 2203 1173 2273; x_wconf 90' lang='lat' dir='ltr'>quod</span> <span class='ocrx_word' id='word_1_167' title='bbox 1208 2202 1350 2256; x_wconf 88' lang='lat' dir='ltr'>dicit</span> <span class='ocrx_word' id='word_1_168' title='bbox 1379 2219 1391 2256; x_wconf 91' lang='lat'>:</span> <span class='ocrx_word' id='word_1_169' title='bbox 1427 2202 1488 2256; x_wconf 88' lang='lat' dir='ltr'>Et</span> <span class='ocrx_word' id='word_1_170' title='bbox 1536 2201 1771 2270; x_wconf 75' lang='lat' dir='ltr'>gloriati</span> <span class='ocrx_word' id='word_1_171' title='bbox 1797 2208 1928 2255; x_wconf 85' lang='lat' dir='ltr'>sunt</span> <span class='ocrx_word' id='word_1_172' title='bbox 1959 2199 2053 2270; x_wconf 91' lang='lat' dir='ltr'>qui</span> 
     </span>
    </p>
   </div>
   <div class='ocr_carea' id='block_1_24' title="bbox 405 2289 2053 2360">
    <p class='ocr_par' dir='ltr' id='par_1_24' title="bbox 405 2289 2053 2360">
     <span class='ocr_line' id='line_1_24' title="bbox 405 2289 2053 2360; baseline -0.001 -16"><span class='ocrx_word' id='word_1_173' title='bbox 405 2289 641 2345; x_wconf 86' lang='lat' dir='ltr'>oderunt</span> <span class='ocrx_word' id='word_1_174' title='bbox 672 2299 741 2356; x_wconf 86' lang='lat' dir='ltr'>te,</span> <span class='ocrx_word' id='word_1_175' title='bbox 775 2292 832 2345; x_wconf 85' lang='lat' dir='ltr'>in</span> <span class='ocrx_word' id='word_1_176' title='bbox 864 2291 1043 2346; x_wconf 85' lang='lat' dir='ltr'>medio</span> <span class='ocrx_word' id='word_1_177' title='bbox 1073 2292 1440 2346; x_wconf 83' lang='lat' dir='ltr'>solem-nitatis</span> <span class='ocrx_word' id='word_1_178' title='bbox 1496 2293 1610 2346; x_wconf 72' lang='lat' dir='ltr'>tuae</span> <span class='ocrx_word' id='word_1_179' title='bbox 1639 2295 1697 2344; x_wconf 92' lang='lat' dir='ltr'>et</span> <span class='ocrx_word' id='word_1_180' title='bbox 1747 2305 1877 2344; x_wconf 89' lang='lat' dir='ltr'>ecce</span> <span class='ocrx_word' id='word_1_181' title='bbox 1910 2303 2053 2360; x_wconf 89' lang='lat' dir='ltr'>quo-</span> 
     </span>
    </p>
   </div>
   <div class='ocr_carea' id='block_1_25' title="bbox 409 2378 2051 2452">
    <p class='ocr_par' dir='ltr' id='par_1_25' title="bbox 409 2378 2051 2452">
     <span class='ocr_line' id='line_1_25' title="bbox 409 2378 2051 2452; baseline -0.002 -18"><span class='ocrx_word' id='word_1_182' title='bbox 409 2379 605 2447; x_wconf 89' lang='lat' dir='ltr'>modo,</span> <span class='ocrx_word' id='word_1_183' title='bbox 639 2380 778 2452; x_wconf 89' lang='lat' dir='ltr'>quia</span> <span class='ocrx_word' id='word_1_184' title='bbox 819 2384 1123 2452; x_wconf 83' lang='lat' dir='ltr'>posuerunt</span> <span class='ocrx_word' id='word_1_185' title='bbox 1178 2381 1356 2452; x_wconf 86' lang='lat' dir='ltr'>signa,</span> <span class='ocrx_word' id='word_1_186' title='bbox 1409 2379 1688 2434; x_wconf 84' lang='lat' dir='ltr'>militaria</span> <span class='ocrx_word' id='word_1_187' title='bbox 1743 2378 2051 2443; x_wconf 87' lang='lat' dir='ltr'>subaudis,</span> 
     </span>
    </p>
   </div>
   <div class='ocr_carea' id='block_1_26' title="bbox 406 2467 2054 2541">
    <p class='ocr_par' dir='ltr' id='par_1_26' title="bbox 406 2467 2054 2541">
     <span class='ocr_line' id='line_1_26' title="bbox 406 2467 2054 2541; baseline -0.001 -19"><span class='ocrx_word' id='word_1_188' title='bbox 406 2470 574 2538; x_wconf 85' lang='lat' dir='ltr'>signa</span> <span class='ocrx_word' id='word_1_189' title='bbox 605 2468 735 2523; x_wconf 92' lang='lat' dir='ltr'>dico</span> <span class='ocrx_word' id='word_1_190' title='bbox 765 2485 866 2522; x_wconf 87' lang='lat' dir='ltr'>sua</span> <span class='ocrx_word' id='word_1_191' title='bbox 890 2472 1075 2540; x_wconf 79' lang='lat' dir='ltr'>signa.</span> <span class='ocrx_word' id='word_1_192' title='bbox 1110 2469 1288 2541; x_wconf 88' lang='lat' dir='ltr'>Signa</span> <span class='ocrx_word' id='word_1_193' title='bbox 1321 2469 1434 2524; x_wconf 89' lang='lat' dir='ltr'>ista</span> <span class='ocrx_word' id='word_1_194' title='bbox 1491 2485 1813 2540; x_wconf 89' lang='lat' dir='ltr'>possumus</span> <span class='ocrx_word' id='word_1_195' title='bbox 1863 2467 2054 2522; x_wconf 84' lang='lat' dir='ltr'>dicere</span> 
     </span>
    </p>
   </div>
   <div class='ocr_carea' id='block_1_27' title="bbox 411 2555 2050 2629">
    <p class='ocr_par' dir='ltr' id='par_1_27' title="bbox 411 2555 2050 2629">
     <span class='ocr_line' id='line_1_27' title="bbox 411 2555 2050 2629; baseline 0.001 -21"><span class='ocrx_word' id='word_1_196' title='bbox 411 2555 954 2624; x_wconf 87' lang='lat' dir='ltr'>aquilas,dracones</span> <span class='ocrx_word' id='word_1_197' title='bbox 965 2562 1286 2628; x_wconf 65' lang='lat' dir='ltr'>casteraque</span> <span class='ocrx_word' id='word_1_198' title='bbox 1299 2556 1806 2629; x_wconf 87' lang='lat' dir='ltr'>quibusexercitus</span> <span class='ocrx_word' id='word_1_199' title='bbox 1831 2556 2017 2610; x_wconf 83' lang='lat' dir='ltr'>Roma</span> <span class='ocrx_word' id='word_1_200' title='bbox 2029 2585 2050 2593; x_wconf 94' lang='lat'><strong>-</strong></span> 
     </span>
    </p>
   </div>
   <div class='ocr_carea' id='block_1_28' title="bbox 408 2644 2056 2716">
    <p class='ocr_par' dir='ltr' id='par_1_28' title="bbox 408 2644 2056 2716">
     <span class='ocr_line' id='line_1_28' title="bbox 408 2644 2056 2716; baseline 0 -19"><span class='ocrx_word' id='word_1_201' title='bbox 408 2659 620 2698; x_wconf 88' lang='lat' dir='ltr'>norum</span> <span class='ocrx_word' id='word_1_202' title='bbox 652 2644 736 2698; x_wconf 85' lang='lat' dir='ltr'>uti</span> <span class='ocrx_word' id='word_1_203' title='bbox 767 2644 989 2700; x_wconf 86' lang='lat' dir='ltr'>solebat</span> <span class='ocrx_word' id='word_1_204' title='bbox 1014 2645 1073 2699; x_wconf 88' lang='lat' dir='ltr'>in</span> <span class='ocrx_word' id='word_1_205' title='bbox 1097 2645 1295 2716; x_wconf 64' lang='lat' dir='ltr'>prmlio</span> <span class='ocrx_word' id='word_1_206' title='bbox 1330 2663 1342 2699; x_wconf 93' lang='lat'>:</span> <span class='ocrx_word' id='word_1_207' title='bbox 1375 2645 1465 2700; x_wconf 91' lang='lat' dir='ltr'>vel</span> <span class='ocrx_word' id='word_1_208' title='bbox 1523 2647 1679 2716; x_wconf 84' lang='lat' dir='ltr'>signa</span> <span class='ocrx_word' id='word_1_209' title='bbox 1733 2662 1853 2711; x_wconf 88' lang='lat' dir='ltr'>sua,</span> <span class='ocrx_word' id='word_1_210' title='bbox 1888 2645 2056 2716; x_wconf 91' lang='lat' dir='ltr'>signa</span> 
     </span>
    </p>
   </div>
   <div class='ocr_carea' id='block_1_29' title="bbox 406 2729 2056 2804">
    <p class='ocr_par' dir='ltr' id='par_1_29' title="bbox 406 2729 2056 2804">
     <span class='ocr_line' id='line_1_29' title="bbox 406 2729 2056 2804; baseline 0.001 -18"><span class='ocrx_word' id='word_1_211' title='bbox 406 2729 676 2786; x_wconf 87' lang='lat' dir='ltr'>videlicet</span> <span class='ocrx_word' id='word_1_212' title='bbox 706 2731 1076 2804; x_wconf 87' lang='lat' dir='ltr'>phantastica</span> <span class='ocrx_word' id='word_1_213' title='bbox 1105 2737 1162 2788; x_wconf 93' lang='lat' dir='ltr'>et</span> <span class='ocrx_word' id='word_1_214' title='bbox 1192 2735 1436 2788; x_wconf 89' lang='lat' dir='ltr'>deorum</span> <span class='ocrx_word' id='word_1_215' title='bbox 1476 2749 1743 2803; x_wconf 89' lang='lat' dir='ltr'>suorum,</span> <span class='ocrx_word' id='word_1_216' title='bbox 1777 2751 1810 2788; x_wconf 91' lang='lat' dir='ltr'>a</span> <span class='ocrx_word' id='word_1_217' title='bbox 1839 2732 2056 2804; x_wconf 89' lang='lat' dir='ltr'>quibus</span> 
     </span>
    </p>
   </div>
   <div class='ocr_carea' id='block_1_30' title="bbox 406 2820 2056 2893">
    <p class='ocr_par' dir='ltr' id='par_1_30' title="bbox 406 2820 2056 2893">
     <span class='ocr_line' id='line_1_30' title="bbox 406 2820 2056 2893; baseline 0 -17"><span class='ocrx_word' id='word_1_218' title='bbox 406 2835 758 2892; x_wconf 89' lang='lat' dir='ltr'>responsum</span> <span class='ocrx_word' id='word_1_219' title='bbox 790 2821 1034 2877; x_wconf 87' lang='lat' dir='ltr'>forsitan</span> <span class='ocrx_word' id='word_1_220' title='bbox 1068 2826 1407 2893; x_wconf 89' lang='lat' dir='ltr'>acceperant</span> <span class='ocrx_word' id='word_1_221' title='bbox 1437 2838 1498 2876; x_wconf 92' lang='lat' dir='ltr'>se</span> <span class='ocrx_word' id='word_1_222' title='bbox 1529 2820 1835 2877; x_wconf 91' lang='lat' dir='ltr'>habituros</span> <span class='ocrx_word' id='word_1_223' title='bbox 1875 2822 2056 2876; x_wconf 87' lang='lat' dir='ltr'>victo-</span> 
     </span>
    </p>
   </div>
   <div class='ocr_carea' id='block_1_31' title="bbox 404 2909 2053 2983">
    <p class='ocr_par' dir='ltr' id='par_1_31' title="bbox 404 2909 2053 2983">
     <span class='ocr_line' id='line_1_31' title="bbox 404 2909 2053 2983; baseline -0.001 -18"><span class='ocrx_word' id='word_1_224' title='bbox 404 2909 553 2966; x_wconf 86' lang='lat' dir='ltr'>riam</span> <span class='ocrx_word' id='word_1_225' title='bbox 589 2928 602 2978; x_wconf 90' lang='lat'><strong>;</strong></span> <span class='ocrx_word' id='word_1_226' title='bbox 637 2927 886 2982; x_wconf 88' lang='lat' dir='ltr'>quorum</span> <span class='ocrx_word' id='word_1_227' title='bbox 914 2910 1084 2982; x_wconf 91' lang='lat' dir='ltr'>signa</span> <span class='ocrx_word' id='word_1_228' title='bbox 1111 2915 1434 2983; x_wconf 91' lang='lat' dir='ltr'>posuerunt</span> <span class='ocrx_word' id='word_1_229' title='bbox 1461 2927 1628 2983; x_wconf 87' lang='lat' dir='ltr'>super</span> <span class='ocrx_word' id='word_1_230' title='bbox 1653 2927 1955 2982; x_wconf 84' lang='lat' dir='ltr'>summum,</span> <span class='ocrx_word' id='word_1_231' title='bbox 1995 2909 2053 2965; x_wconf 90' lang='lat' dir='ltr'>id</span> 
     </span>
    </p>
   </div>
   <div class='ocr_carea' id='block_1_32' title="bbox 409 2993 2086 3070">
    <p class='ocr_par' dir='ltr' id='par_1_32' title="bbox 409 2993 2086 3070">
     <span class='ocr_line' id='line_1_32' title="bbox 409 2993 2086 3070; baseline -0.001 -16"><span class='ocrx_word' id='word_1_232' title='bbox 409 3003 499 3054; x_wconf 88' lang='lat' dir='ltr'>est</span> <span class='ocrx_word' id='word_1_233' title='bbox 522 3014 702 3069; x_wconf 86' lang='lat' dir='ltr'>super</span> <span class='ocrx_word' id='word_1_234' title='bbox 730 2997 932 3070; x_wconf 89' lang='lat' dir='ltr'>templi</span> <span class='ocrx_word' id='word_1_235' title='bbox 955 2999 1528 3065; x_wconf 89' lang='lat' dir='ltr'>summitatem,sicut</span> <span class='ocrx_word' id='word_1_236' title='bbox 1554 3001 1614 3054; x_wconf 85' lang='lat' dir='ltr'>in</span> <span class='ocrx_word' id='word_1_237' title='bbox 1631 3001 1787 3054; x_wconf 86' lang='lat' dir='ltr'>exitu</span> <span class='ocrx_word' id='word_1_238' title='bbox 1806 2993 2052 3068; x_wconf 88' lang='lat' dir='ltr'>viarum,</span> <span class='ocrx_word' id='word_1_239' title='bbox 2077 3019 2086 3027; x_wconf 90' lang='grc'><strong>·</strong></span> 
     </span>
    </p>
   </div>
   <div class='ocr_carea' id='block_1_33' title="bbox 411 3087 2054 3159">
    <p class='ocr_par' dir='ltr' id='par_1_33' title="bbox 411 3087 2054 3159">
     <span class='ocr_line' id='line_1_33' title="bbox 411 3087 2054 3159; baseline -0.001 -16"><span class='ocrx_word' id='word_1_240' title='bbox 411 3087 718 3154; x_wconf 87' lang='lat' dir='ltr'>subaudis,</span> <span class='ocrx_word' id='word_1_241' title='bbox 751 3087 899 3143; x_wconf 85' lang='lat' dir='ltr'>solet</span> <span class='ocrx_word' id='word_1_242' title='bbox 922 3088 1068 3143; x_wconf 84' lang='lat' dir='ltr'>ﬁeri.</span> <span class='ocrx_word' id='word_1_243' title='bbox 1102 3093 1222 3144; x_wconf 87' lang='lat' dir='ltr'>Mos</span> <span class='ocrx_word' id='word_1_244' title='bbox 1253 3088 1407 3144; x_wconf 90' lang='lat' dir='ltr'>enim</span> <span class='ocrx_word' id='word_1_245' title='bbox 1445 3089 1552 3143; x_wconf 81' lang='lat' dir='ltr'>fuit</span> <span class='ocrx_word' id='word_1_246' title='bbox 1597 3087 1926 3159; x_wconf 88' lang='lat' dir='ltr'>antiquitus</span> <span class='ocrx_word' id='word_1_247' title='bbox 1969 3091 2054 3156; x_wconf 91' lang='lat' dir='ltr'>ut,</span> 
     </span>
    </p>
   </div>
   <div class='ocr_carea' id='block_1_34' title="bbox 412 3176 2054 3250">
    <p class='ocr_par' dir='ltr' id='par_1_34' title="bbox 412 3176 2054 3250">
     <span class='ocr_line' id='line_1_34' title="bbox 412 3176 2054 3250; baseline 0.001 -20"><span class='ocrx_word' id='word_1_248' title='bbox 412 3177 564 3232; x_wconf 82' lang='lat' dir='ltr'>facta</span> <span class='ocrx_word' id='word_1_249' title='bbox 589 3176 915 3243; x_wconf 88' lang='lat' dir='ltr'>victoria,in</span> <span class='ocrx_word' id='word_1_250' title='bbox 945 3177 1201 3233; x_wconf 91' lang='lat' dir='ltr'>editibus</span> <span class='ocrx_word' id='word_1_251' title='bbox 1229 3178 1455 3233; x_wconf 86' lang='lat' dir='ltr'>viarum</span> <span class='ocrx_word' id='word_1_252' title='bbox 1488 3178 1660 3250; x_wconf 90' lang='lat' dir='ltr'>signa</span> <span class='ocrx_word' id='word_1_253' title='bbox 1680 3181 2054 3248; x_wconf 87' lang='lat' dir='ltr'>ponerentur,</span> 
     </span>
    </p>
   </div>
   <div class='ocr_carea' id='block_1_35' title="bbox 2147 583 3803 666">
    <p class='ocr_par' dir='ltr' id='par_1_35' title="bbox 2147 583 3803 666">
     <span class='ocr_line' id='line_1_35' title="bbox 2147 583 3803 666; baseline -0.007 -19"><span class='ocrx_word' id='word_1_254' title='bbox 2147 593 2268 666; x_wconf 90' lang='lat' dir='ltr'>igni</span> <span class='ocrx_word' id='word_1_255' title='bbox 2302 598 2533 648; x_wconf 87' lang='lat' dir='ltr'>tantum</span> <span class='ocrx_word' id='word_1_256' title='bbox 2567 593 2961 649; x_wconf 88' lang='lat' dir='ltr'>comburenda</span> <span class='ocrx_word' id='word_1_257' title='bbox 2995 609 3007 658; x_wconf 93' lang='lat'><strong>;</strong></span> <span class='ocrx_word' id='word_1_258' title='bbox 3041 604 3158 660; x_wconf 93' lang='lat' dir='ltr'>quo</span> <span class='ocrx_word' id='word_1_259' title='bbox 3187 585 3348 642; x_wconf 87' lang='lat' dir='ltr'>dicit:</span> <span class='ocrx_word' id='word_1_260' title='bbox 3381 585 3543 655; x_wconf 87' lang='lat' dir='ltr'>quasi</span> <span class='ocrx_word' id='word_1_261' title='bbox 3569 584 3632 638; x_wconf 83' lang='lat' dir='ltr'>in</span> <span class='ocrx_word' id='word_1_262' title='bbox 3658 583 3803 637; x_wconf 79' lang='lat' dir='ltr'>silva</span> 
     </span>
    </p>
   </div>
   <div class='ocr_carea' id='block_1_36' title="bbox 2149 671 3802 754">
    <p class='ocr_par' dir='ltr' id='par_1_36' title="bbox 2149 671 3802 754">
     <span class='ocr_line' id='line_1_36' title="bbox 2149 671 3802 754; baseline -0.007 -18"><span class='ocrx_word' id='word_1_263' title='bbox 2149 684 2430 754; x_wconf 89' lang='lat' dir='ltr'>lignorum</span> <span class='ocrx_word' id='word_1_264' title='bbox 2485 684 2763 738; x_wconf 76' lang='lat' dir='ltr'>securibus</span> <span class='ocrx_word' id='word_1_265' title='bbox 2820 680 3114 737; x_wconf 83' lang='lat' dir='ltr'>cxiderunt</span> <span class='ocrx_word' id='word_1_266' title='bbox 3152 678 3364 748; x_wconf 87' lang='lat' dir='ltr'>januas</span> <span class='ocrx_word' id='word_1_267' title='bbox 3420 673 3540 745; x_wconf 80' lang='lat' dir='ltr'>ejus</span> <span class='ocrx_word' id='word_1_268' title='bbox 3597 674 3660 726; x_wconf 87' lang='lat' dir='ltr'>in</span> <span class='ocrx_word' id='word_1_269' title='bbox 3717 671 3802 726; x_wconf 84' lang='lat' dir='ltr'>id-</span> 
     </span>
    </p>
   </div>
   <div class='ocr_carea' id='block_1_37' title="bbox 2146 761 3804 844">
    <p class='ocr_par' dir='ltr' id='par_1_37' title="bbox 2146 761 3804 844">
     <span class='ocr_line' id='line_1_37' title="bbox 2146 761 3804 844; baseline -0.007 -17"><span class='ocrx_word' id='word_1_270' title='bbox 2146 773 2348 844; x_wconf 83' lang='lat' dir='ltr'>ipsum,</span> <span class='ocrx_word' id='word_1_271' title='bbox 2378 772 2436 827; x_wconf 89' lang='lat' dir='ltr'>id</span> <span class='ocrx_word' id='word_1_272' title='bbox 2470 772 2641 838; x_wconf 88' lang='lat' dir='ltr'>est,in</span> <span class='ocrx_word' id='word_1_273' title='bbox 2674 771 2940 828; x_wconf 86' lang='lat' dir='ltr'>eamdem</span> <span class='ocrx_word' id='word_1_274' title='bbox 2968 761 3765 824; x_wconf 65' lang='lat' dir='ltr'>voluntatemconvenientu</span> <span class='ocrx_word' id='word_1_275' title='bbox 3791 777 3804 815; x_wconf 78' lang='grc' dir='ltr'>ε</span> 
     </span>
    </p>
   </div>
   <div class='ocr_carea' id='block_1_38' title="bbox 2150 850 3804 932">
    <p class='ocr_par' dir='ltr' id='par_1_38' title="bbox 2150 850 3804 932">
     <span class='ocr_line' id='line_1_38' title="bbox 2150 850 3804 932; baseline -0.008 -16"><span class='ocrx_word' id='word_1_276' title='bbox 2150 863 2215 916; x_wconf 86' lang='lat' dir='ltr'>in</span> <span class='ocrx_word' id='word_1_277' title='bbox 2243 863 2433 917; x_wconf 84' lang='lat' dir='ltr'>securi</span> <span class='ocrx_word' id='word_1_278' title='bbox 2459 866 2513 916; x_wconf 85' lang='lat' dir='ltr'>et</span> <span class='ocrx_word' id='word_1_279' title='bbox 2540 862 2688 916; x_wconf 81' lang='lat' dir='ltr'>ascia</span> <span class='ocrx_word' id='word_1_280' title='bbox 2719 861 3030 932; x_wconf 86' lang='lat' dir='ltr'>dejecerunt</span> <span class='ocrx_word' id='word_1_281' title='bbox 3068 873 3210 921; x_wconf 90' lang='lat' dir='ltr'>eam,</span> <span class='ocrx_word' id='word_1_282' title='bbox 3271 854 3459 925; x_wconf 81' lang='lat' dir='ltr'>ipsam</span> <span class='ocrx_word' id='word_1_283' title='bbox 3507 850 3804 906; x_wconf 83' lang='lat' dir='ltr'>civitatem</span> 
     </span>
    </p>
   </div>
   <div class='ocr_carea' id='block_1_39' title="bbox 2150 939 3810 1006">
    <p class='ocr_par' dir='ltr' id='par_1_39' title="bbox 2150 939 3810 1006">
     <span class='ocr_line' id='line_1_39' title="bbox 2150 939 3810 1006; baseline -0.005 -3"><span class='ocrx_word' id='word_1_284' title='bbox 2150 949 2438 1006; x_wconf 87' lang='lat' dir='ltr'>videlicet.</span> <span class='ocrx_word' id='word_1_285' title='bbox 2474 949 2580 1004; x_wconf 88' lang='lat' dir='ltr'>Per</span> <span class='ocrx_word' id='word_1_286' title='bbox 2611 949 2862 1004; x_wconf 85' lang='lat' dir='ltr'>securim</span> <span class='ocrx_word' id='word_1_287' title='bbox 2896 952 2954 1003; x_wconf 87' lang='lat' dir='ltr'>et</span> <span class='ocrx_word' id='word_1_288' title='bbox 2994 945 3212 1001; x_wconf 86' lang='lat' dir='ltr'>asciam</span> <span class='ocrx_word' id='word_1_289' title='bbox 3270 945 3549 998; x_wconf 82' lang='lat' dir='ltr'>notantur</span> <span class='ocrx_word' id='word_1_290' title='bbox 3604 939 3810 994; x_wconf 81' lang='lat' dir='ltr'>omnia</span> 
     </span>
    </p>
   </div>
   <div class='ocr_carea' id='block_1_40' title="bbox 2153 1028 3809 1112">
    <p class='ocr_par' dir='ltr' id='par_1_40' title="bbox 2153 1028 3809 1112">
     <span class='ocr_line' id='line_1_40' title="bbox 2153 1028 3809 1112; baseline -0.007 -18"><span class='ocrx_word' id='word_1_291' title='bbox 2153 1057 2367 1112; x_wconf 86' lang='lat' dir='ltr'>genera</span> <span class='ocrx_word' id='word_1_292' title='bbox 2381 1039 2915 1094; x_wconf 84' lang='lat' dir='ltr'>instrumentorum</span> <span class='ocrx_word' id='word_1_293' title='bbox 2931 1035 3149 1108; x_wconf 89' lang='lat' dir='ltr'>quibus</span> <span class='ocrx_word' id='word_1_294' title='bbox 3163 1031 3276 1104; x_wconf 89' lang='lat' dir='ltr'>ipsi</span> <span class='ocrx_word' id='word_1_295' title='bbox 3291 1028 3540 1086; x_wconf 81' lang='lat' dir='ltr'>Romani</span> <span class='ocrx_word' id='word_1_296' title='bbox 3557 1028 3809 1084; x_wconf 43' lang='lat' dir='ltr'>usi&#39;sunt</span> 
     </span>
    </p>
   </div>
   <div class='ocr_carea' id='block_1_41' title="bbox 2152 1121 3810 1189">
    <p class='ocr_par' dir='ltr' id='par_1_41' title="bbox 2152 1121 3810 1189">
     <span class='ocr_line' id='line_1_41' title="bbox 2152 1121 3810 1189; baseline -0.006 -7"><span class='ocrx_word' id='word_1_297' title='bbox 2152 1129 2208 1183; x_wconf 91' lang='lat' dir='ltr'>in</span> <span class='ocrx_word' id='word_1_298' title='bbox 2243 1129 2638 1184; x_wconf 89' lang='lat' dir='ltr'>destructione</span> <span class='ocrx_word' id='word_1_299' title='bbox 2669 1127 2939 1183; x_wconf 83' lang='lat' dir='ltr'>civitatis.</span> <span class='ocrx_word' id='word_1_300' title='bbox 2973 1123 3332 1181; x_wconf 84' lang='lat' dir='ltr'>Incenderunt</span> <span class='ocrx_word' id='word_1_301' title='bbox 3384 1121 3507 1189; x_wconf 84' lang='lat' dir='ltr'>igni</span> <span class='ocrx_word' id='word_1_302' title='bbox 3532 1121 3810 1180; x_wconf 66' lang='lat' dir='ltr'>{sanctua-</span> 
     </span>
    </p>
   </div>
   <div class='ocr_carea' id='block_1_42' title="bbox 2153 1206 3809 1279">
    <p class='ocr_par' dir='ltr' id='par_1_42' title="bbox 2153 1206 3809 1279">
     <span class='ocr_line' id='line_1_42' title="bbox 2153 1206 3809 1279; baseline -0.008 -5"><span class='ocrx_word' id='word_1_303' title='bbox 2153 1221 2302 1274; x_wconf 85' lang='lat' dir='ltr'>rinm</span> <span class='ocrx_word' id='word_1_304' title='bbox 2324 1221 2482 1273; x_wconf 86' lang='lat' dir='ltr'>tuum</span> <span class='ocrx_word' id='word_1_305' title='bbox 2518 1235 2538 1279; x_wconf 86' lang='lat'><strong><em>;</em></strong></span> <span class='ocrx_word' id='word_1_306' title='bbox 2567 1217 2950 1273; x_wconf 72' lang='lat' dir='ltr'>seminarium</span> <span class='ocrx_word' id='word_1_307' title='bbox 2981 1214 3132 1278; x_wconf 88' lang='lat' dir='ltr'>dico,</span> <span class='ocrx_word' id='word_1_308' title='bbox 3165 1210 3358 1266; x_wconf 84' lang='lat' dir='ltr'>solum</span> <span class='ocrx_word' id='word_1_309' title='bbox 3399 1211 3465 1265; x_wconf 78' lang='lat' dir='ltr'>in</span> <span class='ocrx_word' id='word_1_310' title='bbox 3502 1212 3655 1263; x_wconf 83' lang='lat' dir='ltr'>terra</span> <span class='ocrx_word' id='word_1_311' title='bbox 3707 1206 3809 1262; x_wconf 80' lang='lat' dir='ltr'>illa</span> 
     </span>
    </p>
   </div>
   <div class='ocr_carea' id='block_1_43' title="bbox 2155 1298 3809 1369">
    <p class='ocr_par' dir='ltr' id='par_1_43' title="bbox 2155 1298 3809 1369">
     <span class='ocr_line' id='line_1_43' title="bbox 2155 1298 3809 1369; baseline -0.005 -7"><span class='ocrx_word' id='word_1_312' title='bbox 2155 1309 2397 1364; x_wconf 87' lang='lat' dir='ltr'>factum.</span> <span class='ocrx_word' id='word_1_313' title='bbox 2435 1308 2764 1363; x_wconf 77' lang='lat' dir='ltr'>Polluerunt</span> <span class='ocrx_word' id='word_1_314' title='bbox 2792 1303 3210 1361; x_wconf 79' lang='lat' dir='ltr'>tabernaculum</span> <span class='ocrx_word' id='word_1_315' title='bbox 3253 1300 3496 1354; x_wconf 83' lang='lat' dir='ltr'>nominis</span> <span class='ocrx_word' id='word_1_316' title='bbox 3522 1299 3633 1366; x_wconf 81' lang='lat' dir='ltr'>tui,</span> <span class='ocrx_word' id='word_1_317' title='bbox 3667 1298 3809 1369; x_wconf 77' lang='lat' dir='ltr'>quia</span> 
     </span>
    </p>
   </div>
   <div class='ocr_carea' id='block_1_44' title="bbox 2154 1389 3807 1466">
    <p class='ocr_par' dir='ltr' id='par_1_44' title="bbox 2154 1389 3807 1466">
     <span class='ocr_line' id='line_1_44' title="bbox 2154 1389 3807 1466; baseline -0.007 -14"><span class='ocrx_word' id='word_1_318' title='bbox 2154 1397 2212 1452; x_wconf 94' lang='lat' dir='ltr'>in</span> <span class='ocrx_word' id='word_1_319' title='bbox 2230 1396 2604 1452; x_wconf 87' lang='lat' dir='ltr'>tabernaculo</span> <span class='ocrx_word' id='word_1_320' title='bbox 2635 1396 2790 1466; x_wconf 92' lang='lat' dir='ltr'>quod</span> <span class='ocrx_word' id='word_1_321' title='bbox 2826 1393 3063 1449; x_wconf 91' lang='lat' dir='ltr'>nomine</span> <span class='ocrx_word' id='word_1_322' title='bbox 3097 1397 3198 1446; x_wconf 90' lang='lat' dir='ltr'>tuo</span> <span class='ocrx_word' id='word_1_323' title='bbox 3235 1389 3343 1445; x_wconf 81' lang='lat' dir='ltr'>fuit</span> <span class='ocrx_word' id='word_1_324' title='bbox 3369 1391 3807 1454; x_wconf 81' lang='lat' dir='ltr'>consecratum,</span> 
     </span>
    </p>
   </div>
   <div class='ocr_carea' id='block_1_45' title="bbox 2160 1475 3810 1556">
    <p class='ocr_par' dir='ltr' id='par_1_45' title="bbox 2160 1475 3810 1556">
     <span class='ocr_line' id='line_1_45' title="bbox 2160 1475 3810 1556; baseline -0.005 -16"><span class='ocrx_word' id='word_1_325' title='bbox 2160 1487 2423 1542; x_wconf 86' lang='lat' dir='ltr'>fecerunt</span> <span class='ocrx_word' id='word_1_326' title='bbox 2469 1500 2754 1556; x_wconf 91' lang='lat' dir='ltr'>equorum</span> <span class='ocrx_word' id='word_1_327' title='bbox 2796 1481 3094 1538; x_wconf 85' lang='lat' dir='ltr'>stabulum</span> <span class='ocrx_word' id='word_1_328' title='bbox 3129 1498 3142 1548; x_wconf 89' lang='lat'><strong>;</strong></span> <span class='ocrx_word' id='word_1_329' title='bbox 3176 1484 3235 1534; x_wconf 89' lang='lat' dir='ltr'>et</span> <span class='ocrx_word' id='word_1_330' title='bbox 3288 1479 3581 1544; x_wconf 76' lang='lat' dir='ltr'>dixerunt,</span> <span class='ocrx_word' id='word_1_331' title='bbox 3618 1475 3674 1530; x_wconf 87' lang='lat' dir='ltr'>id</span> <span class='ocrx_word' id='word_1_332' title='bbox 3718 1480 3810 1532; x_wconf 68' lang='lat' dir='ltr'>est</span> 
     </span>
    </p>
   </div>
   <div class='ocr_carea' id='block_1_46' title="bbox 2159 1567 3812 1646">
    <p class='ocr_par' dir='ltr' id='par_1_46' title="bbox 2159 1567 3812 1646">
     <span class='ocr_line' id='line_1_46' title="bbox 2159 1567 3812 1646; baseline -0.007 -14"><span class='ocrx_word' id='word_1_333' title='bbox 2159 1580 2512 1646; x_wconf 88' lang='lat' dir='ltr'>statuerunt,</span> <span class='ocrx_word' id='word_1_334' title='bbox 2536 1577 2597 1630; x_wconf 87' lang='lat' dir='ltr'>in</span> <span class='ocrx_word' id='word_1_335' title='bbox 2643 1573 2799 1630; x_wconf 86' lang='lat' dir='ltr'>corde</span> <span class='ocrx_word' id='word_1_336' title='bbox 2825 1587 2943 1628; x_wconf 86' lang='lat' dir='ltr'>suo.</span> <span class='ocrx_word' id='word_1_337' title='bbox 2977 1574 3034 1626; x_wconf 91' lang='lat' dir='ltr'>et</span> <span class='ocrx_word' id='word_1_338' title='bbox 3074 1584 3280 1626; x_wconf 90' lang='lat' dir='ltr'>omnes</span> <span class='ocrx_word' id='word_1_339' title='bbox 3327 1567 3587 1639; x_wconf 74' lang='lat' dir='ltr'>cognatio</span> <span class='ocrx_word' id='word_1_340' title='bbox 3618 1581 3812 1621; x_wconf 67' lang='lat' dir='ltr'>eorum</span> 
     </span>
    </p>
   </div>
   <div class='ocr_carea' id='block_1_47' title="bbox 2158 1655 3902 1723">
    <p class='ocr_par' dir='ltr' id='par_1_47' title="bbox 2158 1655 3902 1723">
     <span class='ocr_line' id='line_1_47' title="bbox 2158 1655 3902 1723; baseline -0.006 -4"><span class='ocrx_word' id='word_1_341' title='bbox 2158 1666 2326 1719; x_wconf 76' lang='lat' dir='ltr'>simul</span> <span class='ocrx_word' id='word_1_342' title='bbox 2383 1679 2519 1718; x_wconf 91' lang='lat' dir='ltr'>cum</span> <span class='ocrx_word' id='word_1_343' title='bbox 2587 1661 2705 1719; x_wconf 90' lang='lat' dir='ltr'>illis</span> <span class='ocrx_word' id='word_1_344' title='bbox 2761 1662 3206 1723; x_wconf 88' lang='lat' dir='ltr'>consenserunt,</span> <span class='ocrx_word' id='word_1_345' title='bbox 3273 1657 3430 1712; x_wconf 85' lang='lat' dir='ltr'>istud</span> <span class='ocrx_word' id='word_1_346' title='bbox 3496 1655 3810 1710; x_wconf 83' lang='lat' dir='ltr'>dicentes:</span> <span class='ocrx_word' id='word_1_347' title='bbox 3899 1669 3902 1672; x_wconf 73' lang='grc'><strong>’</strong></span> 
     </span>
    </p>
   </div>
   <div class='ocr_carea' id='block_1_48' title="bbox 2161 1743 3813 1824">
    <p class='ocr_par' dir='ltr' id='par_1_48' title="bbox 2161 1743 3813 1824">
     <span class='ocr_line' id='line_1_48' title="bbox 2161 1743 3813 1824; baseline -0.006 -15"><span class='ocrx_word' id='word_1_348' title='bbox 2161 1757 2450 1822; x_wconf 77' lang='lat' dir='ltr'>Quiescere</span> <span class='ocrx_word' id='word_1_349' title='bbox 2506 1752 2774 1824; x_wconf 73' lang='lat' dir='ltr'>faciamus</span> <span class='ocrx_word' id='word_1_350' title='bbox 2801 1750 2915 1805; x_wconf 87' lang='lat' dir='ltr'>dies</span> <span class='ocrx_word' id='word_1_351' title='bbox 2959 1751 3124 1819; x_wconf 81' lang='lat' dir='ltr'>festos</span> <span class='ocrx_word' id='word_1_352' title='bbox 3172 1748 3270 1802; x_wconf 85' lang='lat' dir='ltr'>Dei</span> <span class='ocrx_word' id='word_1_353' title='bbox 3316 1763 3349 1800; x_wconf 87' lang='lat' dir='ltr'>a</span> <span class='ocrx_word' id='word_1_354' title='bbox 3394 1749 3570 1815; x_wconf 81' lang='lat' dir='ltr'>terra,</span> <span class='ocrx_word' id='word_1_355' title='bbox 3615 1743 3813 1816; x_wconf 78' lang='lat' dir='ltr'>expel-</span> 
     </span>
    </p>
   </div>
   <div class='ocr_carea' id='block_1_49' title="bbox 2158 1833 3815 1910">
    <p class='ocr_par' dir='ltr' id='par_1_49' title="bbox 2158 1833 3815 1910">
     <span class='ocr_line' id='line_1_49' title="bbox 2158 1833 3815 1910; baseline -0.004 -13"><span class='ocrx_word' id='word_1_356' title='bbox 2158 1843 2328 1898; x_wconf 90' lang='lat' dir='ltr'>lendo</span> <span class='ocrx_word' id='word_1_357' title='bbox 2359 1857 2458 1896; x_wconf 90' lang='lat' dir='ltr'>eos</span> <span class='ocrx_word' id='word_1_358' title='bbox 2487 1839 2755 1896; x_wconf 88' lang='lat' dir='ltr'>videlicet</span> <span class='ocrx_word' id='word_1_359' title='bbox 2783 1854 2967 1895; x_wconf 85' lang='lat' dir='ltr'>omnes</span> <span class='ocrx_word' id='word_1_360' title='bbox 2991 1837 3092 1910; x_wconf 91' lang='lat' dir='ltr'>qui</span> <span class='ocrx_word' id='word_1_361' title='bbox 3122 1836 3182 1890; x_wconf 92' lang='lat' dir='ltr'>in</span> <span class='ocrx_word' id='word_1_362' title='bbox 3214 1850 3321 1890; x_wconf 89' lang='lat' dir='ltr'>suo</span> <span class='ocrx_word' id='word_1_363' title='bbox 3354 1833 3579 1889; x_wconf 90' lang='lat' dir='ltr'>nomini</span> <span class='ocrx_word' id='word_1_364' title='bbox 3606 1833 3815 1890; x_wconf 77' lang='lat' dir='ltr'>sabba-</span> 
     </span>
    </p>
   </div>
   <div class='ocr_carea' id='block_1_50' title="bbox 2158 1925 3815 2000">
    <p class='ocr_par' dir='ltr' id='par_1_50' title="bbox 2158 1925 3815 2000">
     <span class='ocr_line' id='line_1_50' title="bbox 2158 1925 3815 2000; baseline -0.007 -12"><span class='ocrx_word' id='word_1_365' title='bbox 2158 1933 2341 1988; x_wconf 88' lang='lat' dir='ltr'>tizant</span> <span class='ocrx_word' id='word_1_366' title='bbox 2373 1949 2383 1998; x_wconf 95' lang='lat'><strong>;</strong></span> <span class='ocrx_word' id='word_1_367' title='bbox 2419 1934 2474 1985; x_wconf 90' lang='lat' dir='ltr'>et</span> <span class='ocrx_word' id='word_1_368' title='bbox 2504 1929 2613 1984; x_wconf 86' lang='lat' dir='ltr'>hoc</span> <span class='ocrx_word' id='word_1_369' title='bbox 2647 1929 2853 1984; x_wconf 90' lang='lat' dir='ltr'>merito</span> <span class='ocrx_word' id='word_1_370' title='bbox 2884 1927 3142 2000; x_wconf 84' lang='lat' dir='ltr'>patimur</span> <span class='ocrx_word' id='word_1_371' title='bbox 3163 1925 3264 1996; x_wconf 91' lang='lat' dir='ltr'>qui</span> <span class='ocrx_word' id='word_1_372' title='bbox 3294 1926 3454 1995; x_wconf 83' lang='lat' dir='ltr'>signa</span> <span class='ocrx_word' id='word_1_373' title='bbox 3480 1931 3672 1979; x_wconf 76' lang='lat' dir='ltr'>nostra</span> <span class='ocrx_word' id='word_1_374' title='bbox 3703 1939 3815 1979; x_wconf 77' lang='lat' dir='ltr'>non</span> 
     </span>
    </p>
   </div>
   <div class='ocr_carea' id='block_1_51' title="bbox 2158 2013 3815 2089">
    <p class='ocr_par' dir='ltr' id='par_1_51' title="bbox 2158 2013 3815 2089">
     <span class='ocr_line' id='line_1_51' title="bbox 2158 2013 3815 2089; baseline -0.005 -11"><span class='ocrx_word' id='word_1_375' title='bbox 2158 2022 2418 2078; x_wconf 85' lang='lat' dir='ltr'>vidimus.</span> <span class='ocrx_word' id='word_1_376' title='bbox 2453 2020 2721 2075; x_wconf 87' lang='lat' dir='ltr'>Ostendit</span> <span class='ocrx_word' id='word_1_377' title='bbox 2747 2019 2842 2073; x_wconf 90' lang='lat' dir='ltr'>hie</span> <span class='ocrx_word' id='word_1_378' title='bbox 2873 2017 3067 2089; x_wconf 84' lang='lat' dir='ltr'>Asaph</span> <span class='ocrx_word' id='word_1_379' title='bbox 3094 2016 3328 2071; x_wconf 65' lang='lat' dir='ltr'>Judaeos</span> <span class='ocrx_word' id='word_1_380' title='bbox 3381 2013 3590 2068; x_wconf 85' lang='lat' dir='ltr'>merito</span> <span class='ocrx_word' id='word_1_381' title='bbox 3633 2013 3815 2070; x_wconf 79' lang='lat' dir='ltr'>fuisse</span> 
     </span>
    </p>
   </div>
   <div class='ocr_carea' id='block_1_52' title="bbox 2161 2103 3814 2182">
    <p class='ocr_par' dir='ltr' id='par_1_52' title="bbox 2161 2103 3814 2182">
     <span class='ocr_line' id='line_1_52' title="bbox 2161 2103 3814 2182; baseline -0.005 -14"><span class='ocrx_word' id='word_1_382' title='bbox 2161 2110 2301 2168; x_wconf 81' lang='lat' dir='ltr'>talia</span> <span class='ocrx_word' id='word_1_383' title='bbox 2330 2125 2556 2182; x_wconf 84' lang='lat' dir='ltr'>passos,</span> <span class='ocrx_word' id='word_1_384' title='bbox 2591 2109 2729 2181; x_wconf 87' lang='lat' dir='ltr'>quia</span> <span class='ocrx_word' id='word_1_385' title='bbox 2767 2108 2936 2180; x_wconf 88' lang='lat' dir='ltr'>signa</span> <span class='ocrx_word' id='word_1_386' title='bbox 2957 2122 3082 2178; x_wconf 69' lang='lat' dir='ltr'>qua:</span> <span class='ocrx_word' id='word_1_387' title='bbox 3114 2103 3814 2176; x_wconf 72' lang='lat' dir='ltr'>annuntiabantimpleta</span> 
     </span>
    </p>
   </div>
   <div class='ocr_carea' id='block_1_53' title="bbox 2163 2191 3812 2272">
    <p class='ocr_par' dir='ltr' id='par_1_53' title="bbox 2163 2191 3812 2272">
     <span class='ocr_line' id='line_1_53' title="bbox 2163 2191 3812 2272; baseline -0.005 -16"><span class='ocrx_word' id='word_1_388' title='bbox 2163 2216 2291 2256; x_wconf 89' lang='lat' dir='ltr'>esse</span> <span class='ocrx_word' id='word_1_389' title='bbox 2324 2217 2451 2272; x_wconf 79' lang='lat' dir='ltr'>quae</span> <span class='ocrx_word' id='word_1_390' title='bbox 2510 2197 3006 2270; x_wconf 83' lang='lat' dir='ltr'>promittebantur</span> <span class='ocrx_word' id='word_1_391' title='bbox 3062 2207 3410 2266; x_wconf 87' lang='lat' dir='ltr'>cognoscere</span> <span class='ocrx_word' id='word_1_392' title='bbox 3455 2191 3812 2260; x_wconf 87' lang='lat' dir='ltr'>noluerunt;</span> 
     </span>
    </p>
   </div>
   <div class='ocr_carea' id='block_1_54' title="bbox 2164 2281 3815 2361">
    <p class='ocr_par' dir='ltr' id='par_1_54' title="bbox 2164 2281 3815 2361">
     <span class='ocr_line' id='line_1_54' title="bbox 2164 2281 3815 2361; baseline -0.004 -16"><span class='ocrx_word' id='word_1_393' title='bbox 2164 2290 2319 2361; x_wconf 90' lang='lat' dir='ltr'>quod</span> <span class='ocrx_word' id='word_1_394' title='bbox 2351 2288 2435 2344; x_wconf 89' lang='lat' dir='ltr'>sic</span> <span class='ocrx_word' id='word_1_395' title='bbox 2465 2288 2610 2343; x_wconf 88' lang='lat' dir='ltr'>dicit</span> <span class='ocrx_word' id='word_1_396' title='bbox 2644 2306 2656 2342; x_wconf 92' lang='lat'>:</span> <span class='ocrx_word' id='word_1_397' title='bbox 2683 2287 2862 2356; x_wconf 88' lang='lat' dir='ltr'>Signa</span> <span class='ocrx_word' id='word_1_398' title='bbox 2891 2289 3080 2340; x_wconf 87' lang='lat' dir='ltr'>nostra</span> <span class='ocrx_word' id='word_1_399' title='bbox 3108 2299 3221 2338; x_wconf 86' lang='lat' dir='ltr'>non</span> <span class='ocrx_word' id='word_1_400' title='bbox 3251 2281 3511 2336; x_wconf 75' lang='lat' dir='ltr'>vidimus.</span> <span class='ocrx_word' id='word_1_401' title='bbox 3543 2281 3815 2338; x_wconf 85' lang='lat' dir='ltr'>Vidimus</span> 
     </span>
    </p>
   </div>
   <div class='ocr_carea' id='block_1_55' title="bbox 2164 2371 3818 2452">
    <p class='ocr_par' dir='ltr' id='par_1_55' title="bbox 2164 2371 3818 2452">
     <span class='ocr_line' id='line_1_55' title="bbox 2164 2371 3818 2452; baseline -0.005 -17"><span class='ocrx_word' id='word_1_402' title='bbox 2164 2381 2389 2452; x_wconf 90' lang='lat' dir='ltr'>utique.</span> <span class='ocrx_word' id='word_1_403' title='bbox 2413 2381 2560 2433; x_wconf 89' lang='lat' dir='ltr'>Nam</span> <span class='ocrx_word' id='word_1_404' title='bbox 2585 2378 2707 2448; x_wconf 80' lang='lat' dir='ltr'>jam</span> <span class='ocrx_word' id='word_1_405' title='bbox 2733 2391 2846 2430; x_wconf 88' lang='lat' dir='ltr'>non</span> <span class='ocrx_word' id='word_1_406' title='bbox 2874 2383 2954 2430; x_wconf 88' lang='lat' dir='ltr'>est</span> <span class='ocrx_word' id='word_1_407' title='bbox 2979 2373 3252 2446; x_wconf 80' lang='lat' dir='ltr'>propheta</span> <span class='ocrx_word' id='word_1_408' title='bbox 3286 2389 3298 2438; x_wconf 97' lang='lat'>;</span> <span class='ocrx_word' id='word_1_409' title='bbox 3340 2371 3494 2442; x_wconf 86' lang='lat' dir='ltr'>quod</span> <span class='ocrx_word' id='word_1_410' title='bbox 3526 2372 3703 2427; x_wconf 88' lang='lat' dir='ltr'>nobis</span> <span class='ocrx_word' id='word_1_411' title='bbox 3731 2375 3818 2427; x_wconf 79' lang='lat' dir='ltr'>est</span> 
     </span>
    </p>
   </div>
   <div class='ocr_carea' id='block_1_56' title="bbox 2164 2460 3814 2542">
    <p class='ocr_par' dir='ltr' id='par_1_56' title="bbox 2164 2460 3814 2542">
     <span class='ocr_line' id='line_1_56' title="bbox 2164 2460 3814 2542; baseline -0.004 -19"><span class='ocrx_word' id='word_1_412' title='bbox 2164 2469 2398 2542; x_wconf 90' lang='lat' dir='ltr'>signum</span> <span class='ocrx_word' id='word_1_413' title='bbox 2431 2483 2564 2522; x_wconf 90' lang='lat' dir='ltr'>eum</span> <span class='ocrx_word' id='word_1_414' title='bbox 2597 2464 2846 2533; x_wconf 87' lang='lat' dir='ltr'>venisse,</span> <span class='ocrx_word' id='word_1_415' title='bbox 2881 2464 3019 2536; x_wconf 88' lang='lat' dir='ltr'>quia</span> <span class='ocrx_word' id='word_1_416' title='bbox 3035 2462 3451 2535; x_wconf 88' lang='lat' dir='ltr'>prepbetatum</span> <span class='ocrx_word' id='word_1_417' title='bbox 3471 2460 3583 2515; x_wconf 84' lang='lat' dir='ltr'>fuit</span> <span class='ocrx_word' id='word_1_418' title='bbox 3616 2476 3629 2514; x_wconf 89' lang='lat'>:</span> <span class='ocrx_word' id='word_1_419' title='bbox 3667 2463 3814 2517; x_wconf 86' lang='lat' dir='ltr'>Cum</span> 
     </span>
    </p>
   </div>
   <div class='ocr_carea' id='block_1_57' title="bbox 2164 2549 3815 2621">
    <p class='ocr_par' dir='ltr' id='par_1_57' title="bbox 2164 2549 3815 2621">
     <span class='ocr_line' id='line_1_57' title="bbox 2164 2549 3815 2621; baseline -0.005 -9"><span class='ocrx_word' id='word_1_420' title='bbox 2164 2557 2382 2613; x_wconf 88' lang='lat' dir='ltr'>venerit</span> <span class='ocrx_word' id='word_1_421' title='bbox 2412 2559 2651 2612; x_wconf 88' lang='lat' dir='ltr'>sanctus</span> <span class='ocrx_word' id='word_1_422' title='bbox 2684 2551 3304 2619; x_wconf 86' lang='lat' dir='ltr'>sanctorum,cessabit</span> <span class='ocrx_word' id='word_1_423' title='bbox 3325 2549 3526 2605; x_wconf 85' lang='lat' dir='ltr'>unctio</span> <span class='ocrx_word' id='word_1_424' title='bbox 3546 2551 3815 2621; x_wconf 66' lang='lat' dir='ltr'>(Damni).</span> 
     </span>
    </p>
   </div>
   <div class='ocr_carea' id='block_1_58' title="bbox 2167 2637 3819 2714">
    <p class='ocr_par' dir='ltr' id='par_1_58' title="bbox 2167 2637 3819 2714">
     <span class='ocr_line' id='line_1_58' title="bbox 2167 2637 3819 2714; baseline -0.005 -12"><span class='ocrx_word' id='word_1_425' title='bbox 2167 2649 2230 2702; x_wconf 82' lang='lat' dir='ltr'>Et</span> <span class='ocrx_word' id='word_1_426' title='bbox 2258 2663 2356 2701; x_wconf 89' lang='lat' dir='ltr'>nos</span> <span class='ocrx_word' id='word_1_427' title='bbox 2385 2661 2494 2700; x_wconf 84' lang='lat' dir='ltr'>non</span> <span class='ocrx_word' id='word_1_428' title='bbox 2523 2647 2809 2713; x_wconf 81' lang='lat' dir='ltr'>cognoscet</span> <span class='ocrx_word' id='word_1_429' title='bbox 2836 2642 3098 2714; x_wconf 87' lang='lat' dir='ltr'>amplius.</span> <span class='ocrx_word' id='word_1_430' title='bbox 3152 2637 3329 2706; x_wconf 87' lang='lat' dir='ltr'>Quasi</span> <span class='ocrx_word' id='word_1_431' title='bbox 3381 2638 3539 2694; x_wconf 87' lang='lat' dir='ltr'>dicat</span> <span class='ocrx_word' id='word_1_432' title='bbox 3569 2656 3582 2695; x_wconf 90' lang='lat'>:</span> <span class='ocrx_word' id='word_1_433' title='bbox 3617 2641 3819 2696; x_wconf 55' lang='lat' dir='ltr'>Diceae-</span> 
     </span>
    </p>
   </div>
   <div class='ocr_carea' id='block_1_59' title="bbox 2167 2729 3818 2804">
    <p class='ocr_par' dir='ltr' id='par_1_59' title="bbox 2167 2729 3818 2804">
     <span class='ocr_line' id='line_1_59' title="bbox 2167 2729 3818 2804; baseline -0.004 -14"><span class='ocrx_word' id='word_1_434' title='bbox 2167 2737 2309 2790; x_wconf 92' lang='lat' dir='ltr'>dum</span> <span class='ocrx_word' id='word_1_435' title='bbox 2342 2738 2432 2789; x_wconf 90' lang='lat' dir='ltr'>est</span> <span class='ocrx_word' id='word_1_436' title='bbox 2461 2733 2598 2804; x_wconf 89' lang='lat' dir='ltr'>quia</span> <span class='ocrx_word' id='word_1_437' title='bbox 2629 2749 2744 2788; x_wconf 89' lang='lat' dir='ltr'>non</span> <span class='ocrx_word' id='word_1_438' title='bbox 2774 2730 2965 2787; x_wconf 85' lang='lat' dir='ltr'>veniet</span> <span class='ocrx_word' id='word_1_439' title='bbox 3018 2730 3295 2802; x_wconf 88' lang='lat' dir='ltr'>amplius.</span> <span class='ocrx_word' id='word_1_440' title='bbox 3349 2729 3557 2786; x_wconf 85' lang='lat' dir='ltr'>Veniet</span> <span class='ocrx_word' id='word_1_441' title='bbox 3590 2731 3818 2802; x_wconf 82' lang='lat' dir='ltr'>utique,</span> 
     </span>
    </p>
   </div>
   <div class='ocr_carea' id='block_1_60' title="bbox 2167 2819 3818 2893">
    <p class='ocr_par' dir='ltr' id='par_1_60' title="bbox 2167 2819 3818 2893">
     <span class='ocr_line' id='line_1_60' title="bbox 2167 2819 3818 2893; baseline -0.002 -15"><span class='ocrx_word' id='word_1_442' title='bbox 2167 2824 2266 2878; x_wconf 89' lang='lat' dir='ltr'>sed</span> <span class='ocrx_word' id='word_1_443' title='bbox 2293 2839 2406 2878; x_wconf 91' lang='lat' dir='ltr'>non</span> <span class='ocrx_word' id='word_1_444' title='bbox 2420 2822 2612 2877; x_wconf 89' lang='lat' dir='ltr'>veniet</span> <span class='ocrx_word' id='word_1_445' title='bbox 2632 2838 2697 2876; x_wconf 90' lang='lat' dir='ltr'>eo</span> <span class='ocrx_word' id='word_1_446' title='bbox 2716 2820 2890 2876; x_wconf 91' lang='lat' dir='ltr'>modo</span> <span class='ocrx_word' id='word_1_447' title='bbox 2913 2821 3067 2892; x_wconf 92' lang='lat' dir='ltr'>quod</span> <span class='ocrx_word' id='word_1_448' title='bbox 3094 2821 3258 2893; x_wconf 87' lang='lat' dir='ltr'>prius</span> <span class='ocrx_word' id='word_1_449' title='bbox 3282 2820 3640 2877; x_wconf 86' lang='lat' dir='ltr'>venit.Venit</span> <span class='ocrx_word' id='word_1_450' title='bbox 3664 2819 3818 2875; x_wconf 84' lang='lat' dir='ltr'>enim</span> 
     </span>
    </p>
   </div>
   <div class='ocr_carea' id='block_1_61' title="bbox 2167 2908 3818 2983">
    <p class='ocr_par' dir='ltr' id='par_1_61' title="bbox 2167 2908 3818 2983">
     <span class='ocr_line' id='line_1_61' title="bbox 2167 2908 3818 2983; baseline -0.002 -16"><span class='ocrx_word' id='word_1_451' title='bbox 2167 2911 2547 2983; x_wconf 89' lang='lat' dir='ltr'>mitis,veniet</span> <span class='ocrx_word' id='word_1_452' title='bbox 2577 2908 3818 2981; x_wconf 54' lang='lat' dir='ltr'>terribilis.Venitjudicandus,venietjudia</span> 
     </span>
    </p>
   </div>
   <div class='ocr_carea' id='block_1_62' title="bbox 2167 2999 3819 3070">
    <p class='ocr_par' dir='ltr' id='par_1_62' title="bbox 2167 2999 3819 3070">
     <span class='ocr_line' id='line_1_62' title="bbox 2167 2999 3819 3070; baseline -0.002 -13"><span class='ocrx_word' id='word_1_453' title='bbox 2167 2999 2687 3065; x_wconf 84' lang='lat' dir='ltr'>caturus.Venit,et</span> <span class='ocrx_word' id='word_1_454' title='bbox 2702 2999 3026 3055; x_wconf 79' lang='lat' dir='ltr'>offendistis</span> <span class='ocrx_word' id='word_1_455' title='bbox 3056 2999 3115 3054; x_wconf 91' lang='lat' dir='ltr'>in</span> <span class='ocrx_word' id='word_1_456' title='bbox 3148 3015 3280 3055; x_wconf 90' lang='lat' dir='ltr'>eum</span> <span class='ocrx_word' id='word_1_457' title='bbox 3294 3002 3819 3070; x_wconf 77' lang='lat' dir='ltr'>jacentem;cavete&#39;</span> 
     </span>
    </p>
   </div>
   <div class='ocr_carea' id='block_1_63' title="bbox 2167 3087 3814 3161">
    <p class='ocr_par' dir='ltr' id='par_1_63' title="bbox 2167 3087 3814 3161">
     <span class='ocr_line' id='line_1_63' title="bbox 2167 3087 3814 3161; baseline -0.002 -16"><span class='ocrx_word' id='word_1_458' title='bbox 2167 3107 2298 3145; x_wconf 90' lang='lat' dir='ltr'>eum</span> <span class='ocrx_word' id='word_1_459' title='bbox 2315 3089 2568 3161; x_wconf 86' lang='lat' dir='ltr'>desuper</span> <span class='ocrx_word' id='word_1_460' title='bbox 2579 3088 2926 3143; x_wconf 90' lang='lat' dir='ltr'>venientem.</span> <span class='ocrx_word' id='word_1_461' title='bbox 2940 3089 3391 3160; x_wconf 83' lang='lat' dir='ltr'>Usquequo,Deus,</span> <span class='ocrx_word' id='word_1_462' title='bbox 3407 3087 3814 3158; x_wconf 76' lang='lat' dir='ltr'>improperabit</span> 
     </span>
    </p>
   </div>
   <div class='ocr_carea' id='block_1_64' title="bbox 2169 3167 3810 3249">
    <p class='ocr_par' dir='ltr' id='par_1_64' title="bbox 2169 3167 3810 3249">
     <span class='ocr_line' id='line_1_64' title="bbox 2169 3167 3810 3249; baseline -0.003 -15"><span class='ocrx_word' id='word_1_463' title='bbox 2169 3167 3026 3249; x_wconf 82' lang='lat' dir='ltr'>inimicus?Asaph,intelligens</span> <span class='ocrx_word' id='word_1_464' title='bbox 3045 3182 3104 3232; x_wconf 87' lang='lat' dir='ltr'>et</span> <span class='ocrx_word' id='word_1_465' title='bbox 3121 3178 3319 3233; x_wconf 90' lang='lat' dir='ltr'>videns</span> <span class='ocrx_word' id='word_1_466' title='bbox 3340 3177 3417 3232; x_wconf 80' lang='lat' dir='ltr'>sic</span> <span class='ocrx_word' id='word_1_467' title='bbox 3444 3174 3691 3247; x_wconf 83' lang='lat' dir='ltr'>deprimi</span> <span class='ocrx_word' id='word_1_468' title='bbox 3706 3175 3810 3230; x_wconf 62' lang='lat' dir='ltr'>Ju-</span> 
     </span>
    </p>
   </div>
   <div class='ocr_carea' id='block_1_65' title="bbox 413 3251 3807 3338">
    <p class='ocr_par' dir='ltr' id='par_1_65' title="bbox 413 3251 3807 3338">
     <span class='ocr_line' id='line_1_65' title="bbox 413 3251 3807 3338; baseline -0.001 -17"><span class='ocrx_word' id='word_1_469' title='bbox 413 3270 476 3321; x_wconf 91' lang='lat' dir='ltr'>ut</span> <span class='ocrx_word' id='word_1_470' title='bbox 503 3271 659 3322; x_wconf 88' lang='lat' dir='ltr'>esset</span> <span class='ocrx_word' id='word_1_471' title='bbox 691 3266 1116 3322; x_wconf 88' lang='lat' dir='ltr'>monimentum</span> <span class='ocrx_word' id='word_1_472' title='bbox 1136 3266 1545 3324; x_wconf 70' lang='lat' dir='ltr'>victorizeleec</span> <span class='ocrx_word' id='word_1_473' title='bbox 1575 3267 1714 3322; x_wconf 88' lang='lat' dir='ltr'>talia</span> <span class='ocrx_word' id='word_1_474' title='bbox 1745 3267 1916 3338; x_wconf 83' lang='lat' dir='ltr'>signa</span> <span class='ocrx_word' id='word_1_475' title='bbox 1933 3283 2060 3338; x_wconf 65' lang='lat' dir='ltr'>qua:</span> <span class='ocrx_word' id='word_1_476' title='bbox 2095 3251 2137 3318; x_wconf 88' lang='lat' dir='ltr'>C</span> <span class='ocrx_word' id='word_1_477' title='bbox 2174 3267 2329 3322; x_wconf 55' lang='lat' dir='ltr'>datos</span> <span class='ocrx_word' id='word_1_478' title='bbox 2362 3283 2394 3320; x_wconf 88' lang='lat' dir='ltr'>a</span> <span class='ocrx_word' id='word_1_479' title='bbox 2424 3264 2788 3337; x_wconf 88' lang='lat' dir='ltr'>principibus</span> <span class='ocrx_word' id='word_1_480' title='bbox 2819 3265 3120 3332; x_wconf 86' lang='lat' dir='ltr'>Romanis,</span> <span class='ocrx_word' id='word_1_481' title='bbox 3146 3267 3310 3338; x_wconf 86' lang='lat' dir='ltr'>quasi</span> <span class='ocrx_word' id='word_1_482' title='bbox 3344 3266 3426 3321; x_wconf 89' lang='lat' dir='ltr'>eis</span> <span class='ocrx_word' id='word_1_483' title='bbox 3451 3263 3807 3320; x_wconf 73' lang='lat' dir='ltr'>condolendd</span> 
     </span>
    </p>
   </div>
   <div class='ocr_carea' id='block_1_66' title="bbox 415 3355 2065 3430">
    <p class='ocr_par' dir='ltr' id='par_1_66' title="bbox 415 3355 2065 3430">
     <span class='ocr_line' id='line_1_66' title="bbox 415 3355 2065 3430; baseline -0.001 -19"><span class='ocrx_word' id='word_1_484' title='bbox 415 3355 682 3412; x_wconf 89' lang='lat' dir='ltr'>solebant</span> <span class='ocrx_word' id='word_1_485' title='bbox 711 3355 846 3426; x_wconf 90' lang='lat' dir='ltr'>poni</span> <span class='ocrx_word' id='word_1_486' title='bbox 878 3358 938 3410; x_wconf 86' lang='lat' dir='ltr'>in</span> <span class='ocrx_word' id='word_1_487' title='bbox 975 3358 1148 3423; x_wconf 87' lang='lat' dir='ltr'>exitu,</span> <span class='ocrx_word' id='word_1_488' title='bbox 1195 3362 1518 3429; x_wconf 90' lang='lat' dir='ltr'>posuerunt</span> <span class='ocrx_word' id='word_1_489' title='bbox 1548 3357 1660 3430; x_wconf 91' lang='lat' dir='ltr'>ipsi</span> <span class='ocrx_word' id='word_1_490' title='bbox 1718 3372 1896 3428; x_wconf 89' lang='lat' dir='ltr'>super</span> <span class='ocrx_word' id='word_1_491' title='bbox 1923 3361 2065 3410; x_wconf 88' lang='lat' dir='ltr'>tem-</span> 
     </span>
    </p>
   </div>
   <div class='ocr_carea' id='block_1_67' title="bbox 419 3445 2062 3518">
    <p class='ocr_par' dir='ltr' id='par_1_67' title="bbox 419 3445 2062 3518">
     <span class='ocr_line' id='line_1_67' title="bbox 419 3445 2062 3518; baseline -0.001 -18"><span class='ocrx_word' id='word_1_492' title='bbox 419 3445 584 3518; x_wconf 82' lang='lat' dir='ltr'>plum</span> <span class='ocrx_word' id='word_1_493' title='bbox 619 3463 631 3513; x_wconf 95' lang='lat'>;</span> <span class='ocrx_word' id='word_1_494' title='bbox 666 3453 717 3500; x_wconf 90' lang='lat' dir='ltr'>et</span> <span class='ocrx_word' id='word_1_495' title='bbox 747 3451 1134 3516; x_wconf 81' lang='lat' dir='ltr'>cognoverunt,</span> <span class='ocrx_word' id='word_1_496' title='bbox 1196 3464 1309 3502; x_wconf 92' lang='lat' dir='ltr'>non</span> <span class='ocrx_word' id='word_1_497' title='bbox 1364 3463 1432 3502; x_wconf 84' lang='lat' dir='ltr'>ex</span> <span class='ocrx_word' id='word_1_498' title='bbox 1487 3463 1688 3502; x_wconf 90' lang='lat' dir='ltr'>eorum</span> <span class='ocrx_word' id='word_1_499' title='bbox 1742 3445 2062 3511; x_wconf 89' lang='lat' dir='ltr'>voluntate,</span> 
     </span>
    </p>
   </div>
   <div class='ocr_carea' id='block_1_68' title="bbox 419 3533 2066 3607">
    <p class='ocr_par' dir='ltr' id='par_1_68' title="bbox 419 3533 2066 3607">
     <span class='ocr_line' id='line_1_68' title="bbox 419 3533 2066 3607; baseline -0.001 -17"><span class='ocrx_word' id='word_1_500' title='bbox 419 3535 522 3590; x_wconf 88' lang='lat' dir='ltr'>sed</span> <span class='ocrx_word' id='word_1_501' title='bbox 548 3550 617 3589; x_wconf 80' lang='lat' dir='ltr'>ex</span> <span class='ocrx_word' id='word_1_502' title='bbox 647 3533 842 3590; x_wconf 91' lang='lat' dir='ltr'>divino</span> <span class='ocrx_word' id='word_1_503' title='bbox 875 3540 1019 3590; x_wconf 91' lang='lat' dir='ltr'>nutu</span> <span class='ocrx_word' id='word_1_504' title='bbox 1034 3535 1143 3591; x_wconf 90' lang='lat' dir='ltr'>hoc</span> <span class='ocrx_word' id='word_1_505' title='bbox 1173 3536 1666 3607; x_wconf 77' lang='lat' dir='ltr'>processissemon</span> <span class='ocrx_word' id='word_1_506' title='bbox 1694 3543 2066 3606; x_wconf 82' lang='lat' dir='ltr'>cognoverunt</span> 
     </span>
    </p>
   </div>
   <div class='ocr_carea' id='block_1_69' title="bbox 414 3623 2059 3698">
    <p class='ocr_par' dir='ltr' id='par_1_69' title="bbox 414 3623 2059 3698">
     <span class='ocr_line' id='line_1_69' title="bbox 414 3623 2059 3698; baseline -0.002 -18"><span class='ocrx_word' id='word_1_507' title='bbox 414 3640 477 3680; x_wconf 90' lang='lat' dir='ltr'>se</span> <span class='ocrx_word' id='word_1_508' title='bbox 505 3640 635 3680; x_wconf 86' lang='lat' dir='ltr'>esse</span> <span class='ocrx_word' id='word_1_509' title='bbox 677 3623 1140 3681; x_wconf 88' lang='lat' dir='ltr'>instrumentum</span> <span class='ocrx_word' id='word_1_510' title='bbox 1187 3625 1340 3694; x_wconf 85' lang='lat' dir='ltr'>irati,</span> <span class='ocrx_word' id='word_1_511' title='bbox 1402 3629 1793 3698; x_wconf 53' lang='lat' dir='ltr'>non;regnum</span> <span class='ocrx_word' id='word_1_512' title='bbox 1827 3623 2059 3697; x_wconf 88' lang='lat' dir='ltr'>placati.</span> 
     </span>
    </p>
   </div>
   <div class='ocr_carea' id='block_1_70' title="bbox 417 3712 2062 3786">
    <p class='ocr_par' dir='ltr' id='par_1_70' title="bbox 417 3712 2062 3786">
     <span class='ocr_line' id='line_1_70' title="bbox 417 3712 2062 3786; baseline -0.001 -18"><span class='ocrx_word' id='word_1_513' title='bbox 417 3712 574 3769; x_wconf 89' lang='lat' dir='ltr'>Solet</span> <span class='ocrx_word' id='word_1_514' title='bbox 603 3712 758 3768; x_wconf 89' lang='lat' dir='ltr'>enim</span> <span class='ocrx_word' id='word_1_515' title='bbox 791 3713 946 3770; x_wconf 87' lang='lat' dir='ltr'>Deus</span> <span class='ocrx_word' id='word_1_516' title='bbox 983 3715 1170 3770; x_wconf 82' lang='lat' dir='ltr'>facere</span> <span class='ocrx_word' id='word_1_517' title='bbox 1227 3716 1383 3786; x_wconf 92' lang='lat' dir='ltr'>quod</span> <span class='ocrx_word' id='word_1_518' title='bbox 1445 3716 1781 3786; x_wconf 78' lang='lat' dir='ltr'>frequenter</span> <span class='ocrx_word' id='word_1_519' title='bbox 1839 3713 2062 3768; x_wconf 82' lang='lat' dir='ltr'>faciunt</span> 
     </span>
    </p>
   </div>
   <div class='ocr_carea' id='block_1_71' title="bbox 413 3801 2059 3876">
    <p class='ocr_par' dir='ltr' id='par_1_71' title="bbox 413 3801 2059 3876">
     <span class='ocr_line' id='line_1_71' title="bbox 413 3801 2059 3876; baseline -0.002 -18"><span class='ocrx_word' id='word_1_520' title='bbox 413 3801 705 3869; x_wconf 89' lang='lat' dir='ltr'>homines,</span> <span class='ocrx_word' id='word_1_521' title='bbox 741 3803 840 3874; x_wconf 90' lang='lat' dir='ltr'>qui</span> <span class='ocrx_word' id='word_1_522' title='bbox 871 3801 1156 3876; x_wconf 89' lang='lat' dir='ltr'>colligunt</span> <span class='ocrx_word' id='word_1_523' title='bbox 1211 3802 1616 3874; x_wconf 88' lang='lat' dir='ltr'>qualecunque</span> <span class='ocrx_word' id='word_1_524' title='bbox 1672 3805 2059 3868; x_wconf 89' lang='lat' dir='ltr'>sarmentum,</span> 
     </span>
    </p>
   </div>
   <div class='ocr_carea' id='block_1_72' title="bbox 411 3889 2057 3963">
    <p class='ocr_par' dir='ltr' id='par_1_72' title="bbox 411 3889 2057 3963">
     <span class='ocr_line' id='line_1_72' title="bbox 411 3889 2057 3963; baseline -0.001 -18"><span class='ocrx_word' id='word_1_525' title='bbox 411 3896 468 3945; x_wconf 91' lang='lat' dir='ltr'>et</span> <span class='ocrx_word' id='word_1_526' title='bbox 512 3891 813 3963; x_wconf 85' lang='lat' dir='ltr'>corrigunt</span> <span class='ocrx_word' id='word_1_527' title='bbox 860 3892 997 3948; x_wconf 90' lang='lat' dir='ltr'>inde</span> <span class='ocrx_word' id='word_1_528' title='bbox 1054 3891 1252 3959; x_wconf 83' lang='lat' dir='ltr'>ﬁlios;</span> <span class='ocrx_word' id='word_1_529' title='bbox 1307 3892 1526 3963; x_wconf 90' lang='lat' dir='ltr'>quibus</span> <span class='ocrx_word' id='word_1_530' title='bbox 1577 3889 1871 3958; x_wconf 89' lang='lat' dir='ltr'>correctis,</span> <span class='ocrx_word' id='word_1_531' title='bbox 1933 3906 2057 3944; x_wconf 86' lang='lat' dir='ltr'>sar-</span> 
     </span>
    </p>
   </div>
   <div class='ocr_carea' id='block_1_73' title="bbox 413 3977 2059 4054">
    <p class='ocr_par' dir='ltr' id='par_1_73' title="bbox 413 3977 2059 4054">
     <span class='ocr_line' id='line_1_73' title="bbox 413 3977 2059 4054; baseline 0.001 -22"><span class='ocrx_word' id='word_1_532' title='bbox 413 3983 678 4034; x_wconf 89' lang='lat' dir='ltr'>mentum</span> <span class='ocrx_word' id='word_1_533' title='bbox 707 3979 948 4035; x_wconf 89' lang='lat' dir='ltr'>mittunt</span> <span class='ocrx_word' id='word_1_534' title='bbox 981 3981 1039 4035; x_wconf 88' lang='lat' dir='ltr'>in</span> <span class='ocrx_word' id='word_1_535' title='bbox 1089 3982 1286 4054; x_wconf 89' lang='lat' dir='ltr'>ignem</span> <span class='ocrx_word' id='word_1_536' title='bbox 1320 3987 1376 4037; x_wconf 90' lang='lat' dir='ltr'>et</span> <span class='ocrx_word' id='word_1_537' title='bbox 1431 3980 1570 4034; x_wconf 84' lang='lat' dir='ltr'>ﬁliis</span> <span class='ocrx_word' id='word_1_538' title='bbox 1620 3982 1852 4034; x_wconf 86' lang='lat' dir='ltr'>servant</span> <span class='ocrx_word' id='word_1_539' title='bbox 1877 3977 2059 4033; x_wconf 62' lang='lat' dir='ltr'>haere-</span> 
     </span>
    </p>
   </div>
   <div class='ocr_carea' id='block_1_74' title="bbox 411 4065 2057 4142">
    <p class='ocr_par' dir='ltr' id='par_1_74' title="bbox 411 4065 2057 4142">
     <span class='ocr_line' id='line_1_74' title="bbox 411 4065 2057 4142; baseline 0.001 -22"><span class='ocrx_word' id='word_1_540' title='bbox 411 4065 653 4120; x_wconf 83' lang='lat' dir='ltr'>ditatem</span> <span class='ocrx_word' id='word_1_541' title='bbox 689 4085 702 4121; x_wconf 86' lang='lat'>:</span> <span class='ocrx_word' id='word_1_542' title='bbox 736 4067 817 4122; x_wconf 91' lang='lat' dir='ltr'>ita</span> <span class='ocrx_word' id='word_1_543' title='bbox 846 4072 997 4123; x_wconf 84' lang='lat' dir='ltr'>Deus</span> <span class='ocrx_word' id='word_1_544' title='bbox 1031 4085 1134 4141; x_wconf 92' lang='lat' dir='ltr'>per</span> <span class='ocrx_word' id='word_1_545' title='bbox 1181 4070 1396 4141; x_wconf 90' lang='lat' dir='ltr'>impios</span> <span class='ocrx_word' id='word_1_546' title='bbox 1424 4069 1633 4142; x_wconf 87' lang='lat' dir='ltr'>probat</span> <span class='ocrx_word' id='word_1_547' title='bbox 1666 4068 1817 4139; x_wconf 91' lang='lat' dir='ltr'>pios,</span> <span class='ocrx_word' id='word_1_548' title='bbox 1860 4071 1916 4122; x_wconf 90' lang='lat' dir='ltr'>et</span> <span class='ocrx_word' id='word_1_549' title='bbox 1948 4068 2057 4122; x_wconf 85' lang='lat' dir='ltr'>fre-</span> 
     </span>
    </p>
   </div>
   <div class='ocr_carea' id='block_1_75' title="bbox 409 4157 2054 4229">
    <p class='ocr_par' dir='ltr' id='par_1_75' title="bbox 409 4157 2054 4229">
     <span class='ocr_line' id='line_1_75' title="bbox 409 4157 2054 4229; baseline 0.002 -21"><span class='ocrx_word' id='word_1_550' title='bbox 409 4157 656 4225; x_wconf 88' lang='lat' dir='ltr'>quenter</span> <span class='ocrx_word' id='word_1_551' title='bbox 685 4171 787 4227; x_wconf 87' lang='lat' dir='ltr'>per</span> <span class='ocrx_word' id='word_1_552' title='bbox 806 4157 1187 4227; x_wconf 87' lang='lat' dir='ltr'>temporalem</span> <span class='ocrx_word' id='word_1_553' title='bbox 1219 4160 1543 4229; x_wconf 87' lang='lat' dir='ltr'>potentiam</span> <span class='ocrx_word' id='word_1_554' title='bbox 1584 4157 2054 4213; x_wconf 90' lang='lat' dir='ltr'>damnandorum</span> 
     </span>
    </p>
   </div>
   <div class='ocr_carea' id='block_1_76' title="bbox 405 4243 2056 4317">
    <p class='ocr_par' dir='ltr' id='par_1_76' title="bbox 405 4243 2056 4317">
     <span class='ocr_line' id='line_1_76' title="bbox 405 4243 2056 4317; baseline 0.004 -21"><span class='ocrx_word' id='word_1_555' title='bbox 405 4248 632 4300; x_wconf 79' lang='lat' dir='ltr'>exercet</span> <span class='ocrx_word' id='word_1_556' title='bbox 661 4243 1035 4317; x_wconf 89' lang='lat' dir='ltr'>disciplinam</span> <span class='ocrx_word' id='word_1_557' title='bbox 1063 4245 1500 4302; x_wconf 82' lang='lat' dir='ltr'>salvandorum.</span> <span class='ocrx_word' id='word_1_558' title='bbox 1562 4246 1663 4302; x_wconf 91' lang='lat' dir='ltr'>Vel</span> <span class='ocrx_word' id='word_1_559' title='bbox 1697 4247 1816 4302; x_wconf 91' lang='lat' dir='ltr'>sic:</span> <span class='ocrx_word' id='word_1_560' title='bbox 1853 4253 2056 4303; x_wconf 85' lang='lat' dir='ltr'>Posue-</span> 
     </span>
    </p>
   </div>
   <div class='ocr_carea' id='block_1_77' title="bbox 403 4334 2057 4406">
    <p class='ocr_par' dir='ltr' id='par_1_77' title="bbox 403 4334 2057 4406">
     <span class='ocr_line' id='line_1_77' title="bbox 403 4334 2057 4406; baseline 0.002 -18"><span class='ocrx_word' id='word_1_561' title='bbox 403 4343 538 4390; x_wconf 85' lang='lat' dir='ltr'>runt</span> <span class='ocrx_word' id='word_1_562' title='bbox 567 4335 744 4406; x_wconf 86' lang='lat' dir='ltr'>signa,</span> <span class='ocrx_word' id='word_1_563' title='bbox 779 4334 908 4390; x_wconf 92' lang='lat' dir='ltr'>dico</span> <span class='ocrx_word' id='word_1_564' title='bbox 945 4351 1069 4404; x_wconf 85' lang='lat' dir='ltr'>sua,</span> <span class='ocrx_word' id='word_1_565' title='bbox 1103 4335 1160 4389; x_wconf 89' lang='lat' dir='ltr'>id</span> <span class='ocrx_word' id='word_1_566' title='bbox 1211 4340 1300 4390; x_wconf 90' lang='lat' dir='ltr'>est</span> <span class='ocrx_word' id='word_1_567' title='bbox 1344 4353 1463 4390; x_wconf 64' lang='lat' dir='ltr'>sua:</span> <span class='ocrx_word' id='word_1_568' title='bbox 1511 4336 1765 4392; x_wconf 71' lang='lat' dir='ltr'>victoriae</span> <span class='ocrx_word' id='word_1_569' title='bbox 1804 4354 1816 4403; x_wconf 91' lang='lat'><strong>;</strong></span> <span class='ocrx_word' id='word_1_570' title='bbox 1850 4340 1909 4391; x_wconf 91' lang='lat' dir='ltr'>et</span> <span class='ocrx_word' id='word_1_571' title='bbox 1940 4352 2057 4391; x_wconf 90' lang='lat' dir='ltr'>non</span> 
     </span>
    </p>
   </div>
   <div class='ocr_carea' id='block_1_78' title="bbox 412 4424 2053 4497">
    <p class='ocr_par' dir='ltr' id='par_1_78' title="bbox 412 4424 2053 4497">
     <span class='ocr_line' id='line_1_78' title="bbox 412 4424 2053 4497; baseline 0.001 -18"><span class='ocrx_word' id='word_1_572' title='bbox 412 4427 809 4496; x_wconf 87' lang='lat' dir='ltr'>cognoverunt</span> <span class='ocrx_word' id='word_1_573' title='bbox 847 4425 999 4479; x_wconf 89' lang='lat' dir='ltr'>sicut</span> <span class='ocrx_word' id='word_1_574' title='bbox 1055 4427 1180 4479; x_wconf 88' lang='lat' dir='ltr'>erat</span> <span class='ocrx_word' id='word_1_575' title='bbox 1239 4424 1296 4478; x_wconf 90' lang='lat' dir='ltr'>in</span> <span class='ocrx_word' id='word_1_576' title='bbox 1364 4424 1519 4479; x_wconf 81' lang='lat' dir='ltr'>exitu</span> <span class='ocrx_word' id='word_1_577' title='bbox 1571 4442 1750 4497; x_wconf 90' lang='lat' dir='ltr'>super</span> <span class='ocrx_word' id='word_1_578' title='bbox 1797 4441 2053 4495; x_wconf 88' lang='lat' dir='ltr'>summo,</span> 
     </span>
    </p>
   </div>
   <div class='ocr_carea' id='block_1_79' title="bbox 303 4511 2052 4584">
    <p class='ocr_par' dir='ltr' id='par_1_79' title="bbox 303 4511 2052 4584">
     <span class='ocr_line' id='line_1_79' title="bbox 303 4511 2052 4584; baseline 0.001 -17"><span class='ocrx_word' id='word_1_579' title='bbox 303 4511 316 4523; x_wconf 72' lang='grc'><em>“</em></span> <span class='ocrx_word' id='word_1_580' title='bbox 412 4513 469 4567; x_wconf 89' lang='lat' dir='ltr'>id</span> <span class='ocrx_word' id='word_1_581' title='bbox 505 4517 616 4581; x_wconf 89' lang='lat' dir='ltr'>est,</span> <span class='ocrx_word' id='word_1_582' title='bbox 648 4530 764 4569; x_wconf 88' lang='lat' dir='ltr'>non</span> <span class='ocrx_word' id='word_1_583' title='bbox 820 4513 1233 4569; x_wconf 87' lang='lat' dir='ltr'>intellexerunt</span> <span class='ocrx_word' id='word_1_584' title='bbox 1291 4513 1399 4569; x_wconf 91' lang='lat' dir='ltr'>hoc</span> <span class='ocrx_word' id='word_1_585' title='bbox 1436 4515 1506 4569; x_wconf 92' lang='lat' dir='ltr'>de</span> <span class='ocrx_word' id='word_1_586' title='bbox 1547 4531 1803 4584; x_wconf 87' lang='lat' dir='ltr'>summo,</span> <span class='ocrx_word' id='word_1_587' title='bbox 1835 4513 1895 4568; x_wconf 92' lang='lat' dir='ltr'>id</span> <span class='ocrx_word' id='word_1_588' title='bbox 1944 4518 2052 4580; x_wconf 88' lang='lat' dir='ltr'>est,</span> 
     </span>
    </p>
   </div>
   <div class='ocr_carea' id='block_1_80' title="bbox 2175 3354 3818 3427">
    <p class='ocr_par' dir='ltr' id='par_1_80' title="bbox 2175 3354 3818 3427">
     <span class='ocr_line' id='line_1_80' title="bbox 2175 3354 3818 3427; baseline -0.001 -17"><span class='ocrx_word' id='word_1_589' title='bbox 2175 3355 2315 3410; x_wconf 88' lang='lat' dir='ltr'>dicit</span> <span class='ocrx_word' id='word_1_590' title='bbox 2346 3371 2359 3410; x_wconf 91' lang='lat'>:</span> <span class='ocrx_word' id='word_1_591' title='bbox 2397 3359 2544 3410; x_wconf 81' lang='lat' dir='ltr'>Deus</span> <span class='ocrx_word' id='word_1_592' title='bbox 2565 3354 3126 3426; x_wconf 79' lang='lat' dir='ltr'>Pater,usquequo,id</span> <span class='ocrx_word' id='word_1_593' title='bbox 3146 3361 3233 3410; x_wconf 89' lang='lat' dir='ltr'>est</span> <span class='ocrx_word' id='word_1_594' title='bbox 3256 3354 3818 3427; x_wconf 75' lang='lat' dir='ltr'>quandiu,imprope-&#39;</span> 
     </span>
    </p>
   </div>
   <div class='ocr_carea' id='block_1_81' title="bbox 2172 3442 3825 3517">
    <p class='ocr_par' dir='ltr' id='par_1_81' title="bbox 2172 3442 3825 3517">
     <span class='ocr_line' id='line_1_81' title="bbox 2172 3442 3825 3517; baseline -0.002 -17"><span class='ocrx_word' id='word_1_595' title='bbox 2172 3445 2318 3500; x_wconf 86' lang='lat' dir='ltr'>rabit</span> <span class='ocrx_word' id='word_1_596' title='bbox 2346 3446 2606 3500; x_wconf 86' lang='lat' dir='ltr'>inimicus</span> <span class='ocrx_word' id='word_1_597' title='bbox 2639 3442 2852 3515; x_wconf 92' lang='lat' dir='ltr'>populo</span> <span class='ocrx_word' id='word_1_598' title='bbox 2882 3445 3077 3499; x_wconf 70' lang='lat' dir='ltr'>tuo‘let</span> <span class='ocrx_word' id='word_1_599' title='bbox 3115 3461 3425 3517; x_wconf 87' lang='lat' dir='ltr'>usquequo</span> <span class='ocrx_word' id='word_1_600' title='bbox 3457 3443 3709 3499; x_wconf 83' lang='lat' dir='ltr'>irritabit</span> <span class='ocrx_word' id='word_1_601' title='bbox 3723 3443 3825 3498; x_wconf 53' lang='lat' dir='ltr'>add</span> 
     </span>
    </p>
   </div>
   <div class='ocr_carea' id='block_1_82' title="bbox 2171 3531 3820 3605">
    <p class='ocr_par' dir='ltr' id='par_1_82' title="bbox 2171 3531 3820 3605">
     <span class='ocr_line' id='line_1_82' title="bbox 2171 3531 3820 3605; baseline -0.001 -18"><span class='ocrx_word' id='word_1_602' title='bbox 2171 3535 2466 3603; x_wconf 83' lang='lat' dir='ltr'>versarius,</span> <span class='ocrx_word' id='word_1_603' title='bbox 2500 3533 2556 3587; x_wconf 92' lang='lat' dir='ltr'>id</span> <span class='ocrx_word' id='word_1_604' title='bbox 2585 3537 2674 3588; x_wconf 91' lang='lat' dir='ltr'>est</span> <span class='ocrx_word' id='word_1_605' title='bbox 2705 3532 2939 3604; x_wconf 84' lang='lat' dir='ltr'>gentilis</span> <span class='ocrx_word' id='word_1_606' title='bbox 2969 3533 3242 3605; x_wconf 89' lang='lat' dir='ltr'>populus,</span> <span class='ocrx_word' id='word_1_607' title='bbox 3276 3550 3475 3590; x_wconf 80' lang='lat' dir='ltr'>nomen</span> <span class='ocrx_word' id='word_1_608' title='bbox 3507 3538 3662 3588; x_wconf 87' lang='lat' dir='ltr'>tuum</span> <span class='ocrx_word' id='word_1_609' title='bbox 3693 3531 3820 3603; x_wconf 82' lang='lat' dir='ltr'>hoe,-</span> 
     </span>
    </p>
   </div>
   <div class='ocr_carea' id='block_1_83' title="bbox 2172 3621 3823 3696">
    <p class='ocr_par' dir='ltr' id='par_1_83' title="bbox 2172 3621 3823 3696">
     <span class='ocr_line' id='line_1_83' title="bbox 2172 3621 3823 3696; baseline -0.001 -19"><span class='ocrx_word' id='word_1_610' title='bbox 2172 3625 2326 3695; x_wconf 90' lang='lat' dir='ltr'>quod</span> <span class='ocrx_word' id='word_1_611' title='bbox 2358 3629 2446 3678; x_wconf 90' lang='lat' dir='ltr'>est</span> <span class='ocrx_word' id='word_1_612' title='bbox 2480 3621 2661 3677; x_wconf 85' lang='lat' dir='ltr'>Deus?</span> <span class='ocrx_word' id='word_1_613' title='bbox 2695 3621 2815 3676; x_wconf 86' lang='lat' dir='ltr'>Erit</span> <span class='ocrx_word' id='word_1_614' title='bbox 2845 3621 2956 3677; x_wconf 91' lang='lat' dir='ltr'>hoc</span> <span class='ocrx_word' id='word_1_615' title='bbox 2987 3624 3046 3676; x_wconf 89' lang='lat' dir='ltr'>in</span> <span class='ocrx_word' id='word_1_616' title='bbox 3076 3622 3263 3692; x_wconf 83' lang='lat' dir='ltr'>ﬁnem:</span> <span class='ocrx_word' id='word_1_617' title='bbox 3300 3624 3369 3678; x_wconf 88' lang='lat' dir='ltr'>Et</span> <span class='ocrx_word' id='word_1_618' title='bbox 3395 3621 3595 3696; x_wconf 81' lang='lat' dir='ltr'>utquid</span> <span class='ocrx_word' id='word_1_619' title='bbox 3623 3621 3823 3677; x_wconf 67' lang='lat' dir='ltr'>avertis</span> 
     </span>
    </p>
   </div>
   <div class='ocr_carea' id='block_1_84' title="bbox 2168 3710 3822 3778">
    <p class='ocr_par' dir='ltr' id='par_1_84' title="bbox 2168 3710 3822 3778">
     <span class='ocr_line' id='line_1_84' title="bbox 2168 3710 3822 3778; baseline -0.002 -11"><span class='ocrx_word' id='word_1_620' title='bbox 2168 3728 2403 3769; x_wconf 85' lang='lat' dir='ltr'>manum</span> <span class='ocrx_word' id='word_1_621' title='bbox 2434 3715 2664 3765; x_wconf 78' lang='lat' dir='ltr'>tuamet</span> <span class='ocrx_word' id='word_1_622' title='bbox 2710 3711 2991 3766; x_wconf 72' lang='lat' dir='ltr'>dexteram</span> <span class='ocrx_word' id='word_1_623' title='bbox 3048 3716 3220 3778; x_wconf 86' lang='lat' dir='ltr'>tuam,</span> <span class='ocrx_word' id='word_1_624' title='bbox 3252 3712 3310 3767; x_wconf 91' lang='lat' dir='ltr'>id</span> <span class='ocrx_word' id='word_1_625' title='bbox 3363 3716 3453 3768; x_wconf 88' lang='lat' dir='ltr'>est</span> <span class='ocrx_word' id='word_1_626' title='bbox 3508 3710 3822 3766; x_wconf 73' lang='lat' dir='ltr'>Iudaicum</span> 
     </span>
    </p>
   </div>
   <div class='ocr_carea' id='block_1_85' title="bbox 2169 3799 3817 3873">
    <p class='ocr_par' dir='ltr' id='par_1_85' title="bbox 2169 3799 3817 3873">
     <span class='ocr_line' id='line_1_85' title="bbox 2169 3799 3817 3873; baseline -0.001 -17"><span class='ocrx_word' id='word_1_627' title='bbox 2169 3801 2473 3873; x_wconf 83' lang='lat' dir='ltr'>pepulum,</span> <span class='ocrx_word' id='word_1_628' title='bbox 2509 3800 2606 3872; x_wconf 93' lang='lat' dir='ltr'>qui</span> <span class='ocrx_word' id='word_1_629' title='bbox 2636 3799 2745 3855; x_wconf 82' lang='lat' dir='ltr'>fuit</span> <span class='ocrx_word' id='word_1_630' title='bbox 2777 3817 2991 3856; x_wconf 89' lang='lat' dir='ltr'>manus</span> <span class='ocrx_word' id='word_1_631' title='bbox 3019 3804 3205 3869; x_wconf 88' lang='lat' dir='ltr'>tua;et</span> <span class='ocrx_word' id='word_1_632' title='bbox 3230 3817 3345 3857; x_wconf 88' lang='lat' dir='ltr'>non</span> <span class='ocrx_word' id='word_1_633' title='bbox 3371 3799 3817 3872; x_wconf 74' lang='lat' dir='ltr'>qualiscunque,</span> 
     </span>
    </p>
   </div>
   <div class='ocr_carea' id='block_1_86' title="bbox 2171 3890 3823 3961">
    <p class='ocr_par' dir='ltr' id='par_1_86' title="bbox 2171 3890 3823 3961">
     <span class='ocr_line' id='line_1_86' title="bbox 2171 3890 3823 3961; baseline -0.002 -15"><span class='ocrx_word' id='word_1_634' title='bbox 2171 3892 2271 3946; x_wconf 91' lang='lat' dir='ltr'>sed</span> <span class='ocrx_word' id='word_1_635' title='bbox 2305 3891 2565 3958; x_wconf 80' lang='lat' dir='ltr'>dextera,</span> <span class='ocrx_word' id='word_1_636' title='bbox 2600 3890 2737 3960; x_wconf 89' lang='lat' dir='ltr'>quia</span> <span class='ocrx_word' id='word_1_637' title='bbox 2785 3905 2889 3961; x_wconf 87' lang='lat' dir='ltr'>per</span> <span class='ocrx_word' id='word_1_638' title='bbox 2920 3906 3055 3945; x_wconf 90' lang='lat' dir='ltr'>eum</span> <span class='ocrx_word' id='word_1_639' title='bbox 3107 3891 3164 3946; x_wconf 90' lang='lat' dir='ltr'>in</span> <span class='ocrx_word' id='word_1_640' title='bbox 3218 3891 3562 3946; x_wconf 80' lang='lat' dir='ltr'>fortitudine</span> <span class='ocrx_word' id='word_1_641' title='bbox 3610 3895 3823 3961; x_wconf 65' lang='lat' dir='ltr'>magna</span> 
     </span>
    </p>
   </div>
   <div class='ocr_carea' id='block_1_87' title="bbox 2169 3978 3818 4051">
    <p class='ocr_par' dir='ltr' id='par_1_87' title="bbox 2169 3978 3818 4051">
     <span class='ocr_line' id='line_1_87' title="bbox 2169 3978 3818 4051; baseline -0.001 -17"><span class='ocrx_word' id='word_1_642' title='bbox 2169 3979 2351 4035; x_wconf 81' lang='lat' dir='ltr'>multa</span> <span class='ocrx_word' id='word_1_643' title='bbox 2381 3983 2654 4051; x_wconf 86' lang='lat' dir='ltr'>operatus</span> <span class='ocrx_word' id='word_1_644' title='bbox 2685 3995 2746 4034; x_wconf 91' lang='lat' dir='ltr'>es</span> <span class='ocrx_word' id='word_1_645' title='bbox 2777 3979 2947 4050; x_wconf 87' lang='lat' dir='ltr'>signa</span> <span class='ocrx_word' id='word_1_646' title='bbox 2979 3996 2992 4034; x_wconf 93' lang='lat'>:</span> <span class='ocrx_word' id='word_1_647' title='bbox 3027 3980 3288 4051; x_wconf 91' lang='lat' dir='ltr'>quandiu</span> <span class='ocrx_word' id='word_1_648' title='bbox 3323 3980 3539 4036; x_wconf 86' lang='lat' dir='ltr'>avertis</span> <span class='ocrx_word' id='word_1_649' title='bbox 3566 3995 3704 4034; x_wconf 88' lang='lat' dir='ltr'>eum</span> <span class='ocrx_word' id='word_1_650' title='bbox 3751 3978 3818 4032; x_wconf 74' lang='lat' dir='ltr'>de</span> 
     </span>
    </p>
   </div>
   <div class='ocr_carea' id='block_1_88' title="bbox 2165 4068 3816 4134">
    <p class='ocr_par' dir='ltr' id='par_1_88' title="bbox 2165 4068 3816 4134">
     <span class='ocr_line' id='line_1_88' title="bbox 2165 4068 3816 4134; baseline -0.002 -9"><span class='ocrx_word' id='word_1_651' title='bbox 2165 4069 2344 4126; x_wconf 87' lang='lat' dir='ltr'>medio</span> <span class='ocrx_word' id='word_1_652' title='bbox 2371 4071 2498 4124; x_wconf 84' lang='lat' dir='ltr'>sinu</span> <span class='ocrx_word' id='word_1_653' title='bbox 2525 4071 2638 4134; x_wconf 86' lang='lat' dir='ltr'>tuo,</span> <span class='ocrx_word' id='word_1_654' title='bbox 2672 4068 2729 4123; x_wconf 93' lang='lat' dir='ltr'>id</span> <span class='ocrx_word' id='word_1_655' title='bbox 2763 4073 2850 4124; x_wconf 89' lang='lat' dir='ltr'>est</span> <span class='ocrx_word' id='word_1_656' title='bbox 2879 4069 2950 4123; x_wconf 90' lang='lat' dir='ltr'>de</span> <span class='ocrx_word' id='word_1_657' title='bbox 2998 4069 3169 4124; x_wconf 82' lang='lat' dir='ltr'>ﬁrma</span> <span class='ocrx_word' id='word_1_658' title='bbox 3221 4069 3498 4125; x_wconf 83' lang='lat' dir='ltr'>societate</span> <span class='ocrx_word' id='word_1_659' title='bbox 3557 4073 3816 4134; x_wconf 76' lang='lat' dir='ltr'>tuorum,</span> 
     </span>
    </p>
   </div>
   <div class='ocr_carea' id='block_1_89' title="bbox 2165 4154 3816 4228">
    <p class='ocr_par' dir='ltr' id='par_1_89' title="bbox 2165 4154 3816 4228">
     <span class='ocr_line' id='line_1_89' title="bbox 2165 4154 3816 4228; baseline -0.001 -14"><span class='ocrx_word' id='word_1_660' title='bbox 2165 4159 2275 4214; x_wconf 89' lang='lat' dir='ltr'>erit</span> <span class='ocrx_word' id='word_1_661' title='bbox 2306 4159 2414 4215; x_wconf 89' lang='lat' dir='ltr'>hoc</span> <span class='ocrx_word' id='word_1_662' title='bbox 2444 4159 2506 4213; x_wconf 86' lang='lat' dir='ltr'>in</span> <span class='ocrx_word' id='word_1_663' title='bbox 2535 4159 2725 4228; x_wconf 84' lang='lat' dir='ltr'>ﬁnem,</span> <span class='ocrx_word' id='word_1_664' title='bbox 2761 4157 2819 4212; x_wconf 93' lang='lat' dir='ltr'>id</span> <span class='ocrx_word' id='word_1_665' title='bbox 2853 4163 2960 4228; x_wconf 90' lang='lat' dir='ltr'>est,</span> <span class='ocrx_word' id='word_1_666' title='bbox 2993 4157 3334 4214; x_wconf 88' lang='lat' dir='ltr'>omnimoda</span> <span class='ocrx_word' id='word_1_667' title='bbox 3362 4157 3668 4214; x_wconf 88' lang='lat' dir='ltr'>aversione</span> <span class='ocrx_word' id='word_1_668' title='bbox 3693 4154 3816 4212; x_wconf 67' lang='lat' dir='ltr'>Tvel</span> 
     </span>
    </p>
   </div>
   <div class='ocr_carea' id='block_1_90' title="bbox 2165 4246 3818 4318">
    <p class='ocr_par' dir='ltr' id='par_1_90' title="bbox 2165 4246 3818 4318">
     <span class='ocr_line' id='line_1_90' title="bbox 2165 4246 3818 4318; baseline -0.001 -15"><span class='ocrx_word' id='word_1_669' title='bbox 2165 4247 2377 4304; x_wconf 89' lang='lat' dir='ltr'>avertis</span> <span class='ocrx_word' id='word_1_670' title='bbox 2405 4263 2524 4314; x_wconf 92' lang='lat' dir='ltr'>eos,</span> <span class='ocrx_word' id='word_1_671' title='bbox 2562 4246 2866 4318; x_wconf 85' lang='lat' dir='ltr'>dirigendo</span> <span class='ocrx_word' id='word_1_672' title='bbox 2895 4246 2956 4301; x_wconf 91' lang='lat' dir='ltr'>in</span> <span class='ocrx_word' id='word_1_673' title='bbox 2989 4251 3044 4301; x_wconf 91' lang='lat' dir='ltr'>te</span> <span class='ocrx_word' id='word_1_674' title='bbox 3075 4246 3273 4303; x_wconf 80' lang='lat' dir='ltr'>finem.</span> <span class='ocrx_word' id='word_1_675' title='bbox 3308 4247 3455 4302; x_wconf 88' lang='lat' dir='ltr'>Nota</span> <span class='ocrx_word' id='word_1_676' title='bbox 3503 4246 3602 4302; x_wconf 86' lang='lat' dir='ltr'>hic</span> <span class='ocrx_word' id='word_1_677' title='bbox 3634 4246 3818 4301; x_wconf 82' lang='lat' dir='ltr'>histo-</span> 
     </span>
    </p>
   </div>
   <div class='ocr_carea' id='block_1_91' title="bbox 2165 4335 3827 4408">
    <p class='ocr_par' dir='ltr' id='par_1_91' title="bbox 2165 4335 3827 4408">
     <span class='ocr_line' id='line_1_91' title="bbox 2165 4335 3827 4408; baseline -0.001 -17"><span class='ocrx_word' id='word_1_678' title='bbox 2165 4338 2313 4392; x_wconf 85' lang='lat' dir='ltr'>riam</span> <span class='ocrx_word' id='word_1_679' title='bbox 2345 4338 2414 4392; x_wconf 92' lang='lat' dir='ltr'>de</span> <span class='ocrx_word' id='word_1_680' title='bbox 2444 4339 2636 4408; x_wconf 85' lang='lat' dir='ltr'>Moyse</span> <span class='ocrx_word' id='word_1_681' title='bbox 2668 4335 2860 4406; x_wconf 85' lang='lat' dir='ltr'>(Exod.</span> <span class='ocrx_word' id='word_1_682' title='bbox 2891 4335 3261 4408; x_wconf 85' lang='lat' dir='ltr'>Iv.),quando</span> <span class='ocrx_word' id='word_1_683' title='bbox 3302 4352 3544 4392; x_wconf 90' lang='lat' dir='ltr'>manum</span> <span class='ocrx_word' id='word_1_684' title='bbox 3579 4335 3827 4391; x_wconf 67' lang='lat' dir='ltr'>retraxit</span> 
     </span>
    </p>
   </div>
   <div class='ocr_carea' id='block_1_92' title="bbox 2167 4424 3822 4498">
    <p class='ocr_par' dir='ltr' id='par_1_92' title="bbox 2167 4424 3822 4498">
     <span class='ocr_line' id='line_1_92' title="bbox 2167 4424 3822 4498; baseline -0.001 -16"><span class='ocrx_word' id='word_1_685' title='bbox 2167 4427 2236 4482; x_wconf 88' lang='lat' dir='ltr'>de</span> <span class='ocrx_word' id='word_1_686' title='bbox 2267 4426 2421 4496; x_wconf 87' lang='lat' dir='ltr'>sinu,</span> <span class='ocrx_word' id='word_1_687' title='bbox 2477 4430 2534 4480; x_wconf 88' lang='lat' dir='ltr'>et</span> <span class='ocrx_word' id='word_1_688' title='bbox 2568 4425 2719 4479; x_wconf 84' lang='lat' dir='ltr'>facta</span> <span class='ocrx_word' id='word_1_689' title='bbox 2771 4428 2859 4480; x_wconf 90' lang='lat' dir='ltr'>est</span> <span class='ocrx_word' id='word_1_690' title='bbox 2911 4424 3073 4497; x_wconf 87' lang='lat' dir='ltr'>lepra</span> <span class='ocrx_word' id='word_1_691' title='bbox 3121 4424 3338 4498; x_wconf 88' lang='lat' dir='ltr'>plena;</span> <span class='ocrx_word' id='word_1_692' title='bbox 3371 4424 3635 4496; x_wconf 87' lang='lat' dir='ltr'>reposuit</span> <span class='ocrx_word' id='word_1_693' title='bbox 3690 4433 3822 4480; x_wconf 81' lang='lat' dir='ltr'>eam</span> 
     </span>
    </p>
   </div>
   <div class='ocr_carea' id='block_1_93' title="bbox 2164 4512 3823 4586">
    <p class='ocr_par' dir='ltr' id='par_1_93' title="bbox 2164 4512 3823 4586">
     <span class='ocr_line' id='line_1_93' title="bbox 2164 4512 3823 4586; baseline -0.001 -16"><span class='ocrx_word' id='word_1_694' title='bbox 2164 4515 2378 4570; x_wconf 90' lang='lat' dir='ltr'>iterum</span> <span class='ocrx_word' id='word_1_695' title='bbox 2406 4514 2652 4585; x_wconf 86' lang='lat' dir='ltr'>jubente</span> <span class='ocrx_word' id='word_1_696' title='bbox 2684 4512 2953 4584; x_wconf 89' lang='lat' dir='ltr'>Domino,</span> <span class='ocrx_word' id='word_1_697' title='bbox 2985 4518 3040 4569; x_wconf 89' lang='lat' dir='ltr'>et</span> <span class='ocrx_word' id='word_1_698' title='bbox 3067 4514 3286 4586; x_wconf 88' lang='lat' dir='ltr'>recepit</span> <span class='ocrx_word' id='word_1_699' title='bbox 3309 4512 3560 4570; x_wconf 86' lang='lat' dir='ltr'>colorem</span> <span class='ocrx_word' id='word_1_700' title='bbox 3597 4518 3823 4569; x_wconf 66' lang='lat' dir='ltr'>caetera</span> 
     </span>
    </p>
   </div>
   <div class='ocr_carea' id='block_1_94' title="bbox 403 4600 3826 4691">
    <p class='ocr_par' dir='ltr' id='par_1_94' title="bbox 403 4600 3826 4691">
     <span class='ocr_line' id='line_1_94' title="bbox 403 4600 3826 4691; baseline 0.001 -37"><span class='ocrx_word' id='word_1_701' title='bbox 403 4600 472 4655; x_wconf 92' lang='lat' dir='ltr'>de</span> <span class='ocrx_word' id='word_1_702' title='bbox 531 4608 773 4671; x_wconf 88' lang='lat' dir='ltr'>paterna</span> <span class='ocrx_word' id='word_1_703' title='bbox 830 4603 1218 4675; x_wconf 83' lang='lat' dir='ltr'>dispositione</span> <span class='ocrx_word' id='word_1_704' title='bbox 1255 4603 1466 4671; x_wconf 82' lang='lat' dir='ltr'>exisse,</span> <span class='ocrx_word' id='word_1_705' title='bbox 1526 4607 1584 4658; x_wconf 89' lang='lat' dir='ltr'>et</span> <span class='ocrx_word' id='word_1_706' title='bbox 1628 4621 1741 4658; x_wconf 93' lang='lat' dir='ltr'>non</span> <span class='ocrx_word' id='word_1_707' title='bbox 1793 4620 1860 4656; x_wconf 85' lang='lat' dir='ltr'>ex</span> <span class='ocrx_word' id='word_1_708' title='bbox 1910 4607 2051 4658; x_wconf 91' lang='lat' dir='ltr'>Deo-</span> <span class='ocrx_word' id='word_1_709' title='bbox 2084 4626 2131 4691; x_wconf 84' lang='lat' dir='ltr'><strong>D</strong></span> <span class='ocrx_word' id='word_1_710' title='bbox 2165 4605 2324 4660; x_wconf 88' lang='lat' dir='ltr'>carni</span> <span class='ocrx_word' id='word_1_711' title='bbox 2356 4602 2634 4659; x_wconf 86' lang='lat' dir='ltr'>similem.</span> <span class='ocrx_word' id='word_1_712' title='bbox 2667 4605 2872 4657; x_wconf 84' lang='lat' dir='ltr'>Manus</span> <span class='ocrx_word' id='word_1_713' title='bbox 2911 4604 3214 4658; x_wconf 87' lang='lat' dir='ltr'>subtracta</span> <span class='ocrx_word' id='word_1_714' title='bbox 3255 4604 3325 4658; x_wconf 90' lang='lat' dir='ltr'>de</span> <span class='ocrx_word' id='word_1_715' title='bbox 3355 4603 3487 4658; x_wconf 87' lang='lat' dir='ltr'>sinu</span> <span class='ocrx_word' id='word_1_716' title='bbox 3521 4602 3826 4675; x_wconf 78' lang='lat' dir='ltr'>signiﬁcat</span> 
     </span>
    </p>
   </div>
   <div class='ocr_carea' id='block_1_95' title="bbox 407 4691 2054 4764">
    <p class='ocr_par' dir='ltr' id='par_1_95' title="bbox 407 4691 2054 4764">
     <span class='ocr_line' id='line_1_95' title="bbox 407 4691 2054 4764; baseline 0.003 -22"><span class='ocrx_word' id='word_1_717' title='bbox 407 4705 539 4743; x_wconf 90' lang='lat' dir='ltr'>rum</span> <span class='ocrx_word' id='word_1_718' title='bbox 571 4707 814 4764; x_wconf 89' lang='lat' dir='ltr'>suorum</span> <span class='ocrx_word' id='word_1_719' title='bbox 846 4694 1246 4764; x_wconf 88' lang='lat' dir='ltr'>responsione.</span> <span class='ocrx_word' id='word_1_720' title='bbox 1282 4694 1476 4748; x_wconf 88' lang='lat' dir='ltr'>Potest</span> <span class='ocrx_word' id='word_1_721' title='bbox 1524 4691 1694 4746; x_wconf 88' lang='lat' dir='ltr'>aliter</span> <span class='ocrx_word' id='word_1_722' title='bbox 1735 4692 1846 4763; x_wconf 90' lang='lat' dir='ltr'>legi</span> <span class='ocrx_word' id='word_1_723' title='bbox 1880 4707 2054 4762; x_wconf 87' lang='lat' dir='ltr'>supe-</span> 
     </span>
    </p>
   </div>
   <div class='ocr_carea' id='block_1_96' title="bbox 406 4777 2056 4855">
    <p class='ocr_par' dir='ltr' id='par_1_96' title="bbox 406 4777 2056 4855">
     <span class='ocr_line' id='line_1_96' title="bbox 406 4777 2056 4855; baseline 0.003 -24"><span class='ocrx_word' id='word_1_724' title='bbox 406 4777 532 4833; x_wconf 91' lang='lat' dir='ltr'>rius</span> <span class='ocrx_word' id='word_1_725' title='bbox 563 4795 575 4832; x_wconf 94' lang='lat'>:</span> <span class='ocrx_word' id='word_1_726' title='bbox 614 4780 836 4845; x_wconf 84' lang='lat' dir='ltr'>Quanta</span> <span class='ocrx_word' id='word_1_727' title='bbox 859 4783 1206 4855; x_wconf 86' lang='lat' dir='ltr'>malignatus</span> <span class='ocrx_word' id='word_1_728' title='bbox 1237 4787 1317 4838; x_wconf 85' lang='lat' dir='ltr'>est</span> <span class='ocrx_word' id='word_1_729' title='bbox 1348 4783 1616 4836; x_wconf 86' lang='lat' dir='ltr'>inimicus</span> <span class='ocrx_word' id='word_1_730' title='bbox 1645 4783 1704 4834; x_wconf 87' lang='lat' dir='ltr'>in</span> <span class='ocrx_word' id='word_1_731' title='bbox 1735 4784 1921 4836; x_wconf 83' lang='lat' dir='ltr'>sancto</span> <span class='ocrx_word' id='word_1_732' title='bbox 1954 4785 1972 4833; x_wconf 89' lang='lat'><em>!</em></span> <span class='ocrx_word' id='word_1_733' title='bbox 1999 4786 2056 4836; x_wconf 90' lang='lat' dir='ltr'>et</span> 
     </span>
    </p>
   </div>
   <div class='ocr_carea' id='block_1_97' title="bbox 406 4865 2054 4942">
    <p class='ocr_par' dir='ltr' id='par_1_97' title="bbox 406 4865 2054 4942">
     <span class='ocr_line' id='line_1_97' title="bbox 406 4865 2054 4942; baseline 0.001 -21"><span class='ocrx_word' id='word_1_734' title='bbox 406 4865 516 4922; x_wconf 91' lang='lat' dir='ltr'>hoc</span> <span class='ocrx_word' id='word_1_735' title='bbox 548 4867 776 4935; x_wconf 89' lang='lat' dir='ltr'>merito,</span> <span class='ocrx_word' id='word_1_736' title='bbox 811 4869 948 4939; x_wconf 90' lang='lat' dir='ltr'>quia</span> <span class='ocrx_word' id='word_1_737' title='bbox 968 4871 1195 4938; x_wconf 81' lang='lat' dir='ltr'>gloriati</span> <span class='ocrx_word' id='word_1_738' title='bbox 1223 4880 1352 4925; x_wconf 88' lang='lat' dir='ltr'>sunt</span> <span class='ocrx_word' id='word_1_739' title='bbox 1381 4871 1480 4942; x_wconf 86' lang='lat' dir='ltr'>qui</span> <span class='ocrx_word' id='word_1_740' title='bbox 1505 4869 1739 4924; x_wconf 87' lang='lat' dir='ltr'>oderunt</span> <span class='ocrx_word' id='word_1_741' title='bbox 1770 4878 1840 4937; x_wconf 88' lang='lat' dir='ltr'>te,</span> <span class='ocrx_word' id='word_1_742' title='bbox 1873 4867 2054 4924; x_wconf 74' lang='lat' dir='ltr'>Judaei</span> 
     </span>
    </p>
   </div>
   <div class='ocr_carea' id='block_1_98' title="bbox 401 4955 2053 5030">
    <p class='ocr_par' dir='ltr' id='par_1_98' title="bbox 401 4955 2053 5030">
     <span class='ocr_line' id='line_1_98' title="bbox 401 4955 2053 5030; baseline 0.001 -19"><span class='ocrx_word' id='word_1_743' title='bbox 401 4955 689 5024; x_wconf 89' lang='lat' dir='ltr'>videlicet,</span> <span class='ocrx_word' id='word_1_744' title='bbox 724 4959 781 5012; x_wconf 90' lang='lat' dir='ltr'>in</span> <span class='ocrx_word' id='word_1_745' title='bbox 823 4959 1000 5013; x_wconf 85' lang='lat' dir='ltr'>medio</span> <span class='ocrx_word' id='word_1_746' title='bbox 1057 4961 1418 5015; x_wconf 85' lang='lat' dir='ltr'>solemnimtis</span> <span class='ocrx_word' id='word_1_747' title='bbox 1447 4965 1558 5015; x_wconf 76' lang='lat' dir='ltr'>(uae</span> <span class='ocrx_word' id='word_1_748' title='bbox 1585 4975 1608 5020; x_wconf 82' lang='lat'>,&#39;</span> <span class='ocrx_word' id='word_1_749' title='bbox 1641 4960 1780 5030; x_wconf 88' lang='lat' dir='ltr'>quia</span> <span class='ocrx_word' id='word_1_750' title='bbox 1819 4959 2053 5030; x_wconf 92' lang='lat' dir='ltr'>quando</span> 
     </span>
    </p>
   </div>
   <div class='ocr_carea' id='block_1_99' title="bbox 402 5046 2055 5116">
    <p class='ocr_par' dir='ltr' id='par_1_99' title="bbox 402 5046 2055 5116">
     <span class='ocr_line' id='line_1_99' title="bbox 402 5046 2055 5116; baseline 0.001 -16"><span class='ocrx_word' id='word_1_751' title='bbox 402 5051 562 5100; x_wconf 85' lang='lat' dir='ltr'>tuam</span> <span class='ocrx_word' id='word_1_752' title='bbox 588 5046 1022 5103; x_wconf 88' lang='lat' dir='ltr'>solemnitatem</span> <span class='ocrx_word' id='word_1_753' title='bbox 1044 5049 1374 5104; x_wconf 85' lang='lat' dir='ltr'>debuerunt</span> <span class='ocrx_word' id='word_1_754' title='bbox 1395 5049 1831 5116; x_wconf 89' lang='lat' dir='ltr'>celebrare,non</span> <span class='ocrx_word' id='word_1_755' title='bbox 1846 5047 2055 5103; x_wconf 86' lang='lat' dir='ltr'>timue-</span> 
     </span>
    </p>
   </div>
   <div class='ocr_carea' id='block_1_100' title="bbox 406 5134 2054 5206">
    <p class='ocr_par' dir='ltr' id='par_1_100' title="bbox 406 5134 2054 5206">
     <span class='ocr_line' id='line_1_100' title="bbox 406 5134 2054 5206; baseline 0.001 -18"><span class='ocrx_word' id='word_1_756' title='bbox 406 5141 545 5189; x_wconf 89' lang='lat' dir='ltr'>runt</span> <span class='ocrx_word' id='word_1_757' title='bbox 569 5134 850 5191; x_wconf 89' lang='lat' dir='ltr'>occidere.</span> <span class='ocrx_word' id='word_1_758' title='bbox 882 5137 1100 5204; x_wconf 83' lang='lat' dir='ltr'>Quanta</span> <span class='ocrx_word' id='word_1_759' title='bbox 1155 5138 1494 5206; x_wconf 78' lang='lat' dir='ltr'>malignatus</span> <span class='ocrx_word' id='word_1_760' title='bbox 1544 5146 1620 5192; x_wconf 87' lang='lat' dir='ltr'>est</span> <span class='ocrx_word' id='word_1_761' title='bbox 1676 5138 1954 5192; x_wconf 87' lang='lat' dir='ltr'>imimicus</span> <span class='ocrx_word' id='word_1_762' title='bbox 1993 5137 2054 5190; x_wconf 82' lang='lat' dir='ltr'>in</span> 
     </span>
    </p>
   </div>
   <div class='ocr_carea' id='block_1_101' title="bbox 402 5224 2053 5297">
    <p class='ocr_par' dir='ltr' id='par_1_101' title="bbox 402 5224 2053 5297">
     <span class='ocr_line' id='line_1_101' title="bbox 402 5224 2053 5297; baseline 0 -19"><span class='ocrx_word' id='word_1_763' title='bbox 402 5229 594 5278; x_wconf 85' lang='lat' dir='ltr'>sancto</span> <span class='ocrx_word' id='word_1_764' title='bbox 625 5224 764 5295; x_wconf 88' lang='lat' dir='ltr'>quia</span> <span class='ocrx_word' id='word_1_765' title='bbox 792 5231 1090 5296; x_wconf 85' lang='lat' dir='ltr'>posuerunt</span> <span class='ocrx_word' id='word_1_766' title='bbox 1111 5227 1270 5297; x_wconf 87' lang='lat' dir='ltr'>signa</span> <span class='ocrx_word' id='word_1_767' title='bbox 1299 5233 1415 5296; x_wconf 86' lang='lat' dir='ltr'>tua,</span> <span class='ocrx_word' id='word_1_768' title='bbox 1447 5227 1609 5294; x_wconf 85' lang='lat' dir='ltr'>signa</span> <span class='ocrx_word' id='word_1_769' title='bbox 1637 5234 1687 5281; x_wconf 88' lang='lat' dir='ltr'>et</span> <span class='ocrx_word' id='word_1_770' title='bbox 1715 5242 1825 5282; x_wconf 84' lang='lat' dir='ltr'>non</span> <span class='ocrx_word' id='word_1_771' title='bbox 1854 5241 2053 5296; x_wconf 85' lang='lat' dir='ltr'>cogno-</span> 
     </span>
    </p>
   </div>
   <div class='ocr_carea' id='block_1_102' title="bbox 400 5316 2051 5387">
    <p class='ocr_par' dir='ltr' id='par_1_102' title="bbox 400 5316 2051 5387">
     <span class='ocr_line' id='line_1_102' title="bbox 400 5316 2051 5387; baseline 0.001 -21"><span class='ocrx_word' id='word_1_772' title='bbox 400 5321 599 5367; x_wconf 84' lang='lat' dir='ltr'>verunt</span> <span class='ocrx_word' id='word_1_773' title='bbox 626 5316 769 5369; x_wconf 86' lang='lat' dir='ltr'>sicut</span> <span class='ocrx_word' id='word_1_774' title='bbox 799 5317 857 5369; x_wconf 86' lang='lat' dir='ltr'>in</span> <span class='ocrx_word' id='word_1_775' title='bbox 879 5318 1034 5371; x_wconf 82' lang='lat' dir='ltr'>exitu</span> <span class='ocrx_word' id='word_1_776' title='bbox 1061 5332 1227 5387; x_wconf 85' lang='lat' dir='ltr'>super</span> <span class='ocrx_word' id='word_1_777' title='bbox 1255 5332 1531 5370; x_wconf 88' lang='lat' dir='ltr'>summum</span> <span class='ocrx_word' id='word_1_778' title='bbox 1557 5333 1569 5381; x_wconf 91' lang='lat'><strong>;</strong></span> <span class='ocrx_word' id='word_1_779' title='bbox 1591 5320 1648 5370; x_wconf 88' lang='lat' dir='ltr'>et</span> <span class='ocrx_word' id='word_1_780' title='bbox 1679 5331 1793 5370; x_wconf 93' lang='lat' dir='ltr'>non</span> <span class='ocrx_word' id='word_1_781' title='bbox 1819 5320 2051 5370; x_wconf 89' lang='lat' dir='ltr'>tantum</span> 
     </span>
    </p>
   </div>
   <div class='ocr_carea' id='block_1_103' title="bbox 402 5401 2052 5476">
    <p class='ocr_par' dir='ltr' id='par_1_103' title="bbox 402 5401 2052 5476">
     <span class='ocr_line' id='line_1_103' title="bbox 402 5401 2052 5476; baseline 0.002 -21"><span class='ocrx_word' id='word_1_782' title='bbox 402 5401 512 5456; x_wconf 85' lang='lat' dir='ltr'>hoc</span> <span class='ocrx_word' id='word_1_783' title='bbox 545 5401 936 5470; x_wconf 85' lang='lat' dir='ltr'>Iecerunt,sed</span> <span class='ocrx_word' id='word_1_784' title='bbox 961 5405 1138 5460; x_wconf 88' lang='lat' dir='ltr'>etiam</span> <span class='ocrx_word' id='word_1_785' title='bbox 1153 5405 1367 5476; x_wconf 82' lang='lat' dir='ltr'>januas</span> <span class='ocrx_word' id='word_1_786' title='bbox 1396 5403 1825 5474; x_wconf 87' lang='lat' dir='ltr'>ejus,subaudis</span> <span class='ocrx_word' id='word_1_787' title='bbox 1853 5404 2052 5475; x_wconf 88' lang='lat' dir='ltr'>templi</span> 
     </span>
    </p>
   </div>
   <div class='ocr_carea' id='block_1_104' title="bbox 402 5489 2050 5566">
    <p class='ocr_par' dir='ltr' id='par_1_104' title="bbox 402 5489 2050 5566">
     <span class='ocr_line' id='line_1_104' title="bbox 402 5489 2050 5566; baseline 0.002 -22"><span class='ocrx_word' id='word_1_788' title='bbox 402 5489 693 5546; x_wconf 83' lang='lat' dir='ltr'>exiderunt</span> <span class='ocrx_word' id='word_1_789' title='bbox 721 5493 1021 5559; x_wconf 82' lang='lat' dir='ltr'>securibus,</span> <span class='ocrx_word' id='word_1_790' title='bbox 1056 5494 1225 5566; x_wconf 89' lang='lat' dir='ltr'>quasi</span> <span class='ocrx_word' id='word_1_791' title='bbox 1254 5494 1416 5549; x_wconf 80' lang='lat' dir='ltr'>ﬁeret</span> <span class='ocrx_word' id='word_1_792' title='bbox 1462 5494 1522 5547; x_wconf 88' lang='lat' dir='ltr'>in</span> <span class='ocrx_word' id='word_1_793' title='bbox 1577 5492 1718 5546; x_wconf 87' lang='lat' dir='ltr'>silva</span> <span class='ocrx_word' id='word_1_794' title='bbox 1747 5492 2050 5563; x_wconf 85' lang='lat' dir='ltr'>lignorum,</span> 
     </span>
    </p>
   </div>
   <div class='ocr_carea' id='block_1_105' title="bbox 402 5576 2056 5654">
    <p class='ocr_par' dir='ltr' id='par_1_105' title="bbox 402 5576 2056 5654">
     <span class='ocr_line' id='line_1_105' title="bbox 402 5576 2056 5654; baseline 0.005 -23"><span class='ocrx_word' id='word_1_795' title='bbox 402 5576 460 5631; x_wconf 88' lang='lat' dir='ltr'>id</span> <span class='ocrx_word' id='word_1_796' title='bbox 481 5579 678 5646; x_wconf 86' lang='lat' dir='ltr'>est,ita</span> <span class='ocrx_word' id='word_1_797' title='bbox 701 5581 1313 5654; x_wconf 79' lang='lat' dir='ltr'>irreverenterjanuas</span> <span class='ocrx_word' id='word_1_798' title='bbox 1334 5581 1887 5653; x_wconf 87' lang='lat' dir='ltr'>templiinciderunt</span> <span class='ocrx_word' id='word_1_799' title='bbox 1903 5583 2056 5639; x_wconf 85' lang='lat' dir='ltr'>sicut</span> 
     </span>
    </p>
   </div>
   <div class='ocr_carea' id='block_1_106' title="bbox 409 5663 2053 5745">
    <p class='ocr_par' dir='ltr' id='par_1_106' title="bbox 409 5663 2053 5745">
     <span class='ocr_line' id='line_1_106' title="bbox 409 5663 2053 5745; baseline 0.004 -23"><span class='ocrx_word' id='word_1_800' title='bbox 409 5663 736 5738; x_wconf 77' lang='lat' dir='ltr'>inciderent</span> <span class='ocrx_word' id='word_1_801' title='bbox 757 5668 960 5726; x_wconf 87' lang='lat' dir='ltr'>silvam</span> <span class='ocrx_word' id='word_1_802' title='bbox 996 5670 1477 5742; x_wconf 80' lang='lat' dir='ltr'>lignorum.Silva</span> <span class='ocrx_word' id='word_1_803' title='bbox 1508 5669 1805 5745; x_wconf 77' lang='lat' dir='ltr'>lignorum</span> <span class='ocrx_word' id='word_1_804' title='bbox 1835 5672 2053 5736; x_wconf 88' lang='lat' dir='ltr'>est,ubi</span> 
     </span>
    </p>
   </div>
   <div class='ocr_carea' id='block_1_107' title="bbox 2165 4689 3826 4764">
    <p class='ocr_par' dir='ltr' id='par_1_107' title="bbox 2165 4689 3826 4764">
     <span class='ocr_line' id='line_1_107' title="bbox 2165 4689 3826 4764; baseline -0.001 -16"><span class='ocrx_word' id='word_1_805' title='bbox 2165 4693 2298 4749; x_wconf 90' lang='lat' dir='ltr'>illos</span> <span class='ocrx_word' id='word_1_806' title='bbox 2329 4692 2427 4764; x_wconf 91' lang='lat' dir='ltr'>qui</span> <span class='ocrx_word' id='word_1_807' title='bbox 2460 4708 2494 4747; x_wconf 90' lang='lat' dir='ltr'>a</span> <span class='ocrx_word' id='word_1_808' title='bbox 2522 4691 2795 4747; x_wconf 86' lang='lat' dir='ltr'>societate</span> <span class='ocrx_word' id='word_1_809' title='bbox 2825 4691 3088 4746; x_wconf 82' lang='lat' dir='ltr'>fidelium</span> <span class='ocrx_word' id='word_1_810' title='bbox 3150 4691 3419 4764; x_wconf 78' lang='lat' dir='ltr'>separati</span> <span class='ocrx_word' id='word_1_811' title='bbox 3474 4697 3622 4746; x_wconf 89' lang='lat' dir='ltr'>sunt</span> <span class='ocrx_word' id='word_1_812' title='bbox 3649 4689 3826 4764; x_wconf 77' lang='lat' dir='ltr'>quasi</span> 
     </span>
    </p>
   </div>
   <div class='ocr_carea' id='block_1_108' title="bbox 2166 4779 3822 4853">
    <p class='ocr_par' dir='ltr' id='par_1_108' title="bbox 2166 4779 3822 4853">
     <span class='ocr_line' id='line_1_108' title="bbox 2166 4779 3822 4853; baseline -0.001 -17"><span class='ocrx_word' id='word_1_813' title='bbox 2166 4781 2465 4853; x_wconf 90' lang='lat' dir='ltr'>leprosi,id</span> <span class='ocrx_word' id='word_1_814' title='bbox 2497 4785 2587 4835; x_wconf 90' lang='lat' dir='ltr'>est</span> <span class='ocrx_word' id='word_1_815' title='bbox 2616 4784 2982 4851; x_wconf 89' lang='lat' dir='ltr'>peccatorum</span> <span class='ocrx_word' id='word_1_816' title='bbox 3016 4781 3266 4836; x_wconf 88' lang='lat' dir='ltr'>maculis</span> <span class='ocrx_word' id='word_1_817' title='bbox 3298 4779 3822 4848; x_wconf 77' lang='lat' dir='ltr'>contaminati;sed</span> 
     </span>
    </p>
   </div>
   <div class='ocr_carea' id='block_1_109' title="bbox 2165 4868 3829 4941">
    <p class='ocr_par' dir='ltr' id='par_1_109' title="bbox 2165 4868 3829 4941">
     <span class='ocr_line' id='line_1_109' title="bbox 2165 4868 3829 4941; baseline -0.002 -14"><span class='ocrx_word' id='word_1_818' title='bbox 2165 4889 2298 4927; x_wconf 86' lang='lat' dir='ltr'>cum</span> <span class='ocrx_word' id='word_1_819' title='bbox 2325 4871 2448 4941; x_wconf 80' lang='lat' dir='ltr'>jam</span> <span class='ocrx_word' id='word_1_820' title='bbox 2484 4873 2856 4925; x_wconf 85' lang='lat' dir='ltr'>revertuntur</span> <span class='ocrx_word' id='word_1_821' title='bbox 2886 4870 2956 4924; x_wconf 90' lang='lat' dir='ltr'>ad</span> <span class='ocrx_word' id='word_1_822' title='bbox 2991 4869 3327 4928; x_wconf 83' lang='lat' dir='ltr'>societatem</span> <span class='ocrx_word' id='word_1_823' title='bbox 3360 4868 3829 4935; x_wconf 74' lang='lat' dir='ltr'>fidelium,mun-</span> 
     </span>
    </p>
   </div>
   <div class='ocr_carea' id='block_1_110' title="bbox 2165 4957 3830 5031">
    <p class='ocr_par' dir='ltr' id='par_1_110' title="bbox 2165 4957 3830 5031">
     <span class='ocr_line' id='line_1_110' title="bbox 2165 4957 3830 5031; baseline -0.002 -14"><span class='ocrx_word' id='word_1_824' title='bbox 2165 4964 2382 5017; x_wconf 86' lang='lat' dir='ltr'>dantur</span> <span class='ocrx_word' id='word_1_825' title='bbox 2413 4977 2447 5015; x_wconf 91' lang='lat' dir='ltr'>a</span> <span class='ocrx_word' id='word_1_826' title='bbox 2487 4959 2740 5031; x_wconf 86' lang='lat' dir='ltr'>peccatis</span> <span class='ocrx_word' id='word_1_827' title='bbox 2775 4983 2787 5011; x_wconf 86' lang='lat'><strong>:</strong></span> <span class='ocrx_word' id='word_1_828' title='bbox 2824 4959 2979 5030; x_wconf 93' lang='lat' dir='ltr'>quod</span> <span class='ocrx_word' id='word_1_829' title='bbox 3015 4964 3178 5014; x_wconf 84' lang='lat' dir='ltr'>notat</span> <span class='ocrx_word' id='word_1_830' title='bbox 3235 4975 3450 5015; x_wconf 87' lang='lat' dir='ltr'>manus</span> <span class='ocrx_word' id='word_1_831' title='bbox 3499 4960 3557 5013; x_wconf 91' lang='lat' dir='ltr'>in</span> <span class='ocrx_word' id='word_1_832' title='bbox 3617 4957 3830 5014; x_wconf 83' lang='lat' dir='ltr'>sinum</span> 
     </span>
    </p>
   </div>
   <div class='ocr_carea' id='block_1_111' title="bbox 2166 5047 3825 5119">
    <p class='ocr_par' dir='ltr' id='par_1_111' title="bbox 2166 5047 3825 5119">
     <span class='ocr_line' id='line_1_111' title="bbox 2166 5047 3825 5119; baseline -0.002 -14"><span class='ocrx_word' id='word_1_833' title='bbox 2166 5051 2423 5105; x_wconf 87' lang='lat' dir='ltr'>reducta.</span> <span class='ocrx_word' id='word_1_834' title='bbox 2459 5047 2618 5111; x_wconf 87' lang='lat' dir='ltr'>Quod</span> <span class='ocrx_word' id='word_1_835' title='bbox 2681 5047 2776 5103; x_wconf 90' lang='lat' dir='ltr'>hic</span> <span class='ocrx_word' id='word_1_836' title='bbox 2833 5047 3016 5104; x_wconf 89' lang='lat' dir='ltr'>dicit:</span> <span class='ocrx_word' id='word_1_837' title='bbox 3055 5049 3268 5119; x_wconf 87' lang='lat' dir='ltr'>Ulquid</span> <span class='ocrx_word' id='word_1_838' title='bbox 3319 5048 3523 5103; x_wconf 81' lang='lat' dir='ltr'>avertis</span> <span class='ocrx_word' id='word_1_839' title='bbox 3570 5059 3825 5103; x_wconf 76' lang='lat' dir='ltr'>manum</span> 
     </span>
    </p>
   </div>
   <div class='ocr_carea' id='block_1_112' title="bbox 2163 5135 3830 5207">
    <p class='ocr_par' dir='ltr' id='par_1_112' title="bbox 2163 5135 3830 5207">
     <span class='ocr_line' id='line_1_112' title="bbox 2163 5135 3830 5207; baseline -0.002 -13"><span class='ocrx_word' id='word_1_840' title='bbox 2163 5149 2314 5194; x_wconf 85' lang='lat' dir='ltr'>tuam</span> <span class='ocrx_word' id='word_1_841' title='bbox 2345 5143 2397 5194; x_wconf 85' lang='lat' dir='ltr'>et</span> <span class='ocrx_word' id='word_1_842' title='bbox 2426 5138 2716 5193; x_wconf 81' lang='lat' dir='ltr'>dexteram</span> <span class='ocrx_word' id='word_1_843' title='bbox 2747 5145 2907 5191; x_wconf 82' lang='lat' dir='ltr'>tuam</span> <span class='ocrx_word' id='word_1_844' title='bbox 2928 5137 2994 5192; x_wconf 80' lang='lat' dir='ltr'>de</span> <span class='ocrx_word' id='word_1_845' title='bbox 3023 5138 3200 5193; x_wconf 88' lang='lat' dir='ltr'>medio</span> <span class='ocrx_word' id='word_1_846' title='bbox 3230 5139 3359 5192; x_wconf 85' lang='lat' dir='ltr'>sinu</span> <span class='ocrx_word' id='word_1_847' title='bbox 3389 5147 3482 5192; x_wconf 90' lang='lat' dir='ltr'>tuo</span> <span class='ocrx_word' id='word_1_848' title='bbox 3508 5138 3570 5192; x_wconf 78' lang='lat' dir='ltr'>in</span> <span class='ocrx_word' id='word_1_849' title='bbox 3601 5137 3774 5207; x_wconf 76' lang='lat' dir='ltr'>ﬁnem</span> <span class='ocrx_word' id='word_1_850' title='bbox 3796 5135 3830 5191; x_wconf 70' lang='grc' dir='ltr'><strong><em>τ</em></strong></span> 
     </span>
    </p>
   </div>
   <div class='ocr_carea' id='block_1_113' title="bbox 2164 5224 3830 5295">
    <p class='ocr_par' dir='ltr' id='par_1_113' title="bbox 2164 5224 3830 5295">
     <span class='ocr_line' id='line_1_113' title="bbox 2164 5224 3830 5295; baseline -0.001 -13"><span class='ocrx_word' id='word_1_851' title='bbox 2164 5228 2338 5294; x_wconf 87' lang='lat' dir='ltr'>Quasi</span> <span class='ocrx_word' id='word_1_852' title='bbox 2367 5227 2520 5282; x_wconf 88' lang='lat' dir='ltr'>dicat</span> <span class='ocrx_word' id='word_1_853' title='bbox 2555 5244 2566 5281; x_wconf 95' lang='lat'>:</span> <span class='ocrx_word' id='word_1_854' title='bbox 2603 5225 2683 5280; x_wconf 90' lang='lat' dir='ltr'>Ne</span> <span class='ocrx_word' id='word_1_855' title='bbox 2712 5224 2959 5295; x_wconf 89' lang='lat' dir='ltr'>patiaris</span> <span class='ocrx_word' id='word_1_856' title='bbox 2991 5241 3232 5281; x_wconf 84' lang='lat' dir='ltr'>manum</span> <span class='ocrx_word' id='word_1_857' title='bbox 3253 5230 3419 5281; x_wconf 87' lang='lat' dir='ltr'>tuam</span> <span class='ocrx_word' id='word_1_858' title='bbox 3450 5226 3523 5280; x_wconf 89' lang='lat' dir='ltr'>de</span> <span class='ocrx_word' id='word_1_859' title='bbox 3552 5226 3691 5280; x_wconf 88' lang='lat' dir='ltr'>sinu</span> <span class='ocrx_word' id='word_1_860' title='bbox 3723 5230 3830 5281; x_wconf 78' lang='lat' dir='ltr'>tuo</span> 
     </span>
    </p>
   </div>
   <div class='ocr_carea' id='block_1_114' title="bbox 2164 5313 3830 5387">
    <p class='ocr_par' dir='ltr' id='par_1_114' title="bbox 2164 5313 3830 5387">
     <span class='ocr_line' id='line_1_114' title="bbox 2164 5313 3830 5387; baseline -0.001 -14"><span class='ocrx_word' id='word_1_861' title='bbox 2164 5316 2408 5382; x_wconf 81' lang='lat' dir='ltr'>extrahi,</span> <span class='ocrx_word' id='word_1_862' title='bbox 2439 5316 2537 5372; x_wconf 88' lang='lat' dir='ltr'>sed</span> <span class='ocrx_word' id='word_1_863' title='bbox 2574 5316 2846 5387; x_wconf 87' lang='lat' dir='ltr'>permitte</span> <span class='ocrx_word' id='word_1_864' title='bbox 2873 5330 3001 5370; x_wconf 89' lang='lat' dir='ltr'>eam</span> <span class='ocrx_word' id='word_1_865' title='bbox 3035 5315 3260 5386; x_wconf 88' lang='lat' dir='ltr'>reponi,</span> <span class='ocrx_word' id='word_1_866' title='bbox 3293 5321 3351 5370; x_wconf 90' lang='lat' dir='ltr'>et</span> <span class='ocrx_word' id='word_1_867' title='bbox 3390 5314 3638 5387; x_wconf 85' lang='lat' dir='ltr'>recipiat</span> <span class='ocrx_word' id='word_1_868' title='bbox 3667 5313 3830 5371; x_wconf 80' lang='lat' dir='ltr'>cole-</span> 
     </span>
    </p>
   </div>
   <div class='ocr_carea' id='block_1_115' title="bbox 2166 5400 3816 5475">
    <p class='ocr_par' dir='ltr' id='par_1_115' title="bbox 2166 5400 3816 5475">
     <span class='ocr_line' id='line_1_115' title="bbox 2166 5400 3816 5475; baseline -0.001 -15"><span class='ocrx_word' id='word_1_869' title='bbox 2166 5423 2284 5462; x_wconf 89' lang='lat' dir='ltr'>rem</span> <span class='ocrx_word' id='word_1_870' title='bbox 2318 5405 2478 5460; x_wconf 90' lang='lat' dir='ltr'>carni</span> <span class='ocrx_word' id='word_1_871' title='bbox 2511 5403 2790 5468; x_wconf 89' lang='lat' dir='ltr'>similem,</span> <span class='ocrx_word' id='word_1_872' title='bbox 2825 5407 2883 5459; x_wconf 91' lang='lat' dir='ltr'>et</span> <span class='ocrx_word' id='word_1_873' title='bbox 2911 5409 3229 5475; x_wconf 86' lang='lat' dir='ltr'>cognoscat</span> <span class='ocrx_word' id='word_1_874' title='bbox 3284 5405 3639 5461; x_wconf 84' lang='lat' dir='ltr'>Creatorem.</span> <span class='ocrx_word' id='word_1_875' title='bbox 3703 5400 3816 5458; x_wconf 77' lang='lat' dir='ltr'>Vel</span> 
     </span>
    </p>
   </div>
   <div class='ocr_carea' id='block_1_116' title="bbox 2165 5492 3822 5562">
    <p class='ocr_par' dir='ltr' id='par_1_116' title="bbox 2165 5492 3822 5562">
     <span class='ocr_line' id='line_1_116' title="bbox 2165 5492 3822 5562; baseline -0.003 -12"><span class='ocrx_word' id='word_1_876' title='bbox 2165 5495 2351 5560; x_wconf 81' lang='lat' dir='ltr'>aliter,</span> <span class='ocrx_word' id='word_1_877' title='bbox 2383 5492 2749 5550; x_wconf 78' lang='lat' dir='ltr'>incenderunt</span> <span class='ocrx_word' id='word_1_878' title='bbox 2781 5493 2904 5562; x_wconf 86' lang='lat' dir='ltr'>igni</span> <span class='ocrx_word' id='word_1_879' title='bbox 2931 5495 3327 5549; x_wconf 84' lang='lat' dir='ltr'>sanctuarium</span> <span class='ocrx_word' id='word_1_880' title='bbox 3361 5502 3540 5562; x_wconf 85' lang='lat' dir='ltr'>tuum,</span> <span class='ocrx_word' id='word_1_881' title='bbox 3572 5495 3632 5548; x_wconf 87' lang='lat' dir='ltr'>in</span> <span class='ocrx_word' id='word_1_882' title='bbox 3665 5496 3822 5547; x_wconf 74' lang='lat' dir='ltr'>terra</span> 
     </span>
    </p>
   </div>
   <div class='ocr_carea' id='block_1_117' title="bbox 2160 5579 3828 5657">
    <p class='ocr_par' dir='ltr' id='par_1_117' title="bbox 2160 5579 3828 5657">
     <span class='ocr_line' id='line_1_117' title="bbox 2160 5579 3828 5657; baseline -0.001 -18"><span class='ocrx_word' id='word_1_883' title='bbox 2160 5586 2477 5657; x_wconf 82' lang='lat' dir='ltr'>polluerunt</span> <span class='ocrx_word' id='word_1_884' title='bbox 2507 5580 2929 5638; x_wconf 85' lang='lat' dir='ltr'>tabernaculum</span> <span class='ocrx_word' id='word_1_885' title='bbox 2955 5584 3199 5638; x_wconf 82' lang='lat' dir='ltr'>nominis</span> <span class='ocrx_word' id='word_1_886' title='bbox 3231 5585 3317 5639; x_wconf 85' lang='lat' dir='ltr'>tui</span> <span class='ocrx_word' id='word_1_887' title='bbox 3347 5601 3360 5650; x_wconf 94' lang='lat'><strong>;</strong></span> <span class='ocrx_word' id='word_1_888' title='bbox 3395 5586 3452 5638; x_wconf 86' lang='lat' dir='ltr'>et</span> <span class='ocrx_word' id='word_1_889' title='bbox 3482 5581 3688 5639; x_wconf 85' lang='lat' dir='ltr'>merito</span> <span class='ocrx_word' id='word_1_890' title='bbox 3707 5579 3828 5637; x_wconf 83' lang='lat' dir='ltr'>hoc</span> 
     </span>
    </p>
   </div>
   <div class='ocr_carea' id='block_1_118' title="bbox 2163 5668 3830 5747">
    <p class='ocr_par' dir='ltr' id='par_1_118' title="bbox 2163 5668 3830 5747">
     <span class='ocr_line' id='line_1_118' title="bbox 2163 5668 3830 5747; baseline -0.002 -16"><span class='ocrx_word' id='word_1_891' title='bbox 2163 5672 2320 5747; x_wconf 83' lang='lat' dir='ltr'>passi</span> <span class='ocrx_word' id='word_1_892' title='bbox 2351 5676 2491 5731; x_wconf 86' lang='lat' dir='ltr'>sunt</span> <span class='ocrx_word' id='word_1_893' title='bbox 2517 5670 2726 5741; x_wconf 68' lang='lat' dir='ltr'>Judui,</span> <span class='ocrx_word' id='word_1_894' title='bbox 2760 5668 2899 5747; x_wconf 83' lang='lat' dir='ltr'>quia</span> <span class='ocrx_word' id='word_1_895' title='bbox 2925 5671 3210 5742; x_wconf 81' lang='lat' dir='ltr'>dixerunt,</span> <span class='ocrx_word' id='word_1_896' title='bbox 3245 5672 3305 5730; x_wconf 88' lang='lat' dir='ltr'>id</span> <span class='ocrx_word' id='word_1_897' title='bbox 3337 5676 3428 5731; x_wconf 85' lang='lat' dir='ltr'>est</span> <span class='ocrx_word' id='word_1_898' title='bbox 3455 5675 3830 5740; x_wconf 75' lang='lat' dir='ltr'>statuerunt,</span> 
     </span>
    </p>
   </div>
  </div>
