4014 6194
256 346 392 415 $19

1392 353 2002 421 ENARRATIONES
2045 353 2126 419 IN
2175 356 2554 423 PSALMOS.

3565 356 3686 425 530

260 484 331 541 in
357 481 519 541 corde
542 498 643 543 suo
671 489 917 560 cognatio
944 503 1133 546 eorum
1161 492 1351 558 simul,
1384 492 1441 547 id
1474 498 1585 559 est,
1625 508 1757 547 cum
1800 492 1917 547 illis
1946 495 2001 559 Α
2029 492 2216 548 Eratis
2246 494 2552 566 aliquando
2601 494 2862 564 κηρὸν-«κ,
2912 509 3063 552 nunc
3109 493 3301 553 autem
3349 490 3449 550 tua:
3492 494 3550 550 in
3581 496 3683 552 Do-

269 574 569 631 consensit
616 575 674 631 in
728 576 857 645 hoc,
913 579 1202 647 Quiescere
1246 583 1518 651 faciamus
1563 598 1749 637 omnes
1806 581 1920 637 dies

262 665 429 733 festos
461 665 559 720 Dei
594 681 628 720 a
662 668 831 722 terra.
882 674 963 724 Ac
994 669 1043 724 si
1075 670 1232 726 dicat
1265 688 1276 724 :
1326 672 1449 727 Non
1502 671 1576 727 sit
1620 670 1773 726 inter
1810 688 1917 726 nos

265 752 542 826 deinceps
600 754 699 825 qui
770 756 985 813 festum
1054 759 1247 823 faciat.
1289 760 1425 825 Deo,
1487 765 1542 815 et
1598 759 1916 815 Sabbatum

258 843 605 899 custodiat:
666 848 723 900 et
781 844 890 901 hoc
948 848 1091 903 adeo
1150 849 1289 919 quia
1343 851 1506 919 signa
1560 853 1749 904 nostra
1802 866 1917 905 non

262 932 537 1000 vidimus,
606 950 707 1004 per
773 953 898 1006 quae
967 936 1367 1009 intelligamus
1432 954 1493 993 se
1568 954 1771 994 curare
1843 940 1915 993 de

262 1022 456 1077 nobis.
502 1023 625 1078 Jam
664 1039 773 1078 non
820 1028 898 1079 est
936 1027 1225 1097 propheta,
1276 1026 1376 1098 qui
1425 1026 1760 1083 consoletur
1807 1043 1913 1082 nos

260 1109 321 1166 in
354 1112 705 1178 atﬁictione;
756 1121 809 1167 et
858 1113 985 1169 ideo
1034 1131 1131 1169 nos
1178 1132 1288 1171 non
1329 1121 1603 1186 cognoscet
1654 1116 1913 1188 amplius,

261 1200 402 1273 quia
459 1218 573 1256 non
633 1200 823 1256 veniet
879 1202 1136 1274 amplius
1193 1205 1262 1259 ad
1327 1205 1697 1259 liberandum
1758 1221 1913 1272 nos;

260 1289 482 1345 frustra
511 1290 666 1345 enim
699 1295 837 1345 sunt
870 1292 1209 1362 prophetica
1238 1293 1420 1360 dicta,
1472 1311 1599 1366 qua
1645 1310 1778 1349 eum
1811 1311 1914 1365 pro

258 1384 460 1435 nostra
472 1378 662 1435 salute
676 1380 1910 1455 annuntiabantventurum.Usquequo,Dcus,

262 1468 655 1539 improberabit
678 1470 971 1524 inimicus?
992 1475 1103 1525 Hos
1127 1471 1271 1526 duos
1295 1488 1498 1527 versus
1521 1473 1912 1543 praecedentes

255 1557 406 1613 dixit
426 1557 624 1629 Asaph
649 1558 707 1611 in
737 1574 873 1613 voce
896 1558 1258 1627 Judaaorum,
1292 1577 1447 1615 nunc
1476 1559 1688 1616 iterum
1712 1577 1909 1617 vocem

258 1648 511 1703 assumit
530 1646 860 1718 propriam;
897 1648 1068 1719 quasi
1088 1648 1275 1705 dicat:
1316 1648 1906 1705 DicuntJudaziChri-

252 1738 413 1791 stum
445 1752 560 1792 non
595 1736 857 1803 venisse;
891 1738 991 1792 sed
1024 1742 1107 1805 tu,
1143 1744 1316 1803 Deus,
1351 1755 1657 1811 usquequo
1690 1742 1904 1810 impro-

250 1826 481 1896 perabit
501 1824 606 1879 tibi
630 1824 929 1892 inimicus,
946 1825 1005 1881 id
1022 1832 1131 1897 est,
1162 1844 1468 1899 usquequo
1492 1844 1605 1883 non
1629 1845 1904 1901 recogno-

254 1920 451 1971 scetur
471 1915 545 1970 ab
568 1914 825 1983 inimico,
858 1916 913 1970 id
932 1921 1040 1982 est,
1062 1916 1309 1972 Judaico
1333 1917 1588 1988 populo?
1613 1918 1758 1972 Cum
1778 1934 1908 1973 con-

235 2008 370 2059 estat
387 2020 520 2060 eum
533 2005 811 2060 Sanctum
834 2010 1169 2060 sanctorum
1189 2006 1437 2073 venisse,
1457 2023 1762 2078 usquequo
1782 2007 1906 2062 irri-

236 2096 339 2148 .-tat
356 2093 727 2149 adversarius
745 2111 958 2150 nomen
981 2100 1170 2163 tuum,
1187 2095 1242 2149 id
1263 2100 1369 2163 est,
1386 2096 1648 2166 quandiu
1671 2096 1912 2167 patieris

255 2181 572 2237 Judaicum
604 2181 889 2254 populum
940 2182 1172 2237 irritum
1223 2183 1435 2239 habere
1471 2200 1682 2239 nomen
1714 2190 1908 2251 tuum,

256 2270 660 2326 Christianum
694 2270 978 2337 videlicet,
1012 2276 1069 2326 et
1095 2271 1241 2327 illud
1277 2271 1445 2343 quasi
1477 2290 1689 2327 vanum
1716 2274 1907 2345 impu-

240 2360 477 2431 gnare?
519 2361 587 2415 Et
626 2368 686 2415 ut
717 2361 847 2432 quid
878 2363 1079 2417 avertis
1108 2378 1332 2416 manum
1363 2366 1557 2417 tuam?
1604 2364 1746 2418 Ecce
1802 2363 1908 2417 ite-

254 2465 387 2503 rum
420 2448 579 2503 dolet
610 2449 1075 2520 persecutionem
1105 2450 1467 2505 Judaaorum.
1501 2452 1677 2516 Quasi
1712 2452 1867 2507 dicat
1894 2470 1906 2507 :

253 2538 342 2594 Tu
363 2538 541 2603 Deus,
564 2544 622 2593 et
653 2538 702 2593 si
736 2537 974 2608 repellis
1006 2538 1077 2593 de
1105 2538 1323 2611 populo
1346 2545 1444 2593 tuo
1470 2540 1688 2609 paleas,
1714 2542 1911 2611 utquid

253 2628 456 2682 avertis
476 2642 707 2682 manum
726 2631 881 2682 tuam
902 2635 954 2682 et
972 2627 1250 2683 dexteram
1271 2636 1443 2692 tuam,
1476 2629 1535 2684 id
1563 2633 1672 2694 est,
1697 2630 1906 2700 utquid

251 2714 485 2787 repellis
510 2713 643 2770 illos
666 2714 765 2787 qui
796 2732 1008 2770 manus
1033 2720 1133 2770 tua
1156 2716 1336 2771 futuri
1367 2721 1524 2784 sunt,
1548 2733 1733 2788 grana
1754 2718 1908 2771 vide-

250 2803 383 2861 licet
413 2804 511 2876 qui
534 2804 687 2859 inter
708 2803 904 2875 paleas
937 2808 1332 2870 reservantur,
1352 2805 1416 2860 de
1434 2805 1612 2861 medio
1630 2808 1759 2861 sinu
1788 2810 1900 2871 tuo,

251 2894 307 2949 id
330 2898 419 2950 est
439 2895 508 2950 de
529 2897 630 2949 tua
649 2892 1043 2965 protectione?
1063 2893 1245 2949 ethoc
1267 2896 1326 2948 in
1344 2894 1533 2965 ﬁnem,
1561 2895 1613 2949 id
1636 2900 1723 2949 est
1740 2894 1901 2950 ﬁnali

250 2982 584 3039 aversione?
606 2981 693 3036 vel
714 2982 965 3036 advertis
983 2997 1081 3036 eos
1104 2983 1161 3036 in
1189 2987 1241 3037 te
1260 2983 1435 3037 ﬁnem
1459 2983 1744 3038 subaudis
1762 2983 1900 3037 diri-

234 3071 460 3144 lgendo.
511 3072 648 3127 Deus
694 3076 883 3125 autem
923 3086 1025 3126 rea:
1070 3076 1255 3127 noster
1297 3075 1422 3127 ante
1464 3073 1688 3128 saecula.
1720 3071 1900 3135 Quasi

234 3160 436 3216 "dicat:
472 3160 588 3215 Nos
608 3159 1030 3215 dubitabamus
1049 3159 1348 3216 Christum
1374 3161 1625 3217 venisse.
1642 3164 1785 3216 Deus
1803 3177 1902 3216 au-

2027 585 2180 638 mino
2215 584 2431 653 (Ephes.
2465 587 2520 655 v)
2550 603 2563 652 ;
2614 585 2714 656 qui
2758 586 3076 658 aliquando
3108 585 3341 641 fuerant
3368 584 3685 656 .Ethiopes,

2028 671 2085 725 id
2118 676 2207 727 est
2236 673 2537 739 denigrati,
2586 692 2741 729 nunc
2773 682 2971 731 autem
3005 674 3511 747 splendidissimi;
3546 673 3687 744 quia

2024 759 2167 815 adeo
2200 762 2586 828 conﬁrmasti,
2624 767 2688 816 ut
2716 769 2854 818 sunt
2908 764 3096 819 sancti
3145 756 3414 835 apostoli,
3464 761 3681 834 quibus

2024 849 2289 904 membra
2347 850 2621 905 draconis
2670 851 2911 906 fuerunt
2963 852 3219 920 refectio,
3275 853 3414 923 quia
3457 868 3521 907 os
3565 851 3677 907 sibi

2024 939 2351 993 secundum
2376 940 2551 993 ﬁdem
2574 937 3044 1010 incorporabant.
3074 941 3236 997 Unde
3258 942 3424 997 Petro
3456 940 3677 997 dictum

2022 1033 2152 1082 est:
2211 1028 2403 1085 Occide
2449 1032 2498 1082 et
2547 1029 2814 1083 menduca
2862 1030 2997 1100 (Act.
3058 1032 3135 1096 χ).
3187 1035 3318 1085 ΗίΒο
3367 1029 3500 1087 talis
3549 1046 3683 1086 esca

2022 1116 2135 1171 fuit
2152 1116 2541 1189 przeﬁgurata,
2559 1118 2792 1188 quando
2806 1118 3033 1189 Moyses
3055 1118 3304 1174 vitulum
3323 1118 3488 1176 illum
3504 1136 3677 1192 quem

2023 1207 2304 1261 adorabat
2340 1206 2699 1261 Israeliticus
2731 1208 3004 1277 populus,
3030 1208 3087 1262 in
3112 1208 3407 1278 pulverem
3432 1209 3677 1281 redegit,

2023 1300 2081 1349 et
2111 1295 2366 1365 positum
2404 1296 2461 1350 in
2494 1313 2646 1367 aqua
2678 1296 2762 1350 eis
2795 1296 2865 1349 ad
2902 1295 3224 1352 bibendum
3274 1298 3433 1352 dedit
3481 1299 3676 1371 (Exod.

2020 1385 2218 1455 xxxu).
2257 1384 2482 1440 Vitulus
2515 1383 2611 1439 ille
2649 1386 2921 1440 redactus
2951 1384 3008 1439 in
3041 1385 3337 1456 pulverem
3386 1386 3681 1459 signiﬁcat

2022 1473 2306 1542 inﬁdeles;
2335 1474 2435 1545 qui
2463 1474 2594 1544 igne
2622 1473 2800 1528 divini
2824 1473 3063 1542 amoris,
3089 1474 3371 1530 elationes
3394 1480 3451 1529 et
3472 1492 3676 1547 super-

2020 1562 2145 1618 bias
2176 1580 2315 1618 suas
2348 1563 2648 1618 humiliter
2677 1563 3028 1629 conﬁtendo,
3065 1562 3478 1633 incenduntur,
3512 1568 3569 1619 et
3592 1563 3677 1619 sic

2018 1668 2170 1723 aqua
2206 1652 2577 1723 baptimastis
2609 1652 2857 1723 aspersi,
2894 1651 3163 1707 ﬁdelibus
3206 1652 3672 1724 incorporantur.

2018 1740 2119 1796 Vel
2148 1741 2336 1811 aliter,
2359 1741 2561 1797 dedisti
2584 1759 2708 1797 eum
2729 1758 2908 1796 escam
2924 1742 3144 1813 populis
3161 1743 3503 1813 Althiopum,
3535 1742 3674 1813 quia

2018 1832 2449 1902 persecutiones
2472 1830 2797 1886 inﬁdelium
2830 1831 2997 1902 quasi
3019 1847 3184 1886 escas
3208 1836 3265 1885 et
3285 1830 3519 1886 refectio
3546 1830 3669 1885 fue-

2023 1924 2159 1975 runt
2180 1920 2471 1976 ﬁdelibus.
2502 1922 2569 1975 Tu
2601 1920 2865 1991 dirupisti
2891 1922 3065 1990 fontes
3096 1924 3149 1974 et
3172 1926 3459 1976 torrentes.
3492 1917 3670 1985 Quasi

2021 2009 2214 2065 dicat:
2260 2012 2331 2065 Tu
2368 2012 2707 2082 conﬁrmasti
2733 2025 2907 2076 mare,
2958 2014 3020 2063 tu
3048 2010 3440 2065 contribulasti
3467 2010 3671 2079 capita,

2020 2102 2076 2153 et
2105 2098 2213 2153 hoc
2244 2098 2456 2164 taliter,
2492 2098 2631 2170 quia
2660 2100 2863 2169 fontes,
2897 2097 2953 2152 id
2976 2102 3065 2153 est
3095 2097 3393 2168 apostolos
3424 2101 3580 2161 tuos,
3611 2096 3671 2150 in

2020 2187 2236 2257 quibus
2267 2193 2433 2242 erant
2464 2188 2653 2243 fontes
2687 2203 2853 2257 aquas
2902 2184 3165 2241 salientis
3197 2186 3257 2240 in
3288 2186 3470 2239 vitam
3501 2188 3670 2239 aeter-

2021 2292 2181 2342 nam,
2214 2275 2508 2347 dirupisti,
2543 2276 2601 2330 id
2634 2279 2742 2344 est,
2777 2292 2879 2346 per
2919 2276 3179 2330 diversos
3228 2274 3381 2329 rivos
3429 2272 3673 2328 duxisti.

2020 2366 2293 2436 Dirupz’sti
2331 2368 2498 2421 etiam
2547 2372 2832 2420 torrentes.
2886 2365 3197 2418 Torrentes
3246 2366 3387 2417 sunt
3436 2361 3522 2416 illi
3571 2362 3673 2433 qui

2019 2454 2294 2525 operibus
2316 2454 2431 2509 Deo
2454 2454 2884 2518 contradicunt,
2909 2454 3010 2508 sed
3034 2458 3231 2507 tamen
3264 2451 3395 2507 aliis
3426 2452 3668 2506 verbum

2018 2540 2900 2611 praedicationisadministrant;
2918 2540 3093 2594 ethoc
3111 2540 3181 2594 ad
3195 2538 3669 2607 similitudinem,

2016 2630 2155 2700 quia
2185 2635 2411 2685 torrens
2444 2633 2530 2684 est
2563 2646 2715 2700 aqua
2745 2630 2815 2683 de
2850 2637 3045 2683 monte
3076 2627 3272 2701 aliquo
3309 2628 3670 2685 descendens

2014 2734 2146 2772 cum
2180 2718 2422 2789 impetu,
2456 2722 2512 2772 et
2540 2718 2656 2773 cito
2687 2717 2964 2772 deﬁciens
3000 2734 3011 2771 :
3067 2718 3149 2772 ita
3198 2721 3256 2772 et
3304 2716 3397 2771 isti
3443 2716 3668 2789 impetu

2014 2808 2131 2861 oris
2165 2807 2351 2861 ﬁuunt
2386 2825 2397 2861 :
2451 2812 2505 2861 et
2538 2808 2593 2862 in
2627 2806 2903 2878 operibus
2933 2811 3131 2861 tamen
3164 2805 3299 2861 sicci
3347 2810 3509 2872 sunt,
3563 2820 3667 2877 per

2012 2912 2160 2966 quos
2188 2901 2385 2951 tamen
2430 2896 2719 2951 Dominus
2774 2894 3023 2951 salutem
3075 2912 3317 2950 suorum
3366 2898 3664 2966 operatur.

2014 2986 2173 3039 Unde
2204 2985 2262 3039 in
2288 2985 2626 3057 Evangelio:
2659 2985 2835 3057 Super
2865 2984 3183 3041 cathedram
3210 2985 3381 3056 Moysi
3412 2983 3668 3040 sederunt

2008 3073 2211 3129 Scriba:
2253 3082 2301 3129 et
2346 3076 2629 3131 Pharisaei
2671 3092 2693 3127 .’
2750 3092 2871 3146 quae
2928 3078 3125 3129 autem
3184 3074 3432 3130 dixerint
3488 3075 3664 3142 vobis,

2004 3171 2214 3219 servate
2241 3172 2291 3218 et
2318 3166 2484 3235 facite
2513 3182 2531 3217 .'
2580 3165 2879 3220 secundum
2912 3180 3079 3234 opera
3129 3180 3323 3219 eorum
3369 3164 3539 3219 nolite
3566 3165 3661 3233 fa-

236 3253 357 3307 dem
388 3266 489 3307 rea:
515 3253 696 3305 noster
725 3257 852 3304 ante
880 3250 1100 3315 saecula,
1150 3249 1439 3305 subaudis
1469 3266 1594 3317 ens,
1645 3258 1901 3320 operatus
1931 3235 1973 3302 C
2011 3266 2162 3311 cere;
2195 3252 2402 3321 (Matth.
2435 3254 2619 3318 XXIII).
2654 3253 2726 3305 Tu
2755 3254 2968 3307 siccasti
3002 3254 3194 3307 fluuios
3226 3253 3422 3306 Ethan.
3464 3251 3653 3306 Ethan

240 3349 325 3397 est
350 3341 607 3409 salutem,
630 3339 861 3394 ﬁrmam
890 3339 1065 3394 ﬁdem
1086 3337 1199 3409 sui,
1224 3340 1284 3393 in
1302 3338 1482 3394 medio
1504 3343 1692 3405 terrae,
1726 3338 1784 3392 id
1809 3342 1900 3393 est

246 3429 306 3485 in
340 3429 534 3486 medio
566 3428 852 3501 gentium,
906 3443 1035 3499 qua
1084 3443 1272 3499 usque
1319 3427 1491 3483 modo
1539 3426 1707 3498 quasi
1746 3430 1901 3483 terra

238 3519 406 3575 culta
427 3519 661 3574 fuerunt
682 3523 739 3573 ct
762 3534 867 3573 nos
890 3516 1058 3589 quasi
1081 3515 1323 3584 ccelum;
1354 3532 1511 3571 nunc
1532 3520 1727 3571 autem
1758 3531 1899 3588 gen-

238 3614 334 3664 tes
361 3607 574 3663 caelum
602 3612 741 3662 sunt
764 3614 821 3661 et
844 3623 951 3662 nos
971 3610 1127 3662 terra
1151 3623 1162 3660 ε
1197 3606 1310 3678 ipsi
1341 3605 1605 3679 vigilant,
1639 3605 1779 3677 quia
1804 3621 1899 3660 sa-

241 3697 429 3753 lutem
455 3702 818 3768 receperunt,
844 3696 1145 3752 credentes
1175 3694 1471 3751 Christum
1502 3695 1760 3761 venisse;
1796 3711 1901 3750 nos

239 3786 544 3855 stetimus,
577 3785 716 3857 quia
744 3802 880 3839 eum
912 3785 1141 3841 venisse
1172 3784 1365 3841 adhuc
1396 3785 1764 3841 dubitamus.
1800 3784 1901 3840 Vel

240 3875 368 3933 sic:
405 3877 545 3931 Deus
572 3877 758 3931 autem
787 3890 888 3930 rex
916 3883 1114 3942 noster,
1165 3875 1224 3930 id
1275 3879 1366 3931 est
1417 3878 1631 3931 nostra
1678 3880 1900 3931 natura:

243 3969 611 4036 assumptor,
659 3968 933 4034 operatus
978 3968 1069 4018 est
1122 3963 1375 4020 salutem
1425 3968 1559 4019 ante
1604 3964 1839 4032 saecula,
1873 3982 1905 4019 a

240 4054 420 4109 Patre
452 4053 948 4124 praedestinatam.
985 4053 1051 4106 Et
1079 4053 1371 4124 quomodo
1402 4057 1675 4123 operatus
1697 4058 1786 4107 est
1811 4070 1902 4107 sa-

240 4143 435 4199 lutem
454 4145 476 4197 ?
494 4141 642 4205 Quia
664 4151 721 4196 tu
750 4147 900 4197 Deus
922 4143 1260 4212 conﬁrmasti
1283 4144 1343 4195 in
1374 4145 1568 4197 virtute
1589 4150 1704 4207 tua,
1738 4143 1795 4197 id
1818 4148 1907 4198 est

244 4233 308 4288 in
340 4240 445 4287 tua
475 4231 828 4298 constantia,
861 4248 1037 4299 mare,
1070 4231 1127 4286 id
1162 4235 1252 4286 est
1281 4231 1733 4287 amaritudinem
1765 4248 1903 4303 gen-

246 4322 425 4391 tium,
478 4325 681 4376 contra
710 4325 766 4375 te
797 4336 1029 4392 semper
1058 4318 1433 4375 existentium
1462 4338 1474 4386 ;
1524 4320 1912 4375 contributasti

236 4412 445 4481 capita
459 4409 760 4464 draconum
778 4410 837 4464 in
856 4410 1040 4479 aquis,
1058 4407 1113 4463 id
1134 4412 1243 4478 est,
1263 4408 1600 4479 superbiam
1626 4407 1909 4481 maligno-

240 4514 393 4554 rum
424 4498 743 4569 spirituum
787 4497 847 4551 in
892 4498 1065 4569 aquis
1115 4497 1486 4567 baptismatis
1537 4498 1857 4552 contrivisti
1896 4515 1907 4551 :

2007 3340 2427 3410 interpretatur
2454 3341 2617 3410 fortis
2646 3340 2732 3395 vel
2763 3341 3051 3400 robustus;
3105 3340 3201 3395 ubi
3253 3339 3665 3409 intelliguntur

2010 3426 2343 3500 philosophi
2373 3432 2430 3483 et
2477 3427 2611 3482 elati
2663 3428 2972 3484 saeculares
3004 3429 3073 3482 de
3100 3444 3161 3483 se
3194 3429 3615 3499 praesumentes
3648 3442 3659 3480 :

2010 3532 2262 3590 quorum
2281 3515 2489 3572 fluvios
2509 3516 2816 3572 exsiccavit
2840 3517 3146 3583 Dominus,
3166 3517 3305 3588 quia
3324 3532 3526 3572 eorum
3546 3519 3663 3570 tur-

2006 3607 2208 3680 gidam
2241 3609 2587 3677 potestatem
2619 3610 2673 3661 et
2702 3623 2911 3661 vanam
2946 3606 3269 3660 doctrinam
3305 3606 3373 3660 ad
3408 3604 3659 3660 nihilum

2011 3694 2255 3768 redegit.
2288 3695 2612 3759 Exsiccavit
2631 3695 2789 3751 enim
2813 3695 3099 3750 Dominus
3122 3694 3383 3749 inﬂatam
3410 3697 3662 3764 potesta-

2010 3789 2129 3842 tem
2152 3785 2321 3857 quasi
2352 3785 2649 3859 turgidam
2684 3785 2937 3839 vesicam
2962 3783 3149 3849 Pilati,
3188 3800 3319 3838 cum
3351 3782 3463 3837 sibi
3486 3781 3662 3836 dixit:

2009 3879 2135 3933 Non
2182 3876 2409 3931 haberes
2457 3876 2515 3930 in
2576 3892 2661 3930 me
2713 3882 3063 3945 potestatem,
3114 3874 3227 3928 nisi
3283 3872 3387 3928 tibi
3438 3870 3670 3941 desuper

2012 3965 2198 4021 datum
2246 3964 2455 4020 fuisset
2515 3966 2697 4035 (Joan.
2749 3965 2882 4033 nx).
2937 3962 3041 4017 Per
3090 3978 3229 4018 suos
3288 3961 3465 4017 etiam
3514 3958 3666 4016 mul-

2013 4060 2105 4110 tas
2134 4052 2432 4109 doctrinas
2464 4052 2871 4108 haereticorum
2895 4057 2952 4107 et
2972 4069 3153 4108 vanas
3184 4051 3467 4108 elationes
3495 4067 3670 4108 saecu-

2015 4143 2227 4197 larium
2261 4141 2567 4196 destruxit.
2604 4140 2767 4195 Unde
2801 4140 3017 4197 Paulus
3055 4159 3066 4195 :
3125 4141 3308 4214 Elegit
3357 4139 3568 4203 stultos
3615 4143 3672 4194 et

2017 4230 2328 4303 ignobiles,
2346 4234 2410 4284 ut
2428 4231 2812 4287 confunderet
2834 4230 3038 4286 mundi
3063 4232 3358 4303 sapientes
3374 4234 3431 4285 et
3451 4228 3674 4287 nobiles

2017 4320 2065 4391 (Ι
2091 4319 2210 4375 Cor.
2246 4322 2305 4391 ι).

2092 4410 2230 4463 Tuus
2254 4414 2334 4464 est
2365 4408 2479 4463 dies
2510 4418 2559 4464 et
2588 4418 2683 4464 tua
2712 4414 2791 4465 est
2818 4425 2952 4464 nox.
2988 4408 3162 4471 Quasi
3197 4406 3355 4462 dicat
3387 4422 3399 4459 :
3436 4404 3580 4458 Vere
3612 4405 3676 4457 tu

2019 4499 2287 4569 dirupisti
2314 4497 2665 4569 fontes,quia
2688 4507 2814 4552 tuus
2834 4500 2911 4551 est
2930 4496 3067 4559 dies,
3097 4495 3153 4549 id
3177 4499 3284 4562 est,
3311 4492 3412 4564 qui
3440 4490 3680 4563 perfecti

238 4588 417 4659 quod
442 4588 881 4659 praeﬁguratum
906 4587 1018 4642 fuit
1034 4588 1269 4658 quando
1290 4602 1451 4641 mare
1469 4587 1733 4642 Rubrum
1758 4592 1913 4642 stare
1944 4608 1989 4671 Ι)
2020 4591 2159 4642 sunt
2188 4604 2221 4641 a
2250 4591 2307 4641 te
2338 4588 2526 4658 ipsam
2552 4586 2769 4640 habent
2799 4584 3234 4657 perfectionem.
3273 4582 3407 4638 Dies
3431 4585 3572 4636 sunt
3594 4579 3683 4635 illi

236 4676 451 4733 rfeeisti
476 4682 540 4731 ut
565 4676 951 4731 Israeliticum
979 4676 1259 4748 populum
1283 4675 1436 4731 sicco
1457 4676 1698 4748 vestigio
1722 4682 1910 4731 trans-

264 4764 520 4837 migrare
548 4765 787 4832 faceres,
821 4770 877 4819 et
904 4765 1201 4837 principes
1233 4765 1290 4819 in
1326 4765 1453 4835 ipso
1476 4765 1623 4821 mari
1644 4766 1913 4821 submer-

240 4870 430 4928 rgeres
452 4854 655 4924 (Exod.
679 4855 863 4925 xxiii).
895 4854 1043 4909 Nota
1062 4854 1202 4925 quia
1222 4869 1382 4908 mare
1406 4854 1620 4922 stabat,
1643 4858 1912 4926 et‘popu-

236 4944 357 5000 lus
381 4943 739 5000 Israeliticus
770 4943 828 4998 in
853 4948 1012 4999 motu
1046 4948 1188 4998 erat.
1224 4944 1285 4997 In
1320 4959 1481 4997 mare
1511 4943 1664 5014 quod
1699 4936 1916 5008 stabat,

246 5038 471 5107 gentes
499 5031 903 5105 intelligamus
935 5033 991 5087 in
1028 5033 1141 5088 ﬁde
1171 5030 1408 5087 stabiles
1444 5049 1456 5086 :
1505 5031 1913 5087 Judaeiautem

252 5120 673 5191 ambulabant,
698 5122 834 5193 quia
859 5121 1047 5176 adhuc
1070 5122 1139 5176 de
1162 5121 1275 5175 ﬁde
1294 5120 1654 5187 dubitantes,
1670 5120 1919 5176 terrenis

250 5210 878 5267 motibusadhrerent.
905 5217 988 5268 Tu
1008 5211 1332 5280 confregisti
1354 5212 1538 5279 capita
1561 5209 1836 5280 draconis,
1861 5210 1918 5263 id

242 5305 363 5357 -est
378 5300 718 5373 superbiam
739 5300 930 5372 ipsius
949 5298 1228 5371 principis
1246 5299 1587 5364 draconum,
1608 5301 1761 5371 quod
1783 5316 1921 5369 pra:-

250 5390 589 5462 ‘ﬂguratum
645 5389 755 5444 fuit
802 5389 863 5443 in
915 5388 1104 5460 capite
1146 5385 1311 5441 vituli
1340 5386 1634 5442 confracto
1665 5404 1698 5441 a
1727 5387 1924 5457 Moyse

238 5478 464 5553 «(Exod
500 5480 700 5549 χχιιι).
753 5478 956 5534 Dedisti
983 5494 1130 5547 eum,
1170 5476 1228 5530 id
1262 5479 1353 5530 est
1381 5474 1577 5547 ipsum
1610 5476 1922 5531 draconem

238 5568 602 5626 .eecundum
632 5584 846 5639 corpus
875 5584 1073 5637 suum,
1101 5582 1298 5633 escam,
1332 5564 1387 5618 id
1418 5568 1507 5620 est
1527 5564 1922 5630 refectionem,

246 5658 858 5732 .poptdisrjﬁthiopum,
912 5657 967 5711 id
996 5660 1104 5711 est
1158 5654 1274 5711 illis
1313 5654 1529 5726 quibus
1560 5654 1780 5711 dictum
1814 5660 1924 5721 est,

2022 4677 2123 4748 qui
2155 4675 2465 4731 altioribus
2496 4674 2779 4729 insistunt
2809 4678 2866 4729 et
2894 4690 2960 4728 ea
2991 4671 3123 4728 aliis
3152 4672 3506 4745 praedicant:
3544 4686 3678 4738 nox,

2028 4765 2129 4835 qui
2156 4766 2311 4819 circa
2342 4763 2650 4820 historiam
2681 4766 2738 4817 et
2767 4761 3050 4817 moralem
3073 4778 3313 4816 sensum
3336 4776 3684 4817 conversan-

2027 4858 2125 4909 tur
2155 4854 2211 4907 in
2248 4854 2561 4909 intruendo
2593 4851 2759 4907 alios.
2795 4851 2957 4906 Unde
2988 4850 3133 4906 illud
3164 4868 3175 4905 :
3228 4851 3352 4907 Dies
3403 4851 3521 4906 diei
3560 4865 3687 4903 eru-

2023 4946 2134 4998 ctat
2183 4944 2404 4997 verbum
2452 4946 2503 4998 et
2550 4959 2665 4997 no.2:
2710 4942 2860 4996 nocti
2910 4940 3119 4996 indicat
3168 4941 3459 4996 scientiam
3512 4936 3689 5006 (Psal.

2026 5030 2207 5101 xvm).
2264 5031 2457 5085 Potest
2500 5046 2628 5085 esse
2668 5030 2844 5085 etiam
2879 5028 2978 5085 ille
3008 5030 3165 5085 idem
3204 5046 3315 5084 nox
3348 5026 3450 5098 qui
3481 5029 3538 5080 et
3570 5023 3695 5079 dies

2027 5124 2135 5190 est,
2158 5118 2317 5173 velut
2340 5118 2557 5174 Paulus
2578 5119 2690 5174 fuit
2710 5118 2834 5173 dies
2865 5122 2921 5174 et
2957 5134 3108 5173 nox:
3141 5117 3266 5171 dies
3290 5121 3431 5171 tunc
3460 5112 3697 5185 quando

2029 5208 2205 5263 dixit:
2234 5208 2579 5279 Sapientiam
2605 5208 2886 5279 loquimur
2908 5208 3052 5262 inter
3065 5206 3338 5277 perfectos
3369 5204 3421 5274 (1
3449 5204 3572 5259 Cor.
3598 5202 3694 5280 11);

2031 5315 2145 5353 nox
2195 5297 2305 5352 fuit
2334 5298 2571 5368 quando
2603 5297 2785 5352 dixit:
2820 5298 2929 5350 Lac
2956 5296 3104 5351 vobis
3147 5303 3338 5366 potum
3390 5292 3535 5362 dedi,
3588 5305 3699 5345 non

2030 5404 2213 5443 escam
2260 5388 2308 5458 (l
2337 5387 2459 5442 Cor.
2516 5387 2624 5458 ιιι).
2682 5388 2821 5441 Tuus
2871 5394 2949 5440 est
2998 5384 3131 5451 dies,
3184 5392 3234 5439 et
3282 5388 3377 5437 tua
3424 5383 3502 5437 est
3548 5394 3697 5455 nox;

2033 5482 2089 5530 et
2124 5476 2354 5541 merito,
2410 5475 2550 5548 quia
2600 5484 2659 5530 tu
2702 5475 3009 5546 fabricatus
3051 5490 3107 5528 es
3136 5488 3399 5528 auroram
3428 5474 3479 5525 et
3507 5468 3695 5524 solem.

2035 5571 2259 5621 Aurora
2274 5570 2415 5619 sunt
2432 5564 2921 5637 incipientesjam
2943 5561 3138 5618 lucere
3154 5562 3212 5616 in
3230 5560 3569 5625 virtutibus,
3587 5555 3697 5636 sol,

2036 5655 2135 5725 qui
2159 5653 2303 5711 alios
2326 5654 2666 5711 illuminant
2694 5670 2706 5707 :
2734 5652 2821 5709 vel
2851 5669 3061 5709 aurora
3079 5652 3358 5709 dicuntur
3380 5646 3695 5709 carnaliter
