4014 6194
392 345 504 414 831

964 351 1269 422 REMIGII
1312 352 2061 423 ANTISSIODORENSIS
2104 352 2276 421 OPP.
2325 356 2525 423 PARS
2569 354 2620 423 l.
2651 392 2729 406 -
2757 354 3230 424 EXEGETICA.

395 486 689 558 sapientes
716 506 726 544 :
763 486 871 556 sol,
894 491 1249 562 spirituales.
1277 492 1348 547 Tu
1366 493 1548 563 fecisti
1566 509 1750 548 omnes
1775 494 2033 548 terminos
2063 493 2116 556 Α
2150 492 2290 562 perii
2332 509 2555 549 memor
2583 499 2706 549 esto
2736 492 2820 549 sic
2848 508 2861 547 :
2893 498 2973 551 Ne
3001 493 3346 550 obliviscaris
3373 491 3435 548 in
3456 494 3560 548 tuo
3571 490 3807 565 judicio

393 585 580 632 terrm.
601 578 854 634 Termini
880 587 1044 635 terrae
1068 585 1205 637 sunt
1233 581 1471 652 perfecti
1497 582 1922 654 praedicatores,
1940 581 2040 653 qui

393 663 525 721 aliis
554 668 872 723 terminant
903 669 1041 742 quid
1076 669 1151 724 sit
1181 670 1525 725 sectandum
1555 676 1612 726 et
1644 669 1785 742 quid
1816 669 2038 742 fugien-

394 753 557 821 dum,
592 755 677 811 vel
709 757 940 812 termini
986 763 1150 814 terra:
1192 763 1329 814 sunt
1359 758 1441 813 illi
1476 759 1573 831 qui
1609 776 1708 831 per
1742 760 2041 831 preprium

396 842 614 899 donum
639 845 890 917 Spiritus
914 848 1096 902 sancti
1124 848 1418 904 terminati
1442 854 1582 903 sunt
1602 848 1676 903 ab
1699 847 1830 903 aliis
1856 853 1912 903 et
1931 848 2045 904 dis-

394 932 580 988 tincti.
598 934 761 989 Unde
782 935 956 990 illud:
981 938 1352 1008 Unusquisque
1368 937 1522 993 enim
1538 939 1830 1009 proprium
1842 938 2042 993 donum

398 1021 557 1077 habet
605 1040 637 1077 a
688 1025 791 1079 Deo
838 1026 884 1095 (1
915 1027 1041 1081 Cor.
1073 1027 1195 1097 vn).
1252 1029 1514 1082 .Estatem
1565 1036 1616 1082 et
1668 1042 1761 1082 ver
1803 1032 1860 1082 tu
1890 1028 2040 1099 plas-

397 1114 580 1167 masti.
617 1113 723 1168 Per
760 1119 1016 1170 mstatem
1050 1115 1465 1187 intelliguntur
1493 1115 1700 1188 spiritu
1736 1117 2038 1184 ferventes,

397 1205 457 1256 et
484 1218 587 1273 per
615 1218 735 1272 ver,
784 1204 1103 1260 virtutibus
1132 1210 1438 1261 vernantes
1473 1222 1487 1261 :
1535 1204 1619 1260 vel
1654 1222 1755 1278 per
1777 1210 2039 1261 ‘zestatcm

397 1290 807 1363 intelliguntur
858 1293 1107 1349 fructum
1159 1294 1528 1366 colligentes;
1583 1312 1683 1366 per
1730 1312 1846 1363 ver,
1897 1296 2042 1351 bene

396 1380 622 1450 operari
671 1381 1014 1453 incipientes
1046 1400 1059 1438 :
1111 1384 1264 1455 quod
1309 1384 1467 1450 dicit,
1500 1387 1757 1440 aestatem
1785 1389 1835 1440 et
1866 1400 1957 1439 ver
1982 1387 2044 1439 tu

392 1468 653 1540 plasmati
679 1486 762 1539 ea,
796 1488 909 1526 non
942 1472 1069 1543 ipsa
1100 1488 1179 1527 se.
1216 1472 1378 1527 Unde
1411 1471 1590 1527 illud:
1629 1474 1733 1528 Dei
1760 1474 1909 1527 enim
1948 1472 2040 1528 do-

394 1574 529 1612 num
583 1564 680 1623 est,
738 1577 848 1616 non
904 1577 973 1615 ea:
1030 1562 1302 1631 operibus,
1358 1564 1417 1615 ut
1474 1578 1542 1617 ne
1595 1563 1720 1633 quis
1772 1562 2043 1631 glorietur

394 1645 550 1720 (Eph.
587 1648 670 1721 ιι).
725 1651 925 1705 Memor
950 1654 1065 1705 esto
1097 1651 1281 1714 huius,
1334 1651 1596 1706 inimicus
1646 1651 2043 1722 improperavit

394 1736 640 1793 Domino.
673 1737 867 1809 Asapb
899 1738 1104 1794 videns
1137 1738 1254 1793 haec
1285 1739 1483 1793 omnia
1512 1739 1583 1793 ad
1619 1737 1868 1794 salutem
1902 1756 2040 1811 gen-

392 1824 541 1881 tium
574 1827 741 1892 facta,
776 1832 832 1882 et
861 1827 1195 1900 intelligens
1225 1827 1363 1899 quia
1386 1826 1571 1882 multa
1591 1832 1866 1899 operatus
1889 1833 2043 1883 esset

394 1915 548 1972 Deus
569 1916 626 1971 in
653 1915 902 1972 oleastro
925 1918 1163 1982 inserto,
1188 1921 1355 1988 rogat
1375 1920 1439 1970 ut
1462 1915 1581 1971 haec
1601 1916 1802 1971 eadem
1834 1932 2038 1989 opere-

393 2008 491 2059 tur
519 2004 580 2061 in
610 2005 861 2061 naturali
893 2004 1063 2069 oliva,
1096 2006 1267 2076 cujus
1297 2006 1443 2059 rami
1475 2005 1640 2060 fracti
1675 2009 1834 2061 sunt.
1863 2006 2037 2070 Quasi

394 2093 551 2149 dicat
580 2095 693 2151 sic:
724 2097 832 2159 Tu,
868 2095 1126 2160 Domine,
1163 2094 1434 2166 plasmati
1467 2098 1727 2150 aestatem
1754 2099 1811 2150 et
1830 2112 1947 2166 ver,
1979 2095 2036 2150 id

393 2188 502 2256 est,
536 2184 635 2255 qui
664 2185 720 2240 in
742 2184 1016 2257 gentibus
1038 2184 1246 2256 spiritu
1274 2185 1559 2239 ferventes
1581 2186 1638 2239 et
1657 2183 1956 2256 simplices
1978 2184 2039 2241 in

394 2273 507 2328 ﬁde
539 2274 749 2343 fecisti,
782 2279 843 2330 tu
878 2291 1087 2331 memor
1114 2279 1223 2331 esto
1251 2274 1433 2347 hujus,
1468 2273 1754 2329 subaudis
1773 2279 1886 2329 tuae
1915 2273 2037 2346 pla-

393 2364 703 2420 smatiunis
739 2365 902 2420 facta:
932 2364 991 2420 in
1024 2364 1318 2437 gentibus,
1354 2368 1420 2418 ut
1450 2362 1603 2419 idem
1635 2363 1813 2419 facias
1844 2363 1903 2418 in
1933 2363 2038 2419 Ju-

391 2452 557 2509 daico
608 2454 844 2526 populo,
892 2454 952 2509 in
990 2454 1189 2526 granis
1221 2452 1461 2517 scilicet,
1497 2469 1611 2507 non
1644 2453 1700 2506 in
1736 2452 1938 2524 paleis.
1974 2454 2040 2507 Et

392 2556 574 2611 quare
621 2542 770 2605 dico,
804 2559 919 2596 non
951 2541 1009 2596 in
1046 2541 1269 2612 paleis?
1315 2540 1461 2604 Quia
1507 2541 1790 2609 inimicus,
1844 2541 1899 2596 id
1951 2545 2041 2596 est

392 2626 577 2699 palea,
603 2628 674 2684 de
705 2629 919 2700 populo
950 2628 1072 2692 illo,
1094 2629 1487 2700 improperavit
1516 2629 1769 2693 Domino,
1799 2629 2035 2685 dicens:

389 2717 495 2772 Nos
524 2718 731 2772 scimus
760 2718 891 2787 quia
920 2718 1076 2771 homo
1106 2717 1215 2781 iste
1240 2720 1493 2784 peccator
1520 2719 1595 2770 est
1625 2717 1801 2785 (Joan.
1835 2716 1932 2787 ιχ).
1973 2717 2039 2771 Et

387 2807 618 2878 populus
640 2807 909 2878 insipiens
930 2805 1186 2861 incitavit
1209 2822 1413 2861 nomen
1436 2816 1613 2870 tuum,
1640 2806 1756 2860 sic:
1782 2805 1844 2859 Si
1861 2805 2038 2860 Filius

389 2896 487 2952 Dei
514 2912 592 2961 es,
640 2895 899 2951 descende
924 2895 990 2951 de
1016 2912 1175 2951 cruce
1226 2893 1434 2967 (Matth.
1487 2895 1698 2966 xxvu);
1742 2900 1800 2949 et
1841 2893 1984 2949 illud
2020 2912 2033 2950 :

391 2986 593 3040 Recede
608 3002 642 3039 a
657 2985 832 3050 nobis,
846 2986 1137 3041 scientiam
1152 2986 1373 3039 viarum
1392 2992 1615 3039 tuarum
1638 2983 1893 3038 nolumus
1922 2984 2038 3056 (Job

390 3073 723 3141 xxxMtemor
735 3075 1041 3145 estohujus;
1052 3077 1110 3129 et
1121 3078 1185 3128 ut
1198 3072 1471 3128 memoris
1484 3071 1565 3128 sis
1576 3072 1843 3128 netradas
1856 3074 2039 3129 bestiis

392 3164 609 3219 animas
636 3164 946 3233 conﬁtentes
977 3163 1098 3228 tibi,
1131 3162 1185 3216 id
1221 3166 1330 3230 est,
1368 3179 1438 3217 ne
1471 3161 1776 3227 permittas
1803 3161 2035 3218 contor—

2151 596 2300 635 voces
2332 582 2693 637 inimicorum
2720 586 2960 648 tuorum,
3012 586 3077 637 ut
3104 599 3140 638 a
3169 587 3226 638 te
3255 580 3369 655 ipsi
3400 579 3625 637 inimici
3659 580 3805 636 reci-

2155 667 2315 740 piant
2362 671 2517 741 quod
2559 671 2693 725 inde
2725 675 3167 743 promerentur;
3197 670 3458 738 superbia
3484 685 3686 726 eorum
3712 670 3812 742 qui

2153 761 2205 812 te
2232 758 2485 824 oderunt,
2516 757 2756 815 ascendit
2780 775 3008 832 semper,
3042 759 3099 815 id
3130 763 3221 816 est
3251 763 3453 814 contra
3483 763 3540 814 te
3571 774 3812 831 semper

2152 851 2569 919 augmentatur
2632 864 2842 903 eorum
2893 847 3190 919 superbia.
3264 845 3538 903 Ascendit
3605 861 3811 902 eorum

2153 941 2355 991 contra
2422 942 2476 992 te
2544 936 2857 1008 superbia,
2936 936 3202 1012 ascendit
3266 940 3471 993 contra
3534 951 3639 991 eos
3706 940 3814 990 tua

2152 1024 2431 1081 vindicta.

2679 1170 2803 1225 PSA
2820 1168 3003 1225 LMUS
3042 1169 3273 1226 LXXIV.

2151 1273 2209 1313 ιΝ
2251 1275 2458 1325 FINEM,
2500 1276 2571 1313 NE
2612 1275 2994 1327 CORRUMPAS,
3036 1275 3294 1315 PSALMUS
3332 1274 3556 1314 CANTICI
3596 1275 3809 1315 ASAPH.

2227 1406 2253 1433 ‹‹
2286 1384 2707 1439 Conﬁtebimur
2736 1384 2863 1455 tibi,
2904 1389 3073 1452 Deus,
3107 1383 3538 1450 conﬁtebimur,
3571 1390 3633 1439 et
3651 1383 3815 1441 invo-

2152 1495 2180 1522 «
2214 1474 2483 1529 cabimus
2502 1489 2714 1529 nomen
2738 1477 2928 1528 tuum.
2954 1472 3339 1528 Narrabimus
3362 1471 3658 1529 mirabilia
3673 1476 3807 1529 tua:

2155 1585 2182 1612 ‹‹
2214 1579 2348 1617 cum
2407 1578 2679 1634 accepero
2722 1568 2979 1632 tempus,
3030 1578 3137 1634 ego
3181 1561 3451 1635 justitias
3499 1561 3807 1632 judicabo.

2153 1675 2178 1701 (ι
2221 1651 2553 1723 Liquefacta
2572 1656 2661 1707 est
2689 1656 2862 1718 terra,
2886 1655 2942 1705 et
2972 1666 3177 1706 omnes
3198 1650 3297 1723 qui
3321 1649 3593 1706 habitant
3616 1650 3677 1706 in
3706 1668 3810 1719 ea;

2152 1765 2178 1791 α
2214 1756 2321 1812 ego
2343 1739 2679 1795 confirmavi
2703 1738 3007 1795 columnas
3025 1739 3176 1810 ejus.
3194 1739 3319 1794 Dixi
3338 1739 3591 1811 iniquis:
3619 1739 3813 1796 Nolite

2075 1864 2117 1929 Β
2153 1851 2182 1879 ‹‹
2215 1828 2415 1899 inique
2444 1843 2652 1929 agere;
2691 1833 2748 1883 et
2777 1826 3255 1929 delinquentibus
3282 1845 3296 1882 :
3330 1827 3518 1884 Nolite
3550 1827 3811 1886 exaltare

2148 1940 2177 1967 ‹‹
2208 1933 2424 1984 cornu;
2476 1915 2655 1972 nolite
2693 1915 2965 1972 extollere
2992 1915 3054 1970 in
3086 1915 3271 1971 altum
3299 1932 3480 1972 cornu
3509 1921 3805 1986 vestrum,

2149 2030 2176 2057 ‹‹
2213 2004 2390 2060 nolite
2430 2003 2589 2078 loqui
2635 2005 2917 2060 adversus
2968 2010 3144 2061 Deum
3198 2005 3598 2078 iniquitatem.
3660 2009 3810 2074 Quia

2152 2118 2179 2145 (ι
2211 2111 2401 2166 neque
2428 2096 2501 2150 ab
2532 2094 2775 2160 oriente,
2834 2110 3024 2166 neque
3056 2095 3128 2150 ab
3157 2094 3477 2161 occidente,
3530 2112 3730 2168 neque
3774 2115 3808 2153 a

2149 2206 2178 2235 ‹‹
2213 2184 2459 2239 desertis
2481 2183 2802 2249 montibus,
2828 2184 3107 2255 quoniam
3137 2188 3286 2239 Deus
3297 2184 3482 2257 judex
3504 2188 3616 2241 est.
3640 2186 3805 2242 Hunc

2149 2295 2176 2322 ‹‹
2210 2271 2501 2340 humiliat,
2551 2276 2609 2328 et
2654 2273 2812 2328 hunc
2861 2271 3094 2340 exultat,
3148 2271 3289 2345 quia
3336 2272 3487 2329 calix
3523 2273 3588 2329 in
3621 2291 3799 2331 manu

2152 2385 2178 2413 ‹‹
2210 2361 2442 2418 Domini
2472 2361 2586 2417 vini
2620 2361 2764 2417 meri
2796 2360 3003 2432 plenus
3035 2362 3232 2418 misto.
3287 2362 3359 2418 Et
3395 2360 3710 2419 inclinavit
3738 2380 3805 2422 ex

2150 2474 2177 2500 ‹‹
2213 2450 2320 2506 hoc
2351 2452 2409 2506 in
2442 2451 2549 2507 hoc
2577 2468 2588 2505 :
2626 2457 3030 2507 verumtamen
3060 2451 3166 2506 fzex
3192 2452 3324 2524 ejus
3354 2468 3474 2507 non
3495 2457 3591 2508 est
3613 2452 3806 2509 exina-

2148 2561 2176 2590 «
2212 2539 2355 2606 nita,
2390 2540 2591 2596 bibent
2618 2557 2825 2596 omnes
2856 2544 3187 2612 peccatores
3222 2545 3414 2598 terra.
3449 2541 3569 2614 Ego
3600 2547 3798 2599 autem

2147 2649 2177 2679 ‹‹
2209 2629 2570 2685 annuntiabo
2604 2629 2664 2685 in
2695 2628 2998 2695 saeculum,
3051 2630 3299 2685 cantabo
3330 2629 3448 2686 Deo
3474 2630 3683 2687 Jacob.
3735 2633 3803 2688 Et

2148 2739 2178 2767 ‹‹
2211 2717 2409 2773 omnia
2439 2734 2661 2773 cornua
2692 2722 3061 2789 peccatorum
3093 2718 3483 2792 confringam,
3506 2724 3566 2776 et
3591 2721 3807 2777 exalta-

2148 2828 2175 2855 ‹‹
2215 2805 2436 2861 buntur
2481 2807 2893 2878 cornuajusti.
2936 2829 2962 2856 »

2764 2948 3173 3005 ENARRATIO.

2219 3072 2488 3129 Psalmus
2508 3071 2618 3128 iste
2638 3073 2856 3129 tumori
2879 3091 2947 3130 su
2958 3074 3168 3146 perbiaa
3190 3075 3525 3131 medicinam
3551 3075 3799 3134 humili-

2145 3163 2284 3217 tatis
2314 3166 2584 3234 apportat
2610 3179 2623 3217 :
2663 3162 2767 3217 hoc
2796 3179 2997 3235 agens,
3029 3180 3103 3219 ne
3132 3163 3377 3235 quisque
3403 3163 3695 3236 superbus
3717 3166 3793 3220 de

395 3251 542 3307 mari
572 3251 801 3316 bestiis,
830 3252 886 3306 id
919 3255 1010 3306 est
1040 3250 1360 3306 bestialiter
1388 3250 1734 3316 viventibus,
1776 3249 2035 3305 animam
2068 3234 2111 3300 C
2147 3266 2211 3305 se
2241 3256 2573 3322 praesumat,
2631 3267 2736 3306 nec
2785 3234 3028 3308 humilis
3068 3234 3596 3324 deDDeoidespe'ret,
3646 3253 3790 3324 quia

396 3339 631 3397 illorum
681 3340 780 3414 qui
834 3339 1142 3396 humiliter
1188 3339 1540 3395 confitentur
1567 3339 1692 3405 tibi,
1724 3339 1883 3395 velut
1911 3338 2031 3394 illi:

391 3432 541 3501 Quid
558 3432 842 3503 faciemus.
867 3430 977 3484 viri
992 3432 1195 3502 fratres
1221 3429 1356 3494 (Act.
1383 3431 1443 3496 ιι)
1461 3429 1489 3484 ?
1518 3430 1583 3483 Et
1600 3430 1819 3484 animas
1833 3446 2037 3502 paupe-

389 3536 514 3574 rum
542 3523 761 3575 tuorum
805 3535 875 3574 ne
903 3519 1246 3574 obliviscaris
1277 3519 1334 3573 in
1365 3518 1561 3588 ﬁnem;
1594 3518 1694 3574 sed
1724 3520 1931 3590 respice
1974 3522 2033 3574 in

389 3612 770 3665 testamentum
817 3613 993 3679 tuum,
1044 3608 1100 3663 id
1132 3613 1221 3663 est
1249 3607 1307 3661 in
1338 3611 1500 3662 tuam
1552 3608 2029 3679 promissionem,

386 3715 502 3753 non
527 3697 781 3770 amplius
801 3697 859 3753 in
886 3702 1144 3753 nostram
1167 3714 1179 3753 :
1207 3697 1262 3751 in
1289 3696 1707 3768 promissiones
1728 3696 1887 3760 Novi,
1915 3713 2029 3752 non

386 3787 443 3842 in
493 3786 912 3860 promissiones
963 3786 1201 3842 Veteris.
1257 3784 1553 3840 Promittit
1598 3783 1754 3838 enim
1804 3783 2027 3840 Novum

383 3878 823 3932 Testamentum
844 3875 1000 3930 istud
1021 3892 1033 3930 :
1058 3877 1188 3930 Ecce
1205 3889 1301 3941 ego
1321 3873 1591 3928 vobiscum
1619 3887 1745 3927 sum
1766 3888 1933 3943 usque
1956 3874 2031 3928 ad

382 3965 893 4019 consummationem
941 3964 1134 4018 saeculi
1181 3962 1390 4030 (Matth.
1442 3966 1668 4029 xxvm);
1723 3965 1782 4017 et
1830 3960 2023 4017 illud:

388 4056 459 4106 Et
485 4067 579 4120 ego
599 4052 835 4118 diligam
863 4068 987 4105 eum.
1019 4056 1068 4107 et
1096 4052 1453 4122 mani/estabo
1476 4052 1532 4106 ei
1550 4052 1815 4122 meipsum
1845 4050 2021 4122 (Joan.

381 4140 521 4209 xw).
558 4142 618 4195 In
650 4138 759 4194 hoc
786 4140 1225 4194 Testamentum
1251 4140 1494 4211 respice,
1523 4144 1586 4194 ut
1606 4138 1726 4195 illis
1748 4138 1846 4212 qui
1871 4156 2027 4195 acce-

381 4232 594 4302 perunt
624 4227 856 4283 tabulas
877 4225 1272 4282 hereditatem
1296 4242 1510 4291 serves,
1542 4225 1742 4298 granis
1762 4226 2027 4283 videlicet

381 4335 496 4375 non
530 4317 728 4390 paleis.
782 4317 849 4371 Et
879 4331 1059 4387 quare
1091 4331 1206 4369 non
1239 4314 1464 4385 paleis?
1503 4316 1638 4383 Quia
1668 4317 1870 4384 repleti
1896 4320 2024 4372 sunt

378 4410 726 4481 iniquitatem
754 4408 851 4479 qui
877 4406 1152 4461 obscurati
1177 4408 1308 4459 sunt
1336 4413 1496 4460 terra:
1527 4406 1759 4469 domus.
1810 4405 1866 4459 id
1911 4409 2020 4470 est,

376 4498 475 4570 qui
504 4515 603 4552 cor
622 4512 797 4553 suum
821 4496 1033 4552 domus
1050 4499 1214 4550 terra:
1238 4496 1517 4559 fecerunt,
1536 4500 1600 4549 ut
1620 4499 1849 4550 terrena
1867 4494 2021 4551 vide-

2147 3339 2460 3412 promissio
2480 3341 2610 3412 ejus
2629 3346 2785 3396 certa
2805 3348 2896 3396 est
2919 3345 2979 3396 et
3005 3347 3132 3397 rata
3159 3347 3217 3397 et
3237 3341 3609 3407 inconcussa,
3630 3341 3796 3398 omni

2143 3446 2350 3485 carens
2397 3428 2781 3497 dubitatione,
2837 3445 2965 3501 quae
3016 3429 3357 3487 consolatur
3411 3429 3686 3487 afflictos.
3734 3432 3804 3487 Et

2143 3535 2326 3591 quare
2373 3518 2668 3574 afﬂictos?
2712 3518 2861 3583 Quia
2906 3518 3026 3575 vita
3073 3518 3331 3575 hominis
3373 3535 3553 3591 super
3582 3523 3798 3577 terram

2143 3607 2288 3663 nihil
2321 3612 2410 3663 est
2452 3608 2567 3662 nisi
2601 3607 2861 3664 afﬂictio.
2895 3607 3058 3663 Unde
3101 3608 3258 3664 Job:
3308 3608 3511 3664 Militia
3553 3618 3636 3664 est
3691 3610 3798 3665 vita

2140 3695 2384 3752 hominis
2427 3712 2594 3767 super
2639 3702 2853 3752 terram
2897 3696 3036 3765 (Job.
3067 3697 3189 3765 vn).
3238 3697 3349 3753 Nec
3406 3702 3608 3754 tamen
3659 3715 3793 3771 pro-

2139 3800 2311 3856 spera
2351 3785 2468 3840 vita
2496 3789 2586 3839 est
2613 3788 2777 3839 tanta
2821 3783 3108 3857 eligenda,
3158 3789 3217 3840 et
3254 3786 3500 3841 adversa
3527 3785 3789 3856 vitanda,

2137 3873 2238 3929 sed
2291 3876 2537 3944 utraque
2582 3872 2883 3929 cavenda:
2934 3871 3056 3939 illa,
3106 3890 3178 3929 ne
3228 3875 3493 3947 frangat;
3547 3874 3690 3943 ista,
3719 3890 3787 3930 ne

2135 3966 2489 4033 corrumpat,
2504 3965 2567 4017 ut
2584 3961 2902 4033 unicuique
2920 3961 3166 4028 homini,
3182 3963 3241 4018 in
3258 3978 3615 4035 quocunque
3631 3968 3782 4021 statu

2135 4067 2332 4106 rerum
2385 4050 2563 4124 degit,
2614 4067 2729 4106 non
2778 4050 2857 4105 sit
2901 4050 3268 4123 refrigerium
3310 4050 3425 4106 nisi
3458 4055 3635 4122 Deus,
3688 4066 3789 4107 nec

2133 4140 2416 4212 gaudium
2469 4138 2582 4195 nisi
2626 4138 2685 4194 in
2734 4138 2862 4209 ejus
2909 4139 3239 4211 promissis.
3289 4139 3425 4196 Vita
3470 4140 3630 4196 enim
3680 4141 3794 4198 ista

2134 4228 2458 4299 quemlibet
2486 4227 2635 4283 fallit
2664 4226 3006 4284 fedundans
3040 4227 3339 4285 felicitate.
3391 4232 3554 4284 Deus
3592 4234 3792 4286 autem

2133 4316 2281 4373 fallit
2304 4318 2621 4384 neminem,
2646 4316 2787 4389 quia
2805 4333 2978 4372 verax
2998 4318 3167 4374 estin
3192 4316 3537 4390 promissis;
3569 4322 3631 4373 et
3648 4333 3785 4374 eum

2132 4413 2399 4461 tenemus
2423 4404 2835 4462 ﬁdelissimum
2862 4405 3302 4477 promissorem,
3328 4406 3430 4477 qui
3463 4422 3528 4462 se
3548 4408 3795 4478 promit-

2130 4495 2306 4550 tendo
2351 4494 2486 4550 fecit
2530 4494 2876 4549 debitorem.
2931 4494 3044 4551 Sed
3077 4495 3217 4566 quia
3246 4494 3470 4552 homini
3498 4495 3574 4551 ad
3606 4495 3792 4552 Deum

374 4586 509 4641 licet
533 4587 605 4639 ibi
635 4591 861 4641 tantum
883 4590 1260 4657 reponantur,
1276 4588 1332 4639 et
1355 4601 1467 4638 non
1493 4581 2021 4654 spiritualia.Unde
2054 4603 2097 4666 ι)
2128 4600 2422 4653 converso,
2461 4583 2751 4638 mutandae
2782 4588 2924 4639 sunt
2978 4583 3213 4649 divitias,
3263 4591 3321 4640 et
3368 4582 3791 4641 delectationes

373 4674 552 4729 alibi:
587 4677 895 4731 lnlroibunt
924 4678 985 4731 in
1021 4676 1289 4746 inferiora
1330 4679 1497 4730 terra:
1541 4673 1712 4741 (Psal.
1750 4674 1901 4742 LXII).
1946 4674 2022 4729 Ne

371 4768 653 4819 avertatur
672 4764 922 4827 humilis,
946 4766 1001 4819 id
1028 4771 1116 4819 est
1133 4762 1431 4819 humiliter
1455 4765 1688 4833 peccata
1707 4762 2013 4829 confitens,

367 4855 549 4926 factus
568 4857 846 4925 con/usus.
870 4852 918 4908 si
948 4854 1241 4908 avertitur.
1280 4857 1503 4923 Pauper
1517 4858 1570 4905 et
1588 4852 1766 4921 inops,
1798 4854 2014 4907 caterua

369 4942 496 4998 sola
522 4940 791 4997 videlicet
818 4941 1237 5005 desiderantes,
1274 4938 1580 4995 laudabunt
1607 4955 1808 4995 nomen
1833 4948 2009 4995 tuum.

368 5032 436 5087 Et
466 5037 531 5087 ut
559 5030 823 5095 laudent,
856 5045 1111 5098 exsurge,
1161 5033 1323 5097 Deus,
1359 5028 1555 5097 judica
1582 5044 1809 5084 causam
1837 5037 2009 5100 tuam,

367 5120 425 5175 id
456 5124 546 5177 est
574 5126 833 5185 tuorum,
868 5133 938 5173 ne
972 5120 1187 5173 frustra
1218 5115 1486 5172 videatur
1532 5116 1800 5173 videlicet
1835 5134 2014 5174 causa

368 5208 468 5264 illa
499 5214 734 5282 propter
762 5224 941 5280 quam
973 5209 1361 5262 contemnunt
1390 5206 1700 5276 prasentia
1729 5212 1787 5262 et
1814 5223 2013 5280 exspe-

366 5302 528 5353 ctant
559 5300 772 5353 futura.
805 5297 1006 5352 Memor
1032 5304 1138 5352 esto
1160 5296 1625 5366 improperiorum
1645 5300 1889 5360 tuorum,
1921 5312 2011 5352 eo-

364 5403 488 5442 rum
519 5386 784 5443 videlicet
809 5400 938 5459 quaz
963 5388 1032 5440 ab
1064 5386 1360 5455 insipiente
1403 5393 1534 5440 sunt
1562 5387 1676 5439 tota
1705 5384 1815 5440 die.
1865 5386 2007 5441 Insi-

363 5476 586 5548 pientes
636 5480 796 5543 sunt,
847 5472 1176 5528 nescientes
1223 5472 1330 5527 sibi
1365 5473 1424 5527 in
1458 5477 1755 5544 posterum
1787 5490 2007 5540 cavere,

362 5564 623 5635 aquibus
645 5566 709 5618 lit
732 5562 1151 5634 improperium
1182 5560 1474 5629 fidelibus,
1499 5562 1655 5634 quod
1676 5569 2011 5633 exspectant

359 5652 555 5706 futura
571 5656 627 5706 et
650 5654 1036 5706 contemnunt
1059 5649 1406 5720 praesentia;
1436 5649 1618 5719 hujus
1644 5649 1778 5707 talis
1797 5652 2011 5723 impro-

2134 4673 2425 4728 mutandze
2457 4672 2559 4729 sed
2593 4689 2707 4727 non
2755 4673 3165 4729 subtrahendae
3191 4692 3205 4728 :
3237 4680 3328 4729 est
3356 4673 3515 4728 enim
3555 4677 3789 4730 tantum

2124 4760 2428 4817 delectatio
2468 4764 2670 4817 nostra
2701 4779 2818 4817 non
2849 4762 2908 4817 in
2959 4779 3041 4829 re,
3093 4764 3194 4820 sed
3226 4763 3284 4817 in
3317 4778 3420 4835 spe
3454 4780 3467 4817 :
3525 4762 3641 4819 hoc
3668 4762 3791 4835 agit

2125 4851 2388 4925 psalmus
2408 4851 2519 4907 iste
2548 4854 2616 4907 ut
2641 4855 2860 4907 certam
2892 4868 3058 4924 spem
3091 4851 3403 4918 habamus,
3437 4855 3504 4907 ut
3534 4851 3791 4907 induca-

2123 4958 2258 4997 mur
2276 4940 2335 4997 in
2358 4940 2416 4995 id
2440 4940 2597 5012 quod
2620 4955 2955 5011 speramus.
2979 4945 3127 4997 Nam
3157 4941 3329 5012 cujus
3353 4938 3665 4996 delectatio
3693 4946 3789 4997 est

2121 5035 2349 5087 tantum
2385 5030 2441 5084 in
2478 5045 2581 5101 spe
2610 5045 2724 5084 non
2758 5027 2999 5086 fallitur.
3048 5028 3213 5086 Unde
3258 5027 3403 5084 illud
3438 5043 3452 5084 :
3501 5028 3787 5085 Delectare

2121 5121 2183 5175 in
2229 5120 2456 5174 Domino
2509 5118 2693 5189 (Psal.
2753 5119 3016 5189 cxxxvn).
3064 5122 3131 5174 Et
3174 5134 3247 5174 ne
3290 5117 3404 5173 cito
3444 5116 3787 5174 videremur

2121 5208 2336 5264 habere
2366 5223 2470 5280 pro
2500 5223 2613 5276 quo
2648 5205 3032 5273 delectamur,
3064 5206 3485 5280 subjungitur:
3520 5207 3599 5261 Et
3624 5206 3787 5263 dabit

2121 5297 2227 5353 tibi
2250 5296 2546 5368 petitiones
2578 5296 2765 5352 cordis
2795 5298 2886 5352 tui
2912 5296 3126 5368 (Ibid.).
3162 5295 3328 5352 Unde
3355 5310 3494 5368 ergo
3525 5294 3786 5353 delecta-

2120 5386 2224 5452 ris,
2259 5385 2311 5441 si
2342 5400 2455 5440 non
2488 5383 2671 5441 babes
2700 5384 2855 5457 quod
2889 5384 3071 5458 petis;
3106 5384 3222 5441 nisi
3252 5384 3391 5457 quia
3420 5382 3607 5440 babes
3638 5398 3779 5441 eum

2120 5473 2532 5530 ﬁdelissimum
2561 5473 2906 5543 debitorem,
2961 5474 3060 5545 qui
3111 5473 3514 5546 promittendo
3548 5472 3687 5530 fecit
3716 5476 3782 5528 ut

2120 5562 2391 5619 deberet?
2417 5561 2642 5619 Titulus
2663 5563 2994 5636 exponitur,
3017 5579 3089 5620 ne
3107 5578 3448 5633 corrumpas.
3483 5561 3637 5628 Quid
3665 5564 3779 5628 est,

2118 5668 2236 5708 non
2267 5655 2649 5725 corrumpas?
2691 5651 2910 5709 Exhibe
2939 5651 3209 5710 videlicet
3238 5651 3391 5724 quod
3425 5649 3776 5724 promisisti,
