4014 6194
263 364 384 433 B33

1388 362 1998 451 ENARRATIONES
2042 361 2122 429 tu
2172 365 2547 434 PSALMOS.

3551 362 3674 432 834

265 502 441 560 fidem
470 519 667 561 veram
699 508 756 560 et
798 521 984 577 spem,
1021 505 1268 562 tendens
1316 508 1373 561 in
1406 508 1590 575 ﬁnem,
1626 505 1681 558 id
1733 504 1908 559 estin
1939 500 1993 567 Α
2024 518 2197 573 quam
2208 504 2704 575 judicarezquiasi
2724 501 3674 575 priusjudicaretquampraadica-

263 592 584 659 Christum,
606 594 873 650 videlicet
903 612 1025 667 spe,
1050 601 1104 651 et
1127 613 1242 651 non
1266 597 1324 649 in
1358 595 1645 650 mundum
1669 594 1910 649 re.Nam

263 683 364 753 qui
396 682 683 738 mundum
717 684 775 737 in
808 701 867 739 re
899 689 1118 749 tenent,
1156 690 1211 740 et
1242 702 1356 739 non
1391 685 1688 739 Christum
1718 700 1798 747 se,
1830 682 1912 737 illi

262 772 501 827 tandem
536 788 723 842 neque
752 780 925 827 erunt
958 773 1013 827 in
1048 790 1127 841 re,
1176 790 1363 845 neque
1394 773 1451 827 in
1504 790 1627 844 spe,
1663 788 1797 826 cum
1831 772 1931 826 illi-

264 877 380 933 quo
413 860 585 915 modo
616 864 757 915 sunt
790 862 843 915 in
869 877 991 933 spe,
1020 861 1430 933 gloriabuntur
1460 862 1517 916 in
1552 879 1631 916 re.
1666 862 1913 916 Psalmus

262 949 444 1019 Asaph
469 951 688 1015 cantici,
706 950 773 1005 id
796 954 885 1006 est
916 968 949 1005 a
977 951 1203 1006 cantico
1233 952 1559 1007 habendus.
1580 951 1772 1023 Asaph
1805 951 1913 1006 iste

260 1037 492 1093 videtur
540 1039 839 1095 Christum
891 1045 1111 1105 notare,
1165 1042 1304 1113 quia
1352 1042 1462 1095 iste
1506 1040 1794 1112 precipue
1854 1040 1911 1094 in

261 1127 478 1200 populo
530 1127 628 1183 illo
679 1128 825 1184 alios
883 1130 1255 1203 congregavit
1312 1136 1367 1185 et
1424 1130 1534 1185 sibi
1587 1130 1913 1185 conformes

260 1215 399 1272 fecit
429 1233 442 1282 ;
477 1218 645 1288 cujus
676 1234 782 1273 vox
812 1223 901 1272 est
931 1218 991 1273 in
1012 1218 1120 1273 hoc
1152 1218 1397 1290 psalmo,
1424 1218 1783 1273 exhortantis
1807 1234 1912 1273 nos

260 1308 328 1360 ut
356 1303 659 1361 humiliter
689 1304 805 1359 Deo
854 1306 1258 1371 confiteamur,
1292 1310 1348 1360 et
1396 1322 1507 1360 non
1562 1304 1811 1376 superbe
1842 1306 1911 1358 de

261 1393 433 1450 nobis
464 1410 913 1464 praesumamus.
949 1394 1100 1449 Dicit
1130 1400 1324 1448 autem
1354 1394 1435 1447 sic
1471 1412 1483 1448 :

336 1483 731 1551 Conﬁtebimur
768 1484 892 1547 tibi,
923 1484 1081 1548 Deus,
1117 1484 1511 1553 conﬁtebimur,
1546 1493 1600 1538 et
1630 1484 1909 1537 invocabi-

260 1587 388 1626 mus
415 1586 615 1626 nomen
647 1580 824 1626 tuum.
858 1575 1007 1626 Nota
1036 1572 1198 1643 prius
1239 1572 1658 1635 confitendum,
1693 1576 1750 1627 ct
1784 1576 1913 1643 post

258 1660 685 1731 invocandum,
748 1660 885 1731 quia
943 1678 1117 1732 quem
1177 1661 1411 1715 invocas
1488 1661 1545 1714 in
1604 1667 1660 1715 te
1718 1677 1908 1715 vocas.

260 1749 325 1805 In
356 1752 413 1804 te
462 1753 657 1804 autem
692 1766 805 1804 non
856 1748 1012 1804 venit
1046 1756 1194 1804 Deus
1242 1754 1504 1816 vocatus,
1537 1749 1586 1804 si
1640 1754 1700 1804 tu
1733 1750 1912 1804 fueris

259 1837 468 1935 elatus,
505 1837 642 1910 quia
690 1838 760 1893 ad
815 1837 1032 1893 elatum
1084 1855 1196 1893 non
1256 1838 1497 1905 accedit,
1533 1840 1631 1893 sed
1682 1839 1751 1892 ad
1801 1840 1912 1893 hu-
1946 1872 1991 1935 B

260 1925 479 1981 militer
517 1926 912 1982 confitentem.
950 1927 1258 1982 Faciamus
1289 1944 1425 1998 ergo
1459 1927 1907 1992 confessionem,

258 2030 376 2069 non
402 2018 466 2068 ut
485 2030 619 2069 eum
652 2014 916 2081 delectet,
934 2016 1034 2069 sed
1063 2020 1125 2070 ut
1142 2032 1246 2070 nos
1269 2016 1531 2070 mundet.
1560 2016 1912 2071 Mundemus

255 2102 546 2173 templum
578 2108 844 2157 nostrum
878 2119 977 2173 per
1006 2104 1455 2171 confessionem,
1489 2106 1544 2158 in
1578 2122 1692 2176 quo
1724 2106 1914 2160 veniet

264 2188 585 2245 invocatus.
620 2191 828 2245 Omnia
868 2190 985 2245 alta
1033 2197 1096 2246 ut
1127 2191 1506 2263 attingamus,
1540 2209 1653 2247 non
1687 2192 1910 2247 extolli-

265 2292 401 2331 mus
423 2283 479 2331 et
499 2277 779 2349 erigimus
798 2286 883 2345 ;et
904 2279 954 2334 si
976 2296 1082 2335 nos
1100 2296 1214 2334 non
1241 2279 1593 2346 sufﬁcimus,
1614 2280 1913 2335 machina-

263 2369 466 2419 menta
497 2372 552 2421 et
574 2366 762 2422 scalas
790 2366 1129 2438 quaerimus,
1150 2373 1212 2421 ut
1241 2384 1308 2422 ea
1336 2368 1696 2439 attingamus
1722 2388 1732 2423 :
1766 2374 1913 2424 Deus

261 2452 419 2508 altus
449 2454 580 2525 feet,
615 2458 716 2511 sed
768 2457 841 2510 ab
873 2456 987 2511 alto
1038 2473 1152 2511 non
1198 2455 1502 2529 attingitur
1535 2473 1546 2510 :
1584 2458 1708 2528 ipse
1756 2459 1912 2512 enim

260 2559 439 2616 prope
469 2549 558 2598 est
588 2543 682 2599 his
712 2550 966 2613 tantum,
1000 2544 1100 2617 qui
1132 2546 1495 2600 obtriverunt
1528 2562 1644 2601 cor.
1680 2548 1914 2601 Tritura

261 2634 455 2688 autem
505 2632 719 2699 cordis,
754 2633 940 2703 pietas
972 2639 1029 2687 et
1084 2632 1386 2687 humilitas
1416 2639 1503 2688 est
1536 2651 1548 2687 :
1583 2634 1680 2705 qui
1713 2640 1909 2689 autem

262 2720 470 2777 obterit
499 2738 617 2793 cor,
651 2721 763 2777 sibi
796 2721 1088 2776 irascitur.
1122 2722 1310 2785 Quare
1340 2726 1402 2776 tu
1436 2723 1688 2794 quisque
1721 2728 1774 2778 te
1805 2723 1906 2777 ha-

262 2809 398 2867 beas
431 2811 670 2880 iratum,
703 2814 767 2864 ut
798 2809 1017 2865 sentias
1057 2826 1192 2864 eum
1227 2808 1518 2881 placatum
1556 2828 1567 2863 :
1604 2810 1821 2865 habeas
1853 2816 1907 2866 te

262 2904 679 2968 accusatorem,
714 2903 779 2953 ut
826 2898 1087 2955 invenias
1140 2897 1308 2953 illum
1357 2900 1719 2955 defensorem
1760 2918 1772 2963 ;
1820 2902 1906 2954 fac

261 2988 593 3044 confitendo
616 2988 722 3043 tibi
754 2988 1095 3059 propitium,
1121 3003 1294 3059 quem
1328 2988 1591 3057 negando
1625 3005 1738 3042 non
1764 2988 1906 3043 facis

260 3077 526 3133 nescium
563 3094 574 3131 :
609 3077 885 3132 confitere
916 3080 979 3131 ut
1025 3082 1245 3131 avertat
1275 3076 1482 3132 faciem
1515 3093 1684 3131 suam
1716 3094 1748 3131 a
1775 3094 1903 3147 pec-

261 3167 407 3222 catis
431 3166 567 3233 tuis,
592 3173 649 3221 et
690 3182 804 3220 non
838 3183 870 3220 a
902 3171 991 3232 te;
1026 3170 1322 3221 avertatur
1343 3166 1414 3220 ab
1446 3181 1511 3220 eo
1553 3165 1709 3237 quod
1732 3171 1792 3219 tu
1827 3166 1906 3221 fe-

262 3256 536 3321 cisti,non
561 3256 634 3311 ab
654 3271 720 3311 eo
734 3271 909 3325 quem
934 3254 1224 3325 fecit.Ipse
1246 3253 1401 3308 enim
1423 3235 1903 3319 fecit—hominem,
1940 3235 1982 3302 C

261 3349 323 3400 tu
346 3343 532 3400 fecisti
554 3349 913 3416 peccatorem
939 3360 954 3409 ;
984 3345 1108 3415 ipse
1128 3342 1303 3398 etiam
1325 3345 1531 3412 potens
1552 3344 1640 3396 est
1659 3346 1913 3396 avertere

260 3433 471 3489 faciem
504 3438 666 3488 tuam
698 3450 733 3487 a
765 3436 1055 3502 peccante,
1070 3436 1127 3486 et
1159 3448 1274 3486 non
1308 3435 1563 3486 avertere
1579 3430 1650 3484 ab
1682 3429 1916 3483 humili-

261 3528 349 3578 ter
379 3523 710 3578 conﬁtente.
740 3522 901 3577 Unde
925 3520 1070 3575 illud
1097 3536 1110 3575 :
1137 3521 1408 3575 Excelsa:
1435 3521 1720 3586 Dominus,
1742 3526 1793 3574 et
1812 3518 1913 3573 hu-

262 3613 425 3666 milia
456 3612 700 3681 respicit,
722 3614 776 3665 et
807 3609 965 3665 altaa
996 3611 1149 3680 longe
1171 3611 1444 3677 cognoscit
1469 3608 1912 3680 (Psal.cxxxvn).

265 3700 525 3771 Respicit
554 3698 806 3755 humiles
828 3715 932 3770 per
954 3703 1323 3769 peccatorum
1347 3697 1777 3767 remissionem,
1798 3696 1912 3752 ela-

264 3794 353 3845 tos
384 3788 683 3861 cognoscit
702 3805 805 3859 per
825 3790 1051 3857 justam
1082 3787 1540 3843 damnationem.
1564 3788 1751 3851 Quare
1773 3803 1914 3841 con-

266 3879 558 3944 ﬁteamur,
595 3883 660 3932 ut
706 3879 1064 3943 invocemus,
1098 3878 1254 3948 quod
1286 3876 1426 3932 dicit
1460 3895 1471 3933 :
1505 3877 1913 3948 Conﬁtebimur,

264 3970 385 4034 tibi,
424 3969 580 4034 Deus,
607 3968 1009 4038 conﬁtebimur,
1034 3976 1085 4021 et
1114 3967 1483 4021 invocabimus
1512 3984 1713 4021 nomen
1736 3971 1913 4021 tuum.

266 4057 417 4113 Nota
447 4056 597 4111 hanc
630 4056 1034 4128 repetitionem
1069 4072 1182 4110 non
1224 4072 1350 4110 esse
1383 4057 1593 4111 factam
1626 4073 1803 4110 causa
1834 4055 1918 4110 lo-

268 4145 609 4220 quacitatis,
642 4146 743 4201 sed
776 4162 953 4199 causa
982 4144 1466 4214 confirmationis,
1492 4162 1562 4199 ne
1592 4149 1646 4200 te
1676 4145 1920 4215 pmnitat

266 4252 399 4292 esse
420 4234 774 4302 confessum,
800 4232 1077 4305 quoniam
1093 4234 1282 4288 bonus
1294 4233 1486 4288 estcui
1510 4234 1811 4289 confessus
1832 4251 1915 4288 es.

268 4324 435 4381 Unde
466 4323 618 4379 alius
650 4323 914 4394 psalmus
948 4341 960 4377 :
995 4323 1343 4393 Confitemini
1381 4324 1631 4387 Domino,
1659 4326 1919 4393 quoniam

269 4414 441 4469 bonus
471 4414 652 4483 (Psal.
684 4412 909 4481 cxxxv).
944 4402 1011 4466 Et
1055 4411 1192 4484 quia
1236 4413 1425 4466 bonus
1469 4415 1574 4480 est,
1612 4428 1682 4465 ne
1711 4411 1920 4466 timeas

268 4502 535 4559 confiteri
570 4520 588 4556 :
621 4502 900 4573 quoniam
952 4517 1065 4556 non
1099 4500 1394 4555 conﬁteris
1443 4499 1772 4554 insultatori
1818 4516 1920 4555 nec

2023 594 2128 657 ret,
2153 592 2284 662 quis
2316 594 2759 650 absolveretur?
2790 598 2845 649 et
2877 592 3010 665 quis
3043 592 3388 648 liberaretur
3408 592 3435 647 ?
3465 592 3673 650 Nullus

2022 680 2440 751 utique.Quare
2454 696 2722 737 amemus
2740 683 3172 753 przedicantem,
3188 689 3249 736 ut
3265 681 3450 736 securi
3470 698 3671 751 exspe-

2022 772 2249 824 ctemus
2278 785 2410 823 eum
2436 771 2825 840 judicantem.
2852 772 2981 843 Ipse
3013 771 3232 842 accepit
3254 775 3487 841 tempus
3509 770 3669 841 judi-

2022 857 2191 913 candi
2217 858 2502 927 justitias,
2531 876 2636 914 nos
2669 859 3001 930 accipemus
3023 868 3257 933 tempus
3290 859 3557 915 faciendi.
3592 861 3672 916 De

2023 962 2088 1001 eo
2121 947 2341 1001 dictum
2398 953 2487 1001 est
2518 964 2530 1002 :
2566 949 3001 1005 Misericordiam
3048 955 3099 1006 et
3138 950 3415 1019 judicium
3443 951 3674 1006 cantabo

2023 1036 2143 1104 tibi,
2173 1037 2399 1091 Domine
2424 1037 2592 1106 (Psal.
2618 1042 2691 1104 ε).
2727 1038 2916 1100 Quare
2950 1043 3012 1092 ut
3043 1056 3157 1093 non
3181 1039 3496 1093 timeamus
3542 1056 3675 1111 pec-

2022 1128 2286 1179 catorum
2340 1125 2695 1195 punitorum,
2729 1143 2998 1182 amemus
3027 1132 3397 1198 peccatorum
3431 1129 3674 1184 donato-

2023 1229 2167 1268 rem.
2206 1214 2339 1269 Cum
2372 1230 2631 1285 accepero
2682 1221 2919 1286 tempus,
2944 1217 3201 1286 justitias
3222 1217 3504 1288 judicabo.
3539 1218 3681 1283 Quis

2023 1303 2245 1372 accepit
2268 1307 2502 1373 tempus
2526 1304 2876 1373 judicandi?
2908 1305 3032 1359 Non
3056 1304 3234 1360 Filius
3263 1306 3358 1361 Dei
3387 1323 3487 1377 per
3505 1324 3680 1379 quem

2024 1391 2157 1445 facti
2191 1408 2418 1458 sumus,
2446 1393 2547 1447 sed
2578 1392 2735 1447 {ilius
2760 1393 3018 1448 hominis
3042 1410 3145 1465 per
3165 1411 3338 1465 quem
3366 1396 3561 1451 refecti
3584 1414 3682 1453 su—

2023 1497 2156 1535 mus
2194 1499 2204 1534 :
2242 1498 2352 1533 non
2388 1480 2484 1550 qui
2526 1482 2873 1553 assumpsit,
2907 1483 3008 1536 sed
3045 1483 3142 1552 qui
3175 1488 3519 1554 assumptus
3571 1490 3677 1541 est.

2022 1572 2153 1640 Ipse
2177 1570 2331 1623 enim
2358 1570 2457 1639 qui
2482 1577 2824 1641 assumptus
2848 1576 2954 1639 est,
2973 1576 3237 1627 mutatus
3258 1577 3346 1627 est
3367 1572 3425 1627 in
3446 1573 3674 1629 melius:

2023 1658 2121 1730 qui
2152 1659 2497 1730 assumpsit,
2528 1676 2642 1714 non
2669 1665 2934 1715 mutatus
2956 1662 3014 1714 in
3038 1662 3225 1732 pejus.
3244 1662 3375 1733 Ipse
3403 1662 3559 1717 enim
3582 1679 3681 1718 ex-

2023 1746 2269 1801 inanivit
2300 1747 2680 1819 semetipsum
2715 1749 2889 1820 (Phil.
2927 1751 3009 1819 ιι),
3042 1749 3374 1805 inferiorem
3406 1754 3676 1807 naturam

2023 1836 2402 1903 assumendo,
2434 1854 2549 1891 non
2582 1838 2653 1891 ab
2677 1837 2885 1909 aequali
2914 1839 3341 1910 degenerando,
3369 1856 3683 1895 assumens

2023 1925 2177 1995 quod
2212 1940 2326 1979 non
2350 1931 2494 1993 erat,
2514 1942 2757 1981 manens
2790 1928 2945 1997 quod
2970 1932 3114 1991 erat,
3140 1945 3173 1981 a
3204 1928 3364 1983 nullo
3390 1928 3681 2000 accipiens

2022 2018 2255 2084 tempus
2271 2013 2758 2084 illudjudicandi,
2778 2016 2877 2069 sed
2902 2032 3134 2087 semper
3147 2016 3370 2071 habens
3395 2016 3560 2072 illud.
3586 2019 3679 2074 Li-

2022 2103 2272 2171 quefacta
2310 2111 2388 2158 est
2417 2112 2589 2170 terra,
2620 2108 2671 2158 et
2696 2121 2880 2159 omnes
2912 2107 3007 2174 qui
3028 2106 3278 2159 habitant
3300 2108 3360 2160 in
3388 2122 3470 2161 ea.
3504 2106 3682 2169 Quasi

2023 2189 2178 2243 dicat
2210 2207 2222 2244 :
2259 2191 2461 2246 Merito
2484 2194 2738 2263 justitias
2782 2193 3061 2263 judicabo,
3097 2194 3234 2264 quia
3274 2202 3445 2261 terra,
3480 2195 3537 2248 id
3569 2198 3679 2259 est,

2023 2279 2277 2350 populus
2308 2280 2615 2344 Judaicus,
2649 2281 2747 2352 qui
2780 2281 3019 2336 deberet
3050 2281 3181 2336 aliis
3212 2299 3340 2337 esse
3374 2288 3546 2350 terra,
3579 2299 3680 2353 per

2024 2382 2199 2437 quem
2248 2369 2644 2429 reficerentur.
2676 2371 2977 2440 liquefacta
3000 2370 3196 2442 aliquo
3230 2370 3378 2441 ﬂuit,
3414 2370 3470 2425 id
3502 2376 3613 2437 est,
3648 2389 3681 2426 a

2023 2454 2261 2526 liquidis
2284 2462 2338 2511 et
2362 2458 2511 2512 veris
2528 2458 2830 2529 praeceptis
2858 2474 2961 2528 per
2983 2458 3365 2528 cupiditatem
3385 2459 3676 2526 discessit;

2023 2544 2159 2614 quia
2184 2550 2401 2615 quanto
2424 2545 2674 2617 quisque
2694 2564 2796 2617 per
2816 2547 3199 2617 cupiditatem
3223 2547 3467 2603 inf'erius
3491 2547 3678 2603 delec-

2020 2639 2197 2699 tatur,
2217 2640 2377 2688 tanto
2402 2634 2535 2705 plus
2558 2652 2590 2689 a
2615 2640 2873 2691 creatore
2896 2636 3113 2690 recedit
3137 2652 3149 2691 :
3174 2641 3231 2691 et
3255 2642 3473 2707 quanto
3497 2654 3672 2709 supe-

2018 2721 2142 2776 rius
2172 2721 2517 2789 delectatur,
2552 2729 2713 2779 tanto
2740 2724 2973 2795 propior
2996 2724 3360 2796 intelligitur.
3398 2728 3470 2780 Et
3490 2742 3673 2782 omnes

2021 2813 2112 2881 qui
2133 2811 2387 2866 habitant
2420 2815 2476 2866 in
2496 2829 2579 2879 ea,
2615 2813 2668 2866 id
2706 2819 2812 2880 est,
2841 2831 2953 2867 non
2988 2818 3218 2868 tantum
3248 2815 3455 2870 Judaza
3484 2814 3672 2887 lique-

2017 2899 2169 2954 facta
2193 2906 2301 2966 est,
2328 2900 2427 2955 sed
2445 2918 2648 2957 omnes
2670 2902 2753 2956 illi
2776 2902 2875 2973 qui
2911 2903 2968 2957 in
2996 2919 3061 2957 ea
3089 2902 3352 2959 habitare
3373 2904 3672 2970 deberent,

2017 2988 2347 3060 exemplum
2384 2990 2545 3044 bonae
2577 2991 2932 3061 Operationis
2957 2992 3029 3045 ab
3063 3008 3130 3046 ea
3160 2994 3539 3048 assumendo.
3564 2995 3671 3064 Ego

2017 3080 2210 3131 autem
2234 3080 2562 3147 conﬁrmavi
2580 3080 2863 3134 columnas
2892 3081 3025 3150 ejus,
3044 3079 3100 3134 id
3134 3086 3241 3145 est,
3261 3081 3590 3152 aspostolos
3612 3081 3670 3137 in

2017 3166 2289 3236 passione
2339 3183 2469 3221 mea
2516 3168 2883 3234 comitantes,
2925 3170 3248 3237 conﬁrmavi
3299 3170 3357 3223 in
3417 3186 3672 3225 resurre-

2020 3252 2237 3308 ctione.‘
2266 3254 2548 3311 Columnas
2568 3255 2830 3309 dicuntur
2860 3257 3105 3326 apostoli
3143 3258 3281 3327 quia
3310 3275 3412 3327 per
3432 3274 3530 3313 eos
3552 3259 3667 3312 ful-

2022 3342 2122 3396 citi
2151 3346 2418 3397 erantzet
2434 3343 2721 3413 suppositi
2743 3344 2929 3397 Judaei
2958 3349 3013 3398 et
3035 3345 3245 3414 caeteri,
3274 3362 3345 3399 ne
3371 3346 3666 3400 caderent.

2022 3432 2218 3484 Potest
2247 3428 2331 3483 sic
2353 3429 2679 3484 continuari
2706 3448 2718 3485 :
2743 3432 2851 3498 Ego
2875 3437 3067 3486 autem
3104 3450 3227 3486 cum
3256 3449 3505 3505 accepero
3531 3438 3668 3488 tem-

2021 3534 2122 3590 pus
2158 3518 2406 3589 justitias
2438 3518 2732 3588 judicabo;
2764 3526 2820 3574 et
2870 3536 3025 3587 nunc
3076 3519 3309 3575 interim
3364 3522 3553 3594 quid?
3602 3523 3671 3577 li-

2024 3609 2273 3679 quefacta
2295 3611 2619 3673 estterra,et
2645 3623 2828 3663 omnes
2853 3610 2951 3679 qui
2970 3610 3221 3664 habitant
3244 3612 3301 3664 in
3320 3629 3385 3665 ea
3408 3628 3429 3671 ;
3455 3628 3555 3683 ego
3579 3629 3675 3666 au-

2025 3701 2142 3753 tem
2190 3698 2517 3768 conﬁrmavi
2561 3697 2843 3752 columnas
2890 3699 3006 3768 ejus
3043 3714 3060 3756 ;
3106 3703 3162 3752 et
3211 3715 3312 3768 per
3366 3699 3525 3770 ipsas
3584 3715 3676 3754 co-

2026 3786 2261 3842 lumnas
2316 3787 2442 3842 dici
2496 3788 2706 3858 iniquis
2757 3806 2774 3839 :
2825 3786 3005 3843 Nolite
3060 3787 3250 3858 inique
3296 3803 3475 3857 agere.
3527 3787 3682 3843 Dixit

2027 3877 2289 3948 quidem,
2323 3878 2422 3933 sed
2456 3894 2563 3932 nos
2595 3893 2709 3931 non
2766 3876 3119 3930 audivimus.
3156 3878 3225 3931 Et
3256 3876 3393 3948 quia
3427 3894 3539 3932 non
3575 3894 3677 3933 au-

2027 3966 2281 4021 divimus
2313 3984 2445 4020 eum
2481 3972 2545 4020 ut
2576 3966 2702 4020 sani
2737 3972 3049 4031 staremus,
3081 3966 3394 4021 audiamus
3426 3984 3561 4023 eum
3592 3968 3680 4024 vel

2028 4060 2091 4109 ut
2122 4054 2268 4124 lapsi
2304 4070 2683 4125 resurgamus
2719 4071 2730 4108 :
2765 4060 2823 4109 et
2855 4055 2992 4126 quia
3023 4056 3147 4111 sani
3190 4074 3302 4112 non
3338 4073 3545 4113 sumus
3577 4074 3680 4113 au-

2029 4143 2261 4197 diamus
2284 4143 2574 4197 medicum
2598 4132 2918 4199 venientem
2936 4144 3005 4198 ad
3030 4143 3398 4217 languidum.
3416 4148 3480 4201 Et
3500 4147 3680 4201 delin-

2028 4231 2319 4301 quentibus
2342 4250 2359 4286 .·
2383 4232 2561 4287 Nolite
2573 4234 2819 4288 exaltare
2840 4250 3029 4289 cornu.
3054 4234 3230 4298 Quasi
3252 4235 3437 4289 dicat:
3456 4237 3592 4289 Dixi
3613 4252 3684 4290 ne

2031 4320 2230 4390 inique
2253 4320 2632 4391 agerent,illis
2646 4327 2841 4376 autem
2862 4323 3016 4394 quia
3039 4324 3248 4378 delicto
3264 4340 3324 4377 se
3347 4340 3462 4377 non
3483 4324 3681 4377 abstu-

2030 4409 2245 4472 lerunt,
2278 4409 2396 4463 dixi
2433 4427 2444 4463 :
2478 4411 2657 4465 Nolite
2689 4413 2940 4465 exaltare
2968 4427 3159 4465 cornu.
3196 4410 3373 4475 Quasi
3403 4410 3562 4464 dicat
3588 4428 3599 4465 :
3623 4411 3684 4465 Si

2031 4498 2314 4571 peccastis
2330 4515 2432 4569 per
2459 4498 3044 4569 cupiditatem,nolite
3065 4503 3364 4570 peccatum
3381 4498 3689 4554 defendere

266 4590 551 4664 punitori,
582 4591 681 4646 sed
717 4589 1315 4661 peccataignoscenti.
1347 4590 1511 4643 Time
1545 4589 1803 4643 conﬁteri
1828 4589 1925 4642 ho-
1955 4609 2000 4672 D
2032 4586 3687 4660 perelationem.Nolite,dico,e.rtollereinattumcornuves-

268 4679 418 4735 mini
434 4679 640 4749 judici,
659 4685 792 4749 post
813 4678 1240 4733 confessionem
1264 4683 1499 4747 peccata
1522 4677 1705 4747 punit:
1723 4693 1926 4732 secure

267 4768 605 4824 conﬁtearis
634 4767 771 4836 Deo,
805 4767 905 4838 qui
940 4771 1072 4837 post
1102 4766 1530 4821 confessionem
1564 4766 1833 4838 ignoscit.
1860 4767 1927 4820 Et

269 4856 573 4912 invocabis
596 4872 810 4911 nomen
833 4860 1026 4923 tuum,
1044 4859 1106 4909 ut
1125 4871 1191 4909 ex
1214 4858 1268 4909 te
1290 4854 1442 4925 pleni
1471 4853 1678 4921 simus,
1704 4856 1803 4926 qui
1829 4872 1929 4927 per

268 4945 699 5001 confessionem
722 4944 980 4998 evacuati
1005 4960 1234 4998 sumus.
1262 4944 1331 4997 Et
1360 4943 1512 4997 unde
1534 4944 1609 4998 sit
1632 4943 1927 5014 impletus,

270 5033 585 5105 subjungit
615 5052 628 5089 :
662 5033 1027 5089 Narrabimus
1056 5032 1337 5087 mirabilia
1371 5041 1485 5087 tua.
1524 5031 1704 5094 Quasi
1738 5032 1927 5087 dicat:

268 5122 397 5194 Ego
427 5127 484 5179 et
512 5124 629 5179 mei
657 5124 1016 5178 narrabimus
1060 5122 1351 5177 mirabilia
1380 5125 1497 5187 tua,
1531 5138 1657 5192 qua
1688 5121 1931 5176 mirabi-

269 5212 411 5269 liter
455 5213 714 5283 operaris
757 5211 817 5266 in
865 5209 1228 5282 corporibus,
1303 5214 1359 5265 et
1423 5227 1548 5280 qua:
1600 5209 1932 5266 mirabilius

274 5302 537 5373 operaris
567 5301 625 5356 in
666 5302 951 5357 moribus.
988 5301 1120 5354 Cum
1168 5315 1422 5369 accepero
1454 5309 1684 5369 tempus,
1718 5316 1815 5368 ego
1836 5301 1931 5370 ju-

275 5389 459 5444 stitias
492 5388 775 5456 judicabo,
809 5387 977 5459 quasi
1013 5386 1204 5441 dicat:
1254 5384 1571 5440 Notilicatis
1606 5386 1935 5441 mirabilius

273 5477 418 5542 tuis,
448 5492 542 5547 ego
573 5478 859 5549 praecipue
907 5476 1148 5545 iustitias
1169 5473 1465 5544 judicabo,
1500 5490 1610 5528 non
1647 5477 1936 5546 parcendo

272 5566 700 5633 contemnenti,
722 5566 822 5638 qui
855 5580 1011 5620 nunc
1043 5563 1560 5629 dono.conﬁtenti;
1601 5564 1821 5635 gratias
1852 5564 1932 5619 illi

277 5656 378 5727 qui
437 5655 599 5727 prius
643 5655 826 5711 voluit
858 5653 1153 5725 justitiam
1204 5669 1437 5707 narrare
1496 5656 1551 5707 et
1604 5653 1933 5725 praedicare,

2037 4678 2269 4746 trum,id
2285 4676 2514 4744 cst,noli
2527 4682 2575 4730 te
2589 4676 2937 4729 confirmare
2951 4676 3414 4747 oppugnantiam
3430 4682 3687 4734 vestram

2036 4766 2095 4821 in
2118 4766 2300 4821 Deum
2318 4768 2529 4837 jugum
2558 4764 2657 4819 Dei
2685 4765 3105 4820 detrectantes:
3134 4765 3305 4821 nolite
3329 4767 3478 4838 loqui
3498 4766 3691 4823 adver-

2037 4871 2131 4909 sus
2175 4856 2339 4910 Deum
2375 4856 2746 4925 iniquitatem,
2782 4853 3048 4923 ponendo
3075 4853 3343 4910 videlicet
3372 4871 3506 4909 cum
3537 4855 3693 4925 inju-

2042 4949 2283 5009 stum,et
2302 4961 2413 4999 non
2434 4960 2634 4997 curare
2651 4958 2742 4996 res
2765 4941 3073 4997 humanas.
3100 4943 3228 5014 Ipse
3253 4945 3410 4998 enim
3434 4943 3697 5014 loquitur

2042 5030 2441 5102 iniquitatem,
2474 5047 2607 5084 cum
2651 5029 2807 5084 videt
2838 5032 3024 5085 malos
3057 5032 3280 5095 ﬂorere,
3315 5031 3500 5086 bonos
3530 5030 3696 5085 labo-

2046 5136 2197 5187 rare,
2237 5120 2380 5173 dicit
2406 5119 2588 5173 Deum
2612 5135 2726 5173 non
2752 5119 3081 5190 gubernare
3102 5118 3397 5186 humana;
3429 5120 3583 5191 quod
3606 5118 3699 5174 hic

2045 5208 2334 5279 prohibet,
2385 5208 2558 5262 nolite
2606 5208 2754 5278 loqui
2800 5208 3057 5262 adversus
3104 5212 3281 5263 Deum
3327 5209 3695 5279 iniquitatem.

2044 5298 2207 5353 Unde
2240 5296 2373 5351 alibi
2411 5312 2423 5352 :
2460 5298 2575 5352 Non
2604 5297 2839 5351 declines
2864 5314 2955 5352 cor
2970 5314 3154 5350 meum
3186 5298 3245 5351 in
3276 5298 3436 5352 verba
3465 5298 3699 5353 malitia

2048 5388 2217 5454 (Psal.
2252 5386 2372 5455 cxx.)
2411 5404 2422 5440 :
2458 5388 2589 5457 quia
2634 5401 2807 5456 neque
2837 5386 2907 5440 ab
2952 5388 3185 5455 oriente,
3221 5402 3397 5456 neque
3442 5389 3510 5441 ab
3558 5387 3697 5441 occi-

2046 5477 2220 5538 dente,
2247 5491 2415 5545 neque
2432 5493 2463 5528 a
2506 5475 2737 5529 desertis
2757 5475 3053 5541 montibus,
3084 5476 3342 5545 quoniam
3363 5476 3503 5530 Deus
3515 5476 3701 5548 judex

2046 5568 2140 5620 est.
2177 5564 2349 5630 Quasi
2384 5565 2537 5617 dicat
2571 5580 2581 5618 :
2617 5563 2790 5618 Nolite
2823 5564 2970 5634 loqui
3011 5563 3264 5618 adversus
3292 5565 3459 5620 Deum
3489 5566 3696 5636 iniqui-

2047 5658 2231 5723 tatem,
2256 5653 2693 5725 quiajutleosqui
2725 5652 3157 5723 nosjudicabit,
3180 5669 3295 5708 non
3318 5659 3600 5712 venturus
3614 5661 3701 5712 est
