4014 6194
349 361 468 427 835

351 501 585 554 tantum
606 499 927 572 ali-oriente,
962 517 1130 573 neque
1161 502 1536 575 aboccidente,
1559 517 1729 573 neque
1757 517 1791 555 at
1821 500 1994 555 deser~
2027 501 2072 566 Α

354 589 425 643 tis
453 590 767 644 montibus:
791 590 1070 661 quoniam
1099 589 1253 645 Deus
1279 590 1484 661 estqui
1511 589 1760 659 judicat,
1793 597 1847 644 et
1867 589 1997 644 ideo

353 679 682 733 necessario
717 679 932 751 ubique
949 696 1204 751 praesens
1223 689 1299 734 :et
1330 681 1490 744 lumc,
1508 679 1777 734 videlicet
1795 678 2000 734 Judai-

353 781 486 822 cum
508 767 890 839 populum,'se
906 769 1256 824 exaltantcm
1280 769 1420 824 etde
1442 785 1504 824 se
1525 773 1998 840 praesumentem,

352 856 630 926 humiliat,
663 867 714 912 et
746 857 971 928 hunc,id
1004 857 1395 928 est,gentilcm
1420 856 1793 929 populum,se
1815 855 2003 912 humi-

349 944 594 1001 liantem
625 947 857 1012 exultat,
882 948 1032 1018 quod
1068 949 1330 1001 notatum
1363 963 1452 1002 cet
1485 963 1586 1019 per
1617 945 2001 1002 Publicanum

356 1039 413 1089 et
443 1033 825 1099 Pharisaeum,
859 1035 995 1108 quia
1046 1035 1401 1091 Publicanus
1453 1052 1515 1089 se
1567 1033 1917 1104 humiliavit,
1949 1037 2006 1088 et

356 1122 640 1178 exaltatus
660 1129 748 1178 est
764 1141 777 1179 :
793 1123 1121 1179 Phariseeus
1148 1140 1208 1178 se
1239 1123 1462 1188 extulit,
1480 1129 1535 1180 et
1555 1123 1901 1179 humiliatus
1919 1127 2006 1178 est

356 1212 508 1283 (Luc.
562 1214 761 1284 xvm);
797 1214 949 1284 quod
1005 1213 1145 1268 dicit
1199 1231 1209 1266 :
1257 1215 1403 1269 hunc
1449 1213 1728 1280 humiliat,
1761 1222 1813 1268 et
1863 1213 2007 1268 hunc

355 1302 580 1357 δίαιται.
617 1303 682 1357 Et
714 1319 892 1374 quare
913 1303 940 1356 ?
973 1304 1112 1371 Quia
1140 1305 1287 1359 calix
1336 1305 1394 1357 in
1425 1320 1596 1359 manu
1627 1303 1846 1356 Domini
1891 1303 2006 1356 vini

356 1393 503 1446 meri
527 1391 722 1462 plenus
760 1393 945 1458 misto,
979 1392 1036 1445 id
1083 1397 1190 1461 est,
1223 1391 1635 1463 comparabilis
1665 1395 1754 1446 est
1783 1390 2004 1462 potenti

349 1480 667 1552 ,pincernte,
689 1481 786 1551 qui
810 1497 878 1536 ex
901 1479 1079 1536 calice
1105 1480 1438 1552 propineret
1462 1481 1667 1535 amicis
1693 1481 1816 1536 suis
1841 1479 2007 1535 dulce

355 1569 581 1637 vinum,
615 1574 671 1625 et
700 1569 955 1624 inimicis
986 1569 1258 1635 acidum;
1293 1570 1447 1641 quod
1479 1570 1638 1636 dicit,
1673 1572 1805 1640 quia
1835 1567 2005 1634 calix,

356 1656 414 1714 id
447 1663 557 1729 est,
591 1657 982 1714 renumeratio
1007 1659 1177 1714 estin
1207 1675 1381 1713 manu
1415 1659 1649 1726 Domini,
1681 1658 1835 1714 calix
1855 1659 2006 1726 dico,

353 1749 554 1820 plenus
586 1749 700 1803 vini
736 1749 893 1815 meri,
919 1748 1086 1818 justa
1120 1746 1389 1801 videlicet
1436 1746 1837 1813 retributione,
1871 1747 2010 1818 quia

357 1835 614 1892 multum
637 1836 800 1906 juste
823 1835 1154 1906 judicabit;
1189 1835 1289 1890 sed
1309 1835 1634 1907 uniquique
1655 1836 1759 1891 reti
1793 1837 2011 1892 tribuet

347 1926 520 1997 juxta
536 1925 878 1981 meritorum
901 1921 1422 1995 mquelitatem,sed
1439 1925 1615 1979 etiam
1639 1925 1847 1996 plenus
1865 1925 2008 1980 mis-

358 2019 438 2085 to,
455 2013 592 2085 quia
617 2013 1336 2069 boniindebibentvinum
1363 2012 1701 2080 dulce,mali
1732 2015 1966 2070 acidum
1993 2033 2006 2069 :

354 2105 512 2176 quod
543 2108 739 2158 tamen
785 2119 1012 2158 merum
1045 2107 1146 2170 est,
1180 2106 1468 2173 quantum
1491 2103 1560 2157 ad
1595 2103 1789 2174 ipsum
1820 2103 2011 2158 Domi-

360 2208 525 2262 num,
539 2197 591 2248 et
609 2192 897 2247 inclinavit
916 2192 1110 2264 ipsum
1129 2190 1365 2246 calicem
1386 2207 1457 2246 ex
1477 2191 1574 2246 hoc
1591 2195 1786 2263 potato
1807 2193 1868 2246 in
1889 2191 2008 2258 hoc,

353 2281 645 2338 subaudis
676 2281 1110 2353 potandum,vel
1145 2298 1218 2336 ea:
1246 2282 1345 2336 hoc
1368 2297 1501 2335 vase
1519 2280 1894 2346 bonorum,in
1911 2283 2012 2337 hoc

361 2388 462 2428 vas
483 2371 794 2426 malorum.
814 2370 1190 2426 Verumtamen
1210 2370 1345 2426 licet
1363 2370 1488 2443 ipse
1509 2370 1657 2425 calix
1674 2370 2009 2437 inclinetur,

359 2460 482 2536 fex
509 2463 627 2532 ejus
657 2476 768 2515 non
797 2469 874 2515 est
906 2463 1218 2527 exinanita,
1253 2460 1310 2514 id
1359 2464 1466 2525 est,
1497 2478 1610 2515 non
1644 2464 1733 2515 est
1763 2460 1897 2515 inde
1929 2460 2008 2516 ef-

361 2548 513 2614 fusa,
547 2548 688 2619 quia
743 2547 900 2602 nulla
953 2553 1042 2604 est
1073 2548 1150 2602 ibi
1215 2549 1338 2614 ftex,
1374 2549 1474 2603 sed
1526 2565 1753 2603 merum
1785 2549 2009 2613 vinum,

363 2640 885 2706 quantumcunque
905 2635 1239 2690 inclinetur.
1266 2641 1330 2689 Et
1347 2653 1418 2691 ne
1445 2641 1788 2706 putaremus
1821 2653 2012 2708 pecca-

360 2728 518 2779 tores
539 2721 685 2777 nihil
713 2721 927 2778 habere
947 2723 1024 2778 ibi
1046 2725 1197 2794 quod
1226 2725 1656 2796 biberent,quia
1677 2725 1811 2780 fisco
1835 2734 2010 2794 caret,

362 2811 669 2884 subjungit
705 2829 718 2868 ε
751 2812 933 2867 bibent
979 2828 1162 2867 omnes
1205 2821 1510 2883 peccatores
1537 2818 1721 2880 terrae,
1757 2830 1860 2885 pro
1905 2831 2012 2870 sua

359 2901 625 2958 videlicet
671 2901 1102 2973 competentia;
1155 2901 1356 2956 bibent
1385 2902 1540 2957 cnim
1591 2903 1844 2967 acidum,
1880 2903 2013 2959 licet

363 3007 613 3048 merum.
650 2991 758 3060 Ego
785 2993 973 3044 autem
1004 2993 1058 3045 et
1109 2989 1387 3046 mci'non
1437 2991 1520 3046 sic
1552 2992 1841 3062 bibemus,
1876 2992 2014 3064 quia

361 3080 707 3135 annuntiabo
737 3082 794 3134 in
819 3079 1111 3144 saeculum,
1127 3077 1274 3134 alios
1293 3078 1560 3135 videlicet
1581 3083 2008 3137 construendo:

363 3170 420 3223 et
463 3166 698 3223 cantabo
749 3169 855 3222 Deo
895 3167 1078 3237 Iacob,
1124 3166 1295 3222 sicuti
1341 3167 1608 3223 videlicet
1644 3170 2012 3226 cantandum

925 364 1229 431 BEMIGII
1273 361 2027 430 ANTIS'SIODORENSIS
2067 359 2245 428 0P1).
2285 361 2493 427 PARS
2533 361 2584 426 1.
2617 395 2696 409 -
2725 356 3194 425 EXEGETICA.

3637 352 3760 418 838

2641 495 2971 554 PSALMUS
3013 491 3221 552 LXXV.

2148 605 2204 642 1N
2243 605 2422 643 FINEM
2465 604 2522 642 ΙΝ
2571 600 2944 643 CABMINIBUS.
2987 598 3271 640 OANTIGUM
3315 597 3390 638 AD
3427 593 3724 638 Αδεγιιιοε.

2681 673 2940 714 PSALMUS
2980 672 3176 711 ASAPH.

2183 773 2207 797 ‹‹
2245 749 2428 804 Notus
2461 747 2518 802 in
2546 747 2750 804 Judaea
2774 743 3218 812 Deus,inlsrael
3242 759 3525 816 magnum
3552 759 3770 799 nomen

2118 861 2138 886 α
2175 839 2323 908 ejus.
2348 838 2420 892 Et
2451 837 2636 892 factus
2661 841 2749 892 est
2780 835 2840 890 in
2865 851 3005 908 pace
3037 833 3200 890 locus
3229 834 3451 903 ejus,et
3480 833 3773 890 habitatio

2117 947 2144 979 ι
2174 928 2302 998 ejus
2332 926 2389 980 in
2416 925 2676 982 Sion.Ibi
2709 923 2995 996 confregit
3026 923 3317 995 potentias
3341 938 3613 990 arcuum,
3638 939 3774 978 scu-

2114 1039 2142 1066 «
2175 1021 2322 1087 tum,
2348 1021 2403 1070 et
2433 1014 2717 1087 gladium,
2740 1019 2796 1069 et
2816 1013 3054 1068 bellum.
3078 1011 3419 1067 llluminans
3442 1017 3502 1066 tu
3529 1013 3777 1067 mirabi-

2116 1129 2142 1156 ‹‹
2177 1105 2312 1160 liter
2332 1123 2362 1160 ει
2399 1104 2699 1160 montibus
2717 1103 2947 1158 mternis
2967 1119 2979 1158 :
2997 1100 3212 1157 turbati
3237 1104 3376 1156 sunt
3400 1116 3607 1157 omnes
3630 1101 3778 1157 insi-

2117 1217 2142 1244 «
2179 1194 2404 1266 pientes
2427 1194 2616 1249 corde.
2640 1192 3009 1247 Dormierunt
3027 1207 3300 1246 somnum
3334 1206 3531 1260 suum,
3547 1194 3605 1245 et
3628 1187 3780 1246 nihil

2122 1307 2141 1332 -
2177 1284 2742 1338 inveneruntomnes
2756 1280 3211 1336 viridivitierum
3232 1279 3290 1334 in
3316 1279 3597 1334 manibus
3617 1280 3775 1336 suis.

2117 1396 2144 1420 «
2181 1373 2266 1426 Ab
2299 1371 2692 1443 increpatione
2721 1375 2842 1436 tua,
2876 1370 3030 1426 Deus
3079 1369 3276 1438 Jacob,
3304 1368 3782 1426 dormitaverunt

2118 1483 2146 1511 «
2180 1461 2282 1533 qui
2314 1461 2705 1517 ascenderunt
2731 1476 2935 1532 equos.
2973 1460 3059 1514 Tu
3104 1457 3385 1513 terribilis
3415 1473 3498 1527 es,
3532 1462 3593 1512 et
3641 1457 3781 1531 quis

2119 1573 2145 1599 «
2182 1550 2413 1606 resistet
2441 1549 2592 1604 tibi?
2621 1554 2835 1604 extunc
2867 1548 2953 1603 ira
2977 1552 3097 1603 tua.
3125 1551 3199 1602 De
3227 1545 3371 1602 caelo
3394 1547 3676 1602 auditum
3703 1547 3780 1602 fe-

2120 1662 2146 1688 ‹‹
2183 1639 2312 1694 cisti
2329 1637 2642 1710 judicium,
2663 1643 2816 1692 terra
2832 1637 3074 1692 tremuit
3086 1640 3138 1692 et
3154 1635 3394 1708 quievit.
3408 1635 3555 1691 Cum
3570 1652 3782 1692 exsur-

2122 1752 2148 1776 ‹‹
2182 1732 2345 1798 geret
2375 1727 2434 1782 in
2457 1726 2750 1798 judicium
2783 1727 2957 1792 Deus,
2993 1731 3058 1781 ut
3103 1723 3294 1780 salvos
3325 1723 3540 1780 faceret
3570 1741 3784 1782 omnes

2180 1819 2520 1871 mansuetos
2538 1821 2724 1870 terrae.
2751 1815 3037 1878 Quoniam
3064 1813 3338 1886 cogitatio
3364 1812 3632 1868 heminis
3647 1830 3782 1869 oon-

2123 1839 2149 1866 ((

2039 1871 2087 1936 Β
2123 1928 2149 1954 ‹‹
2185 1905 2443 1960 ﬁtebitur
2463 1904 2592 1969 tibi,
2614 1909 2671 1960 et
2702 1871 2958 1976 reliquie:
2989 1871 3358 1976 cogitationis
3379 1901 3535 1958 diem
3559 1903 3780 1960 festum

2122 2017 2150 2044 «
2186 1999 2360 2066 agent
2389 1994 2514 2050 tibi.
2549 1998 2762 2050 Vovete
2792 1999 2850 2050 et
2878 1993 3102 2049 reddite
3132 1992 3379 2048 Domino
3410 1991 3527 2048 Deo
3561 1999 3781 2063 vestro,

2121 2106 2149 2132 α
2184 2099 2388 2138 omnes
2421 2083 2518 2154 qui
2551 2083 2610 2137 in
2633 2082 2879 2138 circuitu
2907 2083 3034 2152 ejus
3065 2081 3284 2137 eﬂ‘ertis
3315 2083 3780 2146 munera,terrio

2122 2194 2150 2220 ‹‹
2186 2169 2306 2237 bili,
2337 2175 2392 2226 et
2421 2171 2471 2226 ei
2504 2171 2604 2243 qui
2637 2171 2826 2226 aufert
2853 2169 3127 2242 spiritum
3163 2167 3776 2240 principum,terribili

2123 2285 2149 2309 ‹‹
2185 2262 2340 2333 apud
2375 2276 2540 2332 reges
2568 2265 2756 2316 terra.
2790 2283 2818 2309 »

2764 2366 2896 2423 ENA
2907 2365 3142 2422 RRATIO

2193 2455 2413 2528 Assyrii
2442 2455 2898 2527 interpretantur
2917 2455 3220 2526 dirigentes
3239 2471 3260 2517 ;
3293 2455 3434 2526 quia
3459 2455 3520 2511 in
3543 2455 3646 2512 illo
3675 2473 3776 2529 po-

2123 2544 2260 2618 pulo
2290 2546 2527 2600 fuerunt
2540 2544 2844 2617 pluresqui
2873 2545 3633 2601 sedirexeruntsecu’ndum
3648 2559 3773 2601 caro

2123 2633 2279 2689 nalia
2307 2638 2692 2700 sacramenta,
2721 2634 3047 2689 secundum
3069 2632 3323 2688 litteram
3357 2632 3774 2707 intelligentiae.

2124 2739 2238 2777 non
2253 2722 2579 2776 secundum
2593 2721 2866 2793 spiritum
2887 2726 3120 2778 :contra
3133 2721 3280 2777 tales
3304 2722 3564 2794 loquitor
3576 2724 3774 2794 Asaph

2123 2810 2179 2865 in
2196 2809 2304 2864 hoc
2320 2809 2566 2881 psalmo,
2581 2811 2946 2867 constituens
2959 2810 3136 2882 pedes
3149 2827 3288 2866 suos
3311 2812 3371 2866 in
3391 2811 3546 2867 viam
3563 2812 3776 2868 salutis

2122 2897 2390 2969 dirigere,
2427 2897 2725 2954 humiliter
2769 2899 3046 2955 videlicet
3091 2899 3441 2966 conﬁtendo,
3474 2905 3534 2956 et
3572 2903 3661 2957 sic
3707 2917 3773 2957 se

2122 2988 2341 3042 bonum
2367 2987 2525 3058 pacis
2548 2986 2885 3043 faciendoin
2919 2988 3135 3061 quibus
3152 2987 3376 3044 habitat
3393 2989 3564 3045 Deus.
3590 2990 3771 3048 Diciit

2122 3079 2317 3131 autem
2351 3075 2434 3132 sic
2472 3095 2484 3132 :

2193 3167 2360 3221 Notus
2400 3165 2682 3222 inJudaea
2727 3169 2888 3234 Deus,
2929 3168 2991 3221 in
3036 3167 3214 3222 Israel
3256 3181 3508 3236 mgnum
3551 3181 3761 3222 nomen

363 3260 470 3312 est.
506 3255 607 3312 Vel
659 3256 828 3312 aliter
863 3272 874 3310 :
910 3261 1074 3312 Hunc
1124 3257 1387 3312 hamiliat
1415 3259 1463 3312 et
1510 3257 1654 3312 hunc
1679 3259 1908 3314 multat.
1944 3260 2014 3314 Et
2044 3239 2087 3306 (ἶ
2125 3256 2260 3325 ejus.
2288 3254 2488 3312 Solent
2509 3255 2797 3327 gloriari-.1
2808 3256 2954 3310 ιιόωί
2979 3272 3115 3311 eum
3150 3254 3442 3311 audierint
3457 3255 3605 3310 hunc
3627 3271 3758 3312 ver-

365 3345 660 3417 quomodo
688 3345 842 3400 hoc?
872 3345 983 3414 Qui
1011 3346 1071 3399 in
1116 3361 1287 3400 manu
1322 3347 1554 3400 Domini
1581 3352 1672 3401 est
1719 3347 1892 3413 calix,
1923 3347 2014 3402 lex

367 3450 494 3506 quae
529 3433 712 3489 reiicit
735 3439 792 3489 et
825 3438 985 3506 potat
1013 3450 1026 3487 :
1057 3435 1215 3489 calix
1245 3433 1374 3490 dico
1391 3435 1588 3507 plenus
1601 3438 1754 3492 meri
1780 3437 1919 3505 vini,
1952 3437 2009 3491 id

365 3527 476 3590 est,
509 3539 804 3578 mererum
837 3527 1253 3594 praeceptorum
1279 3541 1292 3590 ;
1323 3525 1516 3595 plenus
1543 3525 1918 3592 etiam‘misto,
1949 3526 2009 3580 id

365 3617 472 3679 est,
502 3611 841 3668 carnatibus
874 3612 1331 3676 sacraments,in
1363 3613 1762 3685 quibusquasi
1783 3614 1841 3669 in
1877 3616 2010 3672 fiece

361 3699 503 3757 latet
523 3700 748 3756 Novum
771 3701 1232 3756 Testamentum.
1251 3701 1317 3756 Et
1336 3702 1632 3756 inclinavit
1645 3703 1838 3772 ipsum
1867 3704 2007 3760 cali--

360 3805 485 3846 cem
517 3805 587 3845 ea:
616 3789 714 3844 hoc
743 3792 800 3844 in
833 3789 950 3855 hoc,
985 3789 1040 3843 id
1073 3794 1182 3857 est,
1217 3806 1284 3844 ex
1316 3789 1520 3844 notitia
1547 3790 1774 3845 Judaici
1809 3792 2008 3863 populi

361 3879 419 3934 in
452 3879 717 3934 notitiam
750 3878 1012 3950 gentium
1050 3896 1062 3934 :
1096 3878 1196 3934 sed
1246 3883 1443 3933 tamen
1475 3879 1594 3948 faex
1620 3889 1728 3934 non
1778 3885 1861 3935 est
1889 3883 2008 3936 esci-

356 3969 593 4029 mam’ta,
624 3967 678 4020 id
721 3972 832 4032 est,
865 3984 978 4022 non
1011 3973 1098 4023 est
1143 3968 1278 4022 inde
1331 3967 1536 4032 effusa,
1569 3967 1668 4023 sed
1702 3969 1919 4024 resedit
1947 3969 2005 4024 in

358 4053 785 4125 fundum,quia
816 4055 1066 4110 carnalia
1091 4061 1460 4112 sacramenta
1475 4057 1630 4129 apud
1659 4057 1895 4114 Judzeos
1917 4075 2004 4114 re-

356 4148 721 4197 manserunt.
754 4143 949 4197 Bibent
995 4160 1179 4200 omnes
1224 4151 1530 4217 peccatores
1577 4156 1758 4213 terrae,
1789 4165 1856 4203 ex
1897 4148 2006 4204 hoc

351 4229 620 4286 videlicet
650 4231 845 4299 calice,
869 4231 1109 4303 quidam
1134 4249 1360 4288 merum
1385 4235 1606 4301 vinum,
1637 4237 1876 4307 quidam
1902 4239 2002 4292 fte-

351 4337 500 4378 cem.
524 4320 710 4376 Judaei
737 4319 893 4376 enim
917 4321 1016 4392 qui
1042 4321 1096 4375 in
1124 4321 1460 4400 carnalibus
1483 4326 1866 4382 sacramentis
1881 4343 2005 4398 per-

351 4415 716 4474 manserunt,
751 4411 943 4464 faecem
996 4409 1226 4465 bibunt.
1258 4411 1366 4480 Ego
1413 4417 1607 4468 autem
1658 4416 2002 4470 annuntiabo

347 4499 551 4554 vinum
584 4515 811 4554 merum
865 4498 1207 4564 bibendum,
1239 4504 1297 4554 et
1327 4499 1434 4554 hoc
1483 4503 1545 4554 in
1573 4502 1846 4559 swculum
1872 4524 1891 4570 ,-
1915 4505 1999 4559 sic

2124 3359 2279 3408 sum,
2303 3345 2472 3416 quasi
2497 3345 2567 3400 de
2581 3344 2710 3400 solo
2738 3344 3026 3414 Propheta
3043 3344 3282 3409 diceret,
3302 3349 3474 3400 hctus
3490 3347 3546 3400 in
3569 3345 3772 3401 Iudae

2125 3433 2280 3489 Deus.
2318 3433 2389 3490 Ut
2432 3438 2628 3490 autem
2651 3451 2777 3489 non
2807 3433 2879 3490 de
2919 3433 3072 3490 solis
3123 3434 3341 3489 Iudaeis
3391 3434 3500 3489 hoc
3521 3434 3776 3507 accipia-

2123 3537 2276 3589 mus,
2302 3523 2705 3578 ad'haareamus
2728 3521 3188 3593 interpretationi
3216 3522 3666 3586 nominis,utsic
3688 3523 3774 3580 in-

2121 3609 2456 3681 telligamus
2485 3611 2556 3666 de
2596 3610 2812 3682 quibus
2839 3616 2979 3682 agat
3015 3610 3314 3682 .psalmus.
3343 3612 3773 3683 Interpretatur

2117 3700 2320 3754 Ju'deea
2347 3701 2607 3770 confessio
2626 3700 2927 3755 :‘eonfiteri
2952 3704 3152 3756 autem
3175 3717 3291 3756 non
3324 3699 3467 3756 solis
3497 3702 3775 3758 convenit

2117 3785 2356 3855 Judaais,
2388 3788 2486 3843 sed
2519 3788 2694 3842 etiam
2743 3788 3016 3860 gentibus
3051 3788 3146 3844 Dei
3180 3807 3194 3844 :
3226 3790 3444 3860 quibus
3491 3791 3774 3846 omnibus

2119 3875 2262 3931 dicit
2307 3876 2597 3948 Propheta
2629 3894 2641 3932 :
2675 3879 2844 3934 Notus
2889 3881 2952 3933 in
2979 3878 3174 3936 Judza
3227 3877 3382 3944 Deus,
3413 3881 3464 3934 et
3503 3895 3775 3949 maguum

2116 3982 2314 4022 nomen
2332 3968 2454 4038 ejus
2477 3985 2494 4030 ;
2513 3983 2628 4022 non
2650 3974 2858 4022 numen
2882 3967 3346 4040 ignominiosum
3375 3985 3387 4022 :
3409 3968 3596 4024 homo
3613 3970 3778 4025 vide-

2115 4055 2269 4125 licet,
2302 4057 2458 4127 quod
2492 4057 2565 4111 ab
2596 4056 2776 4112 humo
2807 4056 3058 4113 dicitur:
3091 4058 3193 4112 sed
3229 4056 3591 4113 hoe‘nomen
3624 4059 3774 4130 quod

2114 4148 2203 4200 est
2227 4146 2387 4210 Deus,
2413 4150 2616 4200 notum
2653 4147 2711 4200 in
2748 4147 2937 4209 Israel,
2961 4144 3018 4201 id
3051 4150 3160 4210 est,
3192 4145 3769 4204 videntibu'sDeum.

2114 4233 2230 4304 Ipsi
2264 4233 2418 4288 enim
2454 4233 2791 4305 intelligunt
2819 4251 3006 4306 super
3035 4251 3285 4307 egenum
3316 4240 3375 4291 et
3421 4249 3770 4309 pauperem.

2113 4323 2258 4378 Nota
2283 4323 2436 4394 quod
2469 4322 2631 4389 dicit,
2656 4326 2828 4379 Notus
2849 4325 2913 4379 in.
2938 4325 3131 4380 .ludza
3151 4326 3316 4379 Deus.
3335 4324 3462 4379 Non
3483 4327 3666 4383 enim
3683 4327 3774 4382 hic

2112 4411 2344 4482 accipit,
2375 4413 2474 4482 qui
2507 4412 2567 4466 in
2598 4411 2911 4468 manifesto
2934 4411 3305 4479 Judazus'est,
3329 4413 3562 4485 sedxqui
3591 4414 3656 4470 in
3679 4431 3772 4470 oc-

2111 4499 2266 4555 culto
2299 4518 2312 4556 :
2347 4517 2461 4555 non
2494 4501 2594 4572 qui
2629 4500 3070 4556 circumciditur
3102 4503 3156 4556 in
3190 4501 3646 4574 preputio,-sed
3678 4504 3773 4576 qui

347 4589 596 4643 cantabo
618 4588 732 4644 Deo
751 4589 954 4654 Jacob,
978 4595 1033 4642 et
1062 4590 1246 4643 omnia
1275 4605 1483 4644 cornua
1502 4601 1841 4661 peccatorum
1871 4608 2000 4648 con-
2035 4609 2078 4674 θ
2110 4590 2496 4645 circumcisus
2525 4595 2615 4644 est
2646 4590 2704 4644 in
2728 4592 2901 4646 corde
2927 4609 2940 4657 ;
2976 4592 3129 4662 quod
3162 4592 3304 4647 dicit
3337 4608 3349 4647 ί
3383 4591 3561 4647 Notus
3593 4596 3658 4650 in
3683 4597 3776 4650 Ju-

345 4676 592 4746 fringam
615 4695 633 4730 :
664 4677 977 4732 elationem
1002 4676 1269 4732 videlicet
1297 4679 1368 4734 de
1379 4679 1614 4748 justitia
1645 4697 1753 4735 sua
1782 4697 1997 4753 prmsu-
2106 4679 2224 4734 (lava
2254 4676 2422 4748 Deus,
2445 4679 2505 4733 in
2536 4680 2707 4735 Israel
2751 4696 3016 4750 maguum
3066 4696 3269 4738 nomen
3297 4683 3434 4736 eius.
3463 4681 3538 4736 ει
3557 4683 3662 4738 ‘sic
3688 4686 3772 4755 fu-

344 4765 651 4818 mantium.
680 4767 743 4819 Et
772 4766 1400 4822 exaltabantureornua
1417 4770 1580 4837 justi.
1597 4768 1824 4823 Cornua
1842 4770 1992 4840 justi
2101 4777 2221 4824 ctus
2241 4777 2322 4823 est
2367 4769 2426 4822 in
2442 4784 2580 4839 pace
2621 4769 2769 4824 locus
2788 4771 2924 4840 ejus,
2948 4768 3218 4825 videlicet
3248 4769 3347 4825 Dei
3382 4787 3395 4824 :
3431 4771 3774 4842 inipacey‘id

341 4857 481 4910 sunt
513 4853 716 4924 pietas,
746 4853 1070 4919 humilitas,
1095 4860 1430 4928 cesteraaque
1455 4855 1736 4924 virtutes;
1771 4875 1992 4915 cornua
2101 4862 2208 4923 est,
2242 4859 2298 4912 in
2350 4856 2466 4913 illis
2516 4858 2618 4929 qui
2669 4874 2870 4929 pacem
2918 4858 2977 4912 in
3026 4875 3089 4914 se
3133 4860 3422 4923 fecerunt,
3477 4859 3776 4918 bebonﬂs

339 4948 713 5013 peccatorum
745 4947 886 4998 sunt
913 4942 1084 4998 elatio
1115 4949 1170 4999 et
1203 4945 1501 5016 superbia,
1526 4961 1655 5017 quis
1689 4947 1923 5003 tandem
1958 4965 1991 5003 a
2100 4947 2471 5003 concordiam
2499 4963 2634 5002 cum
2656 4948 2932 5002 moribus
2953 4949 3203 5014 rsanctie,
3232 4954 3290 5004 et
3322 4947 3593 5021 litigium
3637 4963 3770 5006 om

335 5032 582 5087 Domino
615 5032 1076 5104 contriagentur.
1110 5033 1559 5105 Confringamus
1601 5051 1738 5106 ergo
1769 5052 1989 5092 cornua
2097 5036 2274 5092 vitiis.
2309 5036 2452 5090 Nam
2489 5053 2600 5091 non
2645 5041 2841 5107 potest
2869 5052 3000 5094 esse
3051 5037 3314 5109 quandiu
3347 5036 3527 5093 homo
3563 5039 3628 5095 in
3659 5038 3772 5096 huc

333 5125 554 5186 nostra,
590 5137 658 5176 ne
707 5139 742 5177 a
772 5120 1020 5176 Domino
1070 5121 1533 5193 cont‘ringantur.
1567 5123 1622 5179 Si
1677 5140 1793 5179 non
1841 5124 1989 5181 dixit
2096 5126 2472 5182 tabernaculo
2517 5125 2870 5199 inge‘miscit,
2897 5130 2960 5180 ut
3000 5127 3186 5183 fomes
3221 5125 3441 5199 peccati
3465 5141 3621 5182 eum
3656 5139 3770 5183 non

335 5208 488 5265 Deus
523 5223 538 5265 :
568 5211 748 5266 Nolite
777 5211 965 5282 inique
985 5226 1168 5282 agere,
1183 5227 1459 5282 paremus
1480 5211 1789 5268 elationem
1813 5219 1871 5269 et
1891 5215 1986 5269 de-
2095 5215 2380 5287 inquietet
2412 5231 2424 5270 :
2459 5215 2560 5270 sed
2591 5215 2643 5270 ei
2687 5217 3019 5271 consentire
3050 5232 3163 5271 non
3198 5215 3526 5282 debetysed
3549 5217 3616 5273 li
3639 5229 3772 5273 sla--

335 5297 659 5354 fensionem
697 5317 709 5354 :
743 5298 791 5354 si
823 5304 1022 5354 autem
1051 5299 1216 5366 dixit,
1252 5316 1723 5372 praeoccupemus
1755 5305 1982 5360 confes-
2095 5304 2324 5372 rexerit,
2357 5303 2529 5359 talem
2565 5304 2738 5359 faciat
2758 5303 2902 5359 utin
2935 5321 3002 5360 eo
3026 5321 3140 5360 non
3159 5304 3427 5360 inveniat
3451 5320 3632 5362 unum
3653 5306 3769 5361 ini-

333 5385 561 5442 sionem
597 5404 624 5442 :.
644 5387 783 5459 quia
813 5391 953 5442 tunc
983 5387 1270 5444 confessio
1301 5389 1412 5444 erit
1440 5406 1586 5457 sera,
1619 5397 1675 5448 et
1719 5390 1982 5448 defensio
2094 5393 2356 5466 quitatis,
2385 5393 2601 5465 quibus
2623 5393 2895 5449 extendat
2915 5411 3155 5450 manum
3181 5395 3249 5449 ad
3272 5395 3611 5466 proximum
3640 5392 3766 5452 wet

333 5473 518 5530 nulla.
2092 5483 2143 5538 si
2171 5482 2660 5538 surrexerintalii
2683 5488 2888 5539 zmotue
2937 5483 3151 5562 illiciti,
3185 5498 3299 5540 non
3329 5484 3643 5541 inveniant
3663 5486 3760 5555 δυο

2093 5575 2423 5627 strumenta
2452 5570 2805 5644 iniquitatis.
2825 5571 2994 5629 Unde
3028 5573 3283 5630 Paulus:
3319 5573 3419 5628 Est
3443 5578 3754 5646 pensatum

2089 5662 2149 5716 in
2183 5659 2411 5717 mortali
2435 5664 2634 5717 nostro
2657 5677 2916 5734 corpore,
2942 5663 3043 5720 sed
3073 5675 3190 5719 non
3223 5665 3424 5734 regnet
3442 5663 3629 5733 (Rom.
3652 5661 3758 5729 νς),
