4014 6194
262 321 470 409 ω’

1384 333 1992 407 ENARRATIONES
2033 331 2113 399 ΙΝ
2164 335 2547 400 PSALMOS.

3560 335 3676 406 842

266 480 583 538 clamorem
615 494 810 536 meum
841 477 1026 536 ethoc
1056 478 1362 550 ideo,quia
1392 497 1497 551 ego
1529 482 1587 534 in
1619 479 1705 534 die
1734 479 1910 532 tribu-
1941 474 1996 540 Α
2026 490 2147 528 sum
2180 476 2236 529 in
2286 473 2668 531 instructions
2721 473 2970 532 aliorum
2997 494 3012 540 ς
3046 471 3148 530 sed
3193 471 3394 547 defecit
3444 480 3678 548 spiritus

265 566 497 625 lationis
524 585 679 634 meae,
703 569 759 624 id
793 569 978 635 est,in
1013 568 1120 624 hac
1153 571 1423 640 praesenti
1457 569 1592 634 vita,
1629 585 1755 640 quae
1781 564 1926 621 dici-

269 665 370 716 tur
398 657 661 723 tentatio,
687 663 744 713 et
774 659 903 714 ideo
927 658 1228 713 tribulatio
1255 677 1267 725 ;
1305 658 1468 713 Unde
1501 657 1644 714 illud
1678 675 1691 712 :
1729 657 1926 712 Militia

269 753 352 805 est
399 750 510 804 vita
540 747 778 803 hominis
825 764 990 820 super
1019 757 1225 802 terram
1273 748 1398 818 (Job
1430 748 1530 818 vn)
1568 765 1580 803 :
1612 749 1781 803 Deum
1829 764 1922 802 co:-

270 838 497 913 quisivi,
530 837 586 892 id
639 842 746 904 est,
781 841 943 891 extra
994 837 1192 892 omnia
1238 837 1498 909 quaesivi,
1535 837 1675 908 quia
1727 836 1926 891 omnia

266 927 382 984 alia
413 943 672 999 quaerere
695 926 1020 997 contempsi
1048 943 1060 980 :
1087 929 1142 981 et
1169 925 1275 981 hoc
1295 928 1551 980 manibus
1568 928 1725 995 meis,
1757 926 1813 980 id
1837 930 1924 980 est

267 1017 545 1090 operibus
577 1015 744 1078 meis,
767 1016 1060 1086 operando
1092 1015 1360 1070 videlicet
1389 1016 1541 1086 quod
1568 1017 1786 1070 bonum
1810 1019 1919 1070 est.

269 1106 419 1164 Nota
432 1106 569 1177 quia
584 1104 915 1173 multi,cum
939 1104 1059 1160 sint
1079 1104 1136 1158 in
1162 1103 1924 1174 tribulationibus,clamant

252 1194 343 1250 vad
368 1193 680 1250 Dominum
697 1209 810 1247 non
838 1197 1071 1264 propter
1096 1192 1425 1262 Dominum,
1455 1193 1552 1247 sed
1582 1198 1645 1247 ut
1672 1209 1772 1262 per
1787 1209 1920 1247 eum

272 1283 501 1357 possint
516 1280 925 1337 tribulationes
937 1281 1178 1336 evadere
1202 1281 1386 1336 :velut
1409 1298 1540 1337 cum
1574 1281 1708 1352 quis
1735 1281 1921 1336 incar-

274 1375 526 1436 ceratur,
559 1369 775 1425 clamat
825 1371 895 1424 ad
931 1369 1271 1433 Dominum,
1303 1375 1367 1424 ut
1399 1387 1504 1442 per
1556 1387 1689 1424 eum
1740 1372 1923 1442 possit

275 1461 430 1517 exire
463 1475 755 1515 carcerem
784 1477 796 1524 ;
830 1460 876 1514 si
909 1460 1118 1514 famem
1155 1459 1397 1531 patitur,
1433 1465 1496 1513 ut
1528 1458 1740 1514 habeat
1769 1459 1923 1514 unde

276 1549 609 1615 reﬁcietur;
646 1550 694 1602 si
725 1547 898 1603 etiam
933 1547 1140 1604 febrim
1178 1548 1416 1620 patitur,
1437 1547 1654 1602 clamat
1687 1549 1756 1602 ad
1789 1565 1921 1604 eum

279 1643 342 1695 ut
370 1641 611 1694 sanetur
643 1654 656 1690 :
691 1637 798 1690 iste
843 1643 1036 1691 autem
1070 1635 1406 1691 transiliens
1439 1635 1537 1707 qui
1586 1636 1680 1691 hic
1711 1636 1923 1692 clamat

278 1744 392 1783 non
425 1727 633 1798 quarit
687 1725 1093 1781 tribulationes
1123 1725 1388 1792 evadere,
1422 1725 1533 1780 nisi
1570 1731 1632 1780 ut
1681 1743 1924 1781 securus

2034 580 2205 632 meus,
2237 563 2294 618 id
2325 571 2433 629 est,
2475 564 2660 619 virtus
2693 580 2841 630 mea,
2875 564 3077 621 videns
3122 566 3230 622 hoc
3262 565 3400 637 quia
3452 583 3553 638 per
3583 583 3674 622 me

2036 669 2148 708 non
2173 651 2340 730 potui
2367 652 2621 708 invenire
2643 653 2864 726 aliquid
2880 656 3033 727 quod
3061 656 3303 729 dignum
3322 660 3444 711 erat
3463 655 3674 713 dicere.

2034 743 2103 798 Et
2123 742 2276 796 unde
2295 741 2490 812 de/eeit
2516 745 2746 814 spiritus
2769 749 2794 798 .9
2822 746 2966 810 Quia
2988 750 3432 819 anticipaverunt
3459 748 3681 817 vigilias

2033 832 2182 887 oculi
2208 833 2335 898 mei,
2368 831 2424 885 id
2458 836 2564 901 est,
2599 834 3012 905 comparabilis
3070 837 3258 893 factus
3289 854 3421 894 sum
3453 839 3676 896 homini

2034 937 2149 992 prae
2183 920 2312 975 aliis
2335 920 2562 992 vigilias
2594 922 2863 993 capienti,
2884 929 2939 978 et
2971 942 3073 995 pro
3097 943 3311 999 magna
3335 928 3680 986 assiduitate

2031 1008 2362 1081 vigiliarum
2382 1009 2730 1082 caliginosos
2747 1012 2948 1068 oculos
2966 1014 3224 1083 habenti;
3246 1018 3385 1088 quia
3400 1018 3550 1073 oculi
3569 1021 3680 1076 mei

2033 1098 2340 1153 interiores
2369 1099 2664 1154 obscurati
2695 1105 2869 1156 sunt:
2895 1107 2951 1157 et
2979 1103 3114 1158 inde
3142 1107 3394 1161 turba/us
3422 1125 3564 1174 sum,
3588 1109 3675 1164 iu-

2032 1187 2422 1243 sufﬁcientem
2447 1205 2538 1243 me
2560 1187 2827 1244 videlicet
2849 1191 3168 1260 inveniens,
3185 1200 3240 1249 et
3261 1212 3370 1249 non
3389 1213 3511 1252 sum
3537 1198 3685 1254 locu-

2031 1284 2136 1342 tus,
2173 1277 2270 1347 qui
2305 1277 2474 1331 timui
2508 1277 2726 1350 aliquid
2761 1279 2950 1333 dicere
2985 1281 3136 1336 unde
3182 1283 3590 1358 calumniarer,
3621 1295 3685 1344 et

2032 1366 2164 1420 inde
2198 1364 2654 1421 calumniatores
2702 1367 2982 1422 haberent
3014 1370 3317 1426 materiam
3363 1377 3638 1443 peccandi
3667 1396 3680 1442 ;

2031 1458 2087 1508 et
2117 1454 2246 1509 ideo
2275 1455 2465 1509 tutius
2496 1455 2638 1509 mihi
2661 1455 2967 1510 videbatur
2997 1457 3298 1514 silentium
3335 1460 3547 1518 habere
3583 1482 3594 1518 :
3629 1473 3687 1520 et

2033 1543 2092 1597 in
2124 1544 2252 1614 ipso
2296 1543 2528 1598 silentio
2571 1546 2804 1612 cogitavi
2832 1545 2950 1599 dies
2995 1549 3272 1619 antiquos,
3306 1549 3363 1604 id
3397 1557 3506 1618 est,
3541 1554 3687 1611 mihi

2033 1631 2312 1704 prOposui
2357 1632 2481 1688 dies
2515 1634 2893 1703 antiquorum
2928 1639 3262 1706 parentum,
3294 1640 3364 1694 ad
3415 1657 3562 1711 quos
3589 1661 3691 1715 per

2032 1719 2491 1777 inobedientiam
2517 1723 2902 1778 devenerunt:
2919 1732 2970 1779 et
2989 1741 3162 1781 annos
3179 1735 3408 1785 aeternos
3430 1733 3488 1785 in
3510 1738 3692 1789 mente

277 1817 466 1890 possit
494 1816 612 1871 Deo
633 1815 946 1870 adhaerere.
979 1814 1410 1872 Tribnlationes
1436 1820 1630 1870 autem
1666 1814 1923 1870 fidelium
1961 1845 2008 1910 Β
2037 1812 2225 1879 habui,
2259 1811 2458 1910 idest,
2493 1811 2617 1866 dies
2669 1811 3009 1910 reternitatis
3055 1816 3123 1869 ad
3180 1833 3328 1888 quos
3360 1824 3690 1891 perventuri

279 1909 418 1962 sunt
433 1903 760 1960 mortalitas
782 1910 840 1960 et
863 1903 1286 1976 passibilitas,a
1299 1904 1516 1975 quibus
1532 1921 1598 1959 cu
1611 1921 1664 1958 m
1685 1903 1933 1960 liberan-

279 1999 397 2060 tur,
419 2010 622 2049 secure
651 1999 760 2048 Deo
791 1992 1109 2058 adhaerent,
1133 1991 1267 2063 quia
1294 2009 1427 2047 eum
1457 1993 1599 2048 facie
1629 1994 1698 2047 ad
1727 1993 1932 2048 faciem

281 2083 519 2151 vident;
557 2082 710 2154 quod
745 2080 837 2135 hic
869 2086 1079 2152 optans
1105 2080 1246 2135 dicit
1276 2096 1289 2134 :
1325 2083 1382 2135 In
1415 2082 1502 2136 die
1532 2082 1931 2150 tribulationis,

283 2172 374 2227 die
401 2172 529 2226 dico
559 2171 954 2230 tribulationis.
987 2169 1267 2224 existente
1299 2174 1451 2224 nocte
1492 2175 1542 2225 et
1572 2175 1762 2226 contra
1789 2188 1932 2239 eum,

286 2259 344 2314 id
376 2264 694 2326 est,coram
723 2263 887 2321 eo,et
915 2274 1026 2313 non
1059 2258 1130 2312 ad
1162 2258 1428 2313 effectum
1456 2259 1757 2314 hominum
1789 2261 1937 2315 bene

283 2354 564 2419 operatus
617 2364 771 2402 sum.
810 2347 970 2402 Unde
1023 2345 1164 2400 illud
1200 2365 1212 2402 :
1245 2347 1518 2403 Attendile
1563 2365 1632 2403 ne
1654 2350 1934 2417 justitiam

282 2439 522 2491 vestram
542 2438 761 2505 faciatis
777 2452 962 2490 coram
983 2435 1314 2500 hominibus,
1337 2441 1398 2491 ut
1422 2436 1724 2492 videamini
1742 2439 1810 2492 ab
1833 2441 1934 2492 eis.

283 2527 420 2580 Cum
451 2526 591 2594 facis
621 2525 1053 2596 eleemosynam,
1075 2525 1192 2579 noli
1221 2525 1352 2580 tuba
1380 2541 1575 2581 canere
1604 2531 1732 2581 ante
1759 2528 1936 2594 te,sed

285 2616 372 2669 fac
403 2616 463 2668 in
483 2613 793 2668 abscondito
813 2630 834 2672 ;
865 2621 916 2667 et
945 2617 1112 2668 Pater
1130 2621 1254 2667 tuus
1284 2616 1382 2685 qui
1403 2614 1547 2669 videt
1575 2617 1631 2669 in
1657 2615 1933 2681 abconso,

285 2703 472 2760 reddet
485 2702 588 2757 tibi
609 2702 825 2768 (Matth.
849 2705 944 2768 v1).
965 2701 1130 2766 Nota,
1155 2701 1292 2772 quia
1314 2702 1430 2756 vita
1451 2702 1710 2757 fidelium
1732 2708 1786 2757 et
1811 2703 1935 2759 dies

285 2799 343 2850 et
365 2809 474 2848 nox
493 2795 680 2863 potest
695 2788 808 2844 dici
832 2805 844 2844 :
866 2789 1014 2857 dies,
1038 2794 1320 2861 quantum
1337 2791 1408 2844 ad
1433 2791 1609 2846 vitam
1637 2790 1896 2846 fidelium
1919 2810 1932 2859 ;

287 2881 450 2938 Unde
473 2878 689 2935 Paulus
715 2895 726 2933 :
748 2878 1080 2950 Abjiciamus
1097 2894 1261 2950 opera
1281 2879 1653 2944 tenebrarum,
1671 2883 1720 2936 et
1741 2881 1936 2935 imi-ua-

287 2987 586 3026 murarma
611 2970 751 3024 lucis
770 2984 790 3030 ;
811 2970 954 3022 sicut
979 2970 1039 3022 in
1049 2967 1142 3023 die
1163 2967 1388 3023 honeste
1404 2969 1745 3025 ambulemus
1759 2971 1932 3040 (Hom.

285 3058 563 3128 xm).Nox
576 3057 1100 3127 dicitur,quantum
1115 3056 1188 3110 ad
1204 3056 1613 3127 perfectionem
1627 3057 1933 3127 claritatis,

288 3166 418 3221 quas
439 3152 529 3204 est
549 3147 606 3201 in
631 3144 892 3218 angelica
911 3145 1029 3199 vita
1055 3146 1210 3216 quod
1235 3145 1317 3200 sic
1333 3147 1675 3216 comprobat
1696 3147 1930 3202 Petrus:

2042 1905 2241 1955 essent
2265 1899 2434 1972 primi
2465 1905 2753 1972 parentes,
2769 1901 2818 1956 si
2844 1901 2902 1957 in
2925 1903 3255 1961 obedientia
3275 1909 3688 1978 perstitissent,

2043 2005 2275 2060 semper
2305 1991 2363 2044 in
2382 1998 2560 2045 mente
2592 1990 2947 2062 habui:quia
2977 2009 3042 2047 ex
3063 2010 3264 2050 eorum
3298 1996 3694 2056 inobedientia

2044 2077 2274 2149 percepi
2307 2078 2586 2134 defecisse
2617 2079 2890 2150 spiritum
2937 2097 3155 2146 meum,
3191 2089 3248 2138 et
3278 2083 3409 2140 illos
3446 2092 3694 2144 aeternos

2045 2166 2336 2221 meditatus
2365 2185 2487 2222 sum
2515 2174 2688 2235 nocte,
2723 2169 2777 2222 id
2833 2174 2940 2236 est,
2974 2171 3300 2244 interrupta
3326 2175 3522 2244 quiete
3558 2194 3570 2230 :
3603 2176 3693 2232 vel

2044 2259 2216 2321 nocte,
2249 2255 2304 2310 id
2341 2261 2448 2326 est,
2483 2256 2542 2310 in
2576 2255 2706 2328 ipsa
2735 2257 3130 2330 tribulatione,
3163 2265 3222 2315 et
3250 2261 3358 2317 hoc
3387 2279 3512 2319 cum
3539 2267 3697 2324 corde

2044 2361 2184 2400 meo.
2218 2344 2274 2398 id
2309 2350 2416 2412 est,
2454 2349 2574 2400 tota
2601 2345 2942 2416 intentione,
2976 2354 3032 2402 et
3069 2348 3177 2404 hoc
3212 2367 3322 2406 non
3359 2353 3429 2408 ad
3469 2353 3694 2422 horam,

2047 2433 2147 2488 sed
2180 2434 2524 2488 exercitabar
2545 2434 2602 2487 in
2623 2435 2969 2490 assiduitate
2987 2436 3166 2505 hujus
3199 2441 3616 2515 meditationis,
3642 2449 3698 2500 et

2044 2525 2329 2593 scapebam
2382 2523 2643 2592 spiritum
2693 2539 2896 2588 meum,
2934 2524 2987 2577 id
3040 2531 3149 2595 est,
3183 2528 3697 2587 rationabilitatem

2049 2626 2241 2664 meam
2277 2611 2389 2665 fodi
2425 2617 2479 2664 et
2511 2610 2787 2683 resculpi,
2821 2616 3152 2670 evacuando
3182 2632 3309 2672 eam
3365 2636 3396 2673 a
3429 2621 3695 2690 terrenis,

2045 2704 2109 2752 ut
2132 2698 2216 2753 sic
2239 2699 2559 2754 invenirem
2587 2705 2741 2771 quod
2765 2699 3117 2772 investigare
3142 2703 3377 2778 incepit,
3399 2708 3486 2764 vel
3517 2726 3696 2781 scope-

2048 2787 2192 2851 bam,
2226 2788 2282 2842 id
2332 2794 2421 2844 est
2450 2787 2784 2861 planabam,
2816 2792 3085 2862 spiritum
3129 2810 3309 2849 meum
3341 2813 3375 2851 a
3402 2798 3648 2853 terrenis
3684 2815 3697 2854 :

2044 2876 2132 2931 vel
2163 2879 2444 2949 scopebam
2488 2878 2752 2949 spiritum
2801 2897 3003 2944 meum,
3036 2881 3237 2938 dicens
3271 2900 3283 2937 :
3318 2886 3585 2958 Nunquid
3641 2889 3697 2942 in

2046 2971 2313 3021 mter-num
2363 2968 2616 3038 projiciet
2647 2969 2784 3023 Deus
2837 2986 3036 3026 servos
3085 2972 3274 3026 suos?
3303 2973 3427 3029 Non
3477 2973 3563 3030 vel
3616 2975 3699 3031 sic

2045 3056 2326 3125 scopebam
2358 3058 2617 3126 spiritum
2657 3074 2858 3112 meum.
2896 3063 2962 3113 Et
2995 3059 3135 3131 quid
3184 3059 3456 3118 invenisti
3484 3064 3512 3119 ?
3541 3065 3700 3121 Istud

2046 3142 2334 3210 videlicet,
2359 3145 2512 3214 quod
2548 3144 2833 3200 Dominus
2862 3163 2978 3202 non
3014 3147 3299 3204 irascetur
3329 3150 3385 3204 in
3420 3156 3702 3207 aeternum

287 3213 560 3293 flabemus
593 3234 895 3290 certiorem
943 3232 1321 3304 propheticum
1349 3249 1674 3300 sermonem,
1708 3237 1799 3289 cui
1836 3252 1936 3290 vos
1966 3213 2011 3276 Ο
2049 3229 2233 3284 servis
2262 3231 2409 3285 suis.
2436 3231 2714 3302 Nunquid
2740 3235 3055 3289 removebit
3088 3253 3308 3302 servos,
3337 3243 3394 3292 et
3424 3239 3705 3296 dissolvet

288 3326 607 3395 benefacitis
663 3323 1004 3378 insistentes
1062 3323 1224 3392 quasi
1280 3323 1516 3375 lucernzr
1574 3324 1630 3375 in
1690 3325 1938 3378 obscuro

286 3417 423 3487 loco,
489 3414 660 3470 donec
741 3412 858 3467 dies
920 3411 1198 3474 elucescat,
1267 3414 1319 3464 et
1405 3426 1576 3464 verus
1641 3411 1725 3465 sol
1793 3414 1939 3467 oria-

287 3509 383 3561 tur
423 3507 484 3559 in
527 3503 780 3558 cordibus
812 3502 999 3556 vestris
1047 3500 1118 3571 (II
1148 3504 1297 3554 Petr.
1335 3499 1371 3568 ι)
1429 3517 1440 3554 :
1495 3500 1650 3570 quod
1703 3500 1940 3566 dicitur,

289 3595 350 3650 In
381 3593 473 3649 die
521 3592 900 3647 tribulationis
948 3604 1083 3644 mese
1113 3593 1290 3644 Deum
1334 3589 1637 3658 exquisiti,
1687 3590 1943 3645 manibus

287 3685 428 3739 meis
447 3686 607 3738 nocte
625 3688 813 3736 contra
831 3694 957 3734 eum
975 3695 996 3740 ;
1019 3687 1070 3733 et
1087 3693 1196 3732 non
1219 3693 1341 3732 sum
1363 3677 1615 3748 deceptus
1633 3680 1943 3749 quaerendo

294 3778 502 3839 Deum,
525 3771 698 3842 juxta
735 3768 887 3840 quod
939 3768 1063 3838 ipse
1094 3766 1219 3820 ait:
1268 3766 1501 3833 Quwrite
1548 3770 1602 3821 et
1651 3769 1945 3823 invenietis

297 3859 723 3932 (Hatth.vu).Et
753 3857 1045 3928 quomodo
1070 3871 1182 3910 non
1217 3855 1294 3909 sit
1321 3855 1570 3927 deceptus
1596 3856 1944 3927 inquirendo

294 3950 501 4015 Deum,
534 3946 840 4018 subjungit
871 3962 883 3999 :
920 3947 1115 4002 [tenuit
1134 3945 1502 4012 consolart,id
1535 3950 1644 4013 est,
1677 3947 1944 4001 consola-

294 4039 515 4096 tionem
540 4038 772 4103 habere,
800 4051 991 4090 anima
1011 4049 1134 4090 mea
1156 4033 1214 4087 in
1237 4032 1502 4100 terrenis,
1529 4049 1629 4104 per
1650 4035 1799 4101 quod
1826 4035 1946 4090 scio

297 4146 394 4185 me
424 4145 538 4184 non
559 4143 689 4184 esse
709 4126 1018 4196 deceptum
1042 4122 1394 4194 inquirendo
1419 4122 1554 4176 Deo.
1580 4121 1679 4176 Vel
1701 4122 1785 4178 sic
1808 4139 1944 4177 con-

292 4219 594 4274 tinuatur:
620 4218 681 4271 In
710 4214 800 4270 die
815 4211 1270 4270 tribulationibus
1291 4225 1428 4267 mese
1450 4212 1613 4265 Deum
1637 4212 1944 4282 exquisivi:

292 4312 351 4363 et
380 4307 509 4362 ideo
529 4321 666 4361 eum
697 4307 927 4359 tantum
958 4299 1265 4372 exquisivi,
1285 4300 1424 4370 quia
1453 4302 1638 4354 renuit
1667 4302 1950 4356 consolari

287 4397 617 4452 animamea
643 4393 701 4447 in
725 4391 819 4447 his
845 4407 970 4462 quae
995 4394 1150 4445 retro
1174 4387 1580 4452 sunt,omnino
1602 4389 1946 4444 consolatio-

287 4501 422 4540 nem
453 4481 710 4539 hominis
733 4495 1020 4550 respuens
1057 4477 1202 4532 Nola
1223 4477 1380 4547 quod
1413 4475 1572 4541 dicit,
1605 4479 1794 4532 renuit
1816 4494 1944 4533 con-

2050 3319 2505 3388 compeditos,et
2535 3319 2592 3372 in
2611 3323 2889 3376 aeternum
2915 3323 3229 3394 praecludet
3250 3325 3335 3379 ira
3367 3326 3703 3382 misericor-

2052 3407 2208 3462 diam
2230 3407 2257 3461 ?
2292 3407 2448 3462 Unde
2470 3407 2649 3462 Isaias
2684 3426 2696 3463 :
2724 3409 2846 3465 Non
2881 3411 2937 3465 in
2965 3416 3249 3468 aeternum
3276 3431 3372 3470 ero
3403 3414 3612 3472 vindex
3645 3418 3703 3472 in

2051 3496 2235 3560 vobis,
2263 3512 2365 3550 nec
2391 3513 2493 3567 per
2517 3513 2687 3552 omne
2713 3503 2945 3570 tempus
2969 3500 3284 3557 ulciscarin
3307 3521 3406 3559 vos
3428 3521 3440 3558 :
3459 3506 3705 3578 spiritus

2052 3584 2206 3642 enim
2231 3602 2298 3640 ex
2316 3602 2407 3640 me
2433 3587 2796 3657 processit,et
2817 3605 3050 3644 omnem
3070 3595 3545 3666 statumejuscgo
3565 3595 3699 3650 feci:

2055 3679 2295 3747 propter
2324 3679 2625 3746 peccatum
2648 3680 2838 3730 autem
2865 3676 3169 3748 paululum
3194 3679 3334 3752 quid
3367 3682 3704 3737 contristavi

2057 3781 2214 3833 eum,
2239 3769 2295 3820 et
2319 3764 2578 3835 percussi
2603 3781 2762 3830 eum,
2789 3770 2848 3821 et
2868 3767 3043 3821 averti
3067 3769 3273 3824 faciem
3299 3786 3490 3826 meam
3514 3772 3584 3826 ab
3616 3787 3704 3838 eo,

2055 3861 2112 3910 et
2132 3853 2275 3910 abiit
2302 3855 2508 3921 tristis,
2534 3859 2592 3909 et
2615 3855 2937 3910 ambulavit
2957 3855 3080 3911 vias
3105 3863 3326 3926 suas,et
3347 3861 3545 3915 sanavi
3572 3876 3707 3917 eum

2056 3946 2192 4014 (Isn.
2233 3945 2404 4009 Lvul;
2433 3943 2588 4014 quod
2642 3944 2819 3998 dicit:
2849 3945 3107 4018 Nunquid
3139 3949 3197 4002 in
3227 3953 3500 4006 aeternum
3528 3954 3708 4024 proji-

2055 4035 2162 4088 ciet
2195 4036 2361 4097 Deus,
2391 4036 2441 4086 et
2470 4047 2580 4087 non
2609 4042 2843 4103 apponet
2873 4038 2931 4088 ut
2960 4038 3340 4105 complacitior
3365 4044 3486 4094 sit?
3516 4041 3570 4096 id
3601 4047 3707 4109 est,

2057 4125 2122 4175 ut
2147 4120 2333 4189 magis
2355 4119 2464 4175 sibi
2492 4121 2715 4190 placeat
2740 4121 2914 4179 homo
2936 4141 3113 4195 quam
3138 4129 3310 4184 modo
3327 4128 3581 4200 placeat:
3604 4137 3711 4186 aut

2055 4211 2114 4264 in
2147 4208 2310 4278 ﬁnem
2339 4208 2775 4265 misericordiam
2803 4228 2961 4267 suam
2991 4215 3226 4271 abscidat
3277 4233 3310 4271 a
3356 4221 3712 4285 generatione

2057 4297 2166 4352 hac
2198 4296 2464 4368 praesenti
2496 4299 2742 4354 tendens
2763 4303 2821 4354 in
2851 4305 3259 4369 generationem
3285 4305 3543 4361 futuram
3566 4306 3594 4360 ’ἲ
3614 4317 3716 4363 aut

2055 4387 2406 4442 obliviscetur
2432 4388 2685 4442 misereri
2716 4390 2853 4444 Deus
2875 4394 2902 4444 ?
2931 4395 3024 4444 aut
3071 4393 3374 4447 continebit
3402 4396 3462 4448 in
3494 4395 3580 4448 ira
3610 4411 3707 4450 sua

2053 4475 2462 4531 misericordias
2491 4492 2638 4539 suas,
2673 4478 2730 4531 id
2774 4483 2880 4544 est,
2917 4479 3232 4549 praecludet
3262 4480 3348 4535 ira
3380 4481 3708 4538 misericor-

281 4575 459 4630 solari
488 4574 677 4628 anima
709 4585 849 4624 mea.
885 4569 1014 4640 Ipse
1043 4566 1197 4622 enim
1233 4566 1480 4620 transire
1511 4565 1711 4620 volens
1742 4566 1938 4622 omnia
1972 4571 2015 4635 ι]
2047 4565 2250 4620 diam?
2278 4564 2425 4619 Non.
2447 4565 2508 4618 Et
2528 4564 2651 4619 dixi
2673 4570 2864 4636 potest
2893 4566 3042 4622 hanc
3068 4568 3532 4639 inquisitionem,
3555 4573 3712 4628 Nunc

285 4660 698 4725 consideravit,
733 4662 1032 4714 consortes
1063 4672 1202 4711 suos
1249 4655 1304 4708 in
1339 4655 1585 4710 terrenis
1618 4655 1888 4712 florentes
1923 4675 1934 4711 :

286 4755 345 4808 et
373 4751 454 4806 ibi
486 4751 712 4820 defectio
761 4749 934 4803 tenuit
973 4762 1108 4802 eum
1136 4759 1243 4816 pro
1291 4744 1660 4814 peccatoribus
1689 4745 1935 4801 derelin-

288 4839 579 4914 quentibus
627 4838 800 4906 legem
849 4833 1081 4891 Domini
1129 4833 1246 4904 (Ps.
1291 4832 1506 4902 cxvm).
1558 4831 1745 4888 Vertit
1794 4851 1857 4889 se
1889 4834 1946 4888 in

291 4929 592 4985 dexteram
615 4929 982 4998 partem,nec
1013 4921 1093 4977 ibi
1123 4921 1427 4977 videbatur
1445 4920 1496 4976 ei
1527 4925 1719 4975 tutum
1755 4920 1947 4976 lax-ire

295 5016 556 5073 habenas
585 5013 784 5088 gaudii
824 5012 918 5068 sui
954 5029 966 5067 :
1000 5009 1138 5082 quia
1169 5009 1216 5066 si
1249 5009 1328 5064 ibi
1353 5008 1608 5081 ;laxaret,
1637 5014 1696 5065 et
1725 5009 1947 5080 aliquid

296 5103 671 5162 adversitatis
731 5102 1111 5173 contingeret,
1158 5103 1320 5154 tanto
1372 5099 1561 5170 major
1609 5103 1951 5171 sequeretur

294 5193 556 5261 tristitia,
572 5197 792 5265 quanto
823 5191 1011 5261 major
1031 5189 1327 5261 praecessit
1346 5186 1565 5252 laetitia,
1593 5192 1650 5244 et
1667 5187 1796 5244 ideo
1818 5187 1949 5244 ani-

297 5301 393 5341 ma
422 5284 552 5354 ejus
603 5281 840 5338 omnino
889 5277 1128 5335 reclusit
1163 5293 1225 5332 se
1272 5294 1307 5331 a
1353 5282 1583 5332 terrena
1632 5276 1946 5346 felicitate;

294 5372 451 5444 quod
485 5371 629 5426 dicit
659 5387 673 5424 :
707 5370 892 5439 renuit
918 5367 1200 5423 consolari
1241 5367 1430 5420 anima
1458 5381 1581 5420 mea
1607 5365 1665 5420 in
1697 5366 1790 5420 his
1820 5382 1946 5437 quae

294 5467 450 5517 retro
501 5464 660 5529 sunt,
692 5457 1007 5514 extendens
1040 5470 1131 5509 me
1181 5455 1253 5509 ad
1284 5470 1352 5509 ea
1402 5470 1529 5524 qua:
1565 5455 1758 5524 priora
1808 5459 1948 5509 sunt

293 5551 462 5622 (Phil.
500 5549 624 5620 III);
658 5549 796 5620 quia
824 5561 1030 5602 memor
1047 5545 1136 5616 fui
1164 5545 1262 5600 Dei
1280 5547 1534 5608 tantum,
1565 5547 1612 5596 et
1643 5543 1947 5600 delectatus

294 5657 412 5698 sum
437 5639 494 5695 in
519 5638 627 5695 hoc
650 5637 804 5710 quod
828 5653 1053 5693 memor
1075 5635 1153 5690 fui
1189 5635 1316 5706 ejus
1342 5651 1352 5689 :
1376 5638 1432 5689 et
1453 5632 1592 5704 quia
1613 5636 1945 5691 exercitatus

2049 4657 2206 4727 ccepi,
2239 4654 2394 4726 quod
2448 4655 2740 4726 scopendo
2785 4653 3057 4726 spiritum
3109 4674 3304 4713 meum
3359 4659 3710 4735 investigare

2047 4743 2237 4814 incepi
2274 4761 2286 4798 :
2320 4747 2377 4798 et
2406 4747 2524 4799 tum
2549 4745 2800 4810 mutatio,
2820 4759 2924 4814 per
2943 4761 3117 4814 quam
3151 4762 3256 4819 ego
3288 4753 3555 4807 mutatus
3576 4768 3708 4808 sum

2058 4832 2130 4888 de
2152 4831 2484 4904 ignorantia
2502 4833 2557 4886 in
2580 4831 2882 4887 scientiam
2895 4874 2907 4896 ,
2923 4838 3013 4889 est
3027 4835 3269 4894 dexterae
3281 4837 3582 4909 Excelsi,id
3599 4843 3710 4906 est,

2057 4920 2404 4992 imputanda
2460 4919 2728 4992 potentias
2778 4921 3006 4986 divine,
3042 4928 3100 4979 et
3133 4941 3245 4979 non
3301 4942 3430 4981 meo
3483 4927 3710 4981 merito.

2058 5010 2131 5065 Ut
2161 5013 2356 5065 autem
2401 5009 2552 5064 hanc
2604 5010 2982 5066 mutationem
3016 5014 3252 5083 assequi
3304 5031 3563 5086 possem,
3592 5031 3711 5070 me-

2055 5117 2183 5154 mor
2237 5101 2324 5169 fui
2394 5114 2619 5169 operum
2673 5100 2913 5166 Domini,
2971 5101 3373 5168 dispositionis
3449 5103 3716 5160 videlicet

2059 5187 2334 5258 antiquze,
2396 5186 2781 5257 reparationis
2851 5206 3028 5260 novae,
3099 5189 3395 5246 felicitatis
3463 5197 3710 5248 internae.

2058 5278 2126 5333 Et
2139 5277 2320 5347 hujus
2340 5276 2534 5346 operis
2549 5276 2893 5331 memoriam
2909 5278 3046 5332 duxi
3065 5283 3165 5332 tua
3181 5278 3715 5352 mirabilia,legalia

2057 5366 2326 5421 videlicet
2353 5363 2643 5432 instituta,
2662 5365 2732 5419 ad
2749 5364 2858 5420 hoc
2887 5382 3016 5421 esse
3048 5367 3201 5436 data,
3223 5372 3283 5422 ut
3313 5368 3713 5440 signiﬁcarent

2057 5471 2233 5526 opera
2255 5453 2487 5508 Domini
2510 5470 2636 5523 quae
2653 5453 2852 5509 futura
2875 5461 3125 5520 erant,et
3144 5457 3226 5509 sic
3249 5456 3503 5512 intellexi
3534 5458 3711 5532 signi-

2057 5545 2227 5600 ficata
2257 5559 2360 5613 per
2403 5541 2820 5612 significantia,
2853 5548 2909 5598 et
2937 5562 3049 5600 non
3085 5550 3310 5601 tantum
3364 5551 3573 5602 me'mor
3600 5550 3708 5619 fui,

2062 5633 2163 5689 sed
2196 5631 2371 5688 etiam
2403 5629 2728 5700 meditabor,
2760 5631 2816 5686 id
2850 5637 2960 5703 est,
2984 5634 3319 5706 frequenter
3348 5636 3615 5709 cogitabo
3646 5640 3710 5697 in
