4014 6194
360 364 493 430 τΜ3

981 362 1285 431 REMIGII
1330 362 2081 433 ANTISSIODORENSIS
2113 365 2298 431 MP.
2337 364 2546 432 PARS
2578 364 2641 431 1.
2674 396 2754 415 --
2780 361 3250 433 EXEGETIGA.
3306 378 3312 382 '

3656 362 3782 429 341

369 501 622 559 omnibus
651 500 902 573 operibus
920 502 1050 570 tuis,
1066 518 1242 574 quam
1272 505 1478 574 potens
1510 502 1595 558 sis
1623 509 1680 558 et
1709 503 2017 570 mirabilis,
2049 506 2105 573 Α
2130 505 2225 558 cui
2251 502 2555 559 revelatum
2581 506 2662 560 est
2686 502 2807 574 (Isa.
2827 502 2948 574 Lm)
2972 502 3000 557 Ὺ
3022 500 3328 558 Redemisti
3344 500 3411 557 in
3437 497 3785 558 brachium

369 591 472 665 qui
503 589 764 664 operaria
795 589 937 645 velle
966 594 1022 644 et
1053 606 1156 662 pro
1187 590 1341 647 bona
1368 590 1664 648 voluntate
1694 591 1970 665 perﬁcere
2001 607 2015 647 :

371 682 513 736 etin
540 678 1037 736 adinvenlionibus
1083 678 1194 735 tuis
1221 681 1526 745 exercebar,
1558 680 1612 735 id
1648 685 1754 752 est,
1789 681 1850 736 in
1902 679 2020 736 tuis

355 770 693 842 praeceptis,
727 785 854 841 qua
910 772 972 824 tu
1023 767 1291 828 invenisti
1324 771 1393 826 ad
1449 769 1698 826 salutem
1751 770 2018 826 omnium

362 858 688 915 exercendo
719 857 1017 913 laborabo.
1055 857 1218 914 Unde
1249 858 1397 915 illud
1436 875 1447 914 :
1476 859 1769 915 Adinvcnit
1799 876 2019 916 omnem

368 949 515 1002 viam
542 944 796 1002 scientias
850 949 907 1002 et
933 946 1263 1019 disciplima,
1298 951 1351 1002 et
1396 946 1627 1003 tradidit
1672 948 1831 1003 illam
1858 947 2016 1003 Iacob

358 1052 531 1107 puero
552 1052 676 1103 suo,
703 1043 753 1091 et
774 1037 949 1091 Israel
968 1036 1162 1092 dilecto
1181 1053 1278 1092 suo
1299 1036 1557 1107 (Boruch.
1585 1037 1690 1108 In).
1721 1036 2018 1092 Meditabor

364 1126 425 1179 in
436 1125 688 1180 omnibus
700 1124 1076 1196 cperibustuis
1088 1141 1106 1180 :
1120 1131 1319 1181 etecce
1331 1141 1479 1198 Opus
1493 1130 1661 1180 tuum
1677 1124 2011 1195 mirificum,

365 1213 506 1287 quia
524 1216 638 1270 vita
665 1222 780 1282 tua,
808 1212 966 1281 Deus,
987 1214 1044 1270 in
1061 1218 1266 1280 sancto,
1296 1213 1354 1269 id
1383 1218 1472 1270 est
1500 1212 1559 1270 in
1581 1214 1828 1270 Christo.
1854 1214 2011 1271 Unde

360 1303 487 1376 ipse
522 1322 535 1359 :
567 1305 676 1373 Ego
705 1320 829 1359 sum
867 1305 956 1359 via
1002 1307 1055 1359 et
1082 1305 1284 1359 veritas
1312 1308 1365 1359 et
1410 1305 1532 1359 vita
1562 1306 1740 1374 (Joan.
1772 1305 1908 1376 x1v).
1948 1306 2013 1359 Et

362 1392 508 1449 illud
544 1409 557 1448 :
591 1394 753 1449 Nemo
783 1393 929 1448 venit
965 1392 1035 1447 ad
1059 1402 1274 1465 patrem
1302 1395 1418 1448 nisi
1443 1410 1543 1464 per
1576 1410 1663 1449 me
1692 1392 1871 1465 (Ibid).
1910 1396 2008 1450 Via

361 1475 473 1539 iste
492 1486 610 1550 est,
630 1498 747 1554 qua
774 1482 1004 1538 venitur
1029 1483 1099 1538 de
1129 1481 1406 1538 servitute
1431 1481 1490 1536 in
1522 1481 1874 1550 libertatem,
1893 1498 2011 1553 qua

342 1562 430 1626 'de
480 1570 702 1627 incesto
743 1571 808 1625 fit
857 1575 1077 1638 castus,
1109 1571 1180 1626 de
1232 1571 1619 1627 condemnato
1669 1571 1728 1625 in
1761 1586 2004 1642 regnum

348 1666 723 1732 assumptus.
758 1661 889 1729 Quis
931 1677 1066 1733 ergo
1100 1662 1236 1716 Deus
1265 1664 1355 1715 est
1404 1677 1644 1734 magnus
1698 1661 1838 1716 sicut
1868 1661 2007 1716 Deus

347 1752 540 1805 noster
556 1752 581 1802 .9
602 1748 811 1804 Nullus
835 1748 1057 1821 utique,
1080 1748 1221 1821 quia
1239 1752 1300 1803 tu
1319 1766 1373 1805 es
1393 1751 1533 1805 Deus
1560 1751 1657 1821 qui
1673 1751 1814 1822 facis
1830 1752 2005 1805 mira-

2127 591 2271 661 ﬁtios
2298 593 2461 649 Jacob
2488 599 2538 648 et
2565 592 2779 664 Ioseph.
2812 589 3100 663 Populum
3144 589 3413 647 videlicet
3440 590 3783 647 Judeorum

2114 680 2485 754 'etgentium,
2501 679 2948 753 evangelizando
2968 695 3173 753 pacem
3187 679 3282 736 bis
3298 679 3399 752 qui
3414 695 3597 752 prope
3616 683 3786 738 erant

2126 775 2186 825 et
2214 771 2317 842 qui
2349 770 2540 842 longe,
2573 785 2778 825 creans
2811 769 2959 825 duos
2990 767 3237 841 pupulas
3269 766 3330 823 in
3363 784 3481 824 uno
3511 783 3777 839 corpore.

2133 860 2406 915 Viderunt
2430 863 2487 915 te
2513 873 2695 931 aquae,
2727 860 2890 926 Deus,
2922 857 2982 913 id
3012 862 3122 927 est,
3157 855 3413 930 populus
3441 856 3783 912 Judaaorum

2120 946 2385 1021 intelligo
2415 964 2428 1004 :
2461 948 2716 1004 viderunt
2751 946 3020 1003 videlicet
3049 955 3101 1003 et
3150 949 3458 1002 timuerunt
3486 946 3786 1019 praeterita

2118 1041 2455 1109 .peccata,et
2486 1037 2684 1092 timuit
2709 1037 2925 1092 sonitus
2953 1051 3246 1107 aquarum,
3266 1035 3323 1091 id
3350 1039 3463 1104 est,
3488 1036 3785 1108 profunda

2120 1127 2299 1182 corda
2328 1125 2635 1199 gentilium
2665 1144 2679 1182 :
2714 1124 2801 1181 vel
2833 1124 3106 1197 profundi
3147 1123 3544 1182 intellecturos
3575 1140 3781 1181 eorum

2120 1216 2519 1272 turbabuntur
2535 1216 2606 1271 ad
2640 1213 3061 1287 paenitentiam,
3078 1219 3135 1270 et
3163 1214 3249 1270 sic
3270 1214 3575 1271 auditaest
3590 1215 3783 1270 multi.

2120 1305 2250 1360 tudo
2294 1307 2512 1361 sonitus
2558 1320 2854 1377 aquarum,
2888 1320 3073 1359 sonus
3118 1301 3387 1359 videlicet
3431 1303 3778 1362 conﬁtentis

2118 1393 2321 1467 populi
2374 1398 2432 1449 et
2479 1393 2834 1467 pmnitentis.
2887 1393 2953 1448 Et
3001 1393 3155 1448 unde
3201 1391 3367 1447 hoc?
3413 1390 3562 1459 Quia
3606 1393 3782 1450 nubes

2118 1483 2189 1538 de
2219 1481 2435 1554 quibus
2466 1483 2715 1551 dictum,
2738 1481 3013 1537 Handabo
3041 1481 3281 1537 nubibus
3311 1481 3459 1537 meis
3478 1498 3558 1537 ne
3574 1482 3782 1553 pluunt

2115 1588 2282 1645 super
2326 1588 2451 1628 eam
2493 1573 2725 1627 imbrem
2767 1572 2893 1643 (lsa.
2924 1571 3003 1642 v),
3036 1570 3212 1627 istam
3257 1569 3525 1626 dederunt
3569 1587 3777 1638 uocem,

2117 1662 2269 1732 quia
2305 1663 2375 1717 in'
2397 1677 2616 1717 omnem
2647 1665 2854 1716 terram
2897 1660 3077 1715 exivit
3131 1675 3297 1715 sonus
3350 1674 3542 1716 eorum
3599 1659 3777 1732 (Psat.

2112 1752 2293 1822 xvm).
2327 1750 2545 1807 Etenim
2588 1750 2811 1820 sagittae
2841 1761 2972 1819 tum,
3004 1749 3062 1804 id
3113 1753 3222 1819 est,
3253 1748 3429 1805 verba
3472 1749 3777 1822 apostolo-

354 1838 494 1894 bilia
522 1855 541 1893 :
575 1838 709 1893 fecit
754 1837 931 1906 Elias,
964 1844 1022 1894 et
1065 1837 1183 1909 alii,
1217 1839 1530 1908 mirabilia,
1563 1840 1664 1896 sed
1716 1856 1830 1895 non
1871 1838 2001 1904 soli,
2036 1879 2082 1946 Β
2115 1856 2248 1895 rum
2273 1843 2511 1895 tuorum
2532 1839 2709 1895 corda
2731 1837 3142 1911 impugnantis
3160 1841 3473 1906 transeunt,
3495 1838 3644 1910 quia
3666 1855 3777 1895 nou

366 1926 483 1946 _-_.A
630 1944 647 1946 _
1217 1944 1225 1946 _
1781 1928 1823 1946 -_
2113 1926 2209 1946 ,μί
2310 1944 2473 1946 UH,
2753 1933 2769 1946 ι
2808 1927 3100 1946 --μηω
3131 1927 3196 1946 ,Δ
3232 1925 3540 1946 adu..-“
3587 1927 3745 1946 --_,..

357 1926 494 1998 quia
509 1931 607 1983 tuo
625 1927 918 1999 adjutorio
932 1927 1193 1984 fecerunt
1216 1944 1229 1982 :
1254 1932 1315 1983 tu
1330 1933 1526 1984 autem
1540 1926 1760 1983 nullius
1777 1928 2004 2001 indiges
2036 1925 2082 1946 ⁸³
2112 1926 2172 1984 in
2191 1944 2330 1985 aure
2362 1927 2903 1990 remanserunt,sed
2921 1942 3107 1998 usque
3127 1927 3199 1981 ad
3226 1925 3546 1998 capacitom
3580 1927 3778 1984 cordis

355 2016 668 2087 adjutorio,
699 2017 800 2071 sed
824 2016 990 2072 solus
1014 2017 1155 2074 facis
1179 2017 1471 2073 mirabilia
1489 2022 1547 2073 et
1577 2017 1636 2072 in
1660 2016 1927 2073 exteriori
1948 2021 2005 2073 ct

351 2103 414 2179 in
444 2104 706 2161 interiori
739 2122 753 2159 :
789 2106 922 2160 caeci
950 2105 1168 2178 vident,
1200 2104 1391 2161 claudi
1417 2105 1745 2173 ambulant,
1778 2105 2003 2180 paraly-

352 2192 450 2252 tici
476 2199 621 2252 sunt
649 2194 862 2264 sanati,
886 2195 1100 2251 mortui
1130 2195 1464 2252 resuscitati
1491 2213 1504 2250 :
1529 2196 1841 2252 etinterius
1863 2212 1998 2269 ope-

351 2286 502 2345 raria
534 2282 848 2357 mirabilia,
882 2283 1020 2359 quia
1050 2285 1151 2359 qui
1184 2286 1420 2342 fuerunt
1449 2285 1684 2352 ebriosi,
1705 2285 1839 2341 facti
1862 2290 2003 2341 sunt

351 2376 568 2444 sobrii;
605 2375 705 2449 qui
754 2375 981 2443 incesti,
1016 2372 1152 2430 facti
1202 2380 1342 2431 sunt
1387 2375 1572 2442 casti;
1606 2374 1707 2447 qui
1768 2374 2003 2431 fuerunt

352 2466 781 2538 raptores,facti
804 2465 1282 2520 suntdonatores.
1303 2463 1767 2535 Alitersuperius
1789 2463 2003 2536 legitur

234 2544 237 2545 ⁷
353 2560 414 2612 et
430 2554 572 2625 dici,
590 2554 746 2611 Nunc
759 2553 1077 2626 cmpi,quod
1102 2553 1341 2623 (ιιιωείνὶ
1365 2553 1679 2608 scrutando
1701 2552 1998 2624 spiritum,

348 2647 402 2699 et
447 2643 564 2700 haec
609 2642 867 2708 mutatio,
925 2640 1080 2712 quod
1130 2645 1281 2695 Deus
1339 2657 1453 2695 non
1496 2642 1749 2712 projicict
1790 2656 1895 2695 nos
1939 2642 2001 2695 in

356 2741 648 2797 aeternum,
682 2731 836 2803 quod
868 2746 980 2785 non
1014 2728 1351 2784 oblitus‘est
1377 2728 1662 2800 misereri,
1696 2729 1848 2800 quod
1884 2746 1997 2784 non

350 2820 657 2896 praecludit
684 2821 772 2876 ira
793 2818 1277 2886 misericordiam,
1305 2821 1395 2872 est
1419 2817 1643 2874 dextera
1673 2817 1906 2883 Excelsi,
1938 2818 1997 2873 id

345 2915 458 2983 est,
483 2908 627 2966 Filio
662 2909 762 2965 Dei
793 2907 1140 2980 imputanda
1175 2906 1336 2979 :quia
1365 2906 1493 2977 ipse
1515 2911 1603 2963 est
1632 2907 1736 2979 qui
1766 2924 1874 2963 nos
1909 2923 1999 2963 re-

346 2996 678 3054 conciliavit
699 3001 812 3052 Deo
842 2995 1022 3051 Patri.
1047 2996 1115 3050 Et
1134 2995 1290 3051 unde
1311 2995 1419 3050 hoc
1436 2996 1568 3051 ‘scio
1583 2995 1611 3050 ?
1630 2996 1777 3062 Quia
1795 3012 2003 3051 memor

349 3087 441 3157 fui
459 3101 702 3156 operum
727 3084 1119 3156 Domini,quts
1141 3083 1472 3157 significata
1490 3085 2000 3158 fueruntperlega-

350 3173 430 3231 lia
460 3173 729 3230 instituta
763 3189 776 3229 :
810 3173 893 3229 vel
945 3172 1051 3236 sic,
1078 3173 1362 3245 scopebam
1388 3175 1663 3245 spiritum
1707 3191 1910 3242 meum,
1944 3180 2002 3231 et

2111 2021 2566 2090 penetraverunt
2595 2022 2653 2073 et
2701 2032 2808 2072 vos:
2852 2016 3048 2072 tonitri
3075 2016 3179 2083 tui,
3213 2014 3272 2071 id
3308 2018 3420 2081 est,
3452 2031 3564 2071 vox
3612 2032 3774 2071 com-

2111 2106 2389 2162 minantis
2410 2104 2862 2179 prasdicationis,
2883 2104 3087 2160 audita
3114 2107 3203 2160 est
3231 2104 3294 2159 in
3321 2106 3467 2171 rcta,
3487 2103 3548 2159 id
3564 2110 3689 2174 est,
3718 2106 3772 2161 in

2111 2195 2250 2252 orbe
2273 2199 2460 2265 terra,
2486 2212 2615 2267 quae
2637 2210 2742 2267 pro
2763 2194 3118 2249 rotunditate
3140 2192 3235 2248 vel
3256 2192 3606 2263 mobilitate,
3633 2198 3770 2250 rotae

2109 2285 2835 2358 oomparaturJttuxerunt
2858 2283 3267 2338 coruscationes
3287 2290 3420 2348 tuas,
3436 2281 3648 2350 .id'est,
3672 2289 3772 2339 tua

2110 2376 2281 2449 signa
2324 2374 2726 2448 apparuerunt
2755 2372 2876 2429 orbi
2925 2379 3105 2428 terra’.
3141 2371 3303 2427 Unde
3332 2370 3507 2437 illud,
3536 2373 3767 2429 Domino

2108 2466 2437 2537 cooperante
2449 2471 2502 2518 et
2513 2477 2819 2519 sermonem
2835 2461 3195 2531 conﬁrmante
3215 2459 3569 2532 sequentibus
3590 2463 3770 2531 signis

2111 2555 2294 2626 (Marc.
2317 2554 2453 2624 xw).
2475 2552 2640 2609 Unde
2657 2551 2929 2606 commota
2944 2558 3028 2605 est
3044 2558 3218 2617 terra,
3243 2548 3517 2605 videlicet
3530 2548 3764 2606 Judeo-

2110 2659 2263 2709 rum,
2289 2646 2341 2698 et
2363 2640 2694 2698 contremuit
2714 2655 2778 2696 se
2805 2637 3021 2696 vixisse
3046 2655 3061 2694 :
3082 2637 3220 2694 inde
3241 2637 3398 2694 facta
3425 2641 3518 2694 est
3537 2639 3767 2694 inemori

2108 2732 2199 2788 via
2226 2738 2345 2796 tua,
2361 2730 2417 2786 id
2450 2728 2844 2796 est,Christus
2873 2726 3132 2783 innotuit
3148 2726 3449 2801 gentibus,
3468 2732 3526 2783 et
3549 2729 3765 2784 semita

2109 2828 2233 2886 tuae,
2267 2819 2323 2874 id
2356 2822 2465 2887 ost,
2499 2819 2683 2874 ardua
2713 2820 2998 2890 precepts
3025 2819 3166 2873 sunt
3194 2815 3497 2872 notilicata
3522 2818 3761 2889 inaqu

2109 2910 2319 2977 multis,
2350 2912 2408 2962 et
2435 2911 2633 2963 tamen
2662 2907 2898 2976 vestigia
2923 2910 3038 2973 tua,
3067 2905 3128 2961 id
3157 2907 3266 2975 {est
3290 2904 3462 2979 signa
3484 2910 3607 2974 tua,
3634 2922 3751 2962 non
3790 2962 3799 2969 _

2107 3000 2496 3068 cognoscentur
2516 2993 2548 3051 a
2570 2993 2779 3051 multis
2800 2993 3042 3062 Judeis,
3056 3010 3093 3050 a
3122 2992 3336 3067 quibus
3356 2998 3549 3049 tamen
3574 2994 3756 3048 maxi-

2110 3103 2203 3142 me
2234 3085 2510 3141 deberent
2545 3083 2816 3157 cognosci
2850 3099 2865 3139 :
2899 3083 3038 3156 quia
3064 3087 3129 3138 tu
3159 3081 3427 3139 dedlm'sti
3458 3082 3750 3137 delatores

2104 3175 2375 3248 populum
2416 3177 2574 3229 tuum
2607 3175 2669 3228 in
2708 3188 2883 3229 manu
2912 3172 3080 3243 Moysi
3106 3175 3158 3227 et
3187 3172 3383 3227 Aaron.
3413 3169 3554 3226 Nota
3580 3169 3739 3240 quod

346 3262 543 3320 inveni
565 3263 719 3334 quod
744 3278 859 3319 non
884 3262 1132 3334 projiciet
1146 3266 1289 3318 Deus
1305 3264 1365 3317 in
1395 3266 1680 3330 aeternum,
1698 3265 1851 3336 quod
1875 3281 1991 3321 non
2024 3249 2067 3319 C
2104 3265 2267 3332 dicit,
2295 3266 2436 3320 sicut
2461 3278 2581 3319 oves
2602 3280 2620 3317 :
2653 3262 2793 3335 quia
2818 3276 2933 3317 non
2952 3265 3098 3317 sunt
3125 3276 3271 3317 vera
3290 3275 3452 3331 oves,
3482 3259 3609 3331 quia
3624 3274 3738 3331 pa—

348 3351 665 3426 praacludet
691 3351 780 3407 ira
800 3350 1259 3407 misericordiam
1283 3355 1368 3407 :et
1384 3350 1477 3426 bis
1497 3352 1772 3408 omnibus
1800 3353 1993 3409 consi-

347 3442 587 3512 deratis,
609 3441 756 3509 dixi,
777 3440 836 3496 id
859 3445 967 3509 est,
992 3441 1147 3512 apud
1171 3457 1264 3496 me
1292 3442 1592 3512 proposui,
1611 3458 1779 3511 nunc,
1804 3441 1863 3496 id
1882 3446 1993 3508 est,

2104 3360 2320 3412 storem
2361 3369 2536 3409 suum
2567 3368 2772 3408 verum
2821 3367 2937 3407 non
2967 3353 3372 3424 cognoverunt
3402 3365 3417 3404 :
3446 3347 3534 3404 vel
3556 3346 3747 3418 aliter,

2107 3444 2387 3501 Commota
2418 3446 2501 3499 est
2530 3446 2582 3498 et
2610 3443 2937 3498 contremuit
2967 3448 3137 3509 terra,
3172 3436 3432 3512 populus
3470 3436 3757 3494 Judaious

347 3530 586 3588 omibus
612 3531 743 3587 istis
768 3530 1043 3597 inventis,
1074 3530 1232 3601 Irthi,
1265 3529 1322 3584 id
1345 3533 1453 3598 est,
1483 3530 1541 3585 in
1576 3530 1743 3586 initio
1763 3535 1993 3587 tantum
2101 3532 2371 3590 videlicet
2400 3532 2458 3587 in
2478 3530 2702 3587 malum
2723 3529 2970 3586 :etideo
2991 3528 3391 3585 inmari‘facta
3408 3531 3501 3583 est
3515 3527 3607 3582 via
3636 3533 3756 3582 tua.

346 3625 805 3693 sum,quantum
832 3620 904 3676 ad
924 3618 1334 3691 perfectionem
1355 3618 1609 3675 scientias
1641 3637 1808 3676 veras.
1833 3620 1998 3676 Unde

344 3709 492 3768 illud
552 3727 565 3766 :
626 3708 764 3765 Cum
819 3709 1285 3765 consummaverit
1339 3708 1525 3773 homo;
1580 3712 1713 3764 tunc
1771 3711 1997 3780 incipiet

346 3800 535 3870 (Eccli.
568 3798 752 3870 xvm).
790 3799 856 3854 Et
888 3798 1007 3855 haec
1034 3799 1285 3865 mutatio,
1319 3798 1476 3869 quod
1506 3799 1566 3853 in
1600 3798 1693 3854 his
1723 3799 1999 3855 omnibus

349 3888 865 3959 msimperl‘ectum
887 3886 1423 3959 recognosco,quod
1441 3888 1613 3942 modo
1629 3887 1887 3960 incipere
1909 3904 1999 3944 me

350 3975 680 4039 considero,
709 3978 801 4030 est
839 3975 1084 4033 demeres
1111 3976 1344 4039 Επειδὴ
1380 3974 1437 4030 id
1468 3980 1580 4043 est,
1612 3976 1884 4049 potentias
1913 3978 1999 4033 di-

350 4065 520 4130 vinae,
540 4079 672 4134 quis
690 4079 805 4117 non
820 4061 1112 4135 impotens
1132 4081 1196 4120 se
1207 4063 1575 4121 vindicarein
1592 4082 1704 4131 me,
1726 4067 1783 4121 in
1811 4067 2001 4139 primo

348 4150 622 4208 videlicet
648 4155 906 4225 parente.
939 4151 1139 4206 Memor
1182 4154 1270 4221 fui
1296 4169 1520 4224 operum
1553 4156 1793 4211 Domini.
1818 4156 2003 4221 Quasi

353 4240 537 4298 dicat:
557 4239 711 4294 Licet
732 4254 888 4294 nunc
912 4238 1006 4295 his
1032 4240 1308 4297 omnibus
1330 4243 1734 4314 consideratis,
1758 4246 1817 4301 in
1836 4245 2002 4301 initio

342 4334 593 4388 tantum
623 4345 780 4400 sum,
806 4332 1001 4384 tamen
1025 4345 1142 4385 non
1172 4328 1454 4386 desistam
1478 4332 1550 4387 ab
1575 4332 1959 4406 inquisitione
1987 4351 1999 4389 :

350 4420 457 4479 sed
478 4434 691 4476 memor
706 4433 799 4475 ero
817 4433 1059 4491 operum
1085 4417 1747 4490 Dominiletmira‘bilium
1767 4432 1986 4480 tuorum

352 4527 385 4567 ο
414 4510 592 4575 Deus,
615 4509 684 4565 ab
709 4509 875 4564 initio
894 4507 1206 4565 factorum.
1238 4508 1304 4565 Et
1331 4510 1640 4568 meditabor
1660 4515 1720 4567 in
1748 4515 2006 4570 omnibus

354 4600 606 4692 operibus
628 4599 761 4668 tuis,
795 4600 846 4653 et
872 4598 936 4652 in
952 4597 1434 4692 adiuventionibus
1463 4602 1575 4656 tuis
1603 4602 1915 4658 exercebar.
1941 4602 2010 4659 Et
2039 4624 2086 4692 Β

352 4689 881 4758 quantumcunque
901 4687 1698 4761 meditor,quantumcunque
1719 4706 1814 4747 me
1842 4707 2003 4748 exer-

356 4789 544 4841 ceam,
577 4772 725 4828 nihil
755 4789 858 4845 per
883 4792 975 4830 me
1006 4792 1271 4847 possum,
1299 4776 1403 4832 sed
1434 4777 1527 4833 via
1553 4782 1658 4833 tua
1687 4795 1814 4850 quos
1847 4781 2012 4837 ducit

356 4878 453 4920 me
481 4862 554 4918 ad
581 4861 730 4929 hoc;
759 4862 1109 4935 investigem
1142 4881 1268 4921 eam
1304 4865 1365 4920 in
1398 4864 1616 4938 Spiritu
1650 4873 2014 4944 sanctopper

352 4966 533 5025 quem
559 4951 746 5007 habeo
781 4951 1034 5024 incipere
1075 4959 1132 5009 et
1153 4954 1592 5025 perﬁcere.t)uis
1608 4958 1750 5013 Deus
1778 4975 2013 5032 magnus

357 5042 502 5098 sicut
530 5040 672 5097 Deus
695 5042 880 5098 noster
897 5043 922 5094 .9
950 5044 1013 5097 tu
1038 5057 1095 5097 es
1122 5043 1266 5098 Deus
1303 5045 1404 5115 qui
1428 5047 1579 5116 facis
1604 5048 1912 5106 mirabilia.
1942 5053 2014 5105 Et

354 5147 486 5203 que
533 5128 875 5185 mirabilia?
913 5133 1109 5186 Notam
1157 5133 1342 5202 fecisti
1379 5134 1438 5187 in
1486 5136 1707 5207 populis
1754 5140 2014 5195 virtutem

354 5226 537 5285 tuam,
567 5218 869 5275 Christum
893 5220 1181 5276 videlicet.
1198 5219 1360 5277 Unde
1383 5221 1600 5279 Paulus
1634 5240 1649 5281 :
1680 5227 1785 5283 Nos
1800 5230 2013 5299 pradi-

354 5324 543 5364 camus
580 5307 862 5365 Christum
901 5311 1248 5385 cruciﬁxum,
1279 5310 1490 5369 Iudaeis
1526 5314 1747 5385 quidem
1791 5317 2017 5373 scanda-

358 5397 498 5461 lum,
524 5396 785 5467 gentibus
804 5406 989 5455 autem
1000 5382 1296 5455 stultitiam
1311 5400 1361 5472 (ι
1388 5400 1510 5456 Cor.
1535 5382 1618 5473 VI):
1649 5403 1796 5476 ipsis
1818 5412 2014 5462 autem

354 5485 580 5543 vocatis
606 5485 829 5543 Judteis
859 5492 918 5542 et
946 5488 1159 5544 Graecis
1188 5488 1483 5547 Christum
1524 5491 1627 5548 Dei
1657 5493 1931 5552 virtutem
1959 5499 2020 5551 et

358 5574 735 5647 sapientiam,
759 5575 1052 5632 Redemisti
1076 5578 1135 5632 in
1157 5577 1377 5634 brachio
1407 5583 1520 5649 tuo,
1545 5579 1733 5655 idjest,
1758 5585 2019 5656 potentia

362 5676 446 5723 ua
471 5663 558 5717 vel
597 5662 655 5717 in
689 5663 937 5723 Christo.
980 5665 1145 5720 Unde
1176 5664 1344 5735 illud,
1372 5671 1447 5723 Et
1475 5668 1764 5731 brachium
1791 5673 2019 5733 Domini

2105 3622 2269 3678 Unde
2296 3619 2629 3694 Apostolus,
2663 3618 2810 3684 Quia
2859 3616 3164 3691 repulistis
3193 3617 3439 3673 verbum
3470 3614 3595 3674 Dei.
3624 3630 3763 3672 socco

2106 3710 2503 3768 convertimur
2531 3710 2603 3765 ad
2630 3713 2833 3781 gentes
2858 3707 2995 3780 (Act.
3025 3707 3152 3779 ml)
3185 3722 3200 3760 :
3230 3710 3287 3762 et
3308 3707 3530 3762 semita
3557 3712 3672 3760 tua:
3699 3707 3761 3760 in

2107 3803 2264 3873 aquis
2307 3800 2519 3855 multis.
2552 3798 2624 3853 Et
2672 3796 2964 3870 quomodo
3007 3795 3160 3852 hoc?
3188 3794 3337 3859 Quia
3362 3799 3430 3850 tu
3482 3793 3770 3850 deduxisti

2107 3891 2251 3947 sicut
2268 3904 2388 3946 oves
2412 3887 2672 3960 populum
2691 3891 2873 3957 tuum,
2898 3884 3176 3959 gentilem
3190 3883 3486 3954 videlicet,
3516 3884 3587 3938 in
3604 3900 3771 3938 manu

2112 3980 2293 4051 Moysi
2318 3976 2437 4033 veri
2469 3985 2521 4033 et
2550 3977 2752 4033 Aaron.
2787 3974 3058 4033 Christus
3076 3977 3356 4031 estverus
3373 3976 3617 4045 Moyses,
3638 3972 3777 4047 quia

2108 4084 2283 4126 verus
2312 4068 2686 4138 assumptus:
2701 4072 2753 4121 et
2778 4066 2978 4133 Aaron,
3000 4064 3143 4136 quia
3161 4078 3297 4119 vero
3315 4065 3409 4118 est
3425 4067 3775 4131 montanus,

2112 4157 2253 4231 quia
2270 4157 2396 4230 ipse
2417 4161 2510 4212 est
2533 4170 2703 4212 mons
2724 4153 3034 4210 montium.
3050 4152 3216 4209 Unde
3240 4150 3388 4208 illud
3408 4168 3424 4207 :
3444 4152 3577 4207 Erit
3596 4153 3777 4209 nouis-

2112 4248 2269 4304 simis
2284 4246 2484 4303 diebus
2508 4248 2864 4318 praeparatus
2909 4258 3066 4299 mons
3093 4241 3283 4300 domus
3310 4238 3540 4298 Domim‘
3564 4243 3638 4297 in
3658 4256 3780 4298 uer-

2115 4339 2219 4395 tice
2234 4337 2508 4392 montimn
2528 4336 2655 4407 Usa.
2679 4334 2743 4405 ιι)
2766 4349 2780 4388 :
2806 4333 2964 4405 quod
2995 4332 3156 4402 dicit,
3177 4330 3459 4387 deitch
3475 4332 3647 4387 sicut
3660 4344 3782 4387 om

2113 4427 2383 4499 capulum
2429 4428 2589 4480 tuum
2616 4424 2677 4478 in
2717 4439 2890 4479 manu
2917 4422 3166 4494 Μουκία
3206 4420 3402 4477 Aaron
3429 4436 3450 4475 :
3476 4422 3543 4474 et
3585 4424 3781 4476 tamen

2118 4516 2310 4573 adhuc
2343 4530 2456 4569 non
2489 4515 2926 4585 cognoscuntur
2951 4509 3196 4582 vestigia
3224 4513 3327 4565 tua
3350 4524 3391 4565 ι
3412 4507 3678 4565 Induis.

2616 4616 2950 4675 PSALMUS
2990 4616 3257 4675 LXXVII.

2523 4706 3030 4748 INTELLECTUS
3084 4704 3359 4745 ASAPB.

2153 4824 2157 4829 .
2191 4806 2219 4835 «
2253 4780 2568 4853 Attendite,
2590 4777 3465 4853 populemeus,iegsm-meam:
3490 4774 3789 4833 inclinate

2121 4895 2151 4924 «
2183 4888 2384 4930 aurem
2405 4876 2662 4927 vestram
2685 4867 2955 4924 inrverba
2973 4866 3094 4923 oris
3121 4863 3565 4939 met-Aperiat!)
3589 4864 3790 4938 ἱῑιιμο

2122 4985 2151 5015 ‹‹
2183 4959 2402 5018 rabolis
2430 4976 2495 5015 os
2522 4973 2747 5028 meum,
2780 4956 2991 5029 loquar
3016 4953 3448 5028 propositiones
3472 4954 3563 5010 ab

2123 5076 2152 5104 «
2184 5053 2414 5118 Quanta
2454 5047 2795 5104 audivimus
2840 5049 2899 5101 et
2944 5044 3543 5118 cognovimuspemet
3592 5047 3792 5116 patruo

2124 5162 2153 5192 «
2185 5139 2371 5196 nostri
2394 5133 2986 5202 narraveruntnobis,
3011 5148 3127 5190 non
3139 5131 3491 5190 occultatas
3521 5131 3792 5189 suis...»

2125 5252 2156 5280 ‹‹
2187 5242 2317 5284 rum
2330 5225 2774 5301 inigeneratione
2786 5221 3538 5281 alteragNarrantestandes
3548 5216 3796 5278 Domini

2126 5339 2157 5369 «
2186 5321 2244 5374 et
2262 5315 2509 5372 virtutes
2526 5315 2678 5386 ejus,
2693 5317 2752 5370 et
2766 5308 3071 5368 mirabiliai
3080 5312 3209 5383 ejus
3225 5322 3355 5383 qua
3370 5308 3543 5366 (coit;
3554 5310 3637 5367 Et
3648 5325 3795 5366 sus-

2126 5428 2156 5457 ‹‹
2185 5406 2387 5462 citavit
2413 5402 2817 5461 testimoni-um
2844 5400 2905 5457 in
2932 5399 3142 5468 Jaccb,‘
3168 5403 3227 5455 et
3253 5398 3442 5473 legem
3470 5397 3690 5470 posuit
3728 5396 3791 5454 in

2128 5518 2157 5546 ς(
2192 5495 2391 5551 Israel.
2416 5496 2644 5562 Quanta
2663 5488 3252 5562 mandavitpatribus
3270 5487 3691 5552 nostois,nota
3704 5486 3790 5541 (ιο

2128 5607 2173 5636 ‹‹-
2192 5598 2321 5641 cere
2350 5600 2420 5641 ea
2448 5581 2765 5649 ﬁliis-suis,
2797 5584 2864 5636 at
2886 5583 3216 5652 cognoscat
3262 5575 3574 5653 generatio
3606 5574 3795 5633 dum

2129 5697 2158 5725 ‹‹
2178 5670 2325 5732 Filii
2356 5673 2456 5746 qui
2508 5674 2845 5745 nascentur,
2868 5672 2935 5725 et
2978 5672 3313 5741 exsurgant,
3344 5670 3407 5726 et
3442 5664 3801 5724 "narrabant
