4014 6194
276 363 384 427 M5

281 520 309 549 α
335 497 470 553 ﬁliis
500 497 643 554 suis.
682 497 753 554 Ut
782 503 1001 569 ponant
1030 496 1088 553 in
1122 502 1235 554 Deo
1268 516 1432 569 spem
1480 516 1670 567 suam,
1712 504 1769 555 et
1798 514 1913 554 non
1944 500 1999 564 Α

281 609 311 637 ‹‹
336 585 754 642 obliviscantur
772 602 1015 658 operum
1042 587 1164 654 Dei,
1194 592 1250 642 et
1274 589 1553 643 mandata
1574 590 1703 658 ejus
1724 588 1922 658 exqui-

282 696 308 731 σ
334 680 483 732 rant.
505 676 587 730 Ne
608 676 753 731 ﬁant
780 676 931 732 sicut
952 681 1147 748 patres
1176 693 1401 746 eorum,
1424 677 1721 749 generatio
1746 693 1920 749 prava

277 790 302 816 ‹‹
334 769 389 821 et
435 781 808 837 exasperans.
861 766 1166 822 Generatio
1215 783 1343 837 quae
1396 784 1509 822 non
1565 767 1775 821 direxit
1822 783 1922 821 cor

279 878 306 907 ‹‹
337 871 533 924 suum,
561 859 617 910 et
646 871 758 910 non
792 860 880 911 est
910 856 1164 911 creditus
1194 872 1329 910 cum
1355 855 1469 911 Deo
1494 855 1739 928 Spiritus
1769 857 1918 927 ejus,

274 967 301 994 ‹‹
332 943 437 999 ﬁlii
458 943 735 1016 Ephraim
759 945 1126 1000 intendentes
1150 949 1206 999 et
1231 944 1527 999 mittentes
1551 961 1774 1013 arcum,
1792 961 1921 999 con-

274 1056 303 1083 ‹‹
332 1033 484 1088 versi
507 1037 646 1088 sunt
669 1032 728 1088 in
748 1033 840 1088 die
862 1033 1019 1088 belli.
1037 1034 1159 1089 Non
1184 1034 1589 1089 custodierunt
1609 1038 1920 1088 testamen-

274 1146 300 1173 ‹‹
334 1127 462 1178 tum
492 1121 613 1185 Dei,
649 1126 701 1177 et
734 1121 789 1176 in
824 1120 949 1194 lege
979 1123 1107 1193 ejus
1152 1122 1466 1178 noluerunt
1495 1121 1818 1177 ambulare.
1852 1123 1922 1177 Et

274 1234 300 1262 ‹‹
333 1209 498 1267 obliti
521 1217 662 1266 sunt
684 1212 1121 1266 benefactorum
1145 1213 1293 1283 ejus,
1322 1207 1763 1266 et'mirabilium
1791 1212 1920 1282 ejus

277 1324 297 1351 ι
332 1317 463 1372 quas
486 1300 744 1355 ostendit
767 1300 872 1356 eis.
896 1300 1099 1356 Coram
1127 1302 1392 1372 patribus
1417 1316 1618 1356 eorum
1648 1300 1782 1355 fecit
1812 1300 1921 1355 mi-

275 1412 302 1441 α
333 1389 545 1446 rabilia
574 1389 633 1444 in
666 1394 820 1445 terra
848 1389 1073 1462 [Egypti
1106 1390 1162 1444 in
1194 1406 1398 1461 campo
1439 1390 1685 1445 Taneos.
1738 1390 1919 1444 Inter-

274 1500 301 1527 ‹‹
335 1478 494 1549 rupit
517 1493 696 1547 mare,
721 1482 778 1533 et
804 1478 1073 1549 perduxit
1094 1494 1211 1548 eos,
1231 1484 1288 1533 et
1313 1479 1519 1533 statuit
1546 1495 1729 1549 aquas
1752 1478 1920 1549 quasi

273 1591 298 1616 ‹‹
332 1566 391 1621 in
416 1571 564 1621 utre.
590 1567 658 1621 Et
682 1566 880 1622 eduxit
901 1583 1000 1622 eos
1025 1567 1081 1621 in
1110 1567 1286 1635 nube,
1311 1567 1424 1622 diei
1450 1572 1507 1622 et
1527 1571 1647 1622 tota
1673 1567 1921 1622 noctein

272 1678 300 1706 ‹‹
330 1655 762 1711 illuminatione
785 1656 957 1728 ignis.
986 1656 1299 1728 Interrupit
1322 1660 1546 1727 petram
1568 1656 1627 1711 in
1650 1672 1846 1712 eremo
1866 1660 1924 1711 et

272 1769 299 1795 ‹‹
334 1745 650 1817 adaquavit
679 1762 778 1801 eos
808 1745 965 1800 velut
994 1745 1052 1800 in
1086 1746 1296 1817 abysso
1347 1745 1553 1800 multa.
1609 1746 1679 1800 Et
1726 1744 1926 1800 eduxit

272 1858 300 1885 α
334 1850 551 1906 aquam
573 1835 643 1890 de
661 1839 844 1906 petra,
859 1842 915 1890 et
931 1834 1130 1890 eduxit
1153 1840 1434 1907 tanquam
1454 1835 1699 1890 ﬂumina
1717 1851 1921 1906 aquas.

274 1945 304 1974 κ
338 1923 406 1978 Et
439 1928 839 1996 apposuerunt
868 1924 1059 1979 adhuc
1084 1940 1321 1996 peccare
1342 1923 1413 1992 ei,
1444 1925 1501 1979 in
1526 1924 1671 1979 iram
1705 1924 1924 1979 excita-

272 2036 301 2062 ‹‹
334 2017 546 2068 verunt
566 2012 858 2068 excelsum
880 2012 935 2067 in
960 2012 1258 2084 inaquoso.
1277 2013 1343 2068 Et
1362 2014 1922 2069 tentaveruntDeum

274 2124 303 2152 ς(
340 2102 400 2156 in
425 2101 701 2157 cordibus
721 2104 865 2171 suis,
891 2107 955 2156 ut
977 2106 1239 2174 peterent
1258 2118 1421 2157 escas
1444 2103 1754 2157 animabus
1776 2102 1922 2157 suis.

276 2212 304 2239 ‹‹
338 2189 411 2244 Et
442 2188 592 2245 male
640 2190 816 2246 locuti
850 2196 990 2245 sunt
1018 2191 1089 2246 de
1124 2193 1273 2250 Dee:
1305 2191 1611 2246 dixerunt:
1648 2189 1925 2261 Nunquid

273 2302 301 2327 ‹‹
340 2279 553 2350 poterit
574 2279 727 2334 Deus
748 2296 954 2351 parare
983 2296 1248 2335 mensam
1275 2280 1332 2333 in
1354 2280 1620 2335 deserto?
1643 2278 1926 2346 Quoniam

269 2390 301 2416 «
336 2368 633 2439 percussit
654 2372 902 2439 petram,
926 2372 982 2423 et
1012 2368 1308 2424 ﬂuxerunt
1338 2384 1523 2439 aquae,
1557 2372 1614 2422 et
1642 2370 1927 2424 torrentes

268 2477 299 2503 «
332 2455 1076 2526 inundaverunt.Nunquid
1100 2462 1157 2511 et
1182 2472 1390 2528 panem
1416 2455 1625 2527 poterit
1646 2455 1803 2522 dare,
1830 2460 1929 2511 aut

266 2566 295 2593 «
330 2559 543 2615 parare
560 2558 826 2599 mensam
845 2544 1057 2616 populo
1074 2549 1217 2600 suo?
1238 2545 1367 2600 Ideo
1387 2544 1603 2599 audivit
1620 2545 1925 2613 Dominus,

268 2652 297 2683 ‹‹
333 2637 393 2689 et
425 2632 695 2688 distulit:
731 2638 787 2688 et
816 2633 968 2705 ignis
1009 2649 1289 2689 accensus
1319 2638 1406 2689 est
1436 2635 1493 2687 in
1525 2635 1722 2699 Jacob,
1758 2638 1813 2688 et
1841 2632 1929 2688 ira

272 2742 303 2771 «
333 2721 607 2776 ascendit
639 2721 695 2775 in
730 2720 927 2777 Israel.
962 2722 1109 2787 Quia
1141 2738 1255 2776 non
1290 2721 1667 2777 crediderunt
1697 2722 1756 2775 in
1789 2720 1923 2790 Deo,

272 2831 301 2859 ‹‹
332 2826 440 2865 nec
464 2814 849 2882 speraverunt
872 2810 928 2864 in
954 2809 1195 2865 salutari
1223 2811 1371 2881 ejus.
1405 2814 1472 2864 Et
1494 2811 1791 2865 mandavit
1817 2828 1925 2865 nu-

267 2922 295 2949 ‹‹
331 2899 513 2955 bibus
537 2900 809 2971 desuper,
829 2900 1114 2971 etjanuas
1136 2899 1260 2954 coeli
1285 2899 1530 2971 aperuit.
1548 2900 1615 2954 Et
1639 2898 1789 2971 pluit
1810 2898 1926 2955 illis

266 3012 294 3039 «
333 3005 564 3045 manna
586 2989 656 3043 ad
683 2988 1181 3053 manducandum,
1199 2993 1256 3043 et
1274 3004 1483 3059 panem
1503 2988 1627 3043 caeli
1644 2989 1803 3044 dedit
1820 2990 1923 3045 eis.

263 3101 290 3126 «
326 3082 558 3133 Panem
572 3076 909 3149 angelorum
932 3076 1304 3131 manducavit
1320 3076 1515 3149 homo,
1531 3078 1750 3133 cibaria
1765 3078 1929 3134 misit

260 3190 289 3217 ε(
321 3168 410 3223 eis
436 3166 493 3221 in
528 3166 913 3222 abundantia.
937 3165 1263 3221 Transtulit
1284 3171 1563 3221 Austrum
1591 3167 1660 3221 de
1682 3165 1842 3232 caelo,
1871 3172 1925 3221 et

255 3280 281 3307 ‹‹
315 3256 567 3312 induxit
589 3256 644 3310 in
673 3256 885 3311 virtute
912 3273 1020 3310 sua
1046 3254 1324 3309 Africum.
1362 3258 1425 3307 Et
1455 3254 1605 3325 pluit
1624 3271 1803 3326 super
1826 3271 1927 3311 eos
1958 3234 1999 3300 (ἶ

254 3369 281 3394 ‹‹
315 3347 477 3403 sicut
501 3344 814 3417 pulverem
834 3360 1061 3408 carnes,
1077 3348 1132 3397 et
1152 3343 1303 3397 sicut
1320 3358 1555 3397 arenam
1577 3344 1756 3398 maris
1778 3342 1929 3397 vola-

256 3456 282 3484 ‹‹
317 3435 448 3490 tilia
478 3438 769 3507 pennata.
819 3434 885 3487 Et
916 3432 1252 3487 ceciderunt
1287 3431 1344 3485 in
1378 3431 1569 3486 medio
1603 3437 1927 3486 castrorum

257 3547 283 3573 «
317 3540 555 3595 eorum,
594 3523 750 3578 circa
783 3520 1160 3577 tabernacula
1192 3537 1414 3575 eorum.
1451 3520 1517 3574 Et
1550 3520 1931 3576 manducave-

262 3635 291 3663 «
321 3619 484 3679 runt,
512 3618 575 3669 et
603 3610 851 3667 saturati
874 3615 1015 3665 sunt
1035 3610 1213 3665 nimis
1235 3626 1246 3663 :
1272 3614 1327 3664 et
1349 3608 1703 3664 desiderium
1727 3624 1929 3665 eorum

258 3725 286 3752 κ
320 3703 526 3758 attulit
544 3702 782 3769 eis,non
802 3705 941 3755 sunt
960 3699 1209 3754 fraudati
1229 3716 1262 3753 a
1280 3698 1566 3754 desiderio
1582 3716 1709 3753 suo.
1724 3697 1929 3754 Adhuc

261 3816 287 3842 ‹‹
319 3809 471 3848 escae
495 3806 712 3848 eorum
734 3794 899 3845 erant
921 3789 978 3842 in
1002 3805 1097 3843 ore
1119 3776 1403 3860 ipsorum.
1424 3792 1485 3842 Et
1506 3788 1589 3842 ira
1610 3788 1709 3843 Dei
1732 3804 1930 3844 ascen—

261 3904 287 3930 α
322 3883 409 3936 dit
433 3897 630 3953 super
650 3895 769 3934 eos.
802 3879 867 3932 Et
891 3878 1103 3934 occidit
1128 3878 1375 3950 pingues
1402 3883 1695 3945 eorum,et
1716 3877 1930 3933 electos

259 3991 287 4018 ‹‹
318 3969 503 4026 Israel
538 3966 869 4039 impedivit.
907 3968 968 4021 In
1002 3967 1278 4022 omnibus
1305 3966 1398 4021 his
1422 3971 1803 4038 peccaverunt
1827 3968 1929 4021 ad-

262 4082 288 4109 ιι
320 4060 463 4127 huc,
500 4064 562 4115 et
599 4074 718 4111 non
751 4056 1127 4111 crediderunt
1156 4055 1215 4110 in
1246 4052 1619 4110 mirabilibus
1665 4057 1813 4126 ejus.
1868 4059 1931 4109 Et

253 4171 280 4196 ‹‹
317 4149 681 4205 defecerunt
711 4145 766 4199 in
802 4146 1053 4200 vanitate
1084 4144 1208 4199 dies
1237 4159 1461 4209 eorum,
1490 4148 1543 4198 et
1566 4143 1702 4198 anni
1725 4158 1927 4199 eorum

253 4261 281 4286 «
314 4255 455 4293 eum
492 4235 899 4294 festinatione.
946 4235 1089 4288 Cum
1123 4233 1410 4288 occideret
1438 4248 1559 4303 eos,
1593 4232 1931 4302 quaerebant

253 4347 283 4378 ‹‹
313 4343 479 4394 eum,
515 4330 581 4383 et
621 4322 1075 4389 revertebantur,
1124 4326 1181 4376 et
1210 4319 1468 4376 diluculo
1516 4321 1829 4375 veniebant
1857 4321 1928 4376 ad

253 4434 284 4466 α
315 4431 480 4472 eum.
517 4416 597 4471 Et
629 4412 1001 4468 rememorati
1032 4415 1171 4466 sunt
1202 4410 1337 4482 quia
1381 4409 1534 4465 Deus
1578 4410 1811 4480 adjutor
1840 4414 1931 4465 est

249 4529 277 4555 ‹‹
311 4522 557 4571 eorum,
590 4507 655 4558 et
682 4507 831 4557 Deus
862 4500 1122 4556 excelsus
1149 4500 1480 4571 redemptor
1500 4515 1701 4553 eorum
1728 4504 1835 4553 est.
1862 4499 1932 4553 Et

250 4615 279 4643 «
312 4593 669 4651 dilexerunt
697 4608 832 4646 eum
864 4589 922 4644 in
954 4606 1051 4645 ore
1084 4606 1210 4655 suo,
1243 4593 1299 4643 et
1329 4588 1530 4661 lingua
1560 4604 1669 4643 sua
1700 4588 1928 4642 mentiti
1957 4607 2003 4671 D

250 4706 277 4733 ‹‹
313 4689 461 4740 sunt
493 4683 573 4739 ei.
616 4680 724 4736 Cor
752 4684 948 4735 autem
984 4695 1187 4735 eorum
1220 4695 1333 4733 non
1371 4683 1494 4733 erat
1533 4682 1754 4733 rectum
1790 4694 1923 4732 cum

251 4795 279 4821 κ
315 4788 407 4843 eo,
440 4789 555 4828 nec
582 4769 787 4826 fideles
810 4768 995 4824 habiti
1018 4773 1156 4823 sunt
1178 4769 1234 4821 in
1258 4771 1609 4823 testamento
1628 4769 1778 4838 ejus.
1804 4768 1930 4838 Ipse

252 4884 283 4913 ‹‹
315 4868 525 4920 autem
551 4864 648 4917 est
670 4858 1023 4926 misericors,
1046 4862 1104 4913 et
1125 4857 1414 4929 propitius
1447 4858 1543 4911 ﬁet
1563 4856 1816 4926 peccatis
1837 4872 1927 4911 eo~

251 4970 280 4999 ‹‹
316 4968 482 5017 rum,
519 4955 583 5006 et
618 4964 734 5003 non
768 4948 1067 5019 disperdet
1094 4963 1211 5003 eos.
1246 4947 1311 5000 Et
1336 4946 1657 5001 abundavit
1685 4951 1749 5000 ut
1775 4961 1930 5001 aver»

250 5064 277 5090 α
314 5045 471 5096 teret
504 5040 667 5095 iram
698 5054 888 5107 suam,
940 5040 996 5092 et
1046 5053 1158 5091 non
1215 5035 1479 5091 accendit
1510 5051 1745 5090 omnem
1778 5035 1925 5089 iram

247 5151 280 5177 ‹‹
315 5144 520 5184 suam.
557 5126 634 5181 Et
666 5126 1003 5181 recordatus
1035 5130 1123 5180 est
1154 5125 1291 5196 quia
1322 5140 1453 5179 caro
1486 5127 1644 5189 sunt,
1681 5122 1926 5195 spiritus

251 5234 281 5266 ‹‹
314 5217 553 5272 vadens
572 5219 635 5269 et
652 5231 765 5269 non
782 5213 1270 5277 rediens.Quoties
1289 5213 1924 5268 exacerbaverunteum

252 5328 282 5355 ‹‹
315 5306 379 5360 in
397 5306 667 5373 deserto,
686 5303 746 5358 in
767 5304 914 5358 iram
934 5303 1367 5358 concitaverunt
1383 5318 1515 5356 eum
1535 5302 1593 5355 in
1615 5302 1921 5371 inaquoso.

252 5417 282 5445 ‹‹
314 5394 387 5451 Et
418 5392 699 5450 conversi
723 5397 861 5448 sunt
882 5398 939 5448 et
961 5395 1325 5448 tentaverunt
1346 5390 1551 5459 Deum,
1581 5394 1637 5444 et
1658 5394 1926 5444 sanctum

252 5505 283 5533 «
317 5482 507 5537 Israel
542 5483 1060 5537 exaeerbaverunt.
1088 5480 1211 5534 Non
1236 5484 1375 5534 sunt
1405 5477 1687 5532 recordati
1718 5493 1928 5534 manus

256 5593 284 5620 ‹‹
316 5571 453 5642 ejus
471 5568 573 5624 die
593 5582 714 5640 qua
730 5571 978 5626 redemit
993 5586 1091 5625 eos
1110 5569 1180 5624 de
1200 5584 1376 5623 manu
1396 5564 1753 5621 tribulantis.
1769 5568 1930 5622 Sicut

250 5680 279 5714 κ
312 5659 523 5735 posuit
556 5658 621 5714 in
652 5659 898 5733 (Egypte
928 5659 1099 5737 signa
1129 5674 1255 5730 sua,
1306 5661 1362 5714 et
1408 5654 1676 5731 prodigia
1722 5672 1831 5717 sua
1866 5656 1927 5720 in

1395 364 2004 429 ENARRA'I‘IONES
2050 364 2125 423 IN
2170 358 2550 427 PSALMOS.

3551 374 3670 432 546

2033 521 2057 547 ‹‹
2093 513 2298 568 campo
2322 499 2569 553 Taneos.
2590 498 2657 553 Et
2678 498 2958 554 convertit
2978 496 3035 552 in
3060 499 3406 569 sanguinem
3432 501 3676 558 ﬂumina

2031 608 2057 635 «
2090 603 2315 649 eorum,
2341 592 2399 640 et
2420 588 2637 643 imbres
2657 603 2857 642 eorum
2884 604 2955 642 ne
2975 588 3261 643 biberent.
3297 589 3456 645 Misit
3488 591 3543 644 in
3576 606 3675 646 eos

2029 697 2055 724 «
2092 676 2499 746 ccenomyiam,
2523 681 2579 731 et
2601 678 2851 731 comedit
2882 694 3007 732 eos:
3035 685 3089 732 et
3112 695 3336 743 ranam,
3360 684 3415 733 et
3446 679 3677 751 disper-

2027 788 2055 814 ‹‹
2095 764 2245 819 didit
2265 779 2384 819 eos.
2414 769 2476 818 Et
2498 765 2657 818 dedit
2677 766 2918 837 aerugini
2949 768 3173 822 fructus
3198 785 3422 833 eorum,
3445 773 3501 823 et
3521 768 3678 823 labo-

2029 876 2055 902 «
2094 870 2184 908 res
2215 869 2415 907 eorum
2451 852 2706 908 locustae.
2740 856 2809 909 Et
2840 855 3049 910 occidit
3075 857 3131 911 in
3164 858 3446 928 grandine
3475 857 3677 913 vineas

2030 966 2057 991 ‹‹
2092 958 2314 1007 eorum,
2331 947 2387 997 et
2409 959 2603 997 moros
2619 958 2820 997 eorum
2843 943 2899 998 in
2920 946 3148 1015 pruina.
3166 948 3233 1001 Et
3250 948 3491 1002 tradidit
3510 964 3680 1020 gran-

2032 1052 2061 1080 ‹‹
2093 1032 2504 1101 dinijumenta
2525 1047 2749 1101 eorum,
2774 1037 2829 1085 et
2855 1034 3282 1103 possessionem
3310 1054 3508 1092 eorum
3536 1038 3679 1109 igni.

2031 1142 2059 1169 ‹‹
2094 1120 2323 1175 Misitin
2340 1136 2437 1174 eos
2455 1120 2599 1174 iram
2620 1119 3042 1191 indignationis
3060 1139 3199 1193 suae,
3217 1125 3680 1197 indignationem

2031 1231 2057 1258 ‹‹
2092 1214 2149 1263 et
2170 1209 2314 1263 iram
2342 1214 2399 1263 et
2422 1208 2879 1272 tribulationem,
2907 1210 3301 1268 immissiones
3325 1231 3428 1285 per
3442 1216 3682 1289 angelos

2033 1319 2059 1347 ‹‹
2092 1296 2300 1352 malos.
2326 1296 2493 1352 Viam
2528 1297 2659 1353 fecit
2683 1298 2905 1353 semitae
2932 1298 3027 1351 ira:
3051 1316 3192 1367 suae,
3222 1318 3335 1357 non
3370 1307 3627 1375 pepercit
3649 1324 3681 1361 a

2030 1410 2055 1435 «
2096 1393 2281 1441 morte
2296 1388 2623 1441 animarum
2639 1388 2946 1456 eorum,etj
2960 1397 3195 1444 umente
3206 1406 3406 1445 eorum
3422 1393 3479 1447 in
3497 1402 3681 1449 morte

2032 1499 2058 1521 α
2091 1474 2472 1529 conclusit.Et
2490 1475 2772 1546 percussit
2788 1492 2958 1531 omne
2976 1477 3431 1548 primogenitum
3453 1482 3509 1536 in
3529 1488 3681 1539 terra

2031 1588 2057 1613 ‹‹
2093 1564 2340 1636 .Egypti,
2360 1564 2648 1636 primitias
2670 1564 3097 1621 omnislaberis
3120 1583 3320 1622 eorum
3340 1568 3395 1623 in
3420 1571 3681 1627 taberna-

2034 1675 2061 1701 ‹‹
2096 1652 2245 1709 culis
2270 1653 2470 1707 Cham.
2496 1654 2564 1706 Et
2586 1653 2827 1707 abstulit
2850 1653 2999 1708 sicut
3020 1671 3156 1709 oves
3178 1656 3456 1728 populum
3482 1677 3679 1729 suum,

2035 1766 2059 1791 ι(
2097 1748 2152 1797 et
2181 1742 2452 1813 perduxit
2482 1758 2580 1796 eos
2612 1747 2892 1813 tanquam
2924 1759 3153 1815 gregem
3206 1746 3262 1799 in
3313 1746 3562 1803 deserto.
3614 1748 3683 1805 Et

2037 1853 2065 1880 ‹‹
2098 1831 2337 1885 deduxit
2358 1847 2456 1885 eos
2482 1831 2537 1884 in
2568 1847 2690 1901 spe,
2716 1838 2772 1885 et
2802 1847 2916 1885 non
2947 1831 3292 1903 timuerunt,
3326 1841 3381 1890 et
3416 1836 3681 1893 inimicos

2035 1944 2061 1969 ‹‹
2096 1936 2299 1974 eorum
2320 1919 2546 1991 operuit
2566 1935 2743 1974 mare.
2761 1920 2825 1973 Et
2841 1918 3069 1975 induxit
3085 1938 3183 1976 eos
3202 1922 3257 1976 in
3281 1930 3535 1980 montem
3556 1944 3685 1982 san-
3721 1952 3737 1968 ο

2038 2030 2066 2059 ‹‹
2099 2009 2470 2063 ctiticationis
2490 2026 2628 2077 suae,
2647 2014 2903 2063 montem
2925 2025 3096 2080 quem
3119 2013 3431 2082 acquisivit
3449 2015 3685 2071 dextera

2038 2120 2065 2147 ‹‹
2099 2100 2245 2168 ejus.
2270 2098 2338 2152 Et
2361 2099 2531 2169 ejecit
2563 2116 2594 2151 a
2618 2098 2760 2152 facie
2783 2114 2980 2152 eorum
3007 2106 3229 2171 gentes,
3263 2107 3318 2156 et
3349 2108 3501 2159 sorte
3532 2106 3684 2158 divi-

2036 2211 2060 2237 (ι
2098 2188 2175 2242 sit
2201 2189 2285 2242 eis
2306 2194 2520 2243 terram
2556 2186 2811 2242 funiculo
2842 2189 3291 2245 distributionis.
3324 2192 3392 2246 Et
3422 2187 3685 2249 habitare

2041 2298 2079 2325 u-
2102 2276 2237 2332 fecit
2266 2276 2324 2331 in
2357 2276 2751 2331 tabernaculis
2781 2293 2983 2331 eorum
3015 2278 3204 2333 tribus
3238 2280 3433 2335 Israel.
3468 2282 3537 2336 Et
3560 2288 3682 2337 ten-

2042 2386 2069 2415 α
2101 2370 2386 2433 taverunt,
2422 2370 2477 2420 et
2508 2366 2997 2420 exacerbaverunt
3026 2371 3207 2421 Deum
3253 2368 3580 2438 excelsum,
3632 2377 3689 2427 et

2040 2477 2066 2502 «
2099 2455 2577 2526 testiinonia‘ejus
2595 2472 2709 2509 non
2728 2455 3148 2510 custodierunt.
3166 2457 3233 2512 Et
3250 2465 3585 2515 averterunt
3603 2479 3683 2531 se,

2040 2572 2064 2595 ‹‹
2098 2552 2154 2602 et
2172 2564 2285 2601 non
2301 2550 2673 2603 servaverunt
2692 2552 2924 2617 paetum
2945 2563 2955 2599 :
2974 2548 3473 2616 quemadmodum
3497 2556 3687 2622 patres

2040 2660 2065 2685 ‹‹
2100 2652 2323 2699 eorum,
2358 2634 2618 2689 conversi
2654 2639 2793 2689 sunt
2826 2635 2879 2688 in
2915 2651 3114 2689 arcum
3139 2652 3404 2706 pravum.
3442 2640 3504 2692 In
3539 2639 3685 2695 iram

2037 2747 2063 2773 ‹‹
2101 2724 2686 2779 concitaverunteum
2722 2723 2781 2776 in
2816 2721 3061 2778 collibus
3088 2725 3233 2791 suis,
3268 2731 3325 2779 et
3355 2727 3411 2781 in
3445 2728 3686 2800 sculpti-

2037 2835 2063 2861 ‹‹
2102 2812 2255 2867 libus
2285 2812 2407 2867 suis
2441 2812 2510 2866 ad
2544 2811 2973 2866 aemulationem
3023 2829 3157 2868 eum
3206 2822 3686 2885 provocaverunt.

2040 2924 2065 2950 ‹‹
2101 2901 2519 2970 AudivitDeus,
2538 2906 2592 2955 et
2609 2901 2827 2968 sprevit
2843 2906 2899 2956 et
2917 2901 2986 2956 ad
3008 2901 3258 2957 nihilum
3280 2906 3503 2977 redegit
3521 2906 3688 2962 valde

2040 3012 2067 3039 ‹‹
2102 2989 2297 3045 Israel.
2314 2989 2379 3043 Et
2399 2988 2610 3061 repulit
2628 2989 3070 3045 tabernaculum
3090 2990 3686 3058 Silo,tabernaculum

2039 3105 2063 3127 ι(
2101 3096 2275 3133 suum
2309 3078 2409 3133 ubi
2441 3079 2727 3133 habitavit
2757 3079 2817 3133 in
2848 3078 3211 3135 hominibus.
3258 3080 3325 3136 Et
3354 3083 3597 3138 tradidit
3627 3084 3687 3139 in

2039 3192 2063 3214 ‹‹
2102 3168 2491 3238 captivitatem
2526 3166 2798 3221 virtutem
2832 3184 3055 3233 eorum,
3090 3173 3147 3223 et
3179 3169 3683 3239 pulchritudinem

2039 3279 2065 3303 ‹‹
2100 3272 2299 3310 eorum
2348 3256 2408 3308 in
2442 3272 2652 3309 manus
2686 3255 2926 3309 inimici.
2979 3256 3046 3309 Et
3077 3256 3365 3312 conclusit
3396 3260 3453 3313 in
3488 3261 3685 3331 gladio

2039 3366 2067 3391 ‹‹
2102 3342 2385 3413 populum
2409 3359 2606 3409 suum,
2630 3347 2687 3396 et
2707 3342 3103 3397 haereditatem
3127 3360 3294 3398 suam
3318 3348 3555 3417 sprevit.
3580 3350 3684 3403 Ju-

2040 3454 2066 3481 ‹‹
2100 3447 2273 3487 venes
2295 3447 2495 3484 eorum
2522 3429 2773 3484 comedit
2795 3430 2966 3502 ignis,
2992 3436 3047 3485 et
3069 3431 3321 3502 virgines
3344 3450 3544 3489 eorum
3573 3454 3685 3492 non

2041 3544 2067 3569 ‹‹
2102 3525 2243 3575 sunt
2272 3518 2616 3574 Iamentatze.
2642 3518 2981 3574 Sacerdotes
3003 3537 3204 3575 eorum
3237 3522 3293 3575 in
3316 3521 3512 3594 gladio
3539 3526 3686 3581 ceci-

2043 3631 2072 3661 ι‹
2105 3610 2335 3673 derunt,
2361 3612 2417 3662 et
2437 3608 2621 3662 viduas
2648 3624 2849 3662 eorum
2875 3626 2989 3663 non
3018 3610 3418 3681 plorabantur.
3445 3614 3511 3667 Et
3533 3616 3685 3671 exci-

2044 3721 2070 3747 ‹‹
2105 3702 2260 3753 tatus
2301 3702 2391 3753 est
2420 3702 2701 3769 tanquam
2735 3696 3033 3753 dormiens
3064 3698 3369 3765 Dominus,
3404 3707 3687 3772 tanquam

2041 3811 2067 3836 «
2099 3793 2305 3860 potens
2355 3786 2695 3859 crapulatus
2726 3804 2759 3841 a
2788 3787 2940 3841 vino.
2976 3788 3044 3842 Et
3074 3788 3364 3860 percussit
3418 3789 3688 3848 inimicos

2040 3900 2067 3927 «
2102 3894 2239 3933 suos
2259 3877 2314 3931 in
2336 3877 2677 3949 posteriora,
2693 3877 3071 3949 opprobrium
3092 3878 3512 3950 sempiternum
3530 3880 3689 3938 dedit

2040 3991 2067 4017 ‹‹
2102 3967 2238 4022 illis.
2285 3968 2353 4021 Et
2380 3966 2595 4038 repulit
2625 3966 3067 4022 tabernaculum
3098 3967 3348 4040 Joseph,
3382 3975 3439 4025 et
3467 3971 3683 4028 tribum

2040 4080 2063 4103 α
2101 4055 2377 4127 prraim
2405 4072 2519 4109 non
2548 4054 2737 4126 elegit.
2763 4056 2869 4109 Sed
2898 4054 3071 4127 elegit
3092 4056 3308 4112 tribum
3334 4058 3685 4125 Juda,mon-

2046 4164 2067 4191 α
2100 4148 2215 4198 tem
2248 4143 2382 4197 Sion
2410 4160 2583 4214 quem
2608 4142 2826 4198 dilexit.
2855 4145 2920 4199 Et
2941 4148 3247 4202 aedificavit
3277 4148 3427 4204 sicut
3453 4152 3687 4207 unicor-

2044 4255 2070 4282 ‹‹
2104 4232 2195 4287 nis
2228 4230 2615 4287 sanctiﬁcium
2647 4250 2817 4288 suum
2846 4234 2903 4289 in
2927 4241 3100 4300 terra,
3124 4229 3299 4309 quam
3334 4239 3599 4294 fundavit
3628 4241 3684 4294 in

2042 4346 2069 4370 «
2102 4321 2333 4376 saecula.
2367 4324 2433 4375 Et
2463 4320 2636 4394 elegit
2667 4322 2847 4377 David
2882 4340 3112 4379 servum
3137 4342 3337 4391 suum,
3367 4330 3424 4380 et
3449 4327 3689 4381 sustulit

2041 4434 2067 4461 ‹‹
2101 4428 2236 4466 eum
2268 4410 2339 4464 de
2368 4410 2642 4483 gregibus
2673 4410 2890 4481 ovium,
2914 4413 2983 4467 de
3014 4418 3145 4484 post
3176 4412 3438 4467 faetantes
3462 4414 3688 4485 accepit

2041 4524 2067 4549 ‹‹
2101 4516 2235 4555 eum
2268 4515 2501 4571 pascere
2533 4500 2710 4554 Jacob
2743 4517 2971 4555 servum
3006 4506 3267 4567 suum,et
3298 4501 3473 4556 Israel
3506 4500 3686 4557 haere-

2040 4611 2066 4639 «
2100 4589 2343 4644 ditatem
2377 4603 2564 4642 suam.
2618 4588 2685 4641 Et
2728 4588 2881 4658 pavit
2911 4604 3009 4643 eos
3041 4587 3097 4641 in
3132 4589 3465 4645 innocentia
3496 4590 3688 4647 cordis

2036 4704 2062 4728 ((
2100 4678 2212 4748 sui,
2245 4682 2300 4733 et
2330 4677 2388 4732 in
2420 4675 2818 4732 intellectibus
2849 4692 3131 4733 manuum
3164 4695 3406 4735 suarum
3440 4680 3685 4736 deduxit

2042 4792 2067 4817 ‹‹
2102 4785 2219 4823 eos.
2256 4790 2282 4815 η

2646 4855 2819 4909 ΕΝΝΑ
2832 4855 3089 4911 RRATIO.

2108 4945 2169 4999 In
2204 4945 2311 4999 hoc
2345 4942 2569 5016 psalmo
2601 4944 2991 5015 continentur,
3027 4963 3151 5018 qua:
3186 4947 3241 5001 in
3275 4949 3447 5004 veteri
3474 4948 3686 5021 populo

2038 5035 2185 5088 facta
2206 5037 2537 5087 narrantur.
2565 5031 2871 5087 Recentior
2894 5039 3087 5089 autem
3112 5041 3167 5090 et
3190 5037 3478 5106 posterior
3500 5053 3685 5109 popu-

2055 5123 2149 5178 lus
2171 5122 2569 5188 admonetur;
2593 5126 2654 5175 ut
2676 5126 2873 5176 caveat
2901 5138 2970 5176 ne
2993 5122 3069 5177 sit
3089 5123 3355 5195 ingratus
3387 5125 3687 5180 beneﬁciis

2038 5212 2418 5282 Dei,ejusque
2440 5209 2497 5263 in
2520 5226 2581 5264 se
2606 5215 2873 5279 provocet
2894 5210 3281 5280 iracundiam,
3300 5213 3469 5284 cujus
3492 5214 3686 5268 humi-

2038 5301 2169 5356 liter
2191 5300 2359 5355 debet
2382 5299 2679 5367 suscipere
2703 5299 2972 5370 gratiam.
2995 5300 3135 5355 Cum
3163 5307 3355 5356 autem
3391 5301 3481 5357 hic
3513 5318 3689 5374 opera

2039 5393 2232 5461 aperte
2256 5388 2526 5443 videntur
2546 5388 2659 5441 dici
2685 5392 2859 5458 atque
2883 5390 3127 5456 narrari,
3147 5392 3419 5462 primitus
3445 5408 3549 5447 nos
3572 5408 3689 5447 mo-

2038 5484 2135 5533 net
2166 5482 2338 5547 atque
2361 5480 2613 5530 attentos
2639 5477 2773 5530 facit
2798 5476 3008 5532 titulus
3036 5478 3283 5549 psalmi:
3321 5496 3508 5551 neque
3530 5480 3683 5534 enim

2039 5569 2255 5622 frustra
2277 5564 2559 5636 scriptum
2584 5569 2691 5632 est,
2724 5565 3030 5621 intellectus
3052 5568 3251 5638 Amph,
3286 5568 3397 5624 nisi
3423 5569 3685 5626 lorsitam

2040 5670 2155 5714 non
2178 5655 2334 5732 quod
2358 5653 2700 5731 superﬁcies
2730 5652 2934 5715 littera
2962 5662 3153 5731 sonat,
3187 5656 3410 5719 scilicet
3437 5657 3686 5725 interius
