4014 6194
368 342 481 402 347

930 337 1231 402 REMIGII
1275 338 2031 401 ANTISSIODOHENSIS
2078 336 2249 401 OPP.
2296 334 2496 403 PARS
2545 341 2590 400 l.
2627 368 2703 383 α-
2735 336 3194 401 EXEGE’I‘ICA.

3646 342 3759 404 548

369 472 590 544 aliquid
613 470 1031 545 intelligentem
1056 476 1325 542 quaerunt
1347 473 1459 528 ista
1484 471 1775 528 lectorem.
1804 470 2013 528 Narra-
2042 476 2093 541 Α
2128 472 2263 545 quia
2276 472 2705 545 proliositiones
2723 472 3222 545 suntqntestiones
3245 471 3462 545 aliquid
3482 471 3761 528 habentes

368 565 535 616 turus
547 564 742 616 autem
758 576 826 616 ea
839 577 966 633 qua:
983 577 1094 615 non
1108 560 1488 616 videnturind
1501 561 1652 633 igere
1665 560 2011 632 expositore,

365 650 466 707 sed
497 653 727 704 tantum
757 649 1023 705 auditore
1050 666 1062 704 :
1097 649 1372 720 Aperiam,
1407 650 1616 721 inquit,
1646 651 1706 705 in
1728 649 2013 722 parabolis

360 754 419 794 os
445 754 657 808 meum,
708 738 906 809 loquar
947 739 1351 810 prepositiones
1379 740 1447 793 ab
1479 739 1667 793 initio.
1704 739 1844 804 Quis
1875 753 2011 810 ergo

362 828 537 883 audet
564 826 872 900 parabolas
903 830 961 881 et
990 826 1421 908 propositiones
1448 826 1617 899 quasi
1669 826 2012 882 manifestas

364 915 695 972 transitorie
715 931 1071 987 percurrere,
1088 933 1216 987 qua:
1240 916 1365 971 suis
1388 914 1728 971 nominibus
1748 915 2010 971 indicant

361 1022 423 1061 se
443 1003 618 1061 altius
641 1003 977 1076 investigari
999 1004 1300 1076 oportere?
1323 1004 1614 1060 Parabolas
1638 1003 1793 1060 enim
1815 1020 2009 1060 rerum

362 1092 778 1150 similitudines
810 1110 924 1166 pra:
956 1110 1017 1149 se
1037 1097 1286 1166 gerunt:
1320 1098 1377 1149 et
1405 1098 1609 1149 notum
1643 1098 1732 1149 est
1761 1092 1915 1165 quod
1949 1093 2008 1148 in

360 1181 653 1256 parabolis
686 1199 880 1238 rerum
911 1181 1329 1238 similitudines
1360 1199 1487 1254 quas
1511 1183 1808 1253 dicuntur,
1833 1182 2008 1237 rebus

360 1272 433 1328 de
453 1272 669 1343 quibus
691 1272 885 1344 agitur
914 1275 1366 1343 comparantur:
1402 1276 1468 1326 ut
1496 1271 1555 1327 in
1590 1270 1689 1326 illa
1710 1269 2003 1343 parabole,

358 1362 514 1418 Exiit
537 1362 634 1432 qui
651 1362 888 1416 seminat
906 1362 1185 1416 seminare
1206 1376 1406 1417 semen
1429 1378 1603 1416 suum
1627 1360 1836 1432 (Matth.
1862 1360 2004 1429 xm).

359 1451 568 1507 Semen
592 1450 763 1504 verbo
789 1448 883 1504 Dei
917 1453 1311 1520 comparatur,
1346 1448 1483 1520 quia
1512 1450 1640 1519 ejus
1672 1446 2006 1502 similitudi-

364 1554 495 1593 nem
518 1538 665 1610 gerit
682 1537 740 1592 in
762 1536 861 1592 illa
879 1536 1178 1609 parabola.
1195 1536 1625 1609 Propositiones
1645 1542 1839 1591 autem
1861 1552 2007 1607 quas

360 1628 540 1683 Graeci
563 1619 779 1700 προϐλή
793 1645 932 1698 ματα
952 1626 1536 1698 vocant,quaestiones
1558 1643 1623 1681 su
1636 1625 2008 1693 nt,habentes

358 1715 666 1789 aliquidin
686 1732 748 1771 se
775 1732 1075 1788 magnum,
1095 1716 1249 1788 quod
1272 1714 1668 1788 disputatione
1690 1714 1767 1769 sit
1787 1713 2007 1769 solven-

358 1808 519 1863 dum.
570 1805 709 1869 Quis
748 1822 881 1877 ergo
912 1805 1122 1861 audeat
1153 1804 1460 1876 parabolas
1491 1810 1546 1860 et
1578 1803 2004 1877 propositiones

306 1947 315 1957 .
362 1895 672 1953 transtorie
717 1894 907 1967 legere
948 1894 1119 1967 quasi
1153 1893 1527 1963 manifestas,
1581 1898 1638 1949 et
1668 1910 1782 1948 non
1816 1892 2011 1964 potius

359 2002 593 2042 summa
622 1983 920 2057 vigilantia
949 1983 1233 2053 intendat,
1298 1988 1362 2037 ut
1401 1983 1473 2038 ad
1525 1999 1729 2039 earum
1787 1982 2011 2037 fructus

360 2073 694 2147 perveniat?
728 2072 873 2127 Dicit
903 2077 1099 2128 autem
1131 2071 1215 2127 sic
1247 2072 1434 2143 Asaph
1470 2089 1481 2125 :

429 2162 730 2233 Attendite,
773 2162 971 2233 popule
1005 2168 1183 2228 meus,
1231 2160 1401 2231 legem
1434 2177 1629 2216 meam.
1664 2160 1865 2232 Asaph
1901 2159 2011 2215 iste

359 2254 624 2309 Christus
644 2250 1008 2325 intelligitur,
1024 2250 1164 2323 quia
1187 2251 1310 2323 ipse
1328 2249 1579 2306 maxime
1597 2248 1654 2304 in
1678 2248 1892 2321 populo
1915 2247 2011 2303 illo

360 2345 430 2402 ad
454 2342 560 2399 hoc
584 2342 905 2411 laborabat,
926 2346 991 2397 ut
1012 2340 1121 2395 sibi
1147 2338 1293 2396 alios
1314 2343 1658 2413 aggregaret
1682 2356 1694 2394 :
1730 2343 1786 2393 et
1807 2339 1876 2393 ad
1906 2355 2012 2395 nos

359 2435 534 2492 etiam
554 2433 801 2504 pertinet
820 2430 1141 2486 admonitio
1165 2447 1292 2501 quae
1311 2430 1377 2485 ﬁt
1394 2430 1452 2485 in
1476 2428 1586 2484 hoc
1605 2427 1851 2500 psalmo,
1871 2443 2012 2498 quo-

358 2525 518 2581 niam
548 2524 620 2578 de
650 2519 818 2577 nobis
849 2519 1069 2574 dictum
1102 2523 1192 2574 est
1220 2519 1396 2574 etiam
1430 2535 1442 2572 :
1494 2517 1659 2572 Salva
1687 2533 1815 2584 nos,
1870 2516 2011 2572 Deus

356 2613 617 2671 salutaris
637 2614 838 2676 noster,
863 2613 914 2662 et
936 2622 1201 2677 congrega
1247 2622 1344 2660 nos
1394 2606 1459 2661 de
1480 2605 1803 2660 nationibus
1829 2605 2006 2674 (Psal.

358 2705 457 2775 cv)
487 2719 499 2758 ε
553 2698 831 2772 quoniam
860 2695 907 2752 si
940 2695 1195 2751 cavenda
1237 2697 1403 2749 erant
1434 2692 1612 2765 priori
1642 2689 1855 2763 populo
1889 2697 2008 2746 tor-

361 2795 558 2848 menta
573 2783 988 2860 signiﬁcantia,
1004 2782 1187 2838 multo
1209 2781 1395 2853 magis
1410 2780 1666 2836 cavenda
1682 2785 1821 2836 sunt
1840 2780 2007 2836 nobis

357 2880 652 2937 tormenta
670 2873 1017 2947 signiﬁcata.
1043 2871 1159 2927 Nos
1184 2870 1342 2926 enim
1371 2886 1579 2925 sumus
1608 2869 1663 2923 in
1689 2886 1837 2940 quos
1861 2868 2006 2925 ﬁnes

363 2964 707 3025 saeculorum
734 2963 1087 3017 devenerunt
1116 2975 1128 3013 :
1161 2964 1217 3014 et
1247 2972 1608 3030 quascunque
1632 2957 1748 3013 illis
1771 2958 1827 3012 in
1862 2958 2005 3029 ﬁgu-

360 3070 487 3111 ram
502 3048 968 3122 contigerunt,ad
989 3052 1248 3103 nostram
1265 3046 1683 3102 correctionem
1700 3046 1849 3102 facta
1866 3050 2004 3102 sunt

362 3145 417 3215 (I
446 3140 568 3197 Cor.
602 3140 687 3211 ιι).
739 3138 805 3194 Et
836 3137 963 3193 ideo
996 3136 1042 3191 si
1077 3135 1161 3191 eis
1193 3136 1429 3190 fuerunt
1470 3135 1704 3190 vitanda
1734 3134 1889 3190 mala
1918 3134 2000 3190 si-

360 3214 717 3306 gniﬁcantia,
732 3226 967 3283 vitanda
987 3229 1128 3281 sunt
1147 3224 1313 3280 nobis
1335 3225 1524 3297 magis
1542 3224 1697 3306 mola
1722 3226 1996 3298 ﬁgurata:
2031 3214 2073 3280 C

363 3302 501 3395 quia
530 3318 703 3375 sicuti
736 3316 1065 3389 signiﬁcata
1094 3314 1246 3370 bona
1276 3314 1543 3386 digniora
1570 3302 1711 3369 sunt
1741 3314 1796 3368 in
1832 3313 2001 3369 nobis

304 3426 309 3431 ‘
362 3425 540 3484 quam
574 3410 727 3463 bona
756 3403 1169 3480 signiﬁcantia,
1194 3404 1272 3459 ita
1296 3404 1354 3461 in
1383 3403 1555 3459 malis
1579 3408 1718 3459 sunt
1739 3403 2005 3476 graviora

362 3498 537 3566 mala,
572 3514 698 3570 quas
731 3494 1061 3567 signiﬁcata
1091 3497 1247 3549 sunt.
1282 3492 1576 3555 Attendite,
1606 3492 1809 3565 populo
1834 3507 2001 3559 mens,

360 3589 531 3659 legem
552 3602 750 3642 meam.
764 3583 935 3651 Quasi
957 3583 1141 3638 dicat:
1169 3581 1276 3646 Qui
1300 3582 1602 3638 attenditis
1626 3580 1810 3654 legem
1833 3581 2004 3648 servi,

359 3676 640 3736 attendite
659 3674 846 3747 legem
865 3671 1113 3738 Domini,
1127 3671 1394 3728 videlicet
1414 3688 1528 3726 non
1556 3671 1881 3726 secundum
1907 3668 2003 3724 lit-

358 3769 567 3836 teram,
590 3764 692 3821 sed
716 3761 1039 3819 secundum
1065 3759 1336 3832 spiritum
1360 3776 1373 3814 :
1407 3759 1547 3831 quia
1578 3759 1763 3813 littera
1790 3757 2002 3827 occidit,

357 3856 585 3926 spiritus
613 3855 797 3909 autem
822 3849 1065 3920 viviﬁcat
1096 3848 1179 3919 (II
1209 3847 1328 3903 Cor.
1363 3850 1478 3916 ιιι).
1513 3845 1785 3902 Inclinate
1815 3861 2009 3901 aurem

362 3943 670 4011 vestrumin
692 3941 855 3995 verba
871 3940 981 3994 oris
1006 3939 1132 4007 mei,
1156 3937 1213 3993 id
1237 3941 1345 4005 est,
1374 3934 1677 3991 humiliter
1706 3936 2005 3991 attendite.

361 4030 511 4085 Nota
527 4028 684 4083 idem
708 4043 836 4082 esse
855 4026 1043 4098 legem
1065 4031 1122 4081 et
1150 4028 1359 4082 verba:
1394 4026 1495 4083 sed
1529 4025 1735 4097 repetit
1754 4026 1823 4080 ad
1850 4042 2008 4080 com—

361 4115 819 4182 mendationem,
845 4114 959 4170 sic:
984 4115 1251 4171 Inclinate
1279 4132 1473 4172 aurem
1500 4117 1737 4171 vestram
1758 4116 1819 4170 in
1848 4115 2012 4170 verba

360 4206 474 4262 oris
494 4205 623 4259 mei.
648 4202 795 4268 Quid
824 4207 914 4257 est
935 4202 1211 4257 inclinare
1230 4219 1441 4273 aurem,
1461 4201 1573 4258 nisi
1595 4200 1895 4258 humiliter
1914 4219 2013 4257 au-

294 4340 297 4345 .
361 4294 524 4352 dire?
557 4290 867 4349 Humiliter
897 4295 1092 4346 autem
1123 4289 1308 4355 audit,
1342 4292 1515 4362 cujus
1545 4308 1744 4346 aurem
1772 4289 2014 4346 inclinat

362 4384 638 4450 charitas,
654 4399 770 4439 non
787 4382 958 4453 cujus
976 4379 1256 4436 cervicem
1275 4380 1445 4452 erigit
1461 4385 1626 4436 vetus
1644 4380 2008 4437 animositas.

362 4475 615 4548 Apertam
645 4474 707 4529 in
733 4470 1012 4544 parabolis
1040 4486 1097 4525 os
1126 4485 1330 4537 meum,
1377 4470 1573 4541 loquar
1620 4471 2014 4542 propositiones

2123 561 2183 616 in
2208 578 2291 628 se,
2307 562 2458 633 quod
2485 562 2555 616 de
2577 561 2972 632 disputatione
2992 560 3333 617 solvendum
3355 565 3470 617 est:
3499 559 3637 616 etin
3659 560 3762 618 hoc

2123 650 2401 706 diﬁ'erunt
2425 649 2743 722 propositio
2758 654 2816 705 et
2833 648 3123 720 parabola.
3138 646 3421 706 Parabola
3439 647 3768 705 similitudi-

2126 756 2255 794 nem
2272 739 2565 810 exprimit,
2582 739 3007 811 propositiones
3019 744 3216 794 autem
3234 738 3368 795 sine
3381 736 3762 795 similitudine

2125 826 2371 900 intelligi
2403 836 2681 899 possunt;
2715 828 2869 900 quod
2902 826 3079 882 dicit:
3113 828 3369 899 Aperiam
3399 828 3465 883 iis
3489 826 3762 894 parabolis

2121 932 2177 971 os
2206 933 2412 987 meum,
2444 917 2638 989 loquar
2651 917 3052 988 propositiones
3070 916 3141 971 ab
3164 917 3363 972 initio:
3394 914 3540 987 quia
3565 920 3762 987 quanta

2119 1007 2435 1061 audivimus
2457 1006 2515 1060 in
2542 1005 2733 1061 Veteri
2764 1005 3136 1061 Testamento
3166 1004 3480 1076 promissa,
3506 1007 3558 1060 et
3577 1020 3760 1076 cogno-

2120 1097 2297 1150 vimus
2322 1111 2383 1150 ea
2405 1093 2463 1149 in
2488 1094 2643 1149 Novo
2664 1093 3039 1149 Testamento
3068 1092 3333 1165 impleta,
3365 1096 3418 1148 et
3446 1092 3561 1149 hoc
3588 1099 3763 1165 patres

2118 1186 2291 1240 nostri
2308 1187 2683 1239 narraverunt
2703 1182 2876 1239 nobis.
2902 1182 3050 1238 Nota
3070 1182 3211 1254 quia
3231 1181 3365 1238 licet
3393 1181 3679 1239 Dominus
3708 1184 3760 1239 in

2118 1272 2435 1345 Evangelio
2468 1272 2635 1344 prisci
2644 1271 2853 1345 piendo
2883 1272 3039 1327 dicat
3066 1272 3243 1328 Nolite
3270 1287 3468 1327 vocare
3496 1272 3643 1328 vobis
3666 1288 3760 1344 po-

2118 1368 2274 1433 trem,
2295 1377 2458 1432 super
2485 1370 2716 1431 terram,
2742 1378 2881 1417 unus
2908 1368 2987 1416 est
3014 1362 3164 1416 enim
3182 1361 3349 1416 Pater
3376 1366 3565 1417 vester
3593 1362 3687 1433 qui
3705 1364 3760 1417 ia

2116 1450 2266 1505 ctelis
2294 1459 2371 1505 est
2402 1451 2627 1521 (illatth.
2649 1450 2848 1522 xxui):
2885 1454 3080 1505 tamen
3113 1466 3224 1505 non
3257 1450 3530 1522 praecipit
3558 1450 3758 1506 auferri

2119 1555 2331 1594 nomen
2358 1538 2465 1594 hoc
2488 1538 2727 1594 honoris
2749 1538 2820 1593 ab
2854 1554 2965 1593 usu
2986 1536 3283 1609 loquendi,
3308 1538 3468 1611 quod
3498 1543 3662 1595 astate
3682 1538 3759 1595 vel

2118 1626 2502 1682 similitudine
2550 1643 2699 1682 cura:
2748 1627 3085 1698 impositum
3117 1632 3209 1682 est
3241 1643 3253 1680 :
3307 1628 3409 1683 sed
3440 1627 3580 1684 ideo
3611 1627 3758 1691 dicit,

2117 1717 2291 1773 Nolite
2317 1732 2507 1772 vorare
2528 1716 2674 1772 vobis
2700 1720 2916 1787 patrem
2936 1731 3100 1787 super
3118 1718 3346 1782 terram,
3372 1731 3445 1772 ne
3476 1715 3576 1771 alii
3607 1716 3760 1773 attri-

2119 1806 2395 1861 bueretur
2426 1805 2613 1877 gratia
2639 1811 2849 1877 praeter
2876 1803 3042 1860 illum
3062 1845 3076 1871 ,
3118 1805 3208 1859 cui
3242 1804 3586 1877 specialiter
3611 1806 3758 1862 attri-

2124 1893 2421 1950 buendum
2454 1898 2574 1961 est,
2628 1892 2712 1948 illi
2743 1893 3012 1949 videlicet
3039 1892 3140 1965 qui
3172 1894 3371 1949 omnia
3401 1900 3595 1966 parat.
3629 1895 3761 1952 Nota

2122 1982 2261 2053 quia
2290 1982 2383 2038 hic
2416 1988 2593 2054 caput
2622 1988 2891 2038 nostrum
2923 1999 2985 2037 se
3013 1983 3070 2037 in
3102 1998 3347 2038 numero
3376 1982 3585 2055 populi
3617 1983 3758 2041 illius

2124 2071 2382 2143 ponit,ut
2402 2071 2559 2144 piam
2586 2070 2949 2128 affectionem
2970 2088 3139 2127 suam
3160 2071 3445 2144 ergaillos
3472 2074 3754 2128 ostendat:

2124 2161 2280 2232 quod
2302 2160 2473 2216 dicit:
2510 2161 2728 2229 Quanta
2747 2162 3064 2217 audivimus
3081 2170 3133 2217 et
3149 2162 3506 2232 cognovimus
3522 2177 3583 2217 ea
3603 2167 3653 2217 et
3666 2178 3752 2234 pa-

2121 2258 2235 2306 tres
2258 2251 2429 2306 nostri
2446 2253 2821 2305 norraverunt
2841 2250 2995 2305 nobis
3012 2268 3030 2304 :
3063 2254 3120 2305 et
3150 2251 3279 2306 ideo
3299 2267 3411 2306 non
3437 2261 3574 2308 sunt
3594 2252 3751 2308 occul-

2121 2346 2233 2393 tata
2255 2355 2292 2394 a
2322 2339 2459 2409 ﬁliis
2488 2338 2817 2405 hominum,
2838 2339 2977 2411 [iliis
2999 2339 3150 2406 dico,
3173 2338 3566 2396 existentibus
3591 2341 3645 2395 in
3668 2357 3750 2396 co-

2120 2427 2396 2499 gnatione
2413 2426 2981 2500 sequente,videlicet
2996 2444 3097 2500 per
3108 2427 3545 2485 successionem
3568 2427 3748 2503 prolis,

2122 2520 2186 2571 ut
2214 2516 2395 2573 altera
2428 2517 2536 2573 fuit
2564 2517 2856 2590 generatio
2888 2515 3164 2584 ﬁliorum,
3189 2518 3332 2589 quia
3360 2522 3560 2590 patres
3588 2518 3642 2574 in
3665 2518 3746 2573 lit-

2120 2608 2244 2658 tera
2264 2610 2403 2659 sunt
2424 2604 2715 2665 obcaecati.
2734 2605 2835 2660 ﬁlii
2859 2622 2961 2677 per
2980 2605 3255 2677 spiritum
3272 2604 3747 2664 illuminati.Nar-

2118 2696 2301 2748 rantes
2323 2693 2508 2748 laudes
2530 2694 2752 2749 Domini
2769 2698 2819 2749 et
2852 2694 3077 2749 virtutes
3096 2694 3232 2766 ejus,
3259 2698 3312 2750 et
3335 2696 3617 2751 mirabilia
3641 2698 3747 2767 ejus

2116 2796 2235 2851 quae
2279 2783 2427 2852 fecit.
2474 2781 2649 2847 Quasi
2683 2783 2839 2837 dicat
2874 2801 2887 2839 :
2940 2787 3140 2839 Patres
3171 2783 3357 2839 nostri
3386 2789 3747 2841 narraverunt

2117 2869 2319 2938 nobis;
2348 2880 2535 2941 patres
2564 2870 2691 2927 dico
2711 2880 3004 2928 narrantes
3030 2871 3221 2928 laudes
3242 2873 3468 2929 Domini
3499 2892 3512 2929 :
3543 2879 3598 2929 et
3626 2874 3742 2929 ideo

2112 2968 2427 3027 narrantes,
2445 2959 2581 3031 quia
2601 2960 2844 3017 virtutes
2866 2962 3376 3027 annuntiavernnt,
3398 2968 3455 3019 et
3474 2980 3580 3018 non
3602 2979 3740 3035 qna-

2113 3052 2429 3121 lescuaque
2453 3049 2714 3117 virtutes,
2730 3050 2831 3106 sed
2854 3050 3153 3108 mirabiles
3177 3051 3565 3123 virtutesquas
3582 3051 3728 3120 fecit,

2112 3142 2255 3196 istas
2279 3138 2574 3194 videlicet:
2612 3140 2671 3194 Et
2693 3142 2985 3195 suscitavit
3003 3142 3375 3196 testimonium
3395 3141 3453 3195 in
3467 3140 3646 3206 Iacob,
3668 3140 3723 3196 id

2113 3234 2220 3294 est,
2241 3228 2414 3283 ﬁdem
2439 3228 2565 3283 sine
2587 3226 2713 3301 lege
2735 3229 2929 3284 datam
2953 3230 3261 3286 suscitavit
3282 3232 3340 3284 in
3357 3230 3529 3297 Iacob,
3546 3229 3597 3284 id
3618 3234 3719 3299 est,

2112 3320 2171 3374 in
2203 3315 2726 3389 supplanatoribus
2755 3323 2809 3372 et
2832 3322 3033 3374 contra
3078 3319 3219 3374 vitia
3256 3317 3640 3375 luctantibus:
3682 3326 3731 3374 et

2114 3410 2286 3476 legem
2308 3407 2511 3479 posuit,
2535 3406 2589 3460 id
2615 3412 2725 3475 est,
2751 3406 2995 3462 ﬁrmiter
3016 3406 3299 3463 stabilivit
3320 3411 3380 3463 in
3403 3409 3600 3465 Israel:
3630 3424 3736 3464 non

2116 3500 2179 3553 in
2193 3497 2358 3553 Israel
2382 3496 2704 3552 secundum
2725 3512 2985 3563 carnem,
2999 3496 3099 3553 sed
3117 3498 3444 3554 secundum
3463 3497 3739 3570 spiritum.

2116 3585 2275 3642 Unde
2307 3584 2450 3641 illud
2485 3602 2497 3639 :
2530 3586 2662 3641 Ecce
2692 3601 2812 3641 vere
2840 3586 3110 3652 Israelita,
3143 3588 3203 3642 in
3233 3603 3340 3658 quo
3367 3587 3523 3644 dolus
3546 3604 3653 3643 non
3677 3595 3750 3642 est

2115 3677 2293 3748 (toan.
2326 3675 2387 3746 ι).
2440 3673 2588 3732 Nota
2616 3673 2755 3744 quia
2786 3673 2932 3730 ﬁdes
2963 3674 3178 3730 dicitur
3206 3678 3583 3732 testimonium
3610 3676 3747 3744 ideo,

2118 3763 2255 3835 quia
2273 3762 2399 3835 lege
2421 3770 2477 3818 et
2496 3760 2797 3833 prophetis
2820 3761 3128 3818 testiﬁcata
3144 3769 3263 3820 est:
3289 3763 3377 3819 vel
3403 3765 3558 3822 idem
3582 3768 3755 3839 potest

2117 3850 2365 3930 intelligi
2388 3867 2490 3923 per
2510 3851 2885 3907 testimonium
2901 3855 2958 3907 et
2977 3868 3079 3924 per
3095 3852 3271 3926 legem
3289 3870 3308 3908 :
3330 3853 3421 3910 lex
3436 3855 3596 3911 enim
3619 3852 3753 3909 male

2120 3939 2850 4006 utentibus,testimonium
2872 3956 2987 4011 quo
3022 3939 3231 3996 convin
3249 3948 3462 3998 cantur
3494 3941 3756 4017 puniendi

2116 4030 2377 4103 legitime
2400 4028 2829 4098 utentibus,est
2848 4028 3254 4086 testimonium
3277 4048 3395 4104 quo
3418 4032 3762 4089 demonstre-

2120 4124 2219 4174 tur
2238 4119 2309 4173 ad
2336 4134 2510 4190 quem
2534 4117 2873 4188 confugiant
2894 4116 3206 4173 liberandi.
3224 4121 3297 4175 Et
3317 4120 3500 4190 legem
3516 4124 3697 4194 posuit
3713 4122 3760 4176 in

2120 4208 2307 4265 Israel.
2338 4206 2474 4262 Illos
2497 4205 2595 4278 qui
2630 4204 2803 4262 Israel
2835 4211 2978 4261 sunt
3006 4207 3336 4265 secundum
3369 4225 3631 4279 carnem,
3653 4210 3762 4282 lege

2122 4296 2293 4370 quasi
2315 4312 2489 4353 onere
2516 4296 2676 4369 gravi
2700 4296 2991 4351 oneravit:
3019 4295 3158 4368 quia
3181 4297 3446 4355 veniente
3478 4300 3761 4364 mandato,

2124 4385 2329 4444 revixit
2358 4390 2661 4458 peccatum
2716 4386 2892 4457 (Rom.
2942 4387 3065 4455 vn).
3121 4386 3236 4445 Nec
3267 4386 3492 4445 frustra
3521 4388 3761 4462 positum

2124 4481 2234 4545 est,
2265 4476 2547 4531 suscitavit
2570 4492 2589 4529 :
2619 4473 2757 4545 quia
2787 4472 2934 4528 nihil
2960 4474 3282 4532 suscitatur
3309 4478 3465 4551 quod
3494 4480 3659 4553 prius
3681 4494 3762 4535 so-

362 4563 430 4618 ab
450 4564 634 4620 initio.
658 4559 834 4628 Quasi
860 4560 1048 4615 dicat:
1078 4559 1208 4615 [deo
1230 4558 1360 4614 dico
1382 4563 1448 4613 ut
1470 4557 1760 4649 inclinatis
1782 4574 2006 4649 aurem,
2042 4584 2085 4649 Ι)
2125 4566 2301 4638 pitur,
2333 4564 2391 4620 in
2424 4562 2542 4619 illis
2573 4579 2705 4619 vero
2742 4562 2833 4617 lex
2864 4562 3149 4622 naturalis
3178 4569 3268 4622 est
3294 4566 3510 4639 sopita,
3542 4568 3645 4625 sed
3673 4583 3762 4639 per

365 4651 503 4722 quia
524 4667 629 4724 ego
649 4652 895 4723 aperiam
917 4665 975 4706 os
991 4664 1172 4704 meum
1191 4648 1252 4703 in
1267 4647 1571 4720 parabolis,
1593 4648 1647 4702 id
1672 4650 1781 4716 est,
1806 4646 1863 4702 in
1885 4664 2005 4702 ser-

366 4739 640 4794 monibus
664 4756 856 4794 rerum
879 4738 1325 4794 similitudinem
1346 4755 1464 4810 pra:
1488 4754 1549 4793 se
1571 4737 1927 4809 gerentibus.
1947 4738 2013 4793 Et

369 4824 595 4881 utinam
625 4826 722 4897 qui
746 4826 837 4880 hic
855 4826 1131 4897 dignatur
1151 4844 1215 4881 os
1238 4826 1461 4898 aperire
1481 4824 1539 4879 in
1566 4823 2013 4881 similitudinem

367 4931 585 4988 rerum,
600 4915 942 4986 dignaretur
963 4929 1027 4969 os
1046 4914 1272 4986 aperire
1293 4913 1352 4969 in
1375 4912 1839 4985 expositionibus
1862 4913 2016 4986 ipsa-

366 5019 712 5081 rumqrerum
731 5020 744 5070 ;
764 5002 900 5076 quia
916 5006 972 5057 et
989 5004 1040 5058 si
1061 5001 1279 5074 aliquid
1300 5003 1543 5075 dignum
1567 5002 1635 5057 ad
1659 5002 2016 5059 audiendum

366 5090 839 5165 exprimimus,in
863 5092 1075 5149 sudore
1088 5090 1510 5163 tamenlpanem
1536 5097 1802 5147 nostrum
1824 5107 2015 5148 come-

368 5181 586 5238 dimus.
613 5186 742 5238 Haec
764 5182 936 5237 verba
958 5181 1013 5236 in
1041 5179 1373 5253 Augustino
1397 5180 1671 5251 reperies,
1698 5179 1755 5235 in
1789 5181 2016 5254 exposi-

368 5272 524 5330 tione
564 5270 736 5327 istius
775 5288 979 5327 versus
1012 5289 1025 5327 :
1081 5271 1297 5341 Loquar
1331 5269 1729 5341 propositiones
1758 5270 1827 5324 ab
1858 5271 2016 5327 initio

366 5359 542 5418 istius
572 5360 1037 5433 congregationis
1071 5361 1272 5417 factas.
1304 5358 1541 5415 Initium
1580 5358 1687 5413 luit
1708 5357 1889 5415 Vetus
1907 5358 2014 5415 Te-

368 5454 748 5520 etamentum,
775 5448 909 5506 ﬁnis
930 5455 1018 5506 est
1033 5449 1291 5505 Novum:
1318 5447 1404 5505 vel
1428 5447 1663 5503 initium
1682 5447 1855 5504 istius
1876 5464 2015 5504 con-

368 5539 725 5613 gregationis
758 5538 887 5606 fuit,
922 5541 1156 5611 quando
1189 5556 1290 5612 per
1319 5538 1556 5611 Moysen
1581 5542 1638 5593 et
1658 5539 1848 5593 Aaron
1876 5554 2013 5594 con-

369 5624 593 5712 gregati
625 5631 764 5689 sunt
792 5632 858 5686 ut
884 5629 1269 5687 educerentur
1298 5628 1370 5689 de
1401 5632 1557 5688 terra
1584 5626 1832 5705 Egypti.
1869 5628 2017 5697 Nota

2116 4654 2306 4728 legem
2337 4652 2617 4725 scriptam
2639 4656 2729 4707 est
2748 4652 3095 4709 resuscitata
3125 4654 3315 4727 :quod
3346 4656 3574 4725 dicit,et
3601 4657 3758 4713 susei-

2123 4746 2255 4801 tavit
2275 4742 2647 4799 testimonium
2668 4742 2726 4796 in
2753 4741 2935 4806 Iacob,
2967 4742 3026 4797 in
3061 4760 3177 4815 quo
3198 4745 3544 4804 testimonio
3574 4747 3763 4819 quanta

2126 4831 2411 4888 mandavit
2436 4832 2689 4902 patribus
2719 4831 2942 4899 nostris,
2976 4832 3153 4905 Moysi
3185 4833 3451 4891 videlicet
3481 4842 3543 4893 et
3563 4839 3763 4906 Aaron,

2124 4921 2212 4977 vel
2234 4919 2367 4977 aliis
2389 4919 2657 4993 patribus
2680 4918 2992 4975 carnaliter
3013 4920 3480 4994 intelligentibns
3507 4943 3521 4981 :
3556 4923 3767 4981 manda-

2124 5014 2231 5076 vit,
2286 5010 2386 5066 sed
2422 5026 2539 5067 non
2570 5007 2930 5065 intellectum
2962 5008 3140 5066 dedit.
3177 5010 3244 5067 Et
3272 5012 3417 5085 quid
3446 5009 3768 5070 mandavit?

2126 5104 2255 5156 nota
2280 5100 2469 5169 facere
2500 5114 2563 5154 ea
2588 5098 2723 5167 ﬁliis
2751 5099 2872 5152 suis
2908 5118 2926 5152 :
2973 5099 3111 5171 quia
3143 5098 3279 5156 licet
3309 5100 3423 5173 ipsi
3453 5101 3769 5163 intellexis-

2127 5193 2277 5255 sent,
2302 5188 2375 5243 ab
2392 5186 2526 5243 aliis
2546 5190 2743 5242 tamen
2770 5185 3082 5243 carnaliter
3103 5187 3573 5262 intelligentibus
3593 5203 3773 5264 perce-

2127 5281 2339 5351 perunt
2360 5274 2464 5331 ﬁlii
2482 5275 2635 5346 quod
2654 5274 3102 5349 intelligendum
3121 5282 3274 5335 erat:
3292 5278 3432 5351 quia
3450 5280 3564 5353 ipsi
3584 5293 3799 5353 σαι-ιιι(

2124 5367 2257 5423 liter
2284 5364 2673 5423 observabant
2704 5363 2912 5438 legem,
2945 5365 3127 5423 donec
3153 5367 3257 5423 ﬁlii
3289 5384 3391 5441 per
3409 5369 3659 5441 gratiam
3682 5367 3769 5424 in-

2125 5455 2469 5512 tellexerunt
2514 5453 2654 5525 quid
2685 5453 2776 5509 lex
2808 5454 3122 5527 ﬁguraret:
3165 5458 3324 5529 quod
3354 5457 3514 5523 dicit,
3551 5458 3764 5526 Quanta

2123 5543 2406 5602 mandavit
2432 5542 2686 5614 patribus
2716 5544 2946 5615 nostris,
2995 5549 3125 5600 nota
3154 5549 3343 5618 facere
3367 5563 3437 5604 ea
3463 5546 3601 5619 ﬁliis
3626 5546 3759 5614 suis,

2123 5639 2185 5702 ut
2196 5637 2489 5715 cognoscat
2504 5634 2790 5709 generatio
2804 5633 3002 5706 altera,
3017 5634 3386 5712 subsequens
3401 5634 3673 5702 videlicet
3683 5628 3762 5697 vel
