4014 6194
343 316 453 375 551

907 300 1206 368 REMIGII
1255 299 2006 366 AN'l‘lSSlODORENSIS
2055 298 2227 360 OPP.
2274 293 2471 359 PARS
2518 299 2674 358 1.-
2706 293 3170 358 EXEGETICA.

3629 293 3760 356 553

349 461 629 518 percussa
657 447 744 499 est
769 438 1408 515 petra,signiﬁcatquia
1429 431 2078 504 ChristusinduplicA
2111 432 2264 486 unde
2330 430 2690 486 reficiuntur.
2760 428 2921 483 Unde
2981 426 3124 482 illud
3178 445 3191 481 :
3245 427 3440 482 Omnes
3509 421 3766 478 eamdem

339 536 498 608 ligno
530 533 722 590 crucis
751 536 1022 587 extensus
1051 528 1160 584 fuit
1191 533 1247 584 et
1278 528 1334 582 in
1369 526 1466 582 illo
1489 530 1726 582 extenso
1755 540 1992 578 emana-

349 628 564 682 verunt
596 639 758 694 aquae
790 620 1137 692 largissimae
1174 635 1186 672 :
1221 617 1358 688 quia
1388 613 1726 688 prophetica
1756 611 1911 666 dicta
1935 611 1993 665 in

341 718 528 769 morte
560 729 666 768 sua
697 707 1090 780 intelligibilia
1123 707 1275 761 facta
1305 710 1443 760 sunt
1464 703 1604 775 quia
1633 701 1756 757 vela
1789 698 1994 771 templi

342 803 529 858 scissa
558 805 716 864 sunt,
750 799 943 853 omnis
967 795 1300 852 obscuritas
1341 791 1662 866 prophetici
1699 789 1991 846 sermonis

341 893 637 947 destructa
668 893 755 944 est
785 905 797 941 :
833 904 900 942 ex
931 886 1147 958 quibus
1213 881 1569 956 propheticis
1616 879 1788 934 dictis
1820 877 1990 932 multi

341 981 548 1036 divites
580 979 755 1050 potati
789 982 947 1031 sunt.
974 975 1136 1030 Unde
1167 972 1310 1027 illud
1349 989 1362 1025 ε
1394 973 1458 1027 Si
1487 973 1607 1042 quis
1637 971 1772 1036 silit,
1808 969 1992 1022 veniat

340 1071 414 1124 ad
440 1085 526 1124 me
557 1072 605 1122 et
637 1067 784 1121 bibat
834 1067 1011 1134 (Joan.
1072 1063 1172 1132 vn)
1208 1079 1221 1128 ;
1256 1062 1410 1132 quod
1471 1058 1614 1114 dicit
1647 1075 1658 1111 :
1698 1057 1993 1126 Interrupit

335 1163 548 1231 petram
579 1158 638 1211 in
659 1171 860 1223 eremo,
910 1157 961 1209 et
989 1153 1284 1223 adaquavtt
1339 1166 1426 1206 eos
1485 1149 1628 1203 velut
1688 1149 1747 1202 in
1797 1147 1990 1218 abysso

339 1247 534 1301 multa.
569 1245 636 1300 Et
679 1241 972 1315 quomodo
1020 1240 1129 1296 hoc
1160 1240 1186 1294 ‘?
1217 1238 1366 1303 Quia
1423 1237 1613 1292 eduxit
1672 1251 1874 1306 aquam
1928 1231 1993 1287 de

339 1341 513 1406 petra,
545 1339 591 1389 st
637 1332 878 1388 deduxit
934 1339 1162 1400 tanqum
1209 1329 1448 1398 ﬂumina
1497 1341 1688 1397 aquas.
1733 1324 1800 1378 Et
1855 1320 1992 1376 licet

342 1425 462 1480 haec
493 1423 690 1478 omnia
703 1421 796 1477 his
821 1420 1271 1485 fecisset,tamen
1294 1416 1472 1472 adhuc
1487 1417 1856 1486 apposueruut
1873 1426 1994 1482 pec-

338 1531 465 1569 eare
481 1513 615 1578 ei,id
636 1507 1214 1578 est,contraeum_;sic
1229 1505 1518 1561 videlicet:
1541 1507 1608 1576 in
1633 1505 1718 1557 ira
1750 1503 1991 1555 concita-

343 1611 536 1658 verunt
567 1617 704 1656 eum
739 1601 795 1654 in
825 1601 1108 1669 inaquoso,
1143 1595 1281 1667 quia
1310 1593 1367 1648 in
1403 1593 1564 1648 arido
1620 1591 1743 1646 loco
1777 1606 1990 1661 aquam

342 1692 618 1749 tentando
635 1687 1121 1761 petierunt,quasi
1139 1685 1214 1738 im
1226 1689 1430 1756 potens
1445 1687 1598 1739 esset
1615 1687 1764 1736 Deus
1777 1695 1990 1752 aquam

343 1781 400 1835 in
433 1779 593 1836 arido
627 1777 752 1834 loco
785 1777 943 1840 dare,
978 1774 1078 1847 qui
1120 1790 1277 1828 mare
1311 1771 1567 1827 divisum
1627 1770 1761 1824 fecit
1813 1772 1987 1823 stare.

347 1872 404 1926 tn
434 1872 693 1940 inaquoso
745 1869 1060 1938 provocant
1114 1863 1405 1918 Excelsum
1463 1859 1534 1914 ad
1570 1859 1738 1923 iram,
1800 1855 1897 1928 qui
1933 1856 1991 1910 in

346 1957 562 2014 mentis
591 1955 862 2012 ariditate
919 1954 989 2008 de
1047 1957 1274 2007 terreno
1331 1947 1637 2005 commodo
1697 1947 1988 2001 invocant.

341 2049 405 2102 Et
433 2049 782 2102 lentaverunt
833 2043 1000 2098 Deum
1051 2043 1110 2096 in
1148 2040 1401 2098 cordibus
1448 2039 1580 2106 suis,
1636 2043 1694 2090 ut
1745 2037 1992 2106 peterent

344 2152 490 2192 escas
518 2134 807 2212 animabus
864 2132 995 2187 suis.
1058 2131 1203 2185 Nota
1261 2127 1512 2199 qualiter
1574 2131 1752 2180 Deum
1805 2126 1992 2178 tenta-

346 2227 489 2281 bant
520 2243 531 2280 :
561 2224 700 2295 quia
728 2223 881 2294 quod
916 2237 1014 2277 ore
1047 2219 1351 2290 rogabant,
1408 2221 1587 2270 Deum
1652 2231 1764 2269 non
1823 2227 1994 2283 posse

347 2315 532 2370 facere
555 2313 614 2368 in
649 2312 822 2368 corde
855 2309 1224 2365 dubitabant.
1271 2308 1419 2362 Sunt
1448 2304 1640 2360 adhuc
1675 2301 1868 2364 multi,
1895 2299 1993 2372 qui

347 2401 640 2458 animabus
669 2401 806 2466 suis,
840 2398 896 2452 id
931 2402 1042 2463 est,
1097 2393 1440 2450 animalilati
1502 2408 1618 2447 suae
1678 2405 1871 2444 escam
1906 2403 1996 2459 pe-

346 2488 760 2558 tunt,velutilli
796 2487 893 2559 qui
925 2486 1109 2540 Deum
1132 2500 1247 2538 non
1276 2486 1511 2554 propter
1541 2480 1729 2543 se,sed
1761 2482 1998 2550 propter

346 2585 577 2635 terrena
607 2576 823 2642 colunt,
858 2573 1027 2646 quasi
1066 2572 1305 2627 suavius
1337 2571 1414 2625 sit
1471 2569 1627 2639 quod
1661 2567 1780 2635 dat,
1815 2580 1994 2636 quam

350 2672 475 2741 ipse
505 2667 606 2739 qui
640 2667 756 2720 dat.
790 2666 852 2719 Et
881 2663 1025 2717 male
1056 2662 1225 2715 locuti
1251 2668 1379 2714 sunt
1407 2659 1478 2713 de
1508 2659 1612 2712 Deo
1642 2656 1951 2716 ,‘dixerunt
1976 2670 1993 2706 :

349 2756 607 2832 Nunquid
634 2757 832 2828 poterit
869 2757 1013 2808 Deus
1066 2765 1268 2821 parare
1308 2764 1553 2802 mensam
1612 2747 1667 2800 in
1728 2744 1937 2798 deserto
1969 2741 1996 2794 ‘?

352 2847 452 2902 Hic
485 2850 758 2901 notantur
814 2841 919 2908 illi,
983 2839 1082 2912 qui
1145 2855 1259 2893 non
1319 2836 1639 2904 credentes,
1674 2833 1993 2888 dixerunt:

351 2935 604 3006 Nunqud
637 2947 871 2989 carnem
905 2945 1073 2986 suam
1105 2933 1162 2982 et
1217 2925 1567 2998 sanguinem
1601 2939 1774 2978 suum
1837 2920 2001 2976 dabit

353 3024 524 3080 nobis
554 3039 657 3095 per
685 3023 878 3092 partes
909 3019 980 3073 ad
1010 3015 1432 3073 comedendum
1463 3018 1519 3068 et
1551 3013 1622 3068 ad
1680 3009 1997 3066 bibendum

354 3113 529 3184 (Joan.
589 3111 664 3182 v1)
707 3109 734 3164 ?
792 3109 1055 3180 quoniam
1131 3106 1256 3176 jam
1312 3104 1581 3176 percussit
1657 3104 1893 3172 petram,
1948 3101 2001 3151 et

2102 537 2280 578 escam
2307 520 2656 592 spiritualcm
2714 517 3204 583 manducaverunt,
3253 513 3522 570 eumdem.
3562 520 3766 584 potum

2103 611 2408 682 spiritalem
2441 610 2692 664 biberunt
2724 609 2770 679 (ι
2800 606 2919 662 Cor.
2979 607 3056 678 κ).
3091 605 3313 661 Cibaria
3372 604 3527 658 misit
3582 603 3665 657 eis
3697 618 3766 656 in

2102 700 2469 755 abundantia.
2502 699 2570 752 Et
2599 697 2892 769 quomodo
2945 696 3052 750 hoc
3073 695 3100 749 ?
3133 693 3433 750 Transtulit
3487 693 3766 748 Austrum

2101 789 2167 844 de
2193 790 2347 854 caelo,
2384 788 2441 842 in
2473 793 2686 842 terram
2720 785 3026 852 subaudis,
3044 784 3182 856 quia
3209 781 3426 838 malam
3461 782 3765 852 intempe-

2102 877 2246 932 riem
2279 877 2429 931 aeris
2452 875 2831 940 dextruxit,et
2854 873 3190 944 temperiem
3223 872 3440 926 bonam
3469 870 3560 926 eis
3593 868 3768 925 dedit

2102 967 2164 1021 Et
2196 967 2418 1021 induant
2450 967 2507 1020 in
2539 966 2738 1021 virtute
2765 979 2866 1018 sua
2893 964 3160 1034 Africum,
3192 969 3243 1016 et
3284 960 3431 1032 pluit
3474 975 3647 1031 super
3671 975 3766 1015 eos

2099 1057 2238 1110 sicut
2262 1057 2543 1126 pulverem
2572 1069 2762 1108 carnes
2797 1069 2809 1118 ;
2844 1057 2900 1106 et
2931 1069 3045 1106 non
3079 1049 3520 1122 qualescunque
3541 1065 3767 1106 carnea

2101 1145 2201 1200 sed
2231 1145 2371 1200 sicut
2394 1159 2630 1200 arenam
2654 1142 2825 1199 maris
2839 1141 3090 1196 volatilia
3117 1143 3362 1211 pennata
3387 1137 3516 1194 Non
3535 1138 3773 1194 frustra

2101 1234 2244 1290 dicit
2270 1236 2534 1304 pennata,
2568 1248 2704 1287 cum
2735 1230 2933 1286 omnia
2963 1228 3222 1284 volatilia
3272 1233 3413 1284 sunt
3445 1232 3714 1298 pennata
3749 1244 3764 1283 ε

2102 1325 2204 1379 sed
2237 1324 2376 1396 quia
2407 1322 2674 1378 dicturus
2705 1325 2848 1386 erat,
2884 1319 3194 1375 ceciderunt
3226 1319 3288 1372 in
3333 1317 3512 1374 medio
3542 1325 3763 1374 castro-

2101 1429 2229 1467 rum
2257 1427 2478 1478 eorum,‘
2501 1408 2779 1481 praemisit
2814 1410 3060 1464 volatilia
3106 1416 3368 1479 pennata,
3402 1411 3464 1462 ut
3494 1405 3766 1464 admira-

2101 1501 2244 1556 tioni
2277 1500 2493 1556 habeas
2523 1498 2779 1554 volatilia
2835 1497 3132 1554 cecidisse.
3165 1497 3231 1552 Et
3280 1495 3770 1552 manducaveruat

2101 1599 2151 1644 et
2176 1591 2423 1646 saturali
2452 1591 2578 1644 sunt
2609 1589 2796 1643 nimis.
2841 1596 2892 1643 et
2933 1586 3269 1641 desiderium
3317 1602 3515 1641 eorum
3559 1586 3770 1640 attulit

2102 1680 2180 1734 eis
2213 1695 2226 1732 :
2261 1677 2401 1750 quia
2428 1694 2536 1733 non
2565 1684 2694 1732 sunt
2719 1678 2974 1746 fraudati
3038 1693 3073 1729 a
3127 1674 3398 1730 desiderio
3422 1689 3524 1730 suo
3559 1692 3578 1728 .·
3614 1675 3768 1746 quia

2101 1765 2474 1822 refectionem
2502 1782 2680 1836 quam
2713 1765 3005 1835 petebant,
3039 1764 3408 1819 abundanter
3436 1763 3654 1818 tribuit
3674 1763 3770 1824 eis

2101 1855 2405 1910 Dominus.
2436 1855 2503 1909 Et
2531 1854 2708 1909 adhuc
2736 1869 2874 1910 escae
2929 1869 3142 1920 eorum,
3204 1851 3467 1908 videlicet
3526 1869 3769 1923 carnes,

2101 1949 2258 2000 erant
2292 1947 2351 1999 in
2379 1960 2470 1999 ore
2513 1945 2760 2015 ipsorum
2791 1961 2808 1996 :
2840 1947 2897 1998 et
2924 1946 3120 1997 tamen
3183 1941 3394 2014 ingrati
3452 1942 3768 2004 beneficiis

2105 2033 2378 2088 omnibus
2409 2038 2858 2106 promeruerunt
2885 2031 2993 2086 hoc
3024 2032 3180 2102 quod
3218 2032 3308 2086 ira
3363 2031 3460 2086 Dei
3507 2031 3765 2088 ascendit

2103 2139 2263 2194 super
2293 2138 2399 2188 eos,
2433 2123 2532 2193 qui
2555 2138 2718 2193 spem
2752 2138 2919 2176 suam
2953 2121 3010 2174 in
3053 2123 3164 2176 Deo
3185 2119 3616 2191 posuissenl,ut
3642 2138 3763 2178 non

2104 2216 2332 2268 tantum
2370 2210 2829 2266 mininistrasset
2857 2209 2940 2264 eis
2965 2207 3241 2275 carnalia,
3263 2209 3363 2266 sed
3395 2208 3758 2281 spiritualia,

2105 2301 2250 2356 Nam
2284 2299 2384 2373 qui
2413 2298 2693 2354 mandavit
2722 2298 2960 2354 nubibus
3001 2297 3245 2369 desuper.
3303 2302 3358 2353 et
3410 2299 3618 2368 ianuas
3635 2301 3760 2355 cati

2105 2392 2342 2462 aperuit,
2369 2393 2419 2444 et
2444 2390 2588 2461 pluit
2632 2389 2753 2444 illis
2809 2404 3022 2442 munita
3077 2386 3147 2441 ad
3204 2386 3679 2454 manducandum,
3708 2392 3758 2443 et

2101 2495 2301 2550 panem
2325 2479 2450 2533 caeli
2475 2477 2640 2545 dedit,
2672 2481 2724 2532 et
2751 2477 2964 2532 cibaria
2994 2477 3148 2532 misit
3175 2477 3258 2531 eis
3292 2477 3353 2531 in
3383 2476 3756 2543 abundantia,

2106 2576 2170 2623 ut
2199 2571 2461 2640 pasceret
2491 2565 2844 2635 incredulos,
2878 2583 2992 2621 non
3025 2565 3291 2622 ineﬂicax
3319 2571 3412 2622 est
3436 2583 3542 2622 nec
3575 2567 3760 2639 impo-

2106 2661 2255 2720 tens,
2288 2656 2662 2712 credentibus
2682 2671 2882 2710 verum
2902 2671 3111 2726 panem
3134 2654 3205 2710 de
3234 2654 3380 2710 ccelo
3411 2655 3756 2728 dare,quem

2107 2745 2456 2816 significavit
2486 2743 2830 2816 manna,qui
2862 2759 3032 2798 verus
3063 2742 3231 2798 cibus
3260 2748 3353 2799 est
3379 2744 3753 2816 angelorum:

2108 2833 2215 2888 hoc
2271 2837 2379 2902 est,
2438 2831 2695 2892 Verbum
2758 2831 2965 2902 Patris,
3019 2831 3172 2902 quod
3235 2831 3760 2904 incorruptibiliter

2107 2921 2314 2994 pascit,
2350 2925 2413 2977 Et
2438 2937 2641 2992 panem
2673 2921 2998 2991 angelorum
3025 2919 3378 2976 manducavit
3408 2921 3596 2978 homo.
3638 2923 3754 2976 l'er-

2109 3013 2235 3065 bum
2268 3026 2394 3065 caro
2439 3012 2652 3081 factum
2680 3013 2778 3078 est,
2829 3009 3097 3065 habitavit
3151 3011 3210 3064 in
3254 3010 3405 3064 nobis
3435 3009 3618 3078 (Joan.
3653 3011 3697 3081 ι)
3734 3026 3750 3063 :

2109 3102 2264 3173 quod
2291 3100 2544 3156 Verbum
2607 3117 2708 3171 per
2759 3099 3054 3172 angelicas
3087 3100 3269 3155 nubes
3318 3097 3583 3154 universo
3616 3099 3749 3156 orbi

354 3177 854 3272 iluxeruntvaquae,
881 3206 932 3253 et
961 3200 1244 3258 torrentes,
1277 3193 1331 3248 id
1362 3197 1470 3263 est,
1511 3190 1786 3247 doctrinas
1833 3190 1998 3242 inun-
2032 3177 2074 3244 C
2113 3190 2355 3263 pluitur,
2387 3194 2443 3244 et
2476 3200 2612 3261 aper
2653 3188 3098 3260 praedicatorum
3144 3187 3432 3254 cordibus,
3463 3192 3748 3259 tanquam

356 3291 637 3346 daverunt.
699 3289 765 3343 Et
813 3287 952 3360 quia
1007 3285 1163 3340 istud
1237 3282 1387 3338 fecit.
1449 3279 1709 3353 Nunquid
1763 3287 1814 3334 et
1871 3277 1999 3331 ideo

353 3383 551 3452 poterit
583 3379 714 3434 dare
740 3393 938 3450 panem
968 3378 1062 3431 aut
1091 3390 1290 3446 parare
1320 3388 1562 3426 mensam
1594 3368 1805 3442 populo
1841 3383 1946 3422 suo
1975 3364 2003 3418 ‘?

361 3467 518 3522 Hanc
575 3464 1100 3521 murmurationem
1156 3460 1332 3518 talem
1381 3459 1593 3514 audivit
1639 3459 1924 3521 Dominus,
1957 3460 2006 3508 et

359 3555 576 3610 distulit
603 3571 702 3609 eos
732 3553 999 3608 videlicet
1017 3552 1073 3606 in
1105 3556 1320 3606 terram
1344 3546 1754 3621 promissionis
1772 3545 2002 3606 ducere,

361 3660 496 3700 cum
528 3659 630 3716 per
659 3659 878 3714 paucos
904 3641 1027 3696 dies
1058 3638 1196 3694 illuc
1258 3641 1496 3710 possent
1537 3635 1854 3706 pervenire,
1891 3629 2005 3685 nisi

359 3737 556 3790 essent
586 3751 619 3788 a
647 3731 837 3804 patria
868 3727 1171 3785 differendi
1205 3727 1346 3782 etin
1382 3740 1576 3779 eremo
1619 3723 1955 3777 conterendi
1990 3738 2002 3775 :

364 3823 449 3878 vel
481 3822 702 3879 distulit
736 3836 989 3893 pmnam,
1048 3821 1111 3870 ut
1167 3813 1460 3868 infidelem
1518 3811 1756 3867 satiaret
1803 3827 2006 3866 eorum

360 3908 890 3982 concupiscentiam
944 3923 956 3959 :
1007 3909 1063 3958 et
1130 3902 1293 3974 prius
1351 3900 1484 3956 fecit
1541 3900 1695 3972 quod
1752 3899 2007 3955 inﬁdelis

365 3995 618 4070 populus
648 4011 781 4050 eum
835 3994 1020 4048 facere
1079 4008 1192 4046 non
1227 4007 1409 4063 posse.
1455 3989 1745 4059 credebat,
1798 3988 2008 4044 deinde

363 4083 560 4140 intulit
593 4083 747 4154 quod
781 4099 911 4138 eum
939 4082 1057 4154 pati
1090 4079 1573 4154 Oportebat,quod
1605 4078 1766 4144 dicit,
1794 4078 2007 4134 audivit

366 4175 636 4229 Dominus
667 4176 718 4228 el
747 4171 983 4238 distulit,
1015 4178 1067 4225 et
1097 4171 1243 4238 ignis
1268 4185 1529 4225 accensus
1590 4173 1669 4223 est
1700 4170 1756 4223 in
1797 4169 1958 4224 Iacob
1993 4185 2005 4223 :

365 4264 425 4319 in
493 4262 758 4318 moribus
825 4260 1092 4315 videlicet
1141 4276 1154 4325 ;
1198 4263 1249 4314 et
1311 4261 1398 4313 ira
1465 4258 1729 4328 ascendit,
1803 4259 1857 4312 id
1924 4262 2012 4314 est

364 4355 743 4425 augmentata
773 4354 881 4414 est,
914 4351 972 4404 in
1003 4349 1190 4405 Israel.
1213 4346 1372 4419 Ignis
1402 4346 1512 4402 iste
1533 4346 1824 4402 incentiva
1846 4347 2008 4403 vitio-

359 4459 490 4497 rum
525 4443 840 4511 notat,quae
871 4437 1114 4492 interius
1129 4436 1430 4492 hominem
1462 4437 1770 4491 devastant
1804 4454 1816 4491 :
1843 4437 1998 4508 quod

366 4531 529 4597 dicit,
585 4530 650 4585 Et
707 4531 854 4598 ignis
909 4543 1164 4583 accensus
1215 4535 1292 4582 est
1347 4526 1408 4580 in
1459 4525 1622 4581 Jacob
1681 4534 1732 4581 et
1784 4528 1874 4581 ira
1909 4529 2012 4581 Dei

366 4619 618 4674 ascendit
646 4620 705 4673 in
735 4619 910 4673 Israel
939 4636 957 4672 :
990 4622 1046 4672 et
1089 4616 1199 4672 hoc
1230 4615 1382 4684 ideo,
1415 4617 1547 4686 quia
1605 4631 1715 4670 non
1770 4614 2008 4672 credide-

369 4710 498 4761 runt
528 4707 589 4760 in
616 4707 738 4772 Deo,
771 4723 871 4762 nec
897 4713 1251 4778 speraverant
1280 4706 1340 4759 in
1381 4706 1619 4759 salutari
1647 4706 1785 4775 ejus,
1818 4704 1875 4758 id
1899 4708 2008 4772 est,

372 4794 583 4852 salvari
616 4811 717 4867 per
759 4800 960 4850 Deum.
1005 4797 1072 4850 Et
1113 4797 1376 4850 Dominus
1419 4793 1650 4861 audivit,
1685 4793 1832 4865 qui?
1860 4794 2009 4850 Man-

368 4885 518 4942 davit
545 4884 784 4940 nubibus
803 4883 1030 4956 desuper
1056 4888 1108 4939 et
1121 4888 1346 4956 januas
1359 4883 1801 4954 caeliaperuit,ut
1833 4884 2013 4939 abun-

368 4975 576 5031 danter
607 4976 861 5029 mitleret
887 4973 972 5028 eis
1004 4974 1156 5044 quod
1194 4973 1486 5028 missurus
1516 4976 1658 5027 erat.
1681 4973 1823 5028 Ecce
1853 4979 2014 5029 notat

369 5081 548 5137 quare
577 5063 791 5119 distulit
824 5079 1077 5135 pmnam,
1114 5066 1176 5116 ut
1206 5079 1307 5133 per
1327 5062 1436 5116 hoc
1469 5061 1735 5118 videlicet
1756 5079 1887 5134 quae
1917 5079 2010 5118 se-

368 5158 650 5226 quuntur,
683 5169 886 5208 eorum
917 5150 1156 5208 satiaret
1183 5149 1584 5221 cupiditatem.
1620 5151 1683 5206 Et
1724 5153 1868 5223 pluit
1898 5151 2013 5208 illis

366 5259 571 5298 manna
602 5242 671 5297 ad
699 5239 1164 5310 manducandum,
1187 5243 1238 5294 et
1253 5255 1454 5311 panem
1482 5240 1746 5311 cmli,non
1780 5241 1836 5295 in
1860 5245 2012 5296 terra

369 5329 908 5398 elabaratum,dedit
935 5331 1072 5395 illis;
1103 5334 1160 5384 et
1188 5328 1320 5400 quis
1351 5329 1428 5384 sit
1451 5329 1756 5402 subjungit
1785 5336 2014 5386 :Panem

369 5421 694 5489 angelorum
748 5404 1097 5474 maiulucavit
1178 5419 1354 5473 homo.
1417 5418 1618 5472 Pan-em
1694 5419 2016 5489 angelorum

369 5508 499 5564 ideo
531 5509 690 5579 dicit,
724 5508 1001 5581 quoniam
1036 5508 1202 5580 panis
1254 5506 1352 5562 ille
1383 5523 1558 5578 quem
1608 5509 2011 5577 comedebant,

370 5595 665 5675 signiﬁcat
693 5613 908 5676 panem
965 5596 1156 5668 illum,
1186 5595 1444 5656 Verbum
1497 5595 1765 5656 videlicet
1825 5597 2013 5660 Patris

2112 3281 2169 3335 in
2201 3279 2354 3334 vasis
2384 3277 2739 3346 caelestibus,
2769 3294 2882 3333 non
2934 3277 3331 3332 murmuranti
3375 3293 3475 3332 nec
3501 3275 3754 3332 tentasti

2112 3385 2438 3442 synagogas,
2474 3368 2572 3422 sed
2635 3367 2897 3423 Ecclesia:
2929 3367 3210 3438 credenti,
3243 3371 3299 3421 et
3328 3367 3389 3422 in
3421 3371 3538 3422 Deo
3589 3383 3761 3439 spem

2113 3476 2280 3513 suam
2315 3458 2549 3530 ponenti
2571 3456 2938 3529 praedicatur.
2973 3457 3041 3514 Et
3061 3458 3157 3527 qui
3186 3457 3478 3512 transtulit
3499 3458 3767 3514 Austrum

2113 3549 2177 3604 de
2205 3549 2359 3618 caelo,
2399 3557 2450 3603 et
2481 3547 2700 3602 induxit
2730 3548 2787 3601 in
2821 3548 3024 3602 virtute
3051 3562 3148 3601 sua
3209 3546 3484 3617 Africum,
3543 3554 3596 3602 et
3618 3548 3766 3618 pluit

2111 3654 2273 3709 super
2301 3653 2386 3692 eos
2416 3638 2556 3692 sicut
2583 3637 2865 3707 pulverem
2895 3651 3085 3691 carnes
3115 3644 3166 3692 et
3191 3637 3332 3691 sicut
3361 3651 3544 3692 arena
3591 3638 3769 3696 maris

2114 3726 2362 3782 volatilia
2390 3728 2652 3796 pennata,
2685 3729 2889 3796 potens
2935 3729 3025 3780 est
3053 3730 3110 3780 et
3160 3741 3274 3780 non
3332 3729 3473 3780 tunc
3506 3729 3768 3792 tantum.

2115 3815 2215 3871 sed
2249 3813 2612 3869 credentium
2637 3831 2885 3886 parvam
2919 3814 3093 3870 (idem
3143 3830 3316 3870 carne
3345 3813 3521 3869 editis
3556 3829 3770 3874 vocum

2117 3903 2302 3975 signis
2323 3907 2378 3958 et
2410 3919 2506 3974 per
2536 3920 2728 3959 aerem
2764 3903 3323 3972 transcurrentibus,
3349 3907 3638 3974 tanquam
3677 3921 3769 3959 vo-

2115 3991 2378 4049 latilibus
2410 4009 2666 4066 pascere,
2700 4010 2814 4048 non
2836 3998 3033 4049 tamen
3065 3992 3139 4050 ab
3170 3992 3444 4064 aquilone
3473 3992 3768 4049 venienti-

2118 4082 2230 4137 bus
2263 4100 2275 4138 :
2310 4087 2365 4138 et
2395 4081 2473 4136 ibi
2509 4081 2694 4153 frigus
2725 4086 2781 4138 et
2811 4080 2998 4153 caligo
3030 4080 3362 4152 praevalent,
3416 4081 3472 4135 id
3503 4085 3617 4152 est,
3654 4081 3774 4138 elo-

2120 4171 2358 4243 quentia
2388 4188 2515 4242 quae
2546 4169 2688 4226 huic
2721 4171 2938 4226 mundo
2998 4170 3168 4234 favet,
3226 4170 3321 4228 sed
3358 4169 3775 4226 transferendo

2120 4262 2382 4318 Austrum
2410 4259 2474 4316 de
2501 4261 2631 4315 caelo
2663 4260 2734 4316 ad
2767 4264 3004 4327 terram,
3037 4263 3102 4314 ut
3125 4258 3228 4332 qui
3277 4258 3504 4332 parvuli
3537 4265 3685 4316 sunt
3715 4260 3775 4316 in

2122 4351 2256 4414 ﬁde,
2289 4350 2581 4404 audiendo
2611 4349 2928 4414 terrestria,
2980 4349 3316 4404 nutriantur
3371 4347 3444 4403 ad
3477 4348 3777 4421 cupienda

2121 4439 2394 4495 cmlestia.
2428 4439 2591 4495 Unde
2627 4439 2907 4496 Dominus
2952 4439 3013 4495 in
3072 4437 3379 4510 Evangelia
3413 4453 3426 4492 :
3459 4437 3520 4493 Si
3549 4447 3779 4496 terrena

2041 4548 2087 4612 D
2120 4530 2247 4584 dixi
2271 4529 2421 4584 vobis
2445 4533 2500 4583 et
2529 4545 2634 4583 non
2667 4528 2915 4594 creditis,
2967 4527 3228 4600 quomodo
3258 4527 3308 4582 si
3363 4527 3565 4584 dicere
3624 4529 3781 4588 vobis

2121 4619 2378 4682 ccelestia,
2409 4619 2634 4674 credetis
2667 4619 2843 4690 (Joan.
2875 4619 2960 4686 ιιι)
2985 4617 3013 4672 ‘I
3044 4615 3394 4674 Translatus
3422 4616 3534 4673 fuit
3559 4616 3784 4676 Paulus

2122 4708 2192 4762 de
2223 4705 2382 4770 coelo,
2409 4706 2508 4761 ubi
2545 4712 2739 4761 mente
2764 4707 2880 4762 Deo
2911 4705 3182 4772 excessit,
3216 4710 3277 4760 ut
3309 4705 3392 4760 eis
3433 4711 3782 4779 contemps-

2122 4812 2260 4852 rans
2290 4800 2445 4851 esset
2475 4796 2692 4866 quibus
2724 4795 2956 4851 dicebat
2990 4812 3002 4851 :
3036 4797 3159 4851 Non
3212 4796 3369 4866 potui
3395 4811 3417 4851 ι
3446 4794 3568 4852 abis
3628 4796 3786 4868 loqui

2121 4886 2278 4957 quasi
2305 4885 2714 4956 spiritualibus,
2747 4884 2841 4940 sed
2873 4886 3032 4954 quasi
3063 4884 3406 4940 carnalibus.
3468 4887 3576 4940 Lac
3624 4884 3786 4942 vobis

2120 4977 2306 5045 potum
2366 4972 2509 5039 dedi,
2558 4977 2614 5028 et
2641 4989 2751 5028 non
2807 4975 3056 5044 escam(l
3115 4975 3242 5029 Cor.
3306 4972 3413 5041 ιιι).
3451 4973 3581 5044 Ipse
3614 4973 3781 5030 enim

2124 5063 2341 5118 Paulus
2372 5061 2638 5118 audierat
2660 5063 2717 5117 in
2748 5062 2892 5119 caelo
2925 5079 3292 5134 arcana,quaa
3325 5079 3441 5118 non
3472 5060 3613 5117 licet
3637 5061 3782 5134 loqu

2122 5153 2180 5207 in
2213 5157 2386 5216 terra,
2449 5152 2825 5223 personanlia
2875 5153 3044 5224 quasi
3103 5169 3207 5224 per
3263 5149 3564 5207 volatilia:
3599 5153 3787 5224 etqus'

2125 5241 2409 5297 transtulit
2439 5241 2721 5307 Austrum,
2753 5240 2981 5297 induxit
3010 5243 3276 5313 A/ricum,
3309 5241 3370 5294 id
3407 5244 3516 5308 est,
3551 5256 3662 5312 per
3689 5255 3788 5302 me

2125 5331 2384 5386 ridianos
2408 5334 2610 5385 ventos
2640 5329 3535 5402 lucescentesctpraadicatorum
3559 5329 3790 5388 ferven-

2123 5425 2209 5476 tes
2237 5419 2498 5492 spiritus,
2532 5418 2700 5475 nobis
2725 5422 2789 5475 ut
2817 5419 2902 5476 eis
2929 5417 3790 5486 conformaremurdnsinuavit

2125 5511 2187 5566 Et
2216 5507 2527 5565 ceciderunt
2554 5511 2611 5563 in
2642 5509 2818 5564 medio
2846 5518 3143 5566 castrorum
3173 5525 3384 5575 eorum,
3405 5513 3551 5581 quia
3579 5508 3698 5581 ipsi
3711 5507 3781 5566 do

2126 5598 2268 5660 coelo
2298 5596 2590 5669 translati,
2621 5598 2774 5658 ultro
2803 5599 3102 5662 venientes
3131 5600 3204 5660 ad
3235 5597 3532 5671 homines,
3571 5596 3780 5662 e30"-
