4014 6194
248 347 370 415 353

1321 344 1331 353 ’
1373 354 1979 417 ENARRATIONES
2024 353 2103 414 IN
2149 357 2526 421 PSALMOS.

3529 364 3648 425 55-!

253 483 395 538 bant
413 483 497 540 eis
527 486 702 541 verba
732 485 1014 543 divinitus
1046 488 1247 552 missa,
1280 492 1346 543 ut
1377 491 1789 561 unusquisque
1830 490 1887 543 in
1921 492 1973 555 Α
2004 488 3049 563 cordibusinﬁdeliumjnullumhabet
3068 490 3648 564 divinussermopro-

250 570 374 627 suis
406 573 677 630 ﬁdelibus
706 581 762 630 et
781 577 932 631 circa
959 595 1068 633 sua
1092 577 1451 632 tabernacula
1473 582 1896 650 congregarent
1999 581 2248 631 vectum.
2289 580 2353 632 Et
2371 580 2690 634 occiderunt
2716 583 2775 635 in
2815 571 3009 636 medio
3060 589 3388 645 castrorum,
3437 597 3646 654 eorum,

248 659 590 730 hujusmodi
622 663 897 735 volatilia,
918 670 983 720 ut
1013 667 1097 721 sic
1115 683 1319 721 omnes
1344 667 1609 722 nationes
1630 666 1890 739 gentium

245 753 429 804 Deum
461 751 788 807 adorarent.
842 759 968 809 Non
993 760 1222 809 tantum
1269 755 1436 810 missi
1469 761 1607 810 sunt
1637 755 1892 810 extranei

244 839 652 908 praedicatores
677 857 690 907 ;
725 843 825 896 sed
848 845 1023 898 etiam
1041 844 1210 899 multi
1230 860 1370 898 suos
1392 844 1542 899 cives
1592 845 1893 899 habebunt

242 927 654 997 praedicatores
687 931 809 996 ;sed
843 932 1017 986 etiam
1042 932 1382 1004 sylvestrem
1409 937 1464 986 et
1493 937 1728 987 caeteros
1752 950 1890 988 suos

241 1015 415 1071 cives.
442 1021 798 1088 Repeta-mus
828 1020 1080 1075 litteram
1109 1038 1121 1074 :
1157 1022 1309 1092 quod
1337 1022 1589 1092 sparsim
1609 1021 1885 1088 diximus,

240 1106 301 1160 in
336 1105 699 1162 orationibus
729 1108 930 1163 litterae
963 1111 1272 1164 convenire
1305 1110 1611 1164 faciamus.
1639 1111 1702 1164 Et
1726 1127 1883 1165 man-

241 1195 394 1248 bavit
422 1195 656 1248 nubibus
685 1196 948 1267 desuper:
996 1199 1310 1262 venientes,
1368 1199 1507 1268 quia
1537 1215 1571 1252 a
1601 1199 1716 1253 Deo
1770 1215 1885 1253 non

241 1283 520 1337 recedunt
552 1289 615 1338 ut
645 1285 895 1355 desuper
918 1291 1075 1356 sunt,
1110 1286 1542 1356 quiaaliissunt
1558 1288 1887 1357 superiores

241 1375 300 1425 st
329 1370 646 1443 digniores.
680 1373 841 1428 Unde
871 1374 1037 1441 illud,
1091 1376 1322 1430 Narrate
1349 1378 1406 1429 in
1465 1377 1713 1430 turribus
1769 1377 1887 1447 ejus

239 1459 412 1526 (Psal.
437 1465 630 1530 XLVII].
659 1465 722 1516 Et
738 1464 943 1534 ja-nuas
998 1465 1140 1531 caeli,
1176 1465 1233 1518 id
1287 1469 1395 1530 est,
1456 1465 1632 1519 corda
1677 1465 1884 1536 praedi-

238 1549 498 1603 cantium
521 1554 758 1620 aperuit.
796 1553 861 1605 Et
895 1551 1101 1607 merito
1133 1552 1380 1623 apostoli
1407 1553 1592 1623 janua
1641 1553 1770 1608 caeli
1801 1554 1886 1608 di-

235 1641 470 1708 cuntur,
499 1640 776 1710 quoniam
809 1658 911 1711 per
947 1659 1046 1693 eos
1090 1641 1265 1696 cmlos
1314 1642 1644 1696 intrarunt:
1679 1647 1734 1696 et
1785 1659 1882 1697 eo-

233 1743 366 1781 rum
396 1726 611 1800 linguze
633 1727 822 1784 claves
853 1729 978 1784 cceli
1012 1731 1172 1784 factas
1201 1736 1356 1798 sunt,
1383 1735 1439 1784 et
1461 1747 1562 1801 per
1584 1729 1717 1785 illos
1742 1748 1882 1802 apo-

2003 665 2140 737 quia
2172 667 2579 738 unusquisque
2633 669 2692 722 in
2740 687 2846 724 suo
2886 669 3010 725 loco
3055 670 3278 724 audivit
3321 670 3454 726 ﬁdei
3501 687 3647 742 pra:-

2002 755 2397 810 dicatoresJit
2421 757 2907 825 manducaverunt,
2941 759 3000 813 id
3034 764 3140 830 est,
3188 759 3643 815 reﬁciebantur:

2001 848 2052 897 et
2116 843 2355 913 quidam
2416 861 2618 900 eorum
2678 850 2919 902 saturati
2956 851 3082 903 sunt
3153 848 3328 904 nimis
3388 847 3643 904 haeretici

1999 931 2528 1000 videlicet,sinistra
2549 933 3473 1010 interpretationeinterpretando
3494 937 3645 993 Scri-

1999 1023 2222 1090 pturas,
2255 1023 2302 1075 et
2329 1021 2660 1076 desiderium
2689 1039 2879 1078 eorum
2904 1027 3098 1080 attulit
3126 1027 3225 1093 eis,
3255 1025 3394 1096 quia
3424 1026 3641 1098 permi-

1999 1109 2076 1162 sit
2103 1125 2202 1163 eos
2232 1109 2288 1162 in
2323 1127 2591 1180 perverso
2623 1110 2917 1167 intellectu
2951 1114 3226 1169 obczecari
3259 1133 3271 1170 :
3299 1123 3351 1171 et
3386 1115 3470 1170 sic
3526 1131 3639 1171 non

1995 1205 2126 1251 sunt
2169 1198 2416 1267 fraudati
2435 1217 2467 1252 a
2495 1199 2762 1255 desiderio
2791 1217 2908 1267 suo,
2934 1203 3072 1272 quia
3103 1203 3483 1259 intenderunt
3537 1222 3635 1260 ar-

1997 1302 2129 1339 cum
2153 1303 2348 1353 suum,
2376 1291 2438 1341 ut
2459 1288 2806 1360 sagittentin
2829 1290 3073 1344 occultis
3095 1290 3640 1349 immaculatum.Et

1997 1374 2172 1428 adhuc
2200 1391 2330 1430 escae
2361 1392 2551 1430 eorum
2571 1386 2726 1432 erant
2774 1380 2834 1432 in
2859 1394 2956 1434 ore
2984 1380 3244 1449 ipsorum,
3277 1379 3333 1434 id
3367 1387 3476 1445 est,
3510 1398 3637 1436 car-

1996 1461 2145 1518 nalis
2175 1463 2508 1520 intellectus
2540 1471 2664 1520 erat
2691 1466 2775 1521 eis
2807 1483 3037 1538 semper
3067 1467 3125 1522 in
3158 1484 3293 1523 ore:
3319 1470 3477 1539 quia,
3528 1470 3638 1526 etsi

1994 1551 2140 1606 bene
2172 1552 2595 1625 intelligebant,
2621 1559 2817 1609 tamen
2842 1572 2956 1610 non
2979 1571 3078 1610 ore
3099 1555 3209 1611 hoc
3230 1557 3633 1615 ostendebant.

1996 1641 2056 1694 Et
2073 1642 2158 1694 ira
2181 1641 2276 1695 Dei
2295 1641 2538 1697 ascendit
2560 1659 2728 1714 super
2746 1659 2853 1698 eos.
2879 1642 3146 1698 Ostendit
3161 1645 3434 1716 superius
3457 1662 3639 1717 quare

1993 1728 2235 1797 distulit,
2259 1729 2528 1785 videlicet
2559 1748 2683 1803 quae
2713 1733 2955 1788 ascendit
2983 1749 3148 1804 super
3176 1748 3283 1788 eos.
3315 1734 3382 1788 Et
3436 1735 3638 1792 occidit

232 1814 412 1871 stolos
445 1816 594 1888 pluit
628 1834 842 1872 manna
872 1819 943 1873 ad
968 1820 1878 1875 manducandum.Mannaistud
1913 1842 1959 1906 B
1986 1817 2224 1887 pingues
2252 1834 2459 1883 eorum,
2491 1820 2546 1873 id
2577 1824 2686 1889 est,
2721 1821 3005 1891 superbos
3029 1826 3086 1876 et
3117 1821 3233 1876 alta
3253 1823 3637 1894 sapientes,et

231 1920 347 1958 non
362 1906 624 1960 manditu
634 1907 1077 1981 rodentibus,sed
1099 1909 1237 1962 tevid
1249 1909 1386 1963 itate
1403 1908 1609 1962 anima:
1624 1909 1879 1963 sumitur

228 1995 344 2047 Nec
375 1993 592 2048 frustra
621 1995 816 2066 posuit
854 1996 922 2050 ab
980 1997 1448 2056 manducandum.
1502 1997 1640 2068 quia
1670 1997 1877 2053 multis

229 2081 579 2152 praedicatur
605 2085 872 2149 verbum,
913 2086 1013 2155 qui
1044 2103 1112 2140 ex
1152 2102 1266 2140 non
1300 2085 1663 2140 reﬁciuntur.
1717 2086 1881 2141 Unde

230 2168 411 2224 illud:
449 2175 510 2225 Et
540 2173 788 2228 volucres
814 2175 937 2228 caeli
963 2174 1313 2229 comederunt
1334 2175 1483 2229 illud
1499 2175 1873 2246 (Matt/LXIII).

233 2257 339 2312 Et:
364 2257 579 2314 Panem
612 2262 738 2316 coeli
769 2263 929 2317 dedit
957 2263 1040 2318 eis
1073 2264 1251 2334 (Joan.
1286 2264 1378 2334 v1).
1439 2263 1520 2317 De
1573 2263 1682 2317 hoc
1732 2279 1879 2334 pane

232 2344 458 2401 dictum
486 2354 844 2406 estzPanem
875 2354 1122 2405 nostrum
1168 2351 1552 2421 quotidianum
1596 2352 1665 2405 da
1721 2351 1881 2406 nobis

230 2438 394 2497 hodie
422 2437 627 2513 (Matth.
660 2445 738 2505 v1)
760 2456 779 2500 ;
810 2443 867 2494 et
898 2439 1024 2510 ipse
1057 2440 1335 2494 Dominus
1362 2459 1374 2495 :
1407 2441 1520 2512 Ego
1549 2457 1672 2495 sum
1719 2441 1880 2510 panis

227 2532 385 2585 vivus
413 2531 508 2600 qui
537 2528 603 2581 de
630 2528 760 2582 caelo
789 2527 1043 2582 descendi
1065 2528 1242 2597 (Joan.
1274 2528 1376 2597 vx).
1417 2535 1621 2583 Panem
1659 2530 1877 2598 angelo-

229 2636 352 2674 rum
379 2616 730 2672 manducavit
762 2615 938 2670 homo.
977 2619 1144 2669 Hunc
1177 2632 1383 2686 panem
1435 2621 1499 2670 ut
1554 2617 1881 2672 comederet

227 2707 425 2771 homo,
477 2721 578 2760 rex
628 2703 971 2774 angelorum
1022 2703 1209 2758 factus
1268 2709 1355 2759 est
1399 2704 1594 2769 homo,
1643 2706 1876 2774 quando

227 2797 479 2868 quisque
529 2791 931 2848 incarnatione
981 2792 1210 2846 Domini
1261 2796 1318 2846 et
1363 2797 1547 2847 morte
1597 2793 1871 2847 reﬁcitur.

229 2885 455 2940 Cibaria
476 2883 627 2937 misit
647 2881 725 2936 eis
747 2882 806 2934 in
825 2880 1350 2944 abundantiaouze
1372 2886 1511 2934 sunt
1535 2896 1546 2933 :
1572 2880 1630 2934 in
1657 2885 1871 2951 myste-

228 2973 312 3028 rio
364 2972 553 3027 crucis
598 2969 1083 3025 resurrectionem
1155 2968 1388 3023 habere.
1458 2969 1656 3039 Neque
1714 2969 1870 3023 enim

229 3062 446 3116 frustra
501 3059 683 3115 voluit
730 3059 813 3112 sic
867 3058 1118 3122 extendi,
1171 3057 1281 3111 nisi
1342 3062 1407 3112 ut
1455 3074 1562 3112 nos
1612 3061 1875 3112 moneret

227 3156 526 3206 extensam
547 3148 759 3202 habere
790 3145 1133 3200 charitatem
1166 3150 1222 3199 et
1249 3145 1582 3200 immobiles
1611 3161 1739 3200 esse
1796 3146 1868 3199 ad

1987 1905 2179 1961 electos
2207 1909 2375 1962 Israel
2390 1909 2770 1979 impedivit,ne
2791 1910 3137 1980 prodessent
3159 1910 3375 1981 quibus
3392 1917 3634 1984 paterno

1988 1994 2193 2049 affectu
2227 1996 2539 2066 cupiebant
2559 1999 2833 2068 prodesse
2860 1998 3166 2068 :quoniam
3187 2016 3300 2054 non
3322 2000 3636 2057 defuerunt

1989 2083 2046 2136 in
2075 2083 2287 2154 populo
2321 2084 2417 2138 illo
2450 2085 2548 2156 qui
2581 2085 2937 2157 corrigerent
2963 2087 3108 2142 alios
3135 2106 3147 2142 :
3205 2088 3306 2143 sed
3366 2087 3635 2160 impediti

1988 2175 2146 2241 sunt,
2175 2173 2449 2242 quoniam
2485 2189 2598 2228 non
2624 2178 2747 2228 erat
2772 2172 3080 2244 ibialiquis
3096 2176 3196 2246 qui
3215 2176 3427 2248 corrigi
3441 2176 3635 2245 vellet,

1991 2260 2152 2316 Unde
2192 2261 2504 2332 propheta:
2567 2263 2840 2330 Linguam
2893 2271 3044 2317 luam
3087 2266 3297 2333 faciam
3352 2263 3637 2322 adhaerere

1984 2351 2170 2420 palato
2201 2352 2314 2414 tuo,
2343 2351 2621 2421 quoniam
2643 2351 2832 2406 domus
2861 2367 3197 2422 exasperari:
3225 2353 3634 2426 est(E-zech.m).

1988 2437 2087 2493 Vel
2117 2439 2310 2494 electos
2339 2439 2506 2493 Israel
2536 2438 2837 2510 impedivit,
2873 2440 3011 2511 quia
3041 2439 3468 2496 condoluerunt
3495 2457 3638 2513 per-

1989 2526 2500 2595 euntibus:unde,
2530 2529 2778 2597 confusio
2806 2530 2976 2598 faciei
3033 2543 3164 2583 mea
3219 2531 3499 2598 cooperuit
3549 2546 3640 2587 me

1987 2615 2160 2684 (Μαι.
2193 2614 2350 2684 xuii)
2378 2631 2390 2668 :
2426 2613 2512 2668 vel
2544 2614 2709 2668 electi
2741 2613 2919 2670 Israel
2953 2620 3095 2670 sunt
3127 2617 3480 2684 sacerdotes,
3533 2619 3637 2690 qui

1987 2702 2386 2774 impediuntur
2416 2702 2732 2774 aliquando
2765 2720 2798 2758 a
2829 2703 3069 2759 Domino
3100 2721 3205 2775 pro
3220 2705 3474 2776 peccatis
3500 2708 3638 2763 sub-

1985 2791 2261 2858 ditorum,
2291 2791 2590 2862 quajuste
2611 2791 2953 2862 corrigenda
2969 2797 3165 2847 essent
3189 2809 3201 2846 :
3233 2794 3330 2848 sed
3354 2810 3418 2849 ex
3445 2794 3629 2852 nimia

1985 2896 2108 2934 com
2120 2879 2390 2950 passione
2413 2884 2631 2934 naturas
2656 2879 3206 2948 humanas,nimium
3231 2886 3472 2951 parcent
3492 2877 3626 2951 pec-

1983 2968 2271 3034 cantibus,
2307 2984 2420 3022 non
2453 2968 2822 3024 attendentes
2852 2968 2992 3039 quia
3023 2969 3352 3040 compassio
3375 2971 3626 3028 debetur

1983 3061 2224 3125 naturae,
2256 3061 2311 3111 et
2340 3057 2627 3111 rectitude
2658 3057 2864 3128 culpae.
2900 3057 3079 3113 Debet
3116 3059 3274 3114 enim
3325 3060 3620 3130 judicium

1982 3146 2103 3200 ﬁeri
2137 3146 2207 3199 de
2234 3160 2590 3215 unoquoque
2623 3149 2932 3214 peccante;
2967 3147 3068 3200 sed
3100 3146 3148 3201 si
3183 3152 3385 3217 postea
3413 3149 3623 3206 viderit

229 3198 1035 3310 ᾇῦξιὲιῖἷεῖθᾶῖὲὶξιιοέᾐοὲιο
1558 3198 1870 3304 subjungi-
1901 3198 1944 3263 θ’
1983 3198 2255 3304 praelatus
2269 3198 2682 3301 quihumiliter
2693 3233 2811 3303 agit
2828 3198 3366 3303 poenitentiamﬁuo
3384 3236 3624 3293 arbitrio

229 3334 328 3384 tur
349 3345 363 3382 :
396 3326 535 3398 quia
564 3323 855 3378 transtulit
876 3323 1136 3376 Austrum
1156 3322 1220 3376 de
1241 3323 1391 3390 calo,
1416 3322 1473 3374 id
1504 3326 1593 3375 est
1614 3320 1872 3375 calidum

228 3421 490 3482 ventum,
523 3411 816 3484 apostolos
844 3411 1111 3465 videlicet
1154 3408 1343 3464 calore
1391 3407 1525 3462 ﬁdei
1566 3410 1873 3473 ferventes,

1984 3318 2354 3390 relinquitur,
2379 3324 2448 3372 ut
2477 3319 2567 3372 sui
2592 3320 2939 3374 misereatur
2964 3337 2976 3374 :
3001 3323 3063 3374 in
3086 3323 3336 3376 omnibus
3355 3322 3460 3392 his,
3484 3324 3626 3378 sub-

1985 3406 2153 3461 audis
2175 3407 2413 3462 correcti
2446 3406 2908 3476 praemonitione,
2941 3413 3007 3462 ut
3023 3408 3278 3479 amplius
3298 3415 3627 3482 peccarent,

229 3509 285 3560 et
315 3504 469 3558 alios
499 3503 570 3558 ad
604 3502 778 3555 ﬁdem
812 3497 1199 3569 impellentes,
1230 3497 1515 3551 transtulit
1535 3496 1602 3550 de
1630 3497 1784 3562 creto,
1818 3497 1874 3550 id
1979 3500 2339 3566 peccaverunt
2369 3494 2565 3559 adhuc,
2597 3499 2649 3548 et
2677 3495 2784 3549 hoc
2819 3495 2946 3550 ideo
2977 3497 3120 3566 quia
3142 3514 3254 3553 non
3282 3498 3632 3556 crediderunt

228 3598 337 3658 est,
371 3593 444 3646 de
475 3590 591 3645 alta
648 3587 1008 3644 contuitione
1039 3585 1387 3650 caelestium,
1414 3591 1478 3639 ut
1499 3585 1558 3638 in
1576 3589 1760 3640 terras
1783 3585 1880 3640 ﬂa-

240 3685 393 3745 rent,
425 3679 696 3733 humanze
722 3675 1028 3748 capacitati
1048 3673 1595 3730 condescenderent.
1630 3673 1696 3727 Et
1719 3674 1878 3728 indu-

227 3772 314 3825 xit
341 3786 403 3824 ιη
431 3769 632 3822 virtute
654 3783 758 3821 sua
789 3765 1052 3833 Africum,
1081 3763 1138 3817 id
1163 3767 1269 3833 est,
1297 3762 1543 3834 spiritus
1565 3762 1879 3834 praedican-

229 3860 376 3914 tium
405 3855 573 3911 nobis
594 3855 773 3909 vitam
797 3853 990 3907 dando
1011 3852 1351 3916 insinuavit,
1374 3855 1432 3906 et
1455 3853 1731 3906 in-virtute
1751 3867 1873 3917 sua,

229 3953 286 4002 et
306 3963 420 4002 non
438 3960 508 3999 ex
520 3943 726 3998 merito
749 3940 1188 4012 pradicantium
1209 3940 1317 3995 hoc
1331 3940 1547 3994 factum
1571 3943 1660 3995 est
1679 3955 1690 3994 :
1708 3940 1878 4010 juxta

230 4035 397 4101 illud,
432 4038 495 4088 ut
525 4031 855 4087 sublimitas
887 4030 962 4085 sit
988 4029 1217 4084 virtutis
1242 4028 1358 4095 Dei,
1383 4035 1440 4082 et
1471 4045 1585 4082 non
1618 4045 1684 4083 ex
1709 4029 1876 4084 nobis

230 4124 305 4196 (II
332 4123 452 4178 Cor.
489 4123 584 4192 ιν).
608 4123 671 4175 Et
697 4121 846 4191 pluit
887 4133 1050 4189 snper
1069 4135 1159 4173 eos
1187 4120 1325 4173 sicut
1353 4118 1635 4188 pulverem
1663 4133 1872 4173 carnes.

230 4213 448 4268 Carnes
487 4215 627 4264 sunt
671 4208 785 4263 cibi
835 4205 1230 4273 delectabiles,
1293 4207 1508 4275 quibus
1565 4209 1880 4259 vescuntur

231 4299 415 4356 adulti
443 4317 456 4354 :
489 4298 589 4353 ubi
623 4295 1009 4367 intelligimus
1071 4295 1542 4366 prmdicationem
1601 4292 1878 4348 subtilem

229 4394 290 4445 et
313 4387 584 4454 solidam,
616 4402 733 4456 qua
777 4384 1072 4438 reﬁciendi
1132 4390 1271 4438 sunt
1322 4381 1596 4453 perfecti;
1657 4385 1756 4434 ut:
1820 4383 1880 4436 In

225 4478 507 4548 principio
528 4483 645 4530 erat
673 4473 924 4542 Verbum,
975 4481 1024 4527 et
1075 4472 1302 4527 Verbum
1344 4474 1464 4526 erat
1509 4469 1656 4540 apud
1712 4470 1880 4524 Deum

1986 3586 2044 3638 in
2074 3583 2429 3638 mirabilibus
2449 3584 2595 3654 ejus:
2631 3586 2681 3636 et
2703 3584 3017 3653 defecerunt
3045 3585 3161 3640 dies
3181 3603 3371 3642 eorum
3393 3589 3453 3643 in
3472 3590 3634 3644 vani-
3690 3613 3693 3616 ι

1985 3678 2123 3741 tate,
2148 3689 2282 3727 cum
2309 3676 2549 3743 possent
2580 3672 2857 3743 proficere
2886 3672 2946 3726 in
2974 3673 3218 3729 veritate
3244 3692 3257 3730 :
3285 3681 3337 3730 et
3365 3677 3504 3730 anni
3545 3692 3636 3734 eo-

1985 3779 2111 3816 rum
2137 3778 2262 3816 cum
2312 3761 2713 3832 festinatione:
2782 3760 2922 3832 quia
2964 3777 3197 3832 semper
3245 3763 3316 3818 ad
3381 3769 3636 3820 mortem

1985 3851 2321 3917 tendebant,
2356 3851 2427 3905 de
2451 3850 2588 3905 vitio
2609 3851 2681 3905 ad
2704 3849 2934 3920 vitium,
2963 3851 3237 3907 cadentes
3272 3851 3636 3924 desperando

1985 3939 2045 3993 in
2078 3939 2370 4010 peccatis:
2406 3938 2515 3993 hoc
2574 3938 2920 3994 ostendebat
2970 3939 3131 4010 quod
3191 3946 3440 3996 mortem
3492 3942 3642 3998 inte-

1987 4027 2198 4082 riorem
2232 4027 2531 4097 optabant.
2570 4026 2705 4080 Cum
2725 4026 3009 4098 occideret,
3042 4030 3364 4098 quaerebant
3398 4048 3550 4100 eum,
3590 4035 3642 4088 et

1987 4116 2378 4181 revertebatur,
2411 4121 2461 4168 et
2490 4114 2759 4186 diluculo,
2794 4115 2850 4170 id
2910 4121 3001 4172 est
3047 4117 3359 4191 vigilanter
3405 4125 3463 4176 et
3519 4124 3644 4178 stu-

1988 4204 2171 4269 diose,
2193 4205 2487 4258 veniebant
2517 4205 2589 4258 ad
2619 4221 2772 4273 eum,
2802 4214 2854 4260 et
2882 4210 3024 4261 tunc
3082 4208 3320 4264 tandem
3374 4225 3642 4266 rememo-

1987 4293 2100 4347 rati
2126 4297 2254 4347 sunt
2286 4295 2425 4364 quia
2456 4294 2593 4348 Deus
2624 4293 2844 4364 adjutor
2871 4303 2952 4349 est
2980 4311 3179 4350 eorum
3236 4297 3295 4350 in
3346 4297 3536 4366 bonis,
3591 4305 3643 4352 et

1989 4383 2126 4435 Deus
2155 4385 2400 4436 excelsus
2428 4381 2728 4453 redemptor
2745 4399 2935 4437 eorum
2961 4386 3039 4438 est
3084 4384 3144 4438 in
3201 4383 3392 4439 malis.
3451 4385 3518 4438 Et
3554 4382 3641 4438 di-

1993 4469 2247 4524 lexerunt
2276 4486 2402 4524 eum
2433 4470 2489 4524 in
2523 4486 2613 4524 ore
2642 4486 2761 4539 suo,
2794 4471 2853 4525 id
2885 4475 3000 4540 est,
3033 4487 3130 4526 ore
3163 4470 3552 4526 ostendebant
3579 4486 3643 4528 se

232 4569 419 4633 (Joan.
455 4565 514 4634 ι).
551 4563 630 4618 De
661 4562 770 4616 hac
800 4561 902 4616 tali
963 4561 1369 4632 praedicatione
1425 4559 1572 4612 dixit
1631 4557 1874 4613 Paulus:
1914 4557 1960 4620 D
1995 4559 2306 4614 Dominum
2337 4557 2614 4630 diligere:
2650 4563 2706 4612 et
2738 4559 2935 4626 lingua
2962 4574 3064 4612 sua
3111 4559 3335 4614 mentiti
3385 4567 3512 4616 sunt
3566 4561 3640 4617 ei.

229 4655 581 4724 Sapientiam
629 4651 906 4722 loquimur
964 4653 1106 4705 inter
1183 4652 1444 4720 perfectos
1503 4647 1548 4717 (Ι
1609 4646 1734 4702 Cor.
1791 4650 1875 4718 ιι),

235 4741 392 4814 quod
416 4741 577 4805 dicit,
609 4749 663 4794 et
685 4740 825 4809 pluit
854 4755 1019 4810 super
1046 4754 1135 4793 eos
1165 4740 1305 4792 sicut
1333 4738 1609 4808 pulverem
1663 4753 1876 4795 carnes.

234 4832 304 4886 Et
336 4829 629 4902 quomodo
659 4827 768 4881 hoc
808 4826 902 4881 hic
951 4831 1112 4882 notat
1168 4843 1268 4897 per
1321 4827 1574 4882 volatilia
1618 4839 1878 4900 pennata,

235 4921 407 4991 signa
430 4915 699 4972 videlicet
730 4930 934 4970 vocum
967 4931 1068 4986 per
1099 4931 1231 4969 aera
1289 4913 1546 4970 volatilia
1603 4923 1878 4988 pennata.

237 5013 347 5064 Per
367 5022 592 5062 arenam
617 5005 1058 5069 maris,notatur
1079 5002 1439 5057 abundantia
1456 5003 1634 5059 divini
1669 5009 1903 5062 sermo?

237 5098 353 5161 nis,
383 5095 537 5166 quod
562 5094 724 5166 prius
760 5093 1071 5148 notabatur
1094 5108 1194 5162 per
1211 5092 1530 5162 pulverem:
1565 5093 1651 5148 vel
1693 5094 1801 5159 sic,
1830 5099 1884 5149 et

236 5187 381 5256 pluit
407 5201 573 5254 super
617 5198 702 5237 eos
759 5197 950 5236 carnes
1000 5183 1137 5235 sicut
1181 5181 1506 5251 pulverem:
1547 5182 1686 5253 quia
1734 5183 1885 5238 sicut

238 5273 432 5345 pulvis
452 5275 620 5326 vento
652 5268 876 5341 rapitur
904 5274 959 5324 et
997 5268 1056 5322 in
1096 5283 1285 5322 aerem
1340 5269 1668 5338 deducitur,
1730 5271 1813 5326 ita
1849 5288 1883 5326 a

237 5360 594 5433 quibusdam
628 5361 795 5413 vento
825 5355 1094 5412 elationis
1116 5371 1306 5410 sermo
1335 5355 1567 5411 divinus
1586 5359 1884 5414 aufereba-

238 5455 350 5506 tur.
387 5449 548 5504 Unde
579 5445 719 5501 illud
744 5463 756 5499 :
792 5448 853 5500 Et
879 5453 1078 5500 exorta
1108 5446 1288 5514 spinae
1315 5445 1725 5515 suﬂocaverunt
1745 5447 1885 5502 illud

241 5538 467 5610 (Matth.
495 5539 641 5602 xm).
675 5534 744 5588 Et
762 5533 845 5588 sic
866 5549 1102 5588 arenam
1125 5530 1306 5585 maris
1327 5530 1583 5586 volatilia
1607 5540 1881 5603 pennata.

245 5629 411 5695 Sicut
439 5625 499 5683 in
534 5640 710 5682 arena
728 5621 909 5680 maris
941 5619 1137 5677 nullus
1165 5620 1420 5679 exoritur
1437 5619 1685 5693 fructus,
1717 5621 1800 5684 ita
1823 5622 1885 5690 in

556 5751 825 5820 Ρηιιοι..
869 5748 1134 5817 CXXXI.

1989 4646 2092 4703 Cor
2112 4655 2293 4702 autem
2325 4647 2588 4718 ipsorum
2620 4662 2730 4702 non
2759 4655 2881 4702 erat
2911 4654 3119 4702 rectum
3150 4663 3274 4702 cum
3293 4663 3373 4715 eo,
3395 4665 3496 4705 nec
3510 4649 3643 4720 fide-

1990 4736 2065 4791 les
2097 4736 2274 4791 habiti
2299 4742 2427 4792 sunt
2460 4737 2516 4790 in
2549 4740 2864 4790 testamento
2912 4735 3067 4805 ejus:
3129 4736 3409 4807 quoniam
3466 4742 3644 4795 testa-

1992 4831 2256 4880 mentum
2273 4842 2338 4880 su
2351 4841 2447 4880 um
2465 4824 2774 4879 adhortatu
2785 4828 2902 4891 r,ut
2916 4839 3050 4879 eum
3065 4824 3383 4898 diligamus
3409 4844 3526 4882 non
3541 4842 3647 4899 pro

1990 4913 2256 4979 terrenis,
2290 4915 2389 4968 sed
2416 4930 2518 4984 pro
2547 4928 2607 4968 se
2636 4917 2866 4967 tantum
2894 4929 2906 4968 :
2935 4912 3070 4968 huic
3093 4919 3288 4970 autem
3323 4918 3646 4986 testamento

1990 5018 2099 5057 non
2131 5007 2298 5056 erant
2326 5001 2527 5071 ﬁdeles,
2564 5001 2704 5071 quia
2746 5018 2860 5056 non
2925 5001 3188 5057 faciendo
3238 5019 3365 5074 quae
3423 5001 3640 5072 docuit,

1993 5090 2167 5144 ﬁdem
2199 5089 2248 5143 ei
2285 5105 2400 5143 non
2430 5089 2762 5143 habuerunt
2789 5106 2802 5143 :
2837 5093 2895 5144 et
2924 5089 3054 5144 ideo
3083 5105 3176 5144 cor
3206 5089 3467 5160 ipsorum
3525 5106 3643 5144 non

1992 5181 2108 5233 erat
2139 5182 2346 5232 rectum
2373 5193 2498 5232 cum
2519 5193 2598 5244 eo,
2633 5178 2772 5248 quia
2804 5181 3026 5233 rectum
3071 5193 3170 5232 cor
3226 5177 3443 5233 habere
3502 5194 3638 5235 cum

1993 5267 2258 5334 Domino,
2292 5271 2382 5320 est
2429 5283 2686 5337 quaerere
2739 5271 2922 5320 Deum
2971 5270 3211 5337 propter
3241 5266 3447 5322 Deum.
3507 5266 3639 5325 Haec

1993 5353 2372 5410 bistorialiter
2401 5354 2556 5426 apud
2586 5352 2716 5408 illos
2743 5353 2894 5408 facta
2923 5357 3079 5421 sunt,
3115 5353 3263 5409 ﬁunt
3278 5354 3458 5409 etiam
3482 5354 3638 5426 apud

1993 5461 2100 5499 nos
2132 5443 2373 5513 mystice
2399 5467 2412 5508 ;
2441 5442 2580 5513 quia
2611 5458 2746 5497 cum
2779 5441 3073 5512 occidit,id
3105 5445 3214 5508 est,
3238 5441 3638 5513 justojudicio

1994 5530 2250 5602 aliquem
2283 5530 2473 5601 punit,
2503 5529 2591 5585 vel
2623 5547 2725 5585 nos
2769 5529 2930 5602 ipsos
2987 5529 3261 5601 ﬂagellat,
3319 5531 3638 5603 quaerimus

1997 5635 2131 5680 eum
2162 5619 2487 5681 invocando
2517 5620 2645 5692 ejus
2677 5618 3139 5679 misericordiam
3170 5623 3238 5679 ut
3291 5625 3526 5696 parcat:
3580 5621 3640 5694 Ol

3243 5747 3320 5822 18
