4014 6194
379 349 496 410 865

943 350 1243 413 REMIGII
1286 351 2031 414 ANTISSIODORENSIS
2077 352 2248 412 OPP.
2298 352 2498 412 PARS
2544 352 2591 410 Ι.
2627 339 2700 394 -έ
2733 348 3198 413 EXEGETICA.

3653 345 3778 408 556

380 479 728 539 revertimur
755 481 828 537 ad
861 496 996 538 eum
1029 482 1140 538 sub
1171 482 1364 554 specie
1388 482 1759 546 humilitatis,
1783 482 1922 555 quia
1950 483 2022 538 ab
2055 483 2100 548 A
2137 483 2386 538 tenebrae
2418 486 2474 538 et
2503 481 2776 538 afﬂictio:
2813 485 2871 537 et
2919 481 3030 538 hoc
3086 497 3145 537 in
3200 496 3386 552 cvmpo
3442 479 3666 545 Taneos,
3719 479 3780 536 id

378 587 447 626 eo
475 568 861 626 discessimus
891 585 994 642 per
1014 574 1318 642 peccatum
1341 570 1641 628 elationis:
1662 576 1848 628 etnon
1878 588 2023 644 qua-

378 658 657 732 licunque
685 659 759 714 ad
792 675 927 714 eum
958 659 1286 715 reversione
1317 665 1709 728 revertuntur,
1743 662 1845 717 sed
1898 660 2026 715 dili-

377 748 520 819 culo,
547 748 604 803 id
639 747 1009 818 est,multum
1036 748 1299 804 studiose
1320 749 1391 804 ad
1406 766 1541 804 eum
1556 750 1846 820 venimus,
1873 752 1931 804 et
1951 749 2022 804 ad

378 836 722 894 memoriam
755 837 1113 902 reducimus,
1149 838 1428 909 quoniam
1458 838 1584 909 ipse
1642 842 1877 893 tantum
1937 841 2027 892 est

377 925 594 994 adiutor
625 925 684 981 in
717 924 907 995 bonis,
941 929 993 980 et
1021 927 1338 997 redemptor
1368 926 1427 981 in
1462 925 1634 982 malis
1663 943 1675 981 :
1709 930 1766 982 et
1794 927 1880 981 sic
1927 941 2024 981 os—

379 1014 676 1070 tendimus
707 1029 804 1070 ore
822 1014 980 1086 quod
1008 1030 1142 1070 eum
1175 1013 1492 1086 diligamus
1517 1033 1529 1070 :
1566 1020 1621 1070 et
1648 1019 1845 1070 tamen
1869 1030 2025 1069 men-

377 1102 582 1168 timur,
610 1102 752 1172 quia
779 1117 876 1158 cor
902 1107 1171 1158 nostrum
1201 1119 1314 1159 non
1336 1112 1414 1158 est
1433 1111 1642 1159 rectum
1663 1119 1786 1158 cum
1814 1118 1894 1170 eo,
1919 1118 2024 1157 nec

377 1189 560 1260 ﬁdeles
589 1206 799 1246 sumus
845 1190 902 1245 in
954 1189 1110 1263 ejus'
1141 1197 1456 1248 testamento
1493 1208 1504 1247 :
1567 1191 1847 1263 quoniam
1889 1207 2022 1246 eum

379 1276 684 1351 diiigimus
696 1281 926 1335 tantum
938 1296 1042 1351 pro
1055 1280 1385 1335 devitandis
1399 1279 1569 1335 malis
1582 1278 2021 1352 temporalibus,

379 1365 468 1423 vel
485 1381 595 1439 pro
611 1367 986 1438 acquirendis
1011 1368 1342 1436 bonis,cum
1358 1375 1589 1424 tantum
1605 1367 1936 1440 diligendus
1949 1371 2027 1423 sit

379 1460 616 1527 pmpter
647 1456 911 1527 seipsum
938 1473 950 1511 :
989 1458 1106 1527 ipse
1129 1460 1310 1512 autem
1339 1461 1417 1512 est
1445 1459 1754 1512 misericors
1783 1463 1836 1512 et
1891 1473 2024 1528 pro-

376 1545 549 1616 pitius
577 1542 678 1616 ﬁet
711 1547 949 1615 peccatis
978 1561 1170 1599 eorum
1224 1546 1278 1599 in
1341 1544 1610 1616 posteris,
1644 1545 1750 1600 etsi
1803 1561 1918 1600 non
1965 1545 2022 1600 in

381 1633 666 1706 patribus.
701 1634 764 1687 Et
785 1649 892 1688 non
921 1633 1192 1704 disperdet
1221 1651 1330 1700 eos,
1364 1633 1502 1705 quia
1550 1636 1806 1706 reliquiae
1857 1636 2024 1689 Israel

378 1723 548 1780 salvae
573 1724 706 1793 ﬁent
736 1721 909 1793 (Rom.
937 1724 1032 1792 Ix).
1067 1721 1268 1778 Solent
1299 1723 1456 1778 hunc
1489 1723 1679 1779 locum
1715 1722 1900 1778 multa
1932 1741 2027 1779 no-

378 1815 502 1866 tare
522 1811 593 1866 ad
627 1811 1039 1883 impunitatem
1073 1812 1316 1884 peccati,
1350 1817 1408 1867 et
1439 1811 1486 1866 si
1520 1811 1667 1868 talos
1691 1827 2022 1884 persevera-

379 1898 774 1971 verintusque
802 1899 862 1956 in
893 1899 1092 1970 tinem,
1126 1899 1332 1971 quales
1361 1899 1476 1972 ipsi
1531 1900 1803 1956 fuerunt:
1865 1901 2023 1972 quod

381 1987 601 2043 frustra
628 1991 826 2044 tamen
843 1988 1090 2044 credunt
1118 1988 1256 2058 quia
1273 1989 1428 2059 quod
1452 1988 1611 2060 dicit,
1635 1991 1912 2060 propitius
1932 1990 2026 2060 ﬁet

376 2078 612 2148 peccatis
638 2092 850 2147 eorum,
875 2077 946 2132 ad
981 2081 1247 2149 posteros
1288 2077 1657 2133 referendum
1689 2083 1796 2145 est,
1831 2078 1933 2149 qui
1963 2078 2024 2133 in

378 2165 716 2223 novissimis
745 2165 1109 2239 temporibus
1141 2165 1664 2222 convertendisunt
1688 2168 1865 2238 :quod
1887 2167 2028 2222 dicit

378 2256 649 2328 propitius
679 2254 773 2325 ﬁet
787 2257 1032 2327 peccatis
1062 2271 1250 2312 eorum
1279 2263 1330 2311 et
1358 2271 1469 2310 non
1497 2254 1774 2327 disperdet
1792 2272 1879 2311 eos
1911 2273 1923 2311 :
1975 2261 2025 2311 et

377 2343 680 2404 abundavit
707 2343 1109 2401 misericordia
1139 2361 1247 2400 sua
1274 2348 1334 2400 ut
1362 2347 1625 2400 averteret
1655 2346 1800 2400 iram
1843 2361 2022 2400 suam.

381 2431 626 2490 Necesse
655 2433 814 2488 enim
847 2433 957 2488 fuit
980 2437 1045 2488 ut
1075 2432 1410 2489 subveniret
1441 2433 1750 2489 abundans
1800 2432 2024 2489 miseri-

380 2521 583 2577 cordia
601 2522 659 2576 in
673 2521 943 2592 posteris,
967 2521 1106 2591 quia
1120 2521 1282 2591 prius
1306 2520 1608 2592 multiplex
1631 2521 2027 2592 praecessitira

383 2611 444 2666 in
475 2609 764 2682 patribus,
797 2614 971 2666 etnon
985 2609 1261 2664 accendet
1281 2609 1337 2663 in
1364 2610 1613 2681 posteris
1635 2625 1848 2665 omnem
1881 2613 2028 2665 iram

379 2715 544 2755 suam
574 2713 750 2770 quam
775 2702 1247 2770 promeruerunt,
1280 2697 1420 2768 quia
1447 2714 1557 2753 non
1590 2699 1792 2768 repulit
1818 2698 2027 2768 plebem

378 2803 543 2843 suam
569 2802 736 2859 quam
783 2785 1062 2857 praescivit
1099 2785 1280 2855 (Rom.
1321 2785 1421 2856 χι).
1477 2786 1538 2838 Et
1585 2785 1899 2841 recordatus
1953 2790 2030 2840 est

379 2877 518 2948 quia
538 2891 666 2930 caro
693 2879 841 2946 sunt,
875 2874 932 2928 id
963 2877 1072 2943 est,
1105 2873 1356 2929 attendit
1384 2889 1484 2929 eos
1514 2873 1665 2928 mole
1685 2875 1880 2930 carnis
1900 2891 2029 2932 esse

383 2966 752 3034 aggravatos,
784 2966 842 3017 et
870 2962 1236 3034 reparatione
1259 2962 1597 3017 mediatoris
1620 2963 1835 3019 habere
1856 2981 2026 3036 opus.

384 3049 530 3114 Quia
546 3052 688 3105 sunt
704 3051 933 3120 spiritus
945 3051 1152 3106 vadens
1166 3058 1217 3106 et
1228 3067 1338 3107 non
1351 3050 1581 3118 rediens,
1597 3051 1735 3122 quia
1783 3052 2032 3126 quisque

382 3147 526 3195 exse
539 3137 716 3194 habet
745 3142 810 3194 ut
839 3156 873 3194 a
900 3139 1016 3195 Deo
1048 3139 1489 3207 recedat,redire
1512 3145 1707 3196 autem
1722 3158 1834 3197 non
1849 3141 2024 3198 habet

2135 576 2244 638 est,
2277 571 2336 626 in
2365 571 2479 626 illis
2511 570 2610 642 qui
2640 569 2933 626 humiliati
2964 573 3105 626 sunt
3124 585 3227 642 per
3252 569 3604 624 mandatum
3622 569 3781 638 ejus.

2135 665 2200 716 Et
2228 662 2490 715 convertit
2519 661 2579 714 in
2609 661 2929 730 sanguinem
2957 659 3199 728 ﬂumina
3221 673 3409 713 eorum
3465 666 3516 713 et
3575 655 3784 712 imbres

2133 765 2344 814 eorum,
2376 764 2445 804 ne
2462 748 2726 802 biberent.
2759 747 2960 802 Imbres
2989 751 3129 802 sunt
3170 763 3335 818 aquis
3390 745 3451 800 in
3503 743 3785 800 cisternis

2133 836 2408 907 collectae,
2439 836 2653 907 quibus
2685 835 2974 891 admistus
3027 839 3118 890 est
3173 834 3436 906 sanguis,
3486 837 3554 888 ut
3582 838 3788 890 essent

2131 924 2500 997 impotabiles
2530 924 2835 997 ﬂgyptiis.
2871 925 2932 979 In
2973 922 3246 995 mysterio
3276 925 3512 994 ﬂumina
3540 939 3787 979 conver-

2132 1017 2338 1069 tuntur
2367 1015 2427 1068 in
2455 1029 2792 1085 sanguinem
2840 1013 2899 1066 in
2939 1012 3030 1068 his
3061 1012 3162 1083 qui
3218 1013 3290 1067 de
3339 1011 3535 1068 causis
3583 1028 3787 1068 rerum

2133 1101 2442 1158 carnaliter
2471 1102 2731 1158 sentiunt
2755 1117 2766 1156 :
2792 1101 2901 1168 vel,
2923 1103 3162 1170 ﬂumina
3191 1101 3630 1156 suntdoctrinas
3658 1117 3788 1172 qua

2133 1193 2189 1245 in
2220 1193 2552 1262 sanguinem
2583 1193 3018 1254 convertuntur,
3053 1189 3290 1261 quando
3325 1205 3496 1261 pravo
3551 1189 3789 1245 intelle-

2134 1284 2227 1334 ctu
2262 1278 2631 1350 impotebiles
2663 1277 3023 1332 redduntur:
3048 1279 3248 1333 imbres
3275 1285 3413 1333 sunt
3440 1277 3790 1348 praedicato-

2135 1383 2227 1422 res
2258 1367 2495 1440 proprii,
2529 1383 2676 1438 quos
2705 1369 2970 1423 convertit
3003 1367 3284 1421 Dominus
3315 1369 3377 1421 in
3428 1369 3789 1433 sanguinem,

2137 1457 2369 1526 quando
2389 1455 2969 1527 quisqueexcascatus
2992 1470 3092 1510 eos
3113 1454 3388 1510 abhorret
3408 1454 3618 1510 audire
3643 1471 3789 1526 qua-

2136 1544 2185 1598 si
2212 1545 2557 1616 sanguinem
2589 1542 2810 1598 liibere.
2843 1543 3005 1608 Quod
3038 1559 3137 1614 per
3171 1543 3375 1598 imbres
3401 1542 3616 1613 quihic
3642 1544 3792 1599 inci-

2137 1633 2351 1688 sternis
2382 1636 2699 1704 ponuntur,
2729 1636 3008 1687 notantur
3041 1630 3466 1703 praedicatores,
3521 1632 3791 1688 ostendit

2136 1721 2451 1777 auctoritas
2481 1721 2563 1776 sic
2591 1738 2602 1775 :
2639 1721 2768 1775 Bibe
2797 1736 2998 1791 aquam
3026 1720 3092 1774 de
3111 1716 3384 1776 cisternis
3413 1721 3534 1776 tuis
3594 1723 3788 1793 (Prov.

2135 1812 2208 1881 v).
2239 1810 2384 1865 Misit
2406 1813 2465 1865 in
2483 1825 2568 1866 eos
2598 1811 2972 1882 cynomyiam,
3023 1810 3072 1864 et
3123 1809 3360 1864 comedit
3407 1825 3532 1866 eos:
3579 1816 3638 1866 et
3700 1830 3789 1868 ra-

2132 1917 2282 1965 nam,
2307 1907 2355 1954 et
2383 1899 2707 1970 disperdidit
2733 1914 2841 1954 eos.
2879 1891 3220 1970 Cynomyias‘
3245 1903 3382 1974 sunt
3441 1915 3668 1955 muscae
3701 1918 3792 1958 ca-

2134 1987 2537 2059 ninai,quibus
2570 1987 2960 2059 plagabantur
2987 1986 3234 2059 (Egyptii
3260 2003 3272 2041 :
3305 1992 3363 2042 et
3387 2004 3516 2060 qua
3548 1989 3788 2062 signiﬁ-

2134 2081 2269 2133 cant
2298 2076 2567 2132 homines
2585 2075 2829 2132 caninos
2856 2091 3048 2131 mores
3073 2075 3356 2133 habentes
3381 2075 3609 2133 nullam
3634 2096 3790 2135 reve-

2134 2165 2382 2221 rentiam
2412 2166 2680 2237 patribus
2707 2165 2831 2220 suis
2854 2165 3282 2236 impendentes,
3305 2182 3440 2221 cum
3468 2171 3675 2224 tamen
3698 2169 3786 2224 di-

2135 2258 2294 2310 ctum
2325 2254 2433 2310 sit:
2460 2253 2680 2309 Obedite
2709 2253 2972 2324 patribus
3003 2255 3197 2309 vestris
3214 2258 3444 2310 tantum
3466 2256 3530 2311 in
3552 2257 3788 2314 Domino

2135 2344 2289 2414 (Eph.
2323 2342 2436 2414 v1);
2467 2341 2554 2397 vel
2588 2358 2689 2413 per
2708 2341 2949 2398 caninas
2976 2358 3212 2398 muscas
3239 2343 3498 2399 carnalia
3555 2346 3789 2403 deside-

2138 2432 2224 2488 ria
2252 2430 2442 2486 notari
2473 2435 2740 2503 possunt,
2772 2446 2838 2485 eo
2896 2431 3051 2501 quod
3105 2431 3383 2487 infestant
3434 2432 3739 2493 hominem
3767 2481 3780 2505 ,

2137 2521 2272 2593 quia
2296 2519 2386 2576 lex
2407 2521 2665 2591 corporis
2696 2535 2926 2591 semper
2950 2525 3238 2592 repugnat
3267 2520 3378 2593 legi
3401 2523 3619 2580 mentis
3646 2525 3784 2596 (Col.

2145 2609 2211 2679 1).
2251 2609 2358 2663 Per
2387 2624 2560 2664 ranas
2591 2612 2832 2664 notatur
2864 2607 3189 2680 loquacitas
3214 2626 3385 2675 vana,
3411 2627 3529 2683 qua
3559 2614 3786 2686 disper-

2138 2698 2359 2752 duntur
2413 2697 2471 2752 in
2530 2713 2598 2752 ea
2645 2695 3025 2753 delectantur.
3057 2699 3122 2753 Et
3167 2698 3317 2754 dedit
3372 2704 3623 2772 aerugini
3668 2707 3787 2774 fru-

2136 2794 2254 2840 ctus
2281 2800 2490 2854 eorum,
2541 2793 2593 2839 et
2639 2786 2849 2840 labores
2895 2800 3085 2841 eorum
3133 2786 3376 2843 locustae.
3428 2788 3643 2864 IErugo
3697 2797 3790 2848 est

2139 2872 2366 2930 occulta
2395 2889 2538 2928 aura
2569 2874 2688 2930 sive
2719 2873 3073 2931 vermiculus
3106 2891 3326 2933 nocens
3352 2877 3410 2932 in
3469 2878 3784 2951 fructibus,

2141 2980 2268 3034 quas
2279 2961 2551 3034 designat
2563 2962 2852 3018 occultam
2867 2964 3782 3036 superbiam,multumt‘ructibus

2141 3056 2197 3107 et
2216 3051 2386 3107 bonis
2407 3051 2680 3122 operibus
2711 3053 3062 3108 contrariam
3094 3069 3107 3108 :
3139 3053 3372 3121 locusta,
3418 3054 3558 3125 quia
3614 3056 3782 3114 lsedit

2143 3156 2263 3208 ore,
2295 3139 2699 3196 testimonium
2734 3145 2897 3196 notat
2925 3140 3183 3206 inﬁdele,
3205 3158 3316 3214 quo
3351 3142 3448 3214 qui
3474 3143 3766 3214 nituntur,

380 3225 495 3282 nisi
513 3226 705 3299 gratia
727 3227 822 3282 Dei
855 3243 990 3282 eum
1008 3227 1656 3285 revocet.Undeinlibro
1683 3230 2025 3301 Sapientiae:
2059 3213 2102 3279 (ἶ
2140 3244 2373 3284 omnem
2403 3228 2661 3285 laborem
2695 3228 2832 3285 boni
2864 3229 3055 3300 operis
3076 3213 3330 3302 perdunt
3351 3213 3470 3287 {vel
3483 3247 3585 3304 per
3603 3213 3769 3289 locué

391 3316 579 3373 Omnis
595 3319 690 3388 qui
711 3316 1077 3372 ambulaverit
1093 3333 1196 3389 per
1207 3320 1356 3374 viam
1367 3319 1523 3388 inign
1532 3321 1702 3389 italis,
1726 3336 1838 3374 non
1855 3337 2030 3382 rever-

387 3407 533 3461 tetur
552 3423 571 3460 :
601 3419 704 3476 per
734 3420 796 3460 se
823 3404 1268 3478 intelligendum
1299 3411 1406 3462 est.
1443 3407 1656 3476 Quoties
1681 3411 2031 3467 exacerbave-

387 3497 520 3549 νειπέ
537 3509 666 3548 eum
684 3494 744 3548 in
771 3493 1229 3567 deserto.Repetit
1245 3496 1399 3567 quod
1423 3497 1695 3568 superius
1715 3498 2030 3567 dixerat,ut

386 3582 659 3638 ostendat
679 3598 778 3638 eos
810 3583 1018 3639 merito
1041 3584 1098 3638 in
1129 3600 1191 3640 se
1209 3600 1552 3656 provocasse
1572 3586 1719 3642 iram
1745 3587 1866 3658 Dei,
1893 3605 2026 3644 cum

381 3671 504 3728 sint
519 3670 748 3744 ingrati
778 3675 899 3727 tam
931 3671 1232 3728 beneﬁciis
1263 3672 1375 3728 sibi
1403 3690 1438 3728 a
1468 3673 1582 3729 Deo
1616 3674 1815 3743 illatis,
1849 3693 2026 3747 quam

383 3759 574 3834 plagis
603 3775 784 3817 causa
811 3774 1014 3816 eorum
1044 3760 1397 3833 [Egyptiacis
1428 3760 1607 3816 illatis
1632 3779 1642 3817 ξ
1669 3767 1726 3818 et
1758 3763 1840 3818 sic
1863 3764 2023 3832 dicit,

380 3851 598 3918 Quoties
617 3849 1089 3906 exacerbaverunt
1119 3865 1265 3914 eum,
1299 3849 1356 3904 id
1389 3854 1498 3918 est,
1559 3866 1737 3921 quam
1793 3852 2022 3909 infinito

385 3951 628 3994 numero
658 3953 794 3993 eum
826 3937 938 3992 sibi
967 3938 1244 3994 acerbum
1277 3937 1539 3994 fecerunt
1557 3941 1612 3993 in
1636 3940 1864 4007 deserto,
1884 3957 2018 3997 con-

383 4024 615 4081 citando
644 4039 767 4080 eum
795 4027 857 4080 in
885 4028 1038 4082 iram
1092 4029 1154 4082 in
1199 4029 1484 4098 inaquoso,
1536 4028 1820 4084 subaudis
1870 4028 2017 4086 loco.

377 4113 484 4169 ubi
515 4128 729 4184 aquam
756 4112 1065 4184 petierunt.
1088 4116 1148 4170 In
1167 4118 1432 4188 inaquoso
1453 4117 1766 4172 Dominum
1795 4117 1850 4173 in
1875 4119 2021 4174 iram

376 4205 716 4276 provocant,
777 4201 878 4272 qui
942 4203 1154 4258 mentis
1218 4204 1486 4259 ariditate
1534 4216 1896 4277 permanent.
1956 4209 2021 4262 Et

376 4291 632 4348 conversi
655 4293 784 4346 sunt
814 4289 884 4345 ad
916 4293 1097 4345 Deum
1129 4289 1500 4362 placandum,
1530 4303 1580 4349 et
1609 4294 1822 4351 iterum
1845 4300 2022 4352 tenta-

376 4387 576 4439 verunt
604 4396 760 4452 eum,
792 4383 844 4436 et
867 4384 1122 4436 sanctum
1151 4381 1322 4436 Israel
1342 4383 1802 4440 exacerbaver-unt
1827 4400 1839 4441 :
1883 4386 2021 4458 quia

373 4481 486 4526 non
519 4474 652 4526 sunt
703 4469 981 4525 recordati
1031 4485 1247 4540 manus,
1291 4469 1347 4524 id
1408 4475 1520 4539 est,
1565 4473 1835 4543 potentiae
1892 4475 2018 4544 ejus

2139 3322 2293 3374 stam
2325 3321 2603 3374 notantur
2633 3317 2936 3374 instabiles
2967 3318 3027 3373 in
3055 3319 3190 3387 fide,
3251 3321 3391 3392 quia
3442 3326 3497 3376 et
3548 3321 3782 3378 locusta

2138 3406 2408 3463 instabile
2433 3412 2522 3462 est
2550 3407 2787 3463 animal.
2821 3411 2889 3463 Et
2917 3407 3114 3464 occidit
3160 3410 3215 3463 in
3266 3409 3539 3478 grandine
3593 3413 3786 3468 vineas

2138 3510 2345 3566 eorum,
2378 3500 2428 3551 et
2457 3511 2638 3551 mores
2658 3511 2847 3551 eorum
2871 3513 2930 3551 in
2955 3497 3186 3568 pruina.
3221 3497 3467 3554 Vineam
3499 3498 3786 3571 populum

2138 3583 2470 3654 signiﬁcare
2501 3589 2705 3638 notum
2735 3589 2860 3641 est:
2896 3590 2961 3639 ut
2987 3584 3134 3640 illud
3161 3587 3355 3642 :Vinea
3381 3588 3533 3642 enim
3565 3589 3786 3645 Domini

2137 3673 2390 3729 Sabaoth
2422 3672 2612 3728 domus
2637 3673 2804 3728 Israel
2835 3682 2913 3728 est
2942 3674 3074 3744 (Isa.
3116 3678 3198 3742 v).
3261 3675 3522 3746 Populus
3583 3681 3779 3732 autem

2135 3767 2274 3817 tunc
2303 3763 2709 3834 grandinalur,
2744 3763 2977 3833 quando
3007 3780 3075 3818 ex
3104 3763 3418 3836 iniquitate
3467 3766 3777 3823 auferendi

2133 3850 2323 3906 aliena
2354 3851 2671 3906 contendit.
2705 3852 2841 3907 Moti
2871 3857 3011 3907 sunt
3035 3855 3294 3920 arbores,
3319 3854 3621 3911 uberrime
3637 3856 3785 3912 fruc-

2135 3943 2292 3995 ctum
2325 3940 2655 4005 reddentes,
2699 3940 2939 3996 insimul
2961 3941 3242 4018 habentes
3265 3948 3529 4000 maturos
3554 3945 3784 4001 fructus

2133 4031 2189 4082 et
2217 4029 2631 4096 seminaturos,
2663 4034 2718 4085 et
2773 4029 3120 4102 incipientes
3184 4035 3621 4088 maturescere:
3686 4033 3784 4089 ubi

2133 4121 2368 4173 notatur
2397 4117 2674 4188 charitas,
2701 4118 2759 4172 in
2791 4135 2908 4190 qua
2938 4119 3137 4175 omnia
3167 4120 3322 4176 bona
3351 4137 3529 4192 opera
3551 4120 3778 4179 habent

2132 4205 2388 4262 radices:
2423 4211 2480 4262 et
2531 4207 2616 4262 sic
2656 4223 2759 4280 per
2815 4207 3084 4279 pruinam
3131 4209 3534 4266 destruentem
3580 4226 3787 4267 moros

2133 4294 2320 4366 frigus
2340 4295 2684 4368 designatur
2711 4296 3050 4352 charitatis:
3113 4298 3252 4369 quia
3308 4299 3409 4353 ubi
3455 4298 3790 4356 abundavit

2129 4385 2413 4454 iniquitas,
2439 4385 2754 4455 refrigescet
2779 4385 3025 4441 charitas
3057 4386 3520 4458 (Matth.xx1v).Et
3539 4388 3790 4444 tradidit

2125 4471 2392 4542 grandini
2410 4473 2665 4542 jumenta
2693 4489 2879 4529 eorum
2909 4477 2959 4530 et
2982 4477 3375 4545 possessionem
3415 4491 3610 4532 eorum
3643 4479 3784 4547 igni.

375 4563 646 4627 ostensa,
680 4557 783 4614 illa
810 4556 1095 4614 subaudis
1124 4558 1212 4614 die
1231 4574 1340 4628 qua
1368 4559 1599 4616 redemit
1625 4577 1712 4616 eos
1740 4561 1806 4616 de
1846 4578 2016 4617 manu
2049 4580 2096 4644 D
2126 4561 2385 4616 Iumenta
2428 4562 2799 4632 grandinata,
2848 4562 3134 4619 damnum
3185 4568 3392 4619 notant
3438 4565 3787 4636 pudicitiae:

375 4645 717 4712 tributantis,
749 4647 807 4701 id
839 4652 947 4715 est,
979 4647 1052 4701 de
1081 4650 1368 4718 potestate
1410 4647 1731 4703 Pharaonis
1762 4654 1820 4704 et
1867 4650 2022 4722 prin-

374 4734 573 4807 clpam
594 4734 992 4806 Egyptiorum
1018 4751 1031 4790 :
1057 4751 1173 4790 non
1197 4739 1337 4790 sunt
1350 4735 1525 4791 etiam
1549 4737 1829 4792 recordati
1849 4740 2009 4807 sicut,

367 4820 552 4882 bdﬁest
581 4820 849 4892 qualiter,
879 4825 1059 4893 posuit
1087 4826 1150 4878 in
1179 4826 1407 4896 AEgypto
1433 4827 1593 4896 signa
1620 4839 1722 4880 sua
1747 4834 1796 4881 et
1822 4826 2009 4898 prodi-

483 4925 595 4968 sua
623 4911 688 4965 in.
713 4925 904 4980 campo
935 4911 1152 4967 Taneos.
1186 4913 1288 4969 Est
1309 4913 1368 4968 in
1391 4912 1500 4969 hoc
1517 4915 1858 4987 mysterium
1879 4915 2014 4972 tale.

370 4999 525 5062 Sunt
547 5000 706 5056 enim
739 4998 909 5054 multi
939 4999 1040 5071 qui
1082 5001 1141 5055 in
1175 5002 1390 5058 mentis
1411 5001 1678 5059 ariditate
1707 5008 1890 5061 Deum
1922 5022 2020 5060 na-

369 5087 638 5145 turaliter
665 5086 920 5155 dulcem,
952 5087 1066 5144 sibi
1109 5089 1382 5146 acerbum
1428 5090 1698 5159 reddunt,
1763 5110 1879 5149 non
1929 5111 2016 5151 re-

371 5177 680 5234 cordantes
705 5177 977 5250 potentiae
1008 5176 1261 5245 Domini,
1295 5183 1352 5233 et
1380 5179 1494 5235 diei
1527 5197 1644 5252 qua
1673 5181 2019 5240 mirabiliter

370 5266 658 5340 sanguine
689 5282 795 5323 suo
825 5281 925 5323 eos
949 5266 1199 5323 redemit
1228 5265 1293 5323 de
1351 5284 1521 5323 manu
1565 5271 1906 5339 tribulantis,
1957 5270 2015 5326 id

371 5360 482 5426 est,
513 5355 586 5412 de
607 5359 894 5427 potestate
925 5355 1209 5428 principis
1240 5357 1637 5424 tenebrarum,
1667 5359 1839 5430 cujus
1875 5360 2016 5432 jugo

371 5443 755 5500 tenebantur:
790 5459 895 5498 nec
926 5444 1104 5500 etiam
1143 5446 1528 5500 recordentur
1584 5451 1807 5517 quanta
1850 5446 2019 5519 signa

368 5535 428 5585 et
453 5531 741 5603 prodigia,
767 5531 995 5588 minora
1022 5531 1292 5589 videlicet
1318 5537 1375 5589 et
1431 5534 1656 5604 majora
1707 5533 2013 5604 miracula,

367 5617 429 5681 in
451 5621 678 5694 Εσνρω,
709 5619 770 5678 id
802 5623 909 5690 est,
942 5618 1003 5679 in
1029 5620 1139 5678 hoc
1169 5621 1410 5696 mundo,
1445 5621 1546 5684 ubi
1571 5638 1687 5683 non
1714 5625 1851 5682 sunt
1890 5621 2009 5684 nisi

2131 4648 2270 4721 quia
2299 4649 2774 4722 concupiscentia
2799 4666 2868 4706 ex
2896 4667 3012 4722 quo
3037 4651 3474 4718 oritur,fructus
3493 4658 3588 4709 est
3611 4655 3790 4712 nobis

2123 4738 2458 4793 communis
2482 4755 2615 4794 cum
2639 4739 2968 4811 pecoribus.
2994 4741 3054 4796 Si
3077 4746 3274 4796 autem
3299 4742 3639 4799 refrenatur
3659 4761 3791 4801 con-

2127 4827 2494 4899 cupiscentia
2523 4832 2588 4882 ut
2619 4827 2892 4900 regaliter
2922 4829 3042 4896 fiat,
3084 4835 3174 4885 est
3224 4830 3413 4886 virtus
3464 4833 3777 4904 pudicitia

2127 4915 2194 4969 Et
2224 4920 2361 4972 nota
2399 4915 2538 4988 quia
2570 4933 2672 4988 per
2701 4918 2954 4988 jumenta
3002 4923 3249 4988 possunt
3295 4919 3478 4992 accipi
3538 4937 3786 4988 uxores,

2127 5004 2265 5075 quia
2313 5004 2453 5076 ipsae
2498 5009 2639 5060 sunt
2685 5007 2964 5076 jumenta,
3016 5008 3072 5061 id
3123 5011 3236 5072 est,
3282 5008 3451 5079 quasi
3529 5011 3784 5081 adjuva-

2128 5099 2325 5149 menta
2345 5093 2416 5149 ad
2441 5093 2785 5150 servandam
2815 5095 3159 5166 pudicitiam
3183 5115 3200 5150 :
3224 5113 3352 5168 qua
3382 5097 3615 5155 scilicet
3636 5101 3790 5156 occi-

2126 5181 2347 5236 duntur
2375 5181 2434 5235 in
2466 5182 2770 5254 grandine,
2797 5184 3030 5254 quando
3062 5184 3314 5256 quisque
3333 5185 3674 5244 traditusin
3696 5204 3787 5244 re-

2126 5271 2374 5342 probum
2387 5270 3084 5343 sensum,turpitudinem
3104 5273 3164 5326 in
3180 5272 3476 5330 masculos
3497 5281 3790 5347 operatur

2125 5358 2288 5415 Unde
2321 5359 2532 5415 Paulus
2560 5378 2572 5415 :
2607 5360 2958 5431 Hujusmodi
2989 5361 3223 5418 tradidit
3238 5363 3378 5420 Deus
3400 5365 3461 5419 in
3478 5368 3786 5437 reprobum

2123 5463 2369 5516 sensum,
2402 5457 2462 5504 ut
2491 5448 2748 5505 facerent
2777 5466 2897 5520 quae
2929 5467 3038 5506 non
3066 5451 3368 5518 decorent,
3399 5453 3460 5508 in
3492 5470 3556 5511 se
3603 5461 3663 5511 et
3718 5457 3785 5512 in

2125 5535 2270 5590 alios
2300 5536 2699 5608 turpitudinem
2719 5546 3000 5610 operantes
3022 5540 3264 5612 (Remi).
3282 5544 3351 5596 Et
3367 5546 3782 5614 possessionem

2122 5638 2311 5685 eorum
2342 5627 2479 5702 igni.
2510 5625 2637 5687 Non
2669 5626 2919 5688 habetur
2933 5626 2993 5690 in
3014 5627 3394 5706 Exodo,quod
3418 5630 3624 5709 aliqua
3633 5645 3781 5708 pos-
