  <div class='ocr_page' id='page_1' title='image "/cluster/home/n/w/nwhite01/storage/ocr_20150623/131/hvd.32044054759923/288.png"; bbox 0 0 4014 6194; ppageno 0'>
   <div class='ocr_carea' id='block_1_1' title="bbox 320 328 442 400">
    <p class='ocr_par' dir='ltr' id='par_1_1' title="bbox 320 328 442 400">
     <span class='ocr_line' id='line_1_1' title="bbox 320 328 442 400; baseline -0.008 -1"><span class='ocrx_word' id='word_1_1' title='bbox 320 328 442 400; x_wconf 72' lang='grc'>861</span> 
     </span>
    </p>
   </div>
   <div class='ocr_carea' id='block_1_2' title="bbox 1459 294 2618 404">
    <p class='ocr_par' dir='ltr' id='par_1_2' title="bbox 1459 294 2618 404">
     <span class='ocr_line' id='line_1_2' title="bbox 1459 294 2618 404; baseline -0.003 -3"><span class='ocrx_word' id='word_1_2' title='bbox 1459 333 2067 402; x_wconf 57' lang='lat' dir='ltr'>susurrones</span> <span class='ocrx_word' id='word_1_3' title='bbox 2110 335 2187 401; x_wconf 87' lang='lat' dir='ltr'>IN</span> <span class='ocrx_word' id='word_1_4' title='bbox 2226 294 2618 404; x_wconf 64' lang='grc' dir='ltr'>ΔΡειηιλίοες.</span> 
     </span>
    </p>
   </div>
   <div class='ocr_carea' id='block_1_3' title="bbox 3622 324 3745 400">
    <p class='ocr_par' dir='ltr' id='par_1_3' title="bbox 3622 324 3745 400">
     <span class='ocr_line' id='line_1_3' title="bbox 3622 324 3745 400; baseline -0.024 0"><span class='ocrx_word' id='word_1_5' title='bbox 3622 324 3745 400; x_wconf 68' lang='grc' dir='ltr'><strong><em>ΜΩ</em></strong></span> 
     </span>
    </p>
   </div>
   <div class='ocr_carea' id='block_1_4' title="bbox 316 462 3744 546">
    <p class='ocr_par' dir='ltr' id='par_1_4' title="bbox 316 462 3744 546">
     <span class='ocr_line' id='line_1_4' title="bbox 316 462 3744 546; baseline 0 -21"><span class='ocrx_word' id='word_1_6' title='bbox 316 469 570 540; x_wconf 87' lang='lat' dir='ltr'>cedant;</span> <span class='ocrx_word' id='word_1_7' title='bbox 626 468 717 528; x_wconf 91' lang='lat' dir='ltr'>vel</span> <span class='ocrx_word' id='word_1_8' title='bbox 774 469 893 528; x_wconf 89' lang='lat' dir='ltr'>sic:</span> <span class='ocrx_word' id='word_1_9' title='bbox 945 470 1263 544; x_wconf 63' lang='lat' dir='ltr'>didi/iacvit</span> <span class='ocrx_word' id='word_1_10' title='bbox 1304 474 1671 543; x_wconf 72' lang='lat' dir='ltr'>sancti/icium</span> <span class='ocrx_word' id='word_1_11' title='bbox 1700 490 1883 546; x_wconf 74' lang='lat' dir='ltr'>suum,</span> <span class='ocrx_word' id='word_1_12' title='bbox 1916 472 1976 529; x_wconf 90' lang='lat' dir='ltr'>id</span> <span class='ocrx_word' id='word_1_13' title='bbox 2006 478 2061 542; x_wconf 80' lang='grc' dir='ltr'><strong>Α</strong></span> <span class='ocrx_word' id='word_1_14' title='bbox 2097 494 2125 523; x_wconf 83' lang='grc'><strong>‹‹</strong></span> <span class='ocrx_word' id='word_1_15' title='bbox 2158 472 2295 529; x_wconf 88' lang='lat' dir='ltr'>facti</span> <span class='ocrx_word' id='word_1_16' title='bbox 2315 489 2523 530; x_wconf 88' lang='lat' dir='ltr'>sumus</span> <span class='ocrx_word' id='word_1_17' title='bbox 2547 470 2746 528; x_wconf 85' lang='lat' dir='ltr'>nimis.</span> <span class='ocrx_word' id='word_1_18' title='bbox 2770 468 2996 542; x_wconf 82' lang='lat' dir='ltr'>Adjuva</span> <span class='ocrx_word' id='word_1_19' title='bbox 3017 481 3145 536; x_wconf 89' lang='lat' dir='ltr'>nos,</span> <span class='ocrx_word' id='word_1_20' title='bbox 3168 463 3325 524; x_wconf 87' lang='lat' dir='ltr'>Deus</span> <span class='ocrx_word' id='word_1_21' title='bbox 3346 462 3622 524; x_wconf 82' lang='lat' dir='ltr'>salutaris</span> <span class='ocrx_word' id='word_1_22' title='bbox 3643 484 3744 526; x_wconf 84' lang='lat' dir='ltr'>no-</span> 
     </span>
    </p>
   </div>
   <div class='ocr_carea' id='block_1_5' title="bbox 318 559 1971 635">
    <p class='ocr_par' dir='ltr' id='par_1_5' title="bbox 318 559 1971 635">
     <span class='ocr_line' id='line_1_5' title="bbox 318 559 1971 635; baseline 0.002 -21"><span class='ocrx_word' id='word_1_23' title='bbox 318 563 426 625; x_wconf 89' lang='lat' dir='ltr'>est,</span> <span class='ocrx_word' id='word_1_24' title='bbox 462 559 740 633; x_wconf 88' lang='lat' dir='ltr'>uopulum</span> <span class='ocrx_word' id='word_1_25' title='bbox 773 578 948 617; x_wconf 90' lang='lat' dir='ltr'>suum</span> <span class='ocrx_word' id='word_1_26' title='bbox 1010 565 1069 617; x_wconf 86' lang='lat' dir='ltr'>in</span> <span class='ocrx_word' id='word_1_27' title='bbox 1127 569 1365 630; x_wconf 89' lang='lat' dir='ltr'>terram,</span> <span class='ocrx_word' id='word_1_28' title='bbox 1399 580 1563 635; x_wconf 88' lang='lat' dir='ltr'>quam</span> <span class='ocrx_word' id='word_1_29' title='bbox 1608 564 1866 635; x_wconf 79' lang='lat' dir='ltr'>fundavit</span> <span class='ocrx_word' id='word_1_30' title='bbox 1912 563 1971 618; x_wconf 91' lang='lat' dir='ltr'>in</span> 
     </span>
    </p>
   </div>
   <div class='ocr_carea' id='block_1_6' title="bbox 318 649 1970 718">
    <p class='ocr_par' dir='ltr' id='par_1_6' title="bbox 318 649 1970 718">
     <span class='ocr_line' id='line_1_6' title="bbox 318 649 1970 718; baseline 0.002 -15"><span class='ocrx_word' id='word_1_31' title='bbox 318 649 487 703; x_wconf 64' lang='lat' dir='ltr'>saeui</span> <span class='ocrx_word' id='word_1_32' title='bbox 536 691 552 718; x_wconf 91' lang='lat'>,</span> <span class='ocrx_word' id='word_1_33' title='bbox 583 649 639 704; x_wconf 89' lang='lat' dir='ltr'>id</span> <span class='ocrx_word' id='word_1_34' title='bbox 683 655 793 716; x_wconf 87' lang='lat' dir='ltr'>est,</span> <span class='ocrx_word' id='word_1_35' title='bbox 854 651 1139 707; x_wconf 84' lang='lat' dir='ltr'>mittendo</span> <span class='ocrx_word' id='word_1_36' title='bbox 1198 652 1365 706; x_wconf 90' lang='lat' dir='ltr'>illum</span> <span class='ocrx_word' id='word_1_37' title='bbox 1431 652 1489 706; x_wconf 91' lang='lat' dir='ltr'>in</span> <span class='ocrx_word' id='word_1_38' title='bbox 1522 651 1970 707; x_wconf 77' lang='lat' dir='ltr'>similitudinem</span> 
     </span>
    </p>
   </div>
   <div class='ocr_carea' id='block_1_7' title="bbox 314 740 1968 812">
    <p class='ocr_par' dir='ltr' id='par_1_7' title="bbox 314 740 1968 812">
     <span class='ocr_line' id='line_1_7' title="bbox 314 740 1968 812; baseline 0.002 -20"><span class='ocrx_word' id='word_1_39' title='bbox 314 740 504 805; x_wconf 67' lang='lat' dir='ltr'>terrae,</span> <span class='ocrx_word' id='word_1_40' title='bbox 538 743 824 810; x_wconf 87' lang='lat' dir='ltr'>quantum</span> <span class='ocrx_word' id='word_1_41' title='bbox 862 740 932 794; x_wconf 89' lang='lat' dir='ltr'>ad</span> <span class='ocrx_word' id='word_1_42' title='bbox 994 740 1051 796; x_wconf 92' lang='lat' dir='ltr'>id</span> <span class='ocrx_word' id='word_1_43' title='bbox 1111 741 1266 812; x_wconf 87' lang='lat' dir='ltr'>quod</span> <span class='ocrx_word' id='word_1_44' title='bbox 1326 747 1480 796; x_wconf 82' lang='lat' dir='ltr'>terra</span> <span class='ocrx_word' id='word_1_45' title='bbox 1538 759 1653 797; x_wconf 90' lang='lat' dir='ltr'>non</span> <span class='ocrx_word' id='word_1_46' title='bbox 1685 746 1968 798; x_wconf 84' lang='lat' dir='ltr'>movetur.</span> 
     </span>
    </p>
   </div>
   <div class='ocr_carea' id='block_1_8' title="bbox 320 827 1970 900">
    <p class='ocr_par' dir='ltr' id='par_1_8' title="bbox 320 827 1970 900">
     <span class='ocr_line' id='line_1_8' title="bbox 320 827 1970 900; baseline 0.002 -18"><span class='ocrx_word' id='word_1_47' title='bbox 320 830 382 882; x_wconf 84' lang='lat' dir='ltr'>Et</span> <span class='ocrx_word' id='word_1_48' title='bbox 394 828 512 895; x_wconf 48' lang='lat' dir='ltr'>eleg</span> <span class='ocrx_word' id='word_1_49' title='bbox 524 830 564 881; x_wconf 79' lang='lat' dir='ltr'>it</span> <span class='ocrx_word' id='word_1_50' title='bbox 584 827 756 883; x_wconf 81' lang='lat' dir='ltr'>David</span> <span class='ocrx_word' id='word_1_51' title='bbox 780 845 1005 885; x_wconf 79' lang='lat' dir='ltr'>servum</span> <span class='ocrx_word' id='word_1_52' title='bbox 1045 846 1228 898; x_wconf 83' lang='lat' dir='ltr'>suum,</span> <span class='ocrx_word' id='word_1_53' title='bbox 1275 839 1327 884; x_wconf 88' lang='lat' dir='ltr'>et</span> <span class='ocrx_word' id='word_1_54' title='bbox 1354 831 1580 885; x_wconf 72' lang='lat' dir='ltr'>sustulit</span> <span class='ocrx_word' id='word_1_55' title='bbox 1618 848 1741 886; x_wconf 85' lang='lat' dir='ltr'>cum</span> <span class='ocrx_word' id='word_1_56' title='bbox 1763 832 1830 886; x_wconf 84' lang='lat' dir='ltr'>de</span> <span class='ocrx_word' id='word_1_57' title='bbox 1848 848 1970 900; x_wconf 85' lang='lat' dir='ltr'>gre-</span> 
     </span>
    </p>
   </div>
   <div class='ocr_carea' id='block_1_9' title="bbox 313 916 1971 990">
    <p class='ocr_par' dir='ltr' id='par_1_9' title="bbox 313 916 1971 990">
     <span class='ocr_line' id='line_1_9' title="bbox 313 916 1971 990; baseline 0.002 -19"><span class='ocrx_word' id='word_1_58' title='bbox 313 916 471 985; x_wconf 75' lang='lat' dir='ltr'>gibus</span> <span class='ocrx_word' id='word_1_59' title='bbox 488 917 689 983; x_wconf 66' lang='lat' dir='ltr'>ouium,</span> <span class='ocrx_word' id='word_1_60' title='bbox 710 916 846 989; x_wconf 88' lang='lat' dir='ltr'>quia</span> <span class='ocrx_word' id='word_1_61' title='bbox 860 918 930 973; x_wconf 91' lang='lat' dir='ltr'>de</span> <span class='ocrx_word' id='word_1_62' title='bbox 943 918 1427 990; x_wconf 81' lang='lat' dir='ltr'>pastoraliol‘ficio</span> <span class='ocrx_word' id='word_1_63' title='bbox 1445 936 1720 990; x_wconf 79' lang='lat' dir='ltr'>pecorum</span> <span class='ocrx_word' id='word_1_64' title='bbox 1742 920 1971 975; x_wconf 82' lang='lat' dir='ltr'>assum-</span> 
     </span>
    </p>
   </div>
   <div class='ocr_carea' id='block_1_10' title="bbox 314 1005 1965 1080">
    <p class='ocr_par' dir='ltr' id='par_1_10' title="bbox 314 1005 1965 1080">
     <span class='ocr_line' id='line_1_10' title="bbox 314 1005 1965 1080; baseline 0.003 -21"><span class='ocrx_word' id='word_1_65' title='bbox 314 1011 450 1077; x_wconf 89' lang='lat' dir='ltr'>ptus</span> <span class='ocrx_word' id='word_1_66' title='bbox 485 1009 570 1060; x_wconf 78' lang='lat' dir='ltr'>est</span> <span class='ocrx_word' id='word_1_67' title='bbox 603 1005 663 1060; x_wconf 89' lang='lat' dir='ltr'>in</span> <span class='ocrx_word' id='word_1_68' title='bbox 696 1023 979 1078; x_wconf 83' lang='lat' dir='ltr'>regnum:</span> <span class='ocrx_word' id='word_1_69' title='bbox 1030 1007 1094 1063; x_wconf 83' lang='lat' dir='ltr'>de</span> <span class='ocrx_word' id='word_1_70' title='bbox 1131 1015 1255 1078; x_wconf 82' lang='lat' dir='ltr'>post</span> <span class='ocrx_word' id='word_1_71' title='bbox 1289 1009 1543 1078; x_wconf 65' lang='lat' dir='ltr'>ﬂatantes</span> <span class='ocrx_word' id='word_1_72' title='bbox 1585 1010 1788 1080; x_wconf 74' lang='lat' dir='ltr'>accepit</span> <span class='ocrx_word' id='word_1_73' title='bbox 1820 1025 1965 1075; x_wconf 85' lang='lat' dir='ltr'>eum,</span> 
     </span>
    </p>
   </div>
   <div class='ocr_carea' id='block_1_11' title="bbox 312 1090 1965 1169">
    <p class='ocr_par' dir='ltr' id='par_1_11' title="bbox 312 1090 1965 1169">
     <span class='ocr_line' id='line_1_11' title="bbox 312 1090 1965 1169; baseline 0.003 -23"><span class='ocrx_word' id='word_1_74' title='bbox 312 1090 371 1148; x_wconf 90' lang='lat' dir='ltr'>id</span> <span class='ocrx_word' id='word_1_75' title='bbox 394 1096 503 1157; x_wconf 87' lang='lat' dir='ltr'>est,</span> <span class='ocrx_word' id='word_1_76' title='bbox 530 1093 600 1148; x_wconf 62' lang='lat' dir='ltr'>Ile</span> <span class='ocrx_word' id='word_1_77' title='bbox 620 1092 719 1148; x_wconf 92' lang='lat' dir='ltr'>illo</span> <span class='ocrx_word' id='word_1_78' title='bbox 735 1095 834 1165; x_wconf 88' lang='lat' dir='ltr'>qui</span> <span class='ocrx_word' id='word_1_79' title='bbox 853 1099 1111 1168; x_wconf 77' lang='lat' dir='ltr'>eratpost</span> <span class='ocrx_word' id='word_1_80' title='bbox 1126 1096 1405 1169; x_wconf 67' lang='lat' dir='ltr'>ﬂatantes,</span> <span class='ocrx_word' id='word_1_81' title='bbox 1428 1096 1605 1162; x_wconf 82' lang='lat' dir='ltr'>idest,</span> <span class='ocrx_word' id='word_1_82' title='bbox 1628 1098 1795 1153; x_wconf 80' lang='lat' dir='ltr'>fcetas</span> <span class='ocrx_word' id='word_1_83' title='bbox 1810 1114 1965 1163; x_wconf 89' lang='lat' dir='ltr'>oves,</span> 
     </span>
    </p>
   </div>
   <div class='ocr_carea' id='block_1_12' title="bbox 311 1184 1965 1258">
    <p class='ocr_par' dir='ltr' id='par_1_12' title="bbox 311 1184 1965 1258">
     <span class='ocr_line' id='line_1_12' title="bbox 311 1184 1965 1258; baseline 0.002 -22"><span class='ocrx_word' id='word_1_84' title='bbox 311 1186 655 1253; x_wconf 77' lang='lat' dir='ltr'>assumptus</span> <span class='ocrx_word' id='word_1_85' title='bbox 686 1187 794 1249; x_wconf 91' lang='lat' dir='ltr'>est,</span> <span class='ocrx_word' id='word_1_86' title='bbox 824 1187 879 1238; x_wconf 90' lang='lat' dir='ltr'>et</span> <span class='ocrx_word' id='word_1_87' title='bbox 918 1184 975 1238; x_wconf 89' lang='lat' dir='ltr'>iu</span> <span class='ocrx_word' id='word_1_88' title='bbox 1038 1185 1221 1256; x_wconf 78' lang='lat' dir='ltr'>priori</span> <span class='ocrx_word' id='word_1_89' title='bbox 1281 1185 1407 1240; x_wconf 91' lang='lat' dir='ltr'>loco</span> <span class='ocrx_word' id='word_1_90' title='bbox 1466 1184 1776 1240; x_wconf 86' lang='lat' dir='ltr'>hominum</span> <span class='ocrx_word' id='word_1_91' title='bbox 1810 1187 1965 1258; x_wconf 91' lang='lat' dir='ltr'>posi-</span> 
     </span>
    </p>
   </div>
   <div class='ocr_carea' id='block_1_13' title="bbox 308 1269 1959 1346">
    <p class='ocr_par' dir='ltr' id='par_1_13' title="bbox 308 1269 1959 1346">
     <span class='ocr_line' id='line_1_13' title="bbox 308 1269 1959 1346; baseline 0.004 -21"><span class='ocrx_word' id='word_1_92' title='bbox 308 1271 409 1325; x_wconf 87' lang='lat' dir='ltr'>tus</span> <span class='ocrx_word' id='word_1_93' title='bbox 439 1276 547 1325; x_wconf 67' lang='lat' dir='ltr'>est.</span> <span class='ocrx_word' id='word_1_94' title='bbox 590 1269 769 1325; x_wconf 83' lang='lat' dir='ltr'>David</span> <span class='ocrx_word' id='word_1_95' title='bbox 803 1274 912 1327; x_wconf 87' lang='lat' dir='ltr'>iste</span> <span class='ocrx_word' id='word_1_96' title='bbox 947 1273 1246 1328; x_wconf 90' lang='lat' dir='ltr'>Christum</span> <span class='ocrx_word' id='word_1_97' title='bbox 1299 1273 1615 1345; x_wconf 83' lang='lat' dir='ltr'>signiﬁcat,</span> <span class='ocrx_word' id='word_1_98' title='bbox 1665 1276 1766 1346; x_wconf 87' lang='lat' dir='ltr'>qui</span> <span class='ocrx_word' id='word_1_99' title='bbox 1798 1274 1959 1331; x_wconf 87' lang='lat' dir='ltr'>abla-</span> 
     </span>
    </p>
   </div>
   <div class='ocr_carea' id='block_1_14' title="bbox 277 1359 1963 1437">
    <p class='ocr_par' dir='ltr' id='par_1_14' title="bbox 277 1359 1963 1437">
     <span class='ocr_line' id='line_1_14' title="bbox 277 1359 1963 1437; baseline 0.004 -23"><span class='ocrx_word' id='word_1_100' title='bbox 277 1363 410 1433; x_wconf 40' lang='lat' dir='ltr'>.tus</span> <span class='ocrx_word' id='word_1_101' title='bbox 442 1359 553 1414; x_wconf 83' lang='lat' dir='ltr'>fuit</span> <span class='ocrx_word' id='word_1_102' title='bbox 584 1360 655 1415; x_wconf 88' lang='lat' dir='ltr'>de</span> <span class='ocrx_word' id='word_1_103' title='bbox 700 1377 876 1434; x_wconf 87' lang='lat' dir='ltr'>regno</span> <span class='ocrx_word' id='word_1_104' title='bbox 923 1361 1286 1428; x_wconf 77' lang='lat' dir='ltr'>Judaeorum,</span> <span class='ocrx_word' id='word_1_105' title='bbox 1319 1367 1375 1419; x_wconf 90' lang='lat' dir='ltr'>et</span> <span class='ocrx_word' id='word_1_106' title='bbox 1422 1363 1494 1418; x_wconf 90' lang='lat' dir='ltr'>ad</span> <span class='ocrx_word' id='word_1_107' title='bbox 1545 1380 1789 1436; x_wconf 85' lang='lat' dir='ltr'>regnum</span> <span class='ocrx_word' id='word_1_108' title='bbox 1824 1381 1963 1437; x_wconf 87' lang='lat' dir='ltr'>gen-</span> 
     </span>
    </p>
   </div>
   <div class='ocr_carea' id='block_1_15' title="bbox 308 1448 1964 1509">
    <p class='ocr_par' dir='ltr' id='par_1_15' title="bbox 308 1448 1964 1509">
     <span class='ocr_line' id='line_1_15' title="bbox 308 1448 1964 1509; baseline 0.004 -7"><span class='ocrx_word' id='word_1_109' title='bbox 308 1448 461 1503; x_wconf 90' lang='lat' dir='ltr'>tium</span> <span class='ocrx_word' id='word_1_110' title='bbox 493 1448 851 1506; x_wconf 85' lang='lat' dir='ltr'>translatus:</span> <span class='ocrx_word' id='word_1_111' title='bbox 916 1451 1016 1506; x_wconf 86' lang='lat' dir='ltr'>sed</span> <span class='ocrx_word' id='word_1_112' title='bbox 1063 1457 1258 1507; x_wconf 85' lang='lat' dir='ltr'>tamen</span> <span class='ocrx_word' id='word_1_113' title='bbox 1320 1468 1434 1506; x_wconf 91' lang='lat' dir='ltr'>non</span> <span class='ocrx_word' id='word_1_114' title='bbox 1488 1452 1574 1507; x_wconf 91' lang='lat' dir='ltr'>sic</span> <span class='ocrx_word' id='word_1_115' title='bbox 1615 1457 1706 1508; x_wconf 88' lang='lat' dir='ltr'>est</span> <span class='ocrx_word' id='word_1_116' title='bbox 1734 1453 1964 1509; x_wconf 88' lang='lat' dir='ltr'>ablatus</span> 
     </span>
    </p>
   </div>
   <div class='ocr_carea' id='block_1_16' title="bbox 306 1536 1964 1608">
    <p class='ocr_par' dir='ltr' id='par_1_16' title="bbox 306 1536 1964 1608">
     <span class='ocr_line' id='line_1_16' title="bbox 306 1536 1964 1608; baseline 0.004 -16"><span class='ocrx_word' id='word_1_117' title='bbox 306 1536 551 1601; x_wconf 67' lang='lat' dir='ltr'>Judaeis,</span> <span class='ocrx_word' id='word_1_118' title='bbox 579 1543 643 1592; x_wconf 92' lang='lat' dir='ltr'>ut</span> <span class='ocrx_word' id='word_1_119' title='bbox 665 1538 857 1594; x_wconf 90' lang='lat' dir='ltr'>nullos</span> <span class='ocrx_word' id='word_1_120' title='bbox 882 1538 961 1594; x_wconf 86' lang='lat' dir='ltr'>ibi</span> <span class='ocrx_word' id='word_1_121' title='bbox 984 1539 1225 1596; x_wconf 84' lang='lat' dir='ltr'>haberet</span> <span class='ocrx_word' id='word_1_122' title='bbox 1249 1541 1497 1608; x_wconf 84' lang='lat' dir='ltr'>fruetus,</span> <span class='ocrx_word' id='word_1_123' title='bbox 1523 1542 1623 1597; x_wconf 88' lang='lat' dir='ltr'>sed</span> <span class='ocrx_word' id='word_1_124' title='bbox 1640 1542 1873 1598; x_wconf 87' lang='lat' dir='ltr'>ablatus</span> <span class='ocrx_word' id='word_1_125' title='bbox 1893 1543 1964 1598; x_wconf 89' lang='lat' dir='ltr'>de</span> 
     </span>
    </p>
   </div>
   <div class='ocr_carea' id='block_1_17' title="bbox 304 1624 1964 1705">
    <p class='ocr_par' dir='ltr' id='par_1_17' title="bbox 304 1624 1964 1705">
     <span class='ocr_line' id='line_1_17' title="bbox 304 1624 1964 1705; baseline 0.004 -25"><span class='ocrx_word' id='word_1_126' title='bbox 304 1624 447 1692; x_wconf 69' lang='lat' dir='ltr'>illis,</span> <span class='ocrx_word' id='word_1_127' title='bbox 471 1630 783 1698; x_wconf 74' lang='lat' dir='ltr'>postquam</span> <span class='ocrx_word' id='word_1_128' title='bbox 808 1627 1047 1699; x_wconf 83' lang='lat' dir='ltr'>quidam</span> <span class='ocrx_word' id='word_1_129' title='bbox 1072 1646 1275 1684; x_wconf 87' lang='lat' dir='ltr'>eorum</span> <span class='ocrx_word' id='word_1_130' title='bbox 1299 1630 1566 1685; x_wconf 71' lang='lat' dir='ltr'>fmtautes</span> <span class='ocrx_word' id='word_1_131' title='bbox 1589 1629 1806 1687; x_wconf 83' lang='lat' dir='ltr'>inventi</span> <span class='ocrx_word' id='word_1_132' title='bbox 1825 1636 1964 1705; x_wconf 84' lang='lat' dir='ltr'>sunt</span> 
     </span>
    </p>
   </div>
   <div class='ocr_carea' id='block_1_18' title="bbox 305 1714 1962 1793">
    <p class='ocr_par' dir='ltr' id='par_1_18' title="bbox 305 1714 1962 1793">
     <span class='ocr_line' id='line_1_18' title="bbox 305 1714 1962 1793; baseline 0.004 -24"><span class='ocrx_word' id='word_1_133' title='bbox 305 1714 368 1769; x_wconf 90' lang='lat' dir='ltr'>in</span> <span class='ocrx_word' id='word_1_134' title='bbox 400 1715 510 1769; x_wconf 80' lang='lat' dir='ltr'>fide</span> <span class='ocrx_word' id='word_1_135' title='bbox 541 1719 598 1771; x_wconf 90' lang='lat' dir='ltr'>et</span> <span class='ocrx_word' id='word_1_136' title='bbox 627 1716 687 1771; x_wconf 91' lang='lat' dir='ltr'>in</span> <span class='ocrx_word' id='word_1_137' title='bbox 719 1716 872 1772; x_wconf 89' lang='lat' dir='ltr'>bona</span> <span class='ocrx_word' id='word_1_138' title='bbox 902 1717 1271 1790; x_wconf 86' lang='lat' dir='ltr'>operatione:</span> <span class='ocrx_word' id='word_1_139' title='bbox 1324 1718 1463 1790; x_wconf 87' lang='lat' dir='ltr'>quia</span> <span class='ocrx_word' id='word_1_140' title='bbox 1502 1736 1569 1774; x_wconf 83' lang='lat' dir='ltr'>ex</span> <span class='ocrx_word' id='word_1_141' title='bbox 1617 1718 1716 1775; x_wconf 92' lang='lat' dir='ltr'>illo</span> <span class='ocrx_word' id='word_1_142' title='bbox 1748 1720 1962 1793; x_wconf 90' lang='lat' dir='ltr'>populo</span> 
     </span>
    </p>
   </div>
   <div class='ocr_carea' id='block_1_19' title="bbox 306 1804 1957 1879">
    <p class='ocr_par' dir='ltr' id='par_1_19' title="bbox 306 1804 1957 1879">
     <span class='ocr_line' id='line_1_19' title="bbox 306 1804 1957 1879; baseline 0.003 -20"><span class='ocrx_word' id='word_1_143' title='bbox 306 1808 472 1859; x_wconf 89' lang='lat' dir='ltr'>erant</span> <span class='ocrx_word' id='word_1_144' title='bbox 502 1804 771 1876; x_wconf 80' lang='lat' dir='ltr'>apostoli,</span> <span class='ocrx_word' id='word_1_145' title='bbox 806 1806 1116 1878; x_wconf 64' lang='lat' dir='ltr'>caeterique</span> <span class='ocrx_word' id='word_1_146' title='bbox 1150 1806 1350 1862; x_wconf 82' lang='lat' dir='ltr'>fideles</span> <span class='ocrx_word' id='word_1_147' title='bbox 1380 1807 1495 1861; x_wconf 82' lang='lat' dir='ltr'>fide</span> <span class='ocrx_word' id='word_1_148' title='bbox 1529 1806 1707 1879; x_wconf 90' lang='lat' dir='ltr'>pleni,</span> <span class='ocrx_word' id='word_1_149' title='bbox 1739 1814 1797 1864; x_wconf 92' lang='lat' dir='ltr'>et</span> <span class='ocrx_word' id='word_1_150' title='bbox 1822 1810 1957 1864; x_wconf 78' lang='lat' dir='ltr'>iuti-</span> 
     </span>
    </p>
   </div>
   <div class='ocr_carea' id='block_1_20' title="bbox 306 1890 1963 1968">
    <p class='ocr_par' dir='ltr' id='par_1_20' title="bbox 306 1890 1963 1968">
     <span class='ocr_line' id='line_1_20' title="bbox 306 1890 1963 1968; baseline 0.005 -22"><span class='ocrx_word' id='word_1_151' title='bbox 306 1890 544 1947; x_wconf 85' lang='lat' dir='ltr'>delitate</span> <span class='ocrx_word' id='word_1_152' title='bbox 571 1893 761 1948; x_wconf 84' lang='lat' dir='ltr'>vacui.</span> <span class='ocrx_word' id='word_1_153' title='bbox 794 1896 1030 1950; x_wconf 78' lang='lat' dir='ltr'>Poscere</span> <span class='ocrx_word' id='word_1_154' title='bbox 1056 1897 1225 1952; x_wconf 84' lang='lat' dir='ltr'>Jacob</span> <span class='ocrx_word' id='word_1_155' title='bbox 1253 1912 1475 1952; x_wconf 80' lang='lat' dir='ltr'>servum</span> <span class='ocrx_word' id='word_1_156' title='bbox 1502 1914 1684 1968; x_wconf 70' lang='lat' dir='ltr'>suum,</span> <span class='ocrx_word' id='word_1_157' title='bbox 1716 1902 1767 1953; x_wconf 72' lang='lat' dir='ltr'>at</span> <span class='ocrx_word' id='word_1_158' title='bbox 1793 1900 1963 1954; x_wconf 74' lang='lat' dir='ltr'>Israel</span> 
     </span>
    </p>
   </div>
   <div class='ocr_carea' id='block_1_21' title="bbox 306 1980 1961 2060">
    <p class='ocr_par' dir='ltr' id='par_1_21' title="bbox 306 1980 1961 2060">
     <span class='ocr_line' id='line_1_21' title="bbox 306 1980 1961 2060; baseline 0.002 -22"><span class='ocrx_word' id='word_1_159' title='bbox 306 1980 685 2038; x_wconf 69' lang='lat' dir='ltr'>haereditatem</span> <span class='ocrx_word' id='word_1_160' title='bbox 726 1999 904 2038; x_wconf 86' lang='lat' dir='ltr'>suam.</span> <span class='ocrx_word' id='word_1_161' title='bbox 950 1984 1091 2040; x_wconf 91' lang='lat' dir='ltr'>Ecce</span> <span class='ocrx_word' id='word_1_162' title='bbox 1127 2002 1308 2056; x_wconf 90' lang='lat' dir='ltr'>quare</span> <span class='ocrx_word' id='word_1_163' title='bbox 1344 1987 1508 2055; x_wconf 82' lang='lat' dir='ltr'>elegit</span> <span class='ocrx_word' id='word_1_164' title='bbox 1542 1987 1732 2053; x_wconf 82' lang='lat' dir='ltr'>David,</span> <span class='ocrx_word' id='word_1_165' title='bbox 1766 1992 1830 2042; x_wconf 92' lang='lat' dir='ltr'>ut</span> <span class='ocrx_word' id='word_1_166' title='bbox 1859 2005 1961 2060; x_wconf 89' lang='lat' dir='ltr'>pa-</span> 
     </span>
    </p>
   </div>
   <div class='ocr_carea' id='block_1_22' title="bbox 307 2071 1962 2142">
    <p class='ocr_par' dir='ltr' id='par_1_22' title="bbox 307 2071 1962 2142">
     <span class='ocr_line' id='line_1_22' title="bbox 307 2071 1962 2142; baseline 0.004 -17"><span class='ocrx_word' id='word_1_167' title='bbox 307 2076 491 2125; x_wconf 89' lang='lat' dir='ltr'>sceret</span> <span class='ocrx_word' id='word_1_168' title='bbox 518 2071 677 2127; x_wconf 77' lang='lat' dir='ltr'>Iacob</span> <span class='ocrx_word' id='word_1_169' title='bbox 725 2071 994 2128; x_wconf 84' lang='lat' dir='ltr'>videlicet</span> <span class='ocrx_word' id='word_1_170' title='bbox 1038 2090 1259 2128; x_wconf 77' lang='lat' dir='ltr'>servum</span> <span class='ocrx_word' id='word_1_171' title='bbox 1307 2090 1489 2141; x_wconf 78' lang='lat' dir='ltr'>suum,</span> <span class='ocrx_word' id='word_1_172' title='bbox 1540 2075 1597 2130; x_wconf 91' lang='lat' dir='ltr'>id</span> <span class='ocrx_word' id='word_1_173' title='bbox 1631 2079 1739 2142; x_wconf 88' lang='lat' dir='ltr'>est,</span> <span class='ocrx_word' id='word_1_174' title='bbox 1775 2079 1962 2131; x_wconf 88' lang='lat' dir='ltr'>atten-</span> 
     </span>
    </p>
   </div>
   <div class='ocr_carea' id='block_1_23' title="bbox 308 2157 1963 2234">
    <p class='ocr_par' dir='ltr' id='par_1_23' title="bbox 308 2157 1963 2234">
     <span class='ocr_line' id='line_1_23' title="bbox 308 2157 1963 2234; baseline 0.004 -22"><span class='ocrx_word' id='word_1_175' title='bbox 308 2157 510 2213; x_wconf 85' lang='lat' dir='ltr'>dentes</span> <span class='ocrx_word' id='word_1_176' title='bbox 542 2160 759 2225; x_wconf 79' lang='lat' dir='ltr'>l‘utura,</span> <span class='ocrx_word' id='word_1_177' title='bbox 788 2165 846 2215; x_wconf 92' lang='lat' dir='ltr'>et</span> <span class='ocrx_word' id='word_1_178' title='bbox 878 2166 1297 2233; x_wconf 84' lang='lat' dir='ltr'>postponentes</span> <span class='ocrx_word' id='word_1_179' title='bbox 1335 2164 1681 2234; x_wconf 67' lang='lat' dir='ltr'>praisentia:</span> <span class='ocrx_word' id='word_1_180' title='bbox 1715 2172 1767 2219; x_wconf 77' lang='lat' dir='ltr'>et</span> <span class='ocrx_word' id='word_1_181' title='bbox 1788 2165 1963 2219; x_wconf 74' lang='lat' dir='ltr'>Israel</span> 
     </span>
    </p>
   </div>
   <div class='ocr_carea' id='block_1_24' title="bbox 309 2245 1964 2324">
    <p class='ocr_par' dir='ltr' id='par_1_24' title="bbox 309 2245 1964 2324">
     <span class='ocr_line' id='line_1_24' title="bbox 309 2245 1964 2324; baseline 0.005 -24"><span class='ocrx_word' id='word_1_182' title='bbox 309 2245 686 2302; x_wconf 52' lang='lat' dir='ltr'>haeroiitatem</span> <span class='ocrx_word' id='word_1_183' title='bbox 713 2266 895 2319; x_wconf 78' lang='lat' dir='ltr'>suam,</span> <span class='ocrx_word' id='word_1_184' title='bbox 936 2250 992 2304; x_wconf 89' lang='lat' dir='ltr'>id</span> <span class='ocrx_word' id='word_1_185' title='bbox 1026 2254 1136 2315; x_wconf 89' lang='lat' dir='ltr'>est,</span> <span class='ocrx_word' id='word_1_186' title='bbox 1184 2249 1316 2305; x_wconf 90' lang='lat' dir='ltr'>illos</span> <span class='ocrx_word' id='word_1_187' title='bbox 1342 2251 1439 2323; x_wconf 91' lang='lat' dir='ltr'>qui</span> <span class='ocrx_word' id='word_1_188' title='bbox 1490 2251 1964 2324; x_wconf 87' lang='lat' dir='ltr'>contemplautur</span> 
     </span>
    </p>
   </div>
   <div class='ocr_carea' id='block_1_25' title="bbox 309 2334 1962 2410">
    <p class='ocr_par' dir='ltr' id='par_1_25' title="bbox 309 2334 1962 2410">
     <span class='ocr_line' id='line_1_25' title="bbox 309 2334 1962 2410; baseline 0.003 -23"><span class='ocrx_word' id='word_1_189' title='bbox 309 2350 426 2388; x_wconf 91' lang='lat' dir='ltr'>non</span> <span class='ocrx_word' id='word_1_190' title='bbox 453 2351 520 2387; x_wconf 84' lang='lat' dir='ltr'>ea</span> <span class='ocrx_word' id='word_1_191' title='bbox 544 2351 672 2406; x_wconf 63' lang='lat' dir='ltr'>quae</span> <span class='ocrx_word' id='word_1_192' title='bbox 694 2334 983 2404; x_wconf 86' lang='lat' dir='ltr'>videntur,</span> <span class='ocrx_word' id='word_1_193' title='bbox 1013 2337 1111 2391; x_wconf 90' lang='lat' dir='ltr'>sed</span> <span class='ocrx_word' id='word_1_194' title='bbox 1140 2354 1264 2408; x_wconf 65' lang='lat' dir='ltr'>quae</span> <span class='ocrx_word' id='word_1_195' title='bbox 1289 2354 1403 2391; x_wconf 91' lang='lat' dir='ltr'>non</span> <span class='ocrx_word' id='word_1_196' title='bbox 1426 2337 1717 2408; x_wconf 85' lang='lat' dir='ltr'>videntur,</span> <span class='ocrx_word' id='word_1_197' title='bbox 1735 2338 1962 2410; x_wconf 90' lang='lat' dir='ltr'>vel,per</span> 
     </span>
    </p>
   </div>
   <div class='ocr_carea' id='block_1_26' title="bbox 302 2423 1962 2499">
    <p class='ocr_par' dir='ltr' id='par_1_26' title="bbox 302 2423 1962 2499">
     <span class='ocr_line' id='line_1_26' title="bbox 302 2423 1962 2499; baseline 0.002 -21"><span class='ocrx_word' id='word_1_198' title='bbox 302 2423 494 2491; x_wconf 81' lang='lat' dir='ltr'>Iacob,</span> <span class='ocrx_word' id='word_1_199' title='bbox 524 2425 803 2478; x_wconf 88' lang='lat' dir='ltr'>notantur</span> <span class='ocrx_word' id='word_1_200' title='bbox 836 2424 1038 2496; x_wconf 91' lang='lat' dir='ltr'>populi</span> <span class='ocrx_word' id='word_1_201' title='bbox 1070 2426 1357 2498; x_wconf 86' lang='lat' dir='ltr'>gentium,</span> <span class='ocrx_word' id='word_1_202' title='bbox 1382 2431 1440 2481; x_wconf 88' lang='lat' dir='ltr'>et</span> <span class='ocrx_word' id='word_1_203' title='bbox 1461 2443 1563 2498; x_wconf 91' lang='lat' dir='ltr'>per</span> <span class='ocrx_word' id='word_1_204' title='bbox 1581 2426 1759 2482; x_wconf 85' lang='lat' dir='ltr'>Israel</span> <span class='ocrx_word' id='word_1_205' title='bbox 1783 2444 1962 2499; x_wconf 91' lang='lat' dir='ltr'>popu-</span> 
     </span>
    </p>
   </div>
   <div class='ocr_carea' id='block_1_27' title="bbox 300 2508 1959 2586">
    <p class='ocr_par' dir='ltr' id='par_1_27' title="bbox 300 2508 1959 2586">
     <span class='ocr_line' id='line_1_27' title="bbox 300 2508 1959 2586; baseline 0.004 -22"><span class='ocrx_word' id='word_1_206' title='bbox 300 2508 395 2565; x_wconf 89' lang='lat' dir='ltr'>lus</span> <span class='ocrx_word' id='word_1_207' title='bbox 425 2510 760 2566; x_wconf 61' lang='lat' dir='ltr'>Judaorum</span> <span class='ocrx_word' id='word_1_208' title='bbox 814 2513 862 2583; x_wconf 84' lang='grc' dir='ltr'>(Ι</span> <span class='ocrx_word' id='word_1_209' title='bbox 904 2513 1022 2568; x_wconf 81' lang='lat' dir='ltr'>Cor.</span> <span class='ocrx_word' id='word_1_210' title='bbox 1083 2515 1225 2585; x_wconf 62' lang='lat' dir='ltr'>nn):</span> <span class='ocrx_word' id='word_1_211' title='bbox 1276 2520 1328 2570; x_wconf 79' lang='lat' dir='ltr'>et</span> <span class='ocrx_word' id='word_1_212' title='bbox 1373 2518 1525 2586; x_wconf 78' lang='lat' dir='ltr'>pavit</span> <span class='ocrx_word' id='word_1_213' title='bbox 1572 2532 1659 2571; x_wconf 77' lang='lat' dir='ltr'>cos</span> <span class='ocrx_word' id='word_1_214' title='bbox 1707 2518 1767 2571; x_wconf 85' lang='lat' dir='ltr'>in</span> <span class='ocrx_word' id='word_1_215' title='bbox 1804 2518 1959 2571; x_wconf 83' lang='lat' dir='ltr'>inno-</span> 
     </span>
    </p>
   </div>
   <div class='ocr_carea' id='block_1_28' title="bbox 302 2599 1954 2675">
    <p class='ocr_par' dir='ltr' id='par_1_28' title="bbox 302 2599 1954 2675">
     <span class='ocr_line' id='line_1_28' title="bbox 302 2599 1954 2675; baseline 0.005 -22"><span class='ocrx_word' id='word_1_216' title='bbox 302 2601 478 2654; x_wconf 72' lang='lat' dir='ltr'>centia</span> <span class='ocrx_word' id='word_1_217' title='bbox 508 2599 685 2653; x_wconf 75' lang='lat' dir='ltr'>cordis</span> <span class='ocrx_word' id='word_1_218' title='bbox 719 2603 825 2654; x_wconf 78' lang='lat' dir='ltr'>sui.</span> <span class='ocrx_word' id='word_1_219' title='bbox 852 2600 1027 2664; x_wconf 87' lang='lat' dir='ltr'>Quasi</span> <span class='ocrx_word' id='word_1_220' title='bbox 1060 2602 1251 2658; x_wconf 86' lang='lat' dir='ltr'>dicat:</span> <span class='ocrx_word' id='word_1_221' title='bbox 1283 2604 1461 2673; x_wconf 79' lang='lat' dir='ltr'>Elegit</span> <span class='ocrx_word' id='word_1_222' title='bbox 1502 2604 1675 2659; x_wconf 82' lang='lat' dir='ltr'>David</span> <span class='ocrx_word' id='word_1_223' title='bbox 1712 2621 1954 2675; x_wconf 75' lang='lat' dir='ltr'>pascere,</span> 
     </span>
    </p>
   </div>
   <div class='ocr_carea' id='block_1_29' title="bbox 301 2686 1957 2761">
    <p class='ocr_par' dir='ltr' id='par_1_29' title="bbox 301 2686 1957 2761">
     <span class='ocr_line' id='line_1_29' title="bbox 301 2686 1957 2761; baseline 0.003 -19"><span class='ocrx_word' id='word_1_224' title='bbox 301 2686 359 2742; x_wconf 91' lang='lat' dir='ltr'>id</span> <span class='ocrx_word' id='word_1_225' title='bbox 392 2692 497 2755; x_wconf 65' lang='lat' dir='ltr'>est,</span> <span class='ocrx_word' id='word_1_226' title='bbox 533 2687 602 2742; x_wconf 85' lang='lat' dir='ltr'>ad</span> <span class='ocrx_word' id='word_1_227' title='bbox 636 2686 744 2743; x_wconf 89' lang='lat' dir='ltr'>hoc</span> <span class='ocrx_word' id='word_1_228' title='bbox 778 2695 840 2743; x_wconf 89' lang='lat' dir='ltr'>ut</span> <span class='ocrx_word' id='word_1_229' title='bbox 871 2695 1134 2761; x_wconf 80' lang='lat' dir='ltr'>pasceret</span> <span class='ocrx_word' id='word_1_230' title='bbox 1173 2692 1341 2747; x_wconf 87' lang='lat' dir='ltr'>Jacob</span> <span class='ocrx_word' id='word_1_231' title='bbox 1372 2701 1425 2747; x_wconf 83' lang='lat' dir='ltr'>et</span> <span class='ocrx_word' id='word_1_232' title='bbox 1463 2692 1629 2749; x_wconf 80' lang='lat' dir='ltr'>Israel</span> <span class='ocrx_word' id='word_1_233' title='bbox 1669 2694 1867 2761; x_wconf 91' lang='lat' dir='ltr'>David,</span> <span class='ocrx_word' id='word_1_234' title='bbox 1901 2697 1957 2749; x_wconf 92' lang='lat' dir='ltr'>et</span> 
     </span>
    </p>
   </div>
   <div class='ocr_carea' id='block_1_30' title="bbox 303 2776 1951 2849">
    <p class='ocr_par' dir='ltr' id='par_1_30' title="bbox 303 2776 1951 2849">
     <span class='ocr_line' id='line_1_30' title="bbox 303 2776 1951 2849; baseline 0.003 -19"><span class='ocrx_word' id='word_1_235' title='bbox 303 2776 519 2830; x_wconf 83' lang='lat' dir='ltr'>factum</span> <span class='ocrx_word' id='word_1_236' title='bbox 552 2780 640 2831; x_wconf 88' lang='lat' dir='ltr'>est</span> <span class='ocrx_word' id='word_1_237' title='bbox 671 2776 809 2848; x_wconf 88' lang='lat' dir='ltr'>quia</span> <span class='ocrx_word' id='word_1_238' title='bbox 827 2780 1001 2849; x_wconf 83' lang='lat' dir='ltr'>pavit,</span> <span class='ocrx_word' id='word_1_239' title='bbox 1038 2779 1093 2832; x_wconf 92' lang='lat' dir='ltr'>id</span> <span class='ocrx_word' id='word_1_240' title='bbox 1118 2782 1206 2834; x_wconf 89' lang='lat' dir='ltr'>est</span> <span class='ocrx_word' id='word_1_241' title='bbox 1242 2780 1459 2846; x_wconf 80' lang='lat' dir='ltr'>refecit,</span> <span class='ocrx_word' id='word_1_242' title='bbox 1485 2798 1584 2836; x_wconf 87' lang='lat' dir='ltr'>eos</span> <span class='ocrx_word' id='word_1_243' title='bbox 1607 2783 1665 2835; x_wconf 86' lang='lat' dir='ltr'>in</span> <span class='ocrx_word' id='word_1_244' title='bbox 1691 2784 1951 2836; x_wconf 84' lang='lat' dir='ltr'>innocen-</span> 
     </span>
    </p>
   </div>
   <div class='ocr_carea' id='block_1_31' title="bbox 297 2854 1952 2938">
    <p class='ocr_par' dir='ltr' id='par_1_31' title="bbox 297 2854 1952 2938">
     <span class='ocr_line' id='line_1_31' title="bbox 297 2854 1952 2938; baseline 0.003 -19"><span class='ocrx_word' id='word_1_245' title='bbox 297 2866 381 2919; x_wconf 88' lang='lat' dir='ltr'>tia</span> <span class='ocrx_word' id='word_1_246' title='bbox 411 2854 589 2919; x_wconf 65' lang='lat' dir='ltr'>cordis</span> <span class='ocrx_word' id='word_1_247' title='bbox 617 2867 724 2932; x_wconf 80' lang='lat' dir='ltr'>sui,</span> <span class='ocrx_word' id='word_1_248' title='bbox 768 2865 946 2920; x_wconf 83' lang='lat' dir='ltr'>David</span> <span class='ocrx_word' id='word_1_249' title='bbox 980 2865 1270 2937; x_wconf 83' lang='lat' dir='ltr'>videlicet,</span> <span class='ocrx_word' id='word_1_250' title='bbox 1306 2873 1371 2922; x_wconf 93' lang='lat' dir='ltr'>ut</span> <span class='ocrx_word' id='word_1_251' title='bbox 1400 2871 1529 2938; x_wconf 88' lang='lat' dir='ltr'>ejus</span> <span class='ocrx_word' id='word_1_252' title='bbox 1560 2869 1753 2924; x_wconf 89' lang='lat' dir='ltr'>cordis</span> <span class='ocrx_word' id='word_1_253' title='bbox 1782 2870 1952 2925; x_wconf 91' lang='lat' dir='ltr'>inno-</span> 
     </span>
    </p>
   </div>
   <div class='ocr_carea' id='block_1_32' title="bbox 304 2953 1956 3021">
    <p class='ocr_par' dir='ltr' id='par_1_32' title="bbox 304 2953 1956 3021">
     <span class='ocr_line' id='line_1_32' title="bbox 304 2953 1956 3021; baseline 0.003 -12"><span class='ocrx_word' id='word_1_254' title='bbox 304 2955 554 3009; x_wconf 80' lang='lat' dir='ltr'>centiam</span> <span class='ocrx_word' id='word_1_255' title='bbox 592 2953 897 3021; x_wconf 89' lang='lat' dir='ltr'>imitando,</span> <span class='ocrx_word' id='word_1_256' title='bbox 928 2956 1344 3011; x_wconf 82' lang='lat' dir='ltr'>reficerentur:</span> <span class='ocrx_word' id='word_1_257' title='bbox 1399 2962 1453 3013; x_wconf 90' lang='lat' dir='ltr'>et</span> <span class='ocrx_word' id='word_1_258' title='bbox 1503 2957 1561 3013; x_wconf 91' lang='lat' dir='ltr'>in</span> <span class='ocrx_word' id='word_1_259' title='bbox 1594 2960 1956 3014; x_wconf 78' lang='lat' dir='ltr'>intelleclibus</span> 
     </span>
    </p>
   </div>
   <div class='ocr_carea' id='block_1_33' title="bbox 296 3043 1952 3113">
    <p class='ocr_par' dir='ltr' id='par_1_33' title="bbox 296 3043 1952 3113">
     <span class='ocr_line' id='line_1_33' title="bbox 296 3043 1952 3113; baseline 0.003 -16"><span class='ocrx_word' id='word_1_260' title='bbox 296 3058 567 3097; x_wconf 82' lang='lat' dir='ltr'>manuum</span> <span class='ocrx_word' id='word_1_261' title='bbox 609 3060 842 3097; x_wconf 78' lang='lat' dir='ltr'>suarum</span> <span class='ocrx_word' id='word_1_262' title='bbox 867 3043 1096 3100; x_wconf 77' lang='lat' dir='ltr'>deduxit</span> <span class='ocrx_word' id='word_1_263' title='bbox 1126 3061 1233 3111; x_wconf 76' lang='lat' dir='ltr'>eos,</span> <span class='ocrx_word' id='word_1_264' title='bbox 1260 3045 1317 3100; x_wconf 90' lang='lat' dir='ltr'>id</span> <span class='ocrx_word' id='word_1_265' title='bbox 1347 3052 1457 3113; x_wconf 89' lang='lat' dir='ltr'>est,</span> <span class='ocrx_word' id='word_1_266' title='bbox 1489 3064 1601 3102; x_wconf 87' lang='lat' dir='ltr'>non</span> <span class='ocrx_word' id='word_1_267' title='bbox 1631 3052 1861 3103; x_wconf 88' lang='lat' dir='ltr'>tantum</span> <span class='ocrx_word' id='word_1_268' title='bbox 1892 3049 1952 3102; x_wconf 86' lang='lat' dir='ltr'>in</span> 
     </span>
    </p>
   </div>
   <div class='ocr_carea' id='block_1_34' title="bbox 282 3132 1956 3205">
    <p class='ocr_par' dir='ltr' id='par_1_34' title="bbox 282 3132 1956 3205">
     <span class='ocr_line' id='line_1_34' title="bbox 282 3132 1956 3205; baseline 0.004 -20"><span class='ocrx_word' id='word_1_269' title='bbox 282 3132 619 3186; x_wconf 74' lang='lat' dir='ltr'>innocentia</span> <span class='ocrx_word' id='word_1_270' title='bbox 648 3132 826 3187; x_wconf 82' lang='lat' dir='ltr'>cordis</span> <span class='ocrx_word' id='word_1_271' title='bbox 858 3134 1152 3205; x_wconf 84' lang='lat' dir='ltr'>superavit</span> <span class='ocrx_word' id='word_1_272' title='bbox 1200 3151 1320 3199; x_wconf 89' lang='lat' dir='ltr'>eos,</span> <span class='ocrx_word' id='word_1_273' title='bbox 1372 3136 1472 3191; x_wconf 90' lang='lat' dir='ltr'>sed</span> <span class='ocrx_word' id='word_1_274' title='bbox 1522 3135 1695 3191; x_wconf 89' lang='lat' dir='ltr'>etiam</span> <span class='ocrx_word' id='word_1_275' title='bbox 1726 3137 1956 3192; x_wconf 68' lang='lat' dir='ltr'>deduxit</span> 
     </span>
    </p>
   </div>
   <div class='ocr_carea' id='block_1_35' title="bbox 300 3214 2028 3295">
    <p class='ocr_par' dir='ltr' id='par_1_35' title="bbox 300 3214 2028 3295">
     <span class='ocr_line' id='line_1_35' title="bbox 300 3214 2028 3295; baseline 0.002 -19"><span class='ocrx_word' id='word_1_276' title='bbox 300 3237 389 3276; x_wconf 79' lang='lat' dir='ltr'>eos</span> <span class='ocrx_word' id='word_1_277' title='bbox 435 3237 495 3275; x_wconf 68' lang='lat' dir='ltr'>vi</span> <span class='ocrx_word' id='word_1_278' title='bbox 547 3222 911 3277; x_wconf 79' lang='lat' dir='ltr'>intellectibus</span> <span class='ocrx_word' id='word_1_279' title='bbox 958 3239 1229 3277; x_wconf 86' lang='lat' dir='ltr'>manuum</span> <span class='ocrx_word' id='word_1_280' title='bbox 1282 3240 1523 3295; x_wconf 83' lang='lat' dir='ltr'>operum</span> <span class='ocrx_word' id='word_1_281' title='bbox 1576 3242 1857 3281; x_wconf 89' lang='lat' dir='ltr'>suorum:</span> <span class='ocrx_word' id='word_1_282' title='bbox 1891 3230 1956 3280; x_wconf 91' lang='lat' dir='ltr'>ut</span> <span class='ocrx_word' id='word_1_283' title='bbox 1985 3214 2028 3279; x_wconf 88' lang='lat' dir='ltr'>C</span> 
     </span>
    </p>
   </div>
   <div class='ocr_carea' id='block_1_36' title="bbox 299 3308 1953 3385">
    <p class='ocr_par' dir='ltr' id='par_1_36' title="bbox 299 3308 1953 3385">
     <span class='ocr_line' id='line_1_36' title="bbox 299 3308 1953 3385; baseline 0.001 -20"><span class='ocrx_word' id='word_1_284' title='bbox 299 3308 451 3365; x_wconf 88' lang='lat' dir='ltr'>sicut</span> <span class='ocrx_word' id='word_1_285' title='bbox 477 3308 599 3381; x_wconf 78' lang='lat' dir='ltr'>ipse</span> <span class='ocrx_word' id='word_1_286' title='bbox 638 3310 908 3365; x_wconf 88' lang='lat' dir='ltr'>videlicet</span> <span class='ocrx_word' id='word_1_287' title='bbox 938 3310 1104 3383; x_wconf 88' lang='lat' dir='ltr'>prius</span> <span class='ocrx_word' id='word_1_288' title='bbox 1140 3310 1274 3366; x_wconf 77' lang='lat' dir='ltr'>fecit</span> <span class='ocrx_word' id='word_1_289' title='bbox 1304 3320 1357 3366; x_wconf 83' lang='lat' dir='ltr'>et</span> <span class='ocrx_word' id='word_1_290' title='bbox 1388 3312 1610 3379; x_wconf 90' lang='lat' dir='ltr'>docuit,</span> <span class='ocrx_word' id='word_1_291' title='bbox 1644 3313 1726 3367; x_wconf 87' lang='lat' dir='ltr'>ita</span> <span class='ocrx_word' id='word_1_292' title='bbox 1756 3319 1813 3368; x_wconf 90' lang='lat' dir='ltr'>et</span> <span class='ocrx_word' id='word_1_293' title='bbox 1839 3312 1953 3385; x_wconf 89' lang='lat' dir='ltr'>ipsi</span> 
     </span>
    </p>
   </div>
   <div class='ocr_carea' id='block_1_37' title="bbox 298 3398 1955 3472">
    <p class='ocr_par' dir='ltr' id='par_1_37' title="bbox 298 3398 1955 3472">
     <span class='ocr_line' id='line_1_37' title="bbox 298 3398 1955 3472; baseline 0.001 -19"><span class='ocrx_word' id='word_1_294' title='bbox 298 3403 503 3472; x_wconf 84' lang='lat' dir='ltr'>postea</span> <span class='ocrx_word' id='word_1_295' title='bbox 527 3398 777 3454; x_wconf 73' lang='lat' dir='ltr'>facerent</span> <span class='ocrx_word' id='word_1_296' title='bbox 800 3417 811 3454; x_wconf 91' lang='lat'>:</span> <span class='ocrx_word' id='word_1_297' title='bbox 834 3398 920 3454; x_wconf 87' lang='lat' dir='ltr'>vel</span> <span class='ocrx_word' id='word_1_298' title='bbox 948 3400 1008 3454; x_wconf 89' lang='lat' dir='ltr'>in</span> <span class='ocrx_word' id='word_1_299' title='bbox 1048 3400 1411 3455; x_wconf 83' lang='lat' dir='ltr'>intellectibus</span> <span class='ocrx_word' id='word_1_300' title='bbox 1441 3417 1707 3455; x_wconf 83' lang='lat' dir='ltr'>manuum</span> <span class='ocrx_word' id='word_1_301' title='bbox 1725 3418 1955 3456; x_wconf 81' lang='lat' dir='ltr'>suarum</span> 
     </span>
    </p>
   </div>
   <div class='ocr_carea' id='block_1_38' title="bbox 298 3486 1952 3561">
    <p class='ocr_par' dir='ltr' id='par_1_38' title="bbox 298 3486 1952 3561">
     <span class='ocr_line' id='line_1_38' title="bbox 298 3486 1952 3561; baseline 0.001 -19"><span class='ocrx_word' id='word_1_302' title='bbox 298 3487 526 3542; x_wconf 69' lang='lat' dir='ltr'>deducit</span> <span class='ocrx_word' id='word_1_303' title='bbox 555 3503 662 3554; x_wconf 76' lang='lat' dir='ltr'>eos,</span> <span class='ocrx_word' id='word_1_304' title='bbox 698 3487 758 3543; x_wconf 90' lang='lat' dir='ltr'>in</span> <span class='ocrx_word' id='word_1_305' title='bbox 790 3486 890 3542; x_wconf 85' lang='lat' dir='ltr'>tali</span> <span class='ocrx_word' id='word_1_306' title='bbox 946 3486 1211 3542; x_wconf 83' lang='lat' dir='ltr'>videlicet</span> <span class='ocrx_word' id='word_1_307' title='bbox 1272 3487 1593 3557; x_wconf 86' lang='lat' dir='ltr'>intellectu,</span> <span class='ocrx_word' id='word_1_308' title='bbox 1629 3506 1801 3561; x_wconf 89' lang='lat' dir='ltr'>quem</span> <span class='ocrx_word' id='word_1_309' title='bbox 1834 3506 1952 3545; x_wconf 66' lang='lat' dir='ltr'>sue:</span> 
     </span>
    </p>
   </div>
   <div class='ocr_carea' id='block_1_39' title="bbox 298 3576 1954 3650">
    <p class='ocr_par' dir='ltr' id='par_1_39' title="bbox 298 3576 1954 3650">
     <span class='ocr_line' id='line_1_39' title="bbox 298 3576 1954 3650; baseline 0 -19"><span class='ocrx_word' id='word_1_310' title='bbox 298 3592 513 3631; x_wconf 87' lang='lat' dir='ltr'>manus</span> <span class='ocrx_word' id='word_1_311' title='bbox 543 3580 789 3648; x_wconf 67' lang='lat' dir='ltr'>operata:</span> <span class='ocrx_word' id='word_1_312' title='bbox 821 3580 960 3632; x_wconf 90' lang='lat' dir='ltr'>sunt</span> <span class='ocrx_word' id='word_1_313' title='bbox 988 3576 1048 3630; x_wconf 92' lang='lat' dir='ltr'>in</span> <span class='ocrx_word' id='word_1_314' title='bbox 1078 3576 1184 3644; x_wconf 89' lang='lat' dir='ltr'>eis,</span> <span class='ocrx_word' id='word_1_315' title='bbox 1220 3576 1361 3648; x_wconf 84' lang='lat' dir='ltr'>quia</span> <span class='ocrx_word' id='word_1_316' title='bbox 1390 3593 1489 3632; x_wconf 91' lang='lat' dir='ltr'>eos</span> <span class='ocrx_word' id='word_1_317' title='bbox 1516 3578 1648 3633; x_wconf 81' lang='lat' dir='ltr'>fecit</span> <span class='ocrx_word' id='word_1_318' title='bbox 1668 3579 1728 3633; x_wconf 90' lang='lat' dir='ltr'>in</span> <span class='ocrx_word' id='word_1_319' title='bbox 1751 3578 1954 3650; x_wconf 88' lang='lat' dir='ltr'>imagi-</span> 
     </span>
    </p>
   </div>
   <div class='ocr_carea' id='block_1_40' title="bbox 297 3664 1953 3737">
    <p class='ocr_par' dir='ltr' id='par_1_40' title="bbox 297 3664 1953 3737">
     <span class='ocr_line' id='line_1_40' title="bbox 297 3664 1953 3737; baseline 0.002 -17"><span class='ocrx_word' id='word_1_320' title='bbox 297 3681 430 3720; x_wconf 85' lang='lat' dir='ltr'>nem</span> <span class='ocrx_word' id='word_1_321' title='bbox 456 3670 509 3719; x_wconf 89' lang='lat' dir='ltr'>ct</span> <span class='ocrx_word' id='word_1_322' title='bbox 534 3664 987 3721; x_wconf 88' lang='lat' dir='ltr'>similitudinem</span> <span class='ocrx_word' id='word_1_323' title='bbox 1010 3682 1179 3737; x_wconf 76' lang='lat' dir='ltr'>suam</span> <span class='ocrx_word' id='word_1_324' title='bbox 1203 3683 1215 3721; x_wconf 93' lang='lat'>:</span> <span class='ocrx_word' id='word_1_325' title='bbox 1243 3666 1384 3737; x_wconf 85' lang='lat' dir='ltr'>quia</span> <span class='ocrx_word' id='word_1_326' title='bbox 1428 3667 1511 3722; x_wconf 93' lang='lat' dir='ltr'>sic</span> <span class='ocrx_word' id='word_1_327' title='bbox 1535 3672 1646 3733; x_wconf 89' lang='lat' dir='ltr'>est,</span> <span class='ocrx_word' id='word_1_328' title='bbox 1675 3674 1845 3734; x_wconf 85' lang='lat' dir='ltr'>Deus,</span> <span class='ocrx_word' id='word_1_329' title='bbox 1889 3672 1953 3723; x_wconf 87' lang='lat' dir='ltr'>ut</span> 
     </span>
    </p>
   </div>
   <div class='ocr_carea' id='block_1_41' title="bbox 295 3752 1955 3811">
    <p class='ocr_par' dir='ltr' id='par_1_41' title="bbox 295 3752 1955 3811">
     <span class='ocr_line' id='line_1_41' title="bbox 295 3752 1955 3811; baseline 0.001 -1"><span class='ocrx_word' id='word_1_330' title='bbox 295 3753 474 3810; x_wconf 85' lang='lat' dir='ltr'>homo</span> <span class='ocrx_word' id='word_1_331' title='bbox 496 3752 591 3809; x_wconf 90' lang='lat' dir='ltr'>sit.</span> <span class='ocrx_word' id='word_1_332' title='bbox 618 3754 795 3810; x_wconf 88' lang='lat' dir='ltr'>Nota:</span> <span class='ocrx_word' id='word_1_333' title='bbox 820 3754 1113 3810; x_wconf 88' lang='lat' dir='ltr'>videretur</span> <span class='ocrx_word' id='word_1_334' title='bbox 1135 3755 1578 3811; x_wconf 87' lang='lat' dir='ltr'>convenientius</span> <span class='ocrx_word' id='word_1_335' title='bbox 1600 3755 1647 3811; x_wconf 88' lang='lat' dir='ltr'>si</span> <span class='ocrx_word' id='word_1_336' title='bbox 1673 3755 1757 3811; x_wconf 88' lang='lat' dir='ltr'>sic</span> <span class='ocrx_word' id='word_1_337' title='bbox 1780 3755 1955 3811; x_wconf 86' lang='lat' dir='ltr'>dixis-</span> 
     </span>
    </p>
   </div>
   <div class='ocr_carea' id='block_1_42' title="bbox 298 3844 1952 3914">
    <p class='ocr_par' dir='ltr' id='par_1_42' title="bbox 298 3844 1952 3914">
     <span class='ocr_line' id='line_1_42' title="bbox 298 3844 1952 3914; baseline 0.001 -16"><span class='ocrx_word' id='word_1_338' title='bbox 298 3847 409 3907; x_wconf 85' lang='lat' dir='ltr'>set,</span> <span class='ocrx_word' id='word_1_339' title='bbox 443 3852 493 3896; x_wconf 86' lang='lat' dir='ltr'>ct</span> <span class='ocrx_word' id='word_1_340' title='bbox 520 3845 674 3914; x_wconf 85' lang='lat' dir='ltr'>pavit</span> <span class='ocrx_word' id='word_1_341' title='bbox 697 3859 786 3899; x_wconf 78' lang='lat' dir='ltr'>eos</span> <span class='ocrx_word' id='word_1_342' title='bbox 815 3844 876 3897; x_wconf 88' lang='lat' dir='ltr'>in</span> <span class='ocrx_word' id='word_1_343' title='bbox 915 3845 1233 3899; x_wconf 83' lang='lat' dir='ltr'>innocentia</span> <span class='ocrx_word' id='word_1_344' title='bbox 1264 3861 1573 3912; x_wconf 86' lang='lat' dir='ltr'>manuum,</span> <span class='ocrx_word' id='word_1_345' title='bbox 1619 3849 1672 3901; x_wconf 84' lang='lat' dir='ltr'>et</span> <span class='ocrx_word' id='word_1_346' title='bbox 1702 3847 1759 3899; x_wconf 85' lang='lat' dir='ltr'>in</span> <span class='ocrx_word' id='word_1_347' title='bbox 1785 3847 1952 3901; x_wconf 81' lang='lat' dir='ltr'>intel-</span> 
     </span>
    </p>
   </div>
   <div class='ocr_carea' id='block_1_43' title="bbox 299 3931 1953 4007">
    <p class='ocr_par' dir='ltr' id='par_1_43' title="bbox 299 3931 1953 4007">
     <span class='ocr_line' id='line_1_43' title="bbox 299 3931 1953 4007; baseline 0.001 -20"><span class='ocrx_word' id='word_1_348' title='bbox 299 3933 438 3987; x_wconf 76' lang='lat' dir='ltr'>lectu</span> <span class='ocrx_word' id='word_1_349' title='bbox 474 3931 664 3987; x_wconf 73' lang='lat' dir='ltr'>cordis</span> <span class='ocrx_word' id='word_1_350' title='bbox 693 3931 917 3988; x_wconf 75' lang='lat' dir='ltr'>deduxit</span> <span class='ocrx_word' id='word_1_351' title='bbox 947 3949 1074 3988; x_wconf 76' lang='lat' dir='ltr'>eos:</span> <span class='ocrx_word' id='word_1_352' title='bbox 1120 3934 1221 3989; x_wconf 91' lang='lat' dir='ltr'>sed</span> <span class='ocrx_word' id='word_1_353' title='bbox 1276 3934 1413 4005; x_wconf 90' lang='lat' dir='ltr'>quia</span> <span class='ocrx_word' id='word_1_354' title='bbox 1461 3934 1629 3989; x_wconf 76' lang='lat' dir='ltr'>multi</span> <span class='ocrx_word' id='word_1_355' title='bbox 1683 3940 1823 3989; x_wconf 86' lang='lat' dir='ltr'>sunt</span> <span class='ocrx_word' id='word_1_356' title='bbox 1854 3934 1953 4007; x_wconf 88' lang='lat' dir='ltr'>qui</span> 
     </span>
    </p>
   </div>
   <div class='ocr_carea' id='block_1_44' title="bbox 299 4019 1953 4089">
    <p class='ocr_par' dir='ltr' id='par_1_44' title="bbox 299 4019 1953 4089">
     <span class='ocr_line' id='line_1_44' title="bbox 299 4019 1953 4089; baseline 0.001 -13"><span class='ocrx_word' id='word_1_357' title='bbox 299 4019 519 4077; x_wconf 65' lang='lat' dir='ltr'>habent</span> <span class='ocrx_word' id='word_1_358' title='bbox 551 4038 764 4077; x_wconf 89' lang='lat' dir='ltr'>manus</span> <span class='ocrx_word' id='word_1_359' title='bbox 794 4022 1157 4089; x_wconf 85' lang='lat' dir='ltr'>innocentes,</span> <span class='ocrx_word' id='word_1_360' title='bbox 1193 4027 1252 4077; x_wconf 90' lang='lat' dir='ltr'>et</span> <span class='ocrx_word' id='word_1_361' title='bbox 1286 4039 1401 4077; x_wconf 91' lang='lat' dir='ltr'>non</span> <span class='ocrx_word' id='word_1_362' title='bbox 1433 4022 1953 4078; x_wconf 88' lang='lat' dir='ltr'>habentcorinno-</span> 
     </span>
    </p>
   </div>
   <div class='ocr_carea' id='block_1_45' title="bbox 302 4109 1955 4179">
    <p class='ocr_par' dir='ltr' id='par_1_45' title="bbox 302 4109 1955 4179">
     <span class='ocr_line' id='line_1_45' title="bbox 302 4109 1955 4179; baseline 0.002 -15"><span class='ocrx_word' id='word_1_363' title='bbox 302 4124 460 4164; x_wconf 87' lang='lat' dir='ltr'>cens.</span> <span class='ocrx_word' id='word_1_364' title='bbox 494 4109 621 4165; x_wconf 85' lang='lat' dir='ltr'>ideo</span> <span class='ocrx_word' id='word_1_365' title='bbox 647 4110 730 4165; x_wconf 90' lang='lat' dir='ltr'>sic</span> <span class='ocrx_word' id='word_1_366' title='bbox 762 4110 952 4166; x_wconf 87' lang='lat' dir='ltr'>dicere</span> <span class='ocrx_word' id='word_1_367' title='bbox 985 4110 1193 4179; x_wconf 90' lang='lat' dir='ltr'>noluit,</span> <span class='ocrx_word' id='word_1_368' title='bbox 1228 4115 1293 4166; x_wconf 90' lang='lat' dir='ltr'>ut</span> <span class='ocrx_word' id='word_1_369' title='bbox 1333 4111 1729 4167; x_wconf 88' lang='lat' dir='ltr'>innocentiam</span> <span class='ocrx_word' id='word_1_370' title='bbox 1762 4112 1955 4168; x_wconf 91' lang='lat' dir='ltr'>cordis</span> 
     </span>
    </p>
   </div>
   <div class='ocr_carea' id='block_1_46' title="bbox 303 4198 768 4256">
    <p class='ocr_par' dir='ltr' id='par_1_46' title="bbox 303 4198 768 4256">
     <span class='ocr_line' id='line_1_46' title="bbox 303 4198 768 4256; baseline 0.004 -2"><span class='ocrx_word' id='word_1_371' title='bbox 303 4198 768 4256; x_wconf 85' lang='lat' dir='ltr'>commendaret.</span> 
     </span>
    </p>
   </div>
   <div class='ocr_carea' id='block_1_47' title="bbox 807 4270 1447 4327">
    <p class='ocr_par' dir='ltr' id='par_1_47' title="bbox 807 4270 1447 4327">
     <span class='ocr_line' id='line_1_47' title="bbox 807 4270 1447 4327; baseline 0 -2"><span class='ocrx_word' id='word_1_372' title='bbox 807 4271 932 4325; x_wconf 89' lang='lat' dir='ltr'>PSA</span> <span class='ocrx_word' id='word_1_373' title='bbox 943 4270 1126 4326; x_wconf 85' lang='lat' dir='ltr'>LMUS</span> <span class='ocrx_word' id='word_1_374' title='bbox 1160 4270 1447 4327; x_wconf 79' lang='lat' dir='ltr'>LXXVIII.</span> 
     </span>
    </p>
   </div>
   <div class='ocr_carea' id='block_1_48' title="bbox 875 4358 1384 4398">
    <p class='ocr_par' dir='ltr' id='par_1_48' title="bbox 875 4358 1384 4398">
     <span class='ocr_line' id='line_1_48' title="bbox 875 4358 1384 4398; baseline 0 -2"><span class='ocrx_word' id='word_1_375' title='bbox 875 4358 1134 4398; x_wconf 76' lang='lat' dir='ltr'>PSALMUS</span> <span class='ocrx_word' id='word_1_376' title='bbox 1182 4360 1384 4398; x_wconf 72' lang='lat' dir='ltr'>ASAPH.</span> 
     </span>
    </p>
   </div>
   <div class='ocr_carea' id='block_1_49' title="bbox 376 4412 1952 4486">
    <p class='ocr_par' dir='ltr' id='par_1_49' title="bbox 376 4412 1952 4486">
     <span class='ocr_line' id='line_1_49' title="bbox 376 4412 1952 4486; baseline 0.004 -24"><span class='ocrx_word' id='word_1_377' title='bbox 376 4434 403 4461; x_wconf 86' lang='grc'>‹‹</span> <span class='ocrx_word' id='word_1_378' title='bbox 438 4412 611 4477; x_wconf 88' lang='lat' dir='ltr'>Deus,</span> <span class='ocrx_word' id='word_1_379' title='bbox 662 4419 949 4468; x_wconf 90' lang='lat' dir='ltr'>venerunt</span> <span class='ocrx_word' id='word_1_380' title='bbox 995 4418 1200 4486; x_wconf 84' lang='lat' dir='ltr'>gentes</span> <span class='ocrx_word' id='word_1_381' title='bbox 1239 4415 1295 4467; x_wconf 91' lang='lat' dir='ltr'>in</span> <span class='ocrx_word' id='word_1_382' title='bbox 1338 4412 1735 4468; x_wconf 63' lang='lat' dir='ltr'>haereditatem</span> <span class='ocrx_word' id='word_1_383' title='bbox 1766 4418 1952 4483; x_wconf 87' lang='lat' dir='ltr'>tuam,</span> 
     </span>
    </p>
   </div>
   <div class='ocr_carea' id='block_1_50' title="bbox 303 4500 1958 4575">
    <p class='ocr_par' dir='ltr' id='par_1_50' title="bbox 303 4500 1958 4575">
     <span class='ocr_line' id='line_1_50' title="bbox 303 4500 1958 4575; baseline 0.004 -24"><span class='ocrx_word' id='word_1_384' title='bbox 303 4522 334 4551; x_wconf 76' lang='grc' dir='ltr'><strong><em>α</em></strong></span> <span class='ocrx_word' id='word_1_385' title='bbox 368 4500 706 4571; x_wconf 70' lang='lat' dir='ltr'>polluerunt</span> <span class='ocrx_word' id='word_1_386' title='bbox 720 4501 1007 4575; x_wconf 86' lang='lat' dir='ltr'>templum</span> <span class='ocrx_word' id='word_1_387' title='bbox 1027 4507 1300 4557; x_wconf 89' lang='lat' dir='ltr'>sanctum</span> <span class='ocrx_word' id='word_1_388' title='bbox 1319 4507 1510 4565; x_wconf 88' lang='lat' dir='ltr'>tuum,</span> <span class='ocrx_word' id='word_1_389' title='bbox 1533 4509 1849 4573; x_wconf 82' lang='lat' dir='ltr'>posuerunt</span> <span class='ocrx_word' id='word_1_390' title='bbox 1870 4503 1958 4558; x_wconf 86' lang='lat' dir='ltr'>Je-</span> 
     </span>
    </p>
   </div>
   <div class='ocr_carea' id='block_1_51' title="bbox 2082 554 3742 634">
    <p class='ocr_par' dir='ltr' id='par_1_51' title="bbox 2082 554 3742 634">
     <span class='ocr_line' id='line_1_51' title="bbox 2082 554 3742 634; baseline 0.001 -22"><span class='ocrx_word' id='word_1_391' title='bbox 2082 585 2109 612; x_wconf 86' lang='grc'>‹‹</span> <span class='ocrx_word' id='word_1_392' title='bbox 2146 565 2285 633; x_wconf 89' lang='lat' dir='ltr'>ster,</span> <span class='ocrx_word' id='word_1_393' title='bbox 2307 567 2364 618; x_wconf 91' lang='lat' dir='ltr'>et</span> <span class='ocrx_word' id='word_1_394' title='bbox 2378 567 2612 634; x_wconf 85' lang='lat' dir='ltr'>propter</span> <span class='ocrx_word' id='word_1_395' title='bbox 2624 560 2869 634; x_wconf 88' lang='lat' dir='ltr'>gloriam</span> <span class='ocrx_word' id='word_1_396' title='bbox 2888 557 3142 615; x_wconf 90' lang='lat' dir='ltr'>nominis</span> <span class='ocrx_word' id='word_1_397' title='bbox 3153 555 3261 623; x_wconf 90' lang='lat' dir='ltr'>tui,</span> <span class='ocrx_word' id='word_1_398' title='bbox 3278 554 3540 622; x_wconf 90' lang='lat' dir='ltr'>Domine,</span> <span class='ocrx_word' id='word_1_399' title='bbox 3554 554 3742 614; x_wconf 82' lang='lat' dir='ltr'>libera</span> 
     </span>
    </p>
   </div>
   <div class='ocr_carea' id='block_1_52' title="bbox 2086 644 3738 723">
    <p class='ocr_par' dir='ltr' id='par_1_52' title="bbox 2086 644 3738 723">
     <span class='ocr_line' id='line_1_52' title="bbox 2086 644 3738 723; baseline -0.001 -21"><span class='ocrx_word' id='word_1_400' title='bbox 2086 672 2113 702; x_wconf 84' lang='lat'><strong>«</strong></span> <span class='ocrx_word' id='word_1_401' title='bbox 2145 668 2272 718; x_wconf 90' lang='lat' dir='ltr'>nos,</span> <span class='ocrx_word' id='word_1_402' title='bbox 2307 656 2363 706; x_wconf 92' lang='lat' dir='ltr'>et</span> <span class='ocrx_word' id='word_1_403' title='bbox 2386 651 2676 723; x_wconf 81' lang='lat' dir='ltr'>prapitius</span> <span class='ocrx_word' id='word_1_404' title='bbox 2698 656 2823 706; x_wconf 89' lang='lat' dir='ltr'>esto</span> <span class='ocrx_word' id='word_1_405' title='bbox 2848 648 3101 723; x_wconf 87' lang='lat' dir='ltr'>peccatis</span> <span class='ocrx_word' id='word_1_406' title='bbox 3135 644 3353 703; x_wconf 85' lang='lat' dir='ltr'>nostris</span> <span class='ocrx_word' id='word_1_407' title='bbox 3374 648 3612 718; x_wconf 83' lang='lat' dir='ltr'>prepter</span> <span class='ocrx_word' id='word_1_408' title='bbox 3631 662 3738 702; x_wconf 88' lang='lat' dir='ltr'>no-</span> 
     </span>
    </p>
   </div>
   <div class='ocr_carea' id='block_1_53' title="bbox 2088 734 3737 812">
    <p class='ocr_par' dir='ltr' id='par_1_53' title="bbox 2088 734 3737 812">
     <span class='ocr_line' id='line_1_53' title="bbox 2088 734 3737 812; baseline -0.003 -15"><span class='ocrx_word' id='word_1_409' title='bbox 2088 764 2108 790; x_wconf 83' lang='grc' dir='ltr'>ι</span> <span class='ocrx_word' id='word_1_410' title='bbox 2145 744 2481 797; x_wconf 90' lang='lat' dir='ltr'>mentuum.</span> <span class='ocrx_word' id='word_1_411' title='bbox 2498 741 2580 795; x_wconf 90' lang='lat' dir='ltr'>Ne</span> <span class='ocrx_word' id='word_1_412' title='bbox 2598 741 2742 796; x_wconf 82' lang='lat' dir='ltr'>forte</span> <span class='ocrx_word' id='word_1_413' title='bbox 2756 739 3026 796; x_wconf 87' lang='lat' dir='ltr'>dicantin</span> <span class='ocrx_word' id='word_1_414' title='bbox 3041 736 3317 812; x_wconf 82' lang='lat' dir='ltr'>gentibus</span> <span class='ocrx_word' id='word_1_415' title='bbox 3332 753 3346 792; x_wconf 91' lang='lat'>:</span> <span class='ocrx_word' id='word_1_416' title='bbox 3361 734 3572 792; x_wconf 89' lang='lat' dir='ltr'>Ubiest</span> <span class='ocrx_word' id='word_1_417' title='bbox 3585 740 3737 792; x_wconf 83' lang='lat' dir='ltr'>Deus</span> 
     </span>
    </p>
   </div>
   <div class='ocr_carea' id='block_1_54' title="bbox 2081 823 3736 887">
    <p class='ocr_par' dir='ltr' id='par_1_54' title="bbox 2081 823 3736 887">
     <span class='ocr_line' id='line_1_54' title="bbox 2081 823 3736 887; baseline -0.002 -1"><span class='ocrx_word' id='word_1_418' title='bbox 2081 854 2108 880; x_wconf 88' lang='grc'><strong>‹‹</strong></span> <span class='ocrx_word' id='word_1_419' title='bbox 2144 847 2347 887; x_wconf 87' lang='lat' dir='ltr'>eorum</span> <span class='ocrx_word' id='word_1_420' title='bbox 2369 830 2397 886; x_wconf 87' lang='lat'><strong>?</strong></span> <span class='ocrx_word' id='word_1_421' title='bbox 2416 834 2473 885; x_wconf 89' lang='lat' dir='ltr'>et</span> <span class='ocrx_word' id='word_1_422' title='bbox 2506 829 2833 885; x_wconf 87' lang='lat' dir='ltr'>innotescat</span> <span class='ocrx_word' id='word_1_423' title='bbox 2868 829 2926 883; x_wconf 91' lang='lat' dir='ltr'>in</span> <span class='ocrx_word' id='word_1_424' title='bbox 2972 827 3310 885; x_wconf 85' lang='lat' dir='ltr'>nationibus</span> <span class='ocrx_word' id='word_1_425' title='bbox 3334 841 3529 881; x_wconf 89' lang='lat' dir='ltr'>coram</span> <span class='ocrx_word' id='word_1_426' title='bbox 3551 823 3736 882; x_wconf 88' lang='lat' dir='ltr'>oculis</span> 
     </span>
    </p>
   </div>
   <div class='ocr_carea' id='block_1_55' title="bbox 2079 914 3732 991">
    <p class='ocr_par' dir='ltr' id='par_1_55' title="bbox 2079 914 3732 991">
     <span class='ocr_line' id='line_1_55' title="bbox 2079 914 3732 991; baseline -0.003 -16"><span class='ocrx_word' id='word_1_427' title='bbox 2079 943 2108 970; x_wconf 84' lang='lat'><strong><em>«</em></strong></span> <span class='ocrx_word' id='word_1_428' title='bbox 2144 919 2381 975; x_wconf 88' lang='lat' dir='ltr'>nostris.</span> <span class='ocrx_word' id='word_1_429' title='bbox 2408 918 2560 975; x_wconf 87' lang='lat' dir='ltr'>Ultio</span> <span class='ocrx_word' id='word_1_430' title='bbox 2577 918 2887 991; x_wconf 85' lang='lat' dir='ltr'>sanguinis</span> <span class='ocrx_word' id='word_1_431' title='bbox 2909 934 3209 974; x_wconf 89' lang='lat' dir='ltr'>servorum</span> <span class='ocrx_word' id='word_1_432' title='bbox 3223 920 3460 972; x_wconf 88' lang='lat' dir='ltr'>tuorum</span> <span class='ocrx_word' id='word_1_433' title='bbox 3474 914 3575 987; x_wconf 89' lang='lat' dir='ltr'>qui</span> <span class='ocrx_word' id='word_1_434' title='bbox 3588 914 3732 972; x_wconf 75' lang='lat' dir='ltr'>etfu-</span> 
     </span>
    </p>
   </div>
   <div class='ocr_carea' id='block_1_56' title="bbox 2087 1003 3737 1079">
    <p class='ocr_par' dir='ltr' id='par_1_56' title="bbox 2087 1003 3737 1079">
     <span class='ocr_line' id='line_1_56' title="bbox 2087 1003 3737 1079; baseline -0.001 -17"><span class='ocrx_word' id='word_1_435' title='bbox 2087 1029 2113 1062; x_wconf 77' lang='lat' dir='ltr'>s</span> <span class='ocrx_word' id='word_1_436' title='bbox 2141 1026 2243 1065; x_wconf 88' lang='lat' dir='ltr'>sus</span> <span class='ocrx_word' id='word_1_437' title='bbox 2267 1014 2374 1075; x_wconf 85' lang='lat' dir='ltr'>est,</span> <span class='ocrx_word' id='word_1_438' title='bbox 2397 1007 2646 1063; x_wconf 84' lang='lat' dir='ltr'>introeat</span> <span class='ocrx_word' id='word_1_439' title='bbox 2666 1007 2724 1062; x_wconf 89' lang='lat' dir='ltr'>in</span> <span class='ocrx_word' id='word_1_440' title='bbox 2748 1011 3070 1079; x_wconf 87' lang='lat' dir='ltr'>conspectu</span> <span class='ocrx_word' id='word_1_441' title='bbox 3094 1010 3220 1075; x_wconf 87' lang='lat' dir='ltr'>tuo,</span> <span class='ocrx_word' id='word_1_442' title='bbox 3235 1003 3486 1078; x_wconf 82' lang='lat' dir='ltr'>gemitus</span> <span class='ocrx_word' id='word_1_443' title='bbox 3505 1020 3737 1077; x_wconf 88' lang='lat' dir='ltr'>compe-</span> 
     </span>
    </p>
   </div>
   <div class='ocr_carea' id='block_1_57' title="bbox 2078 1091 3732 1167">
    <p class='ocr_par' dir='ltr' id='par_1_57' title="bbox 2078 1091 3732 1167">
     <span class='ocr_line' id='line_1_57' title="bbox 2078 1091 3732 1167; baseline -0.003 -14"><span class='ocrx_word' id='word_1_444' title='bbox 2078 1120 2107 1148; x_wconf 87' lang='grc'>‹‹</span> <span class='ocrx_word' id='word_1_445' title='bbox 2140 1098 2416 1153; x_wconf 84' lang='lat' dir='ltr'>diturum.</span> <span class='ocrx_word' id='word_1_446' title='bbox 2464 1096 2801 1153; x_wconf 89' lang='lat' dir='ltr'>Secundum</span> <span class='ocrx_word' id='word_1_447' title='bbox 2842 1094 3314 1167; x_wconf 81' lang='lat' dir='ltr'>magnitudinem</span> <span class='ocrx_word' id='word_1_448' title='bbox 3352 1092 3579 1150; x_wconf 84' lang='lat' dir='ltr'>brachii</span> <span class='ocrx_word' id='word_1_449' title='bbox 3623 1091 3732 1159; x_wconf 84' lang='lat' dir='ltr'>tui,</span> 
     </span>
    </p>
   </div>
   <div class='ocr_carea' id='block_1_58' title="bbox 2077 1181 3735 1259">
    <p class='ocr_par' dir='ltr' id='par_1_58' title="bbox 2077 1181 3735 1259">
     <span class='ocr_line' id='line_1_58' title="bbox 2077 1181 3735 1259; baseline 0.003 -23"><span class='ocrx_word' id='word_1_450' title='bbox 2077 1209 2105 1236; x_wconf 83' lang='grc'>‹‹</span> <span class='ocrx_word' id='word_1_451' title='bbox 2139 1186 2373 1259; x_wconf 88' lang='lat' dir='ltr'>posside</span> <span class='ocrx_word' id='word_1_452' title='bbox 2394 1185 2547 1242; x_wconf 80' lang='lat' dir='ltr'>filios</span> <span class='ocrx_word' id='word_1_453' title='bbox 2568 1184 3077 1240; x_wconf 84' lang='lat' dir='ltr'>mortiﬁcatorum.</span> <span class='ocrx_word' id='word_1_454' title='bbox 3104 1184 3172 1239; x_wconf 90' lang='lat' dir='ltr'>Et</span> <span class='ocrx_word' id='word_1_455' title='bbox 3194 1184 3373 1239; x_wconf 85' lang='lat' dir='ltr'>redde</span> <span class='ocrx_word' id='word_1_456' title='bbox 3388 1181 3735 1240; x_wconf 86' lang='lat' dir='ltr'>vicinisnos-</span> 
     </span>
    </p>
   </div>
   <div class='ocr_carea' id='block_1_59' title="bbox 2076 1271 3730 1348">
    <p class='ocr_par' dir='ltr' id='par_1_59' title="bbox 2076 1271 3730 1348">
     <span class='ocr_line' id='line_1_59' title="bbox 2076 1271 3730 1348; baseline -0.001 -17"><span class='ocrx_word' id='word_1_457' title='bbox 2076 1298 2104 1325; x_wconf 89' lang='grc'><em>‹‹</em></span> <span class='ocrx_word' id='word_1_458' title='bbox 2138 1277 2245 1331; x_wconf 90' lang='lat' dir='ltr'>tris</span> <span class='ocrx_word' id='word_1_459' title='bbox 2267 1275 2603 1348; x_wconf 86' lang='lat' dir='ltr'>septuplum</span> <span class='ocrx_word' id='word_1_460' title='bbox 2625 1274 2684 1329; x_wconf 91' lang='lat' dir='ltr'>in</span> <span class='ocrx_word' id='word_1_461' title='bbox 2709 1273 2840 1329; x_wconf 90' lang='lat' dir='ltr'>sinu</span> <span class='ocrx_word' id='word_1_462' title='bbox 2868 1288 3092 1342; x_wconf 91' lang='lat' dir='ltr'>eorum,</span> <span class='ocrx_word' id='word_1_463' title='bbox 3127 1271 3730 1345; x_wconf 88' lang='lat' dir='ltr'>improperiumipso-</span> 
     </span>
    </p>
   </div>
   <div class='ocr_carea' id='block_1_60' title="bbox 2075 1360 3723 1436">
    <p class='ocr_par' dir='ltr' id='par_1_60' title="bbox 2075 1360 3723 1436">
     <span class='ocr_line' id='line_1_60' title="bbox 2075 1360 3723 1436; baseline 0.001 -21"><span class='ocrx_word' id='word_1_464' title='bbox 2075 1387 2103 1415; x_wconf 87' lang='grc'>‹‹</span> <span class='ocrx_word' id='word_1_465' title='bbox 2134 1381 2264 1420; x_wconf 88' lang='lat' dir='ltr'>rum</span> <span class='ocrx_word' id='word_1_466' title='bbox 2288 1364 2445 1436; x_wconf 90' lang='lat' dir='ltr'>quod</span> <span class='ocrx_word' id='word_1_467' title='bbox 2469 1363 2967 1435; x_wconf 79' lang='lat' dir='ltr'>exprobraverunt</span> <span class='ocrx_word' id='word_1_468' title='bbox 2994 1361 3124 1429; x_wconf 88' lang='lat' dir='ltr'>tibi,</span> <span class='ocrx_word' id='word_1_469' title='bbox 3170 1360 3435 1417; x_wconf 90' lang='lat' dir='ltr'>Domine.</span> <span class='ocrx_word' id='word_1_470' title='bbox 3485 1360 3605 1417; x_wconf 87' lang='lat' dir='ltr'>Nos</span> <span class='ocrx_word' id='word_1_471' title='bbox 3625 1376 3723 1417; x_wconf 85' lang='lat' dir='ltr'>su-</span> 
     </span>
    </p>
   </div>
   <div class='ocr_carea' id='block_1_61' title="bbox 2074 1446 3733 1524">
    <p class='ocr_par' dir='ltr' id='par_1_61' title="bbox 2074 1446 3733 1524">
     <span class='ocr_line' id='line_1_61' title="bbox 2074 1446 3733 1524; baseline 0.001 -21"><span class='ocrx_word' id='word_1_472' title='bbox 2074 1475 2102 1502; x_wconf 88' lang='grc'><em>‹‹</em></span> <span class='ocrx_word' id='word_1_473' title='bbox 2136 1457 2254 1508; x_wconf 89' lang='lat' dir='ltr'>tem</span> <span class='ocrx_word' id='word_1_474' title='bbox 2278 1451 2528 1524; x_wconf 89' lang='lat' dir='ltr'>populus</span> <span class='ocrx_word' id='word_1_475' title='bbox 2543 1456 2683 1508; x_wconf 89' lang='lat' dir='ltr'>tuus</span> <span class='ocrx_word' id='word_1_476' title='bbox 2698 1455 2756 1507; x_wconf 90' lang='lat' dir='ltr'>et</span> <span class='ocrx_word' id='word_1_477' title='bbox 2769 1467 2906 1507; x_wconf 87' lang='lat' dir='ltr'>oves</span> <span class='ocrx_word' id='word_1_478' title='bbox 2921 1465 3150 1523; x_wconf 69' lang='lat' dir='ltr'>pascuae</span> <span class='ocrx_word' id='word_1_479' title='bbox 3166 1451 3307 1516; x_wconf 65' lang='lat' dir='ltr'>tum,</span> <span class='ocrx_word' id='word_1_480' title='bbox 3318 1446 3733 1506; x_wconf 84' lang='lat' dir='ltr'>confitebimur</span> 
     </span>
    </p>
   </div>
   <div class='ocr_carea' id='block_1_62' title="bbox 2078 1536 3725 1612">
    <p class='ocr_par' dir='ltr' id='par_1_62' title="bbox 2078 1536 3725 1612">
     <span class='ocr_line' id='line_1_62' title="bbox 2078 1536 3725 1612; baseline 0.002 -21"><span class='ocrx_word' id='word_1_481' title='bbox 2078 1565 2098 1591; x_wconf 81' lang='grc' dir='ltr'>ι</span> <span class='ocrx_word' id='word_1_482' title='bbox 2135 1541 2239 1597; x_wconf 88' lang='lat' dir='ltr'>tibi</span> <span class='ocrx_word' id='word_1_483' title='bbox 2263 1541 2321 1596; x_wconf 90' lang='lat' dir='ltr'>in</span> <span class='ocrx_word' id='word_1_484' title='bbox 2346 1540 2649 1598; x_wconf 80' lang='lat' dir='ltr'>saeculum.</span> <span class='ocrx_word' id='word_1_485' title='bbox 2694 1540 2759 1596; x_wconf 91' lang='lat' dir='ltr'>In</span> <span class='ocrx_word' id='word_1_486' title='bbox 2779 1537 3155 1612; x_wconf 87' lang='lat' dir='ltr'>generatione</span> <span class='ocrx_word' id='word_1_487' title='bbox 3190 1540 3251 1593; x_wconf 88' lang='lat' dir='ltr'>et</span> <span class='ocrx_word' id='word_1_488' title='bbox 3291 1536 3725 1610; x_wconf 74' lang='lat' dir='ltr'>generationem</span> 
     </span>
    </p>
   </div>
   <div class='ocr_carea' id='block_1_63' title="bbox 2073 1628 3168 1686">
    <p class='ocr_par' dir='ltr' id='par_1_63' title="bbox 2073 1628 3168 1686">
     <span class='ocr_line' id='line_1_63' title="bbox 2073 1628 3168 1686; baseline -0.003 0"><span class='ocrx_word' id='word_1_489' title='bbox 2073 1654 2100 1680; x_wconf 89' lang='grc'>‹‹</span> <span class='ocrx_word' id='word_1_490' title='bbox 2134 1630 2623 1686; x_wconf 87' lang='lat' dir='ltr'>annuntiabimus</span> <span class='ocrx_word' id='word_1_491' title='bbox 2655 1628 2887 1685; x_wconf 90' lang='lat' dir='ltr'>laudem</span> <span class='ocrx_word' id='word_1_492' title='bbox 2920 1633 3106 1684; x_wconf 87' lang='lat' dir='ltr'>tuam.</span> <span class='ocrx_word' id='word_1_493' title='bbox 3145 1649 3168 1676; x_wconf 78' lang='grc' dir='ltr'>ιι</span> 
     </span>
    </p>
   </div>
   <div class='ocr_carea' id='block_1_64' title="bbox 2704 1751 3100 1810">
    <p class='ocr_par' dir='ltr' id='par_1_64' title="bbox 2704 1751 3100 1810">
     <span class='ocr_line' id='line_1_64' title="bbox 2704 1751 3100 1810; baseline -0.003 -1"><span class='ocrx_word' id='word_1_494' title='bbox 2704 1751 3100 1810; x_wconf 79' lang='lat' dir='ltr'>ENARRATIO.</span> 
     </span>
    </p>
   </div>
   <div class='ocr_carea' id='block_1_65' title="bbox 2138 1838 3724 1916">
    <p class='ocr_par' dir='ltr' id='par_1_65' title="bbox 2138 1838 3724 1916">
     <span class='ocr_line' id='line_1_65' title="bbox 2138 1838 3724 1916; baseline -0.002 -17"><span class='ocrx_word' id='word_1_495' title='bbox 2138 1843 2512 1916; x_wconf 87' lang='lat' dir='ltr'>Prophetiam</span> <span class='ocrx_word' id='word_1_496' title='bbox 2545 1843 2722 1898; x_wconf 87' lang='lat' dir='ltr'>istam</span> <span class='ocrx_word' id='word_1_497' title='bbox 2753 1857 2932 1913; x_wconf 89' lang='lat' dir='ltr'>quam</span> <span class='ocrx_word' id='word_1_498' title='bbox 2953 1840 3050 1896; x_wconf 91' lang='lat' dir='ltr'>hic</span> <span class='ocrx_word' id='word_1_499' title='bbox 3072 1840 3343 1897; x_wconf 82' lang='lat' dir='ltr'>videmus</span> <span class='ocrx_word' id='word_1_500' title='bbox 3365 1838 3724 1913; x_wconf 84' lang='lat' dir='ltr'>promissam</span> 
     </span>
    </p>
   </div>
   <div class='ocr_carea' id='block_1_66' title="bbox 2076 1927 3725 2003">
    <p class='ocr_par' dir='ltr' id='par_1_66' title="bbox 2076 1927 3725 2003">
     <span class='ocr_line' id='line_1_66' title="bbox 2076 1927 3725 2003; baseline -0.001 -15"><span class='ocrx_word' id='word_1_501' title='bbox 2076 1933 2385 1989; x_wconf 75' lang='lat' dir='ltr'>manifeste</span> <span class='ocrx_word' id='word_1_502' title='bbox 2402 1930 2673 1987; x_wconf 88' lang='lat' dir='ltr'>novimus</span> <span class='ocrx_word' id='word_1_503' title='bbox 2694 1929 2997 2003; x_wconf 76' lang='lat' dir='ltr'>impletum</span> <span class='ocrx_word' id='word_1_504' title='bbox 3024 1947 3038 1997; x_wconf 91' lang='lat'><strong>;</strong></span> <span class='ocrx_word' id='word_1_505' title='bbox 3062 1945 3178 1985; x_wconf 91' lang='lat' dir='ltr'>non</span> <span class='ocrx_word' id='word_1_506' title='bbox 3215 1932 3434 1997; x_wconf 88' lang='lat' dir='ltr'>tamen,</span> <span class='ocrx_word' id='word_1_507' title='bbox 3456 1943 3593 1984; x_wconf 89' lang='lat' dir='ltr'>cum</span> <span class='ocrx_word' id='word_1_508' title='bbox 3612 1927 3725 1986; x_wconf 82' lang='lat' dir='ltr'>hoc</span> 
     </span>
    </p>
   </div>
   <div class='ocr_carea' id='block_1_67' title="bbox 2073 2017 3721 2091">
    <p class='ocr_par' dir='ltr' id='par_1_67' title="bbox 2073 2017 3721 2091">
     <span class='ocr_line' id='line_1_67' title="bbox 2073 2017 3721 2091; baseline -0.005 -12"><span class='ocrx_word' id='word_1_509' title='bbox 2073 2039 2107 2079; x_wconf 89' lang='lat' dir='ltr'>a</span> <span class='ocrx_word' id='word_1_510' title='bbox 2133 2022 2302 2078; x_wconf 86' lang='lat' dir='ltr'>David</span> <span class='ocrx_word' id='word_1_511' title='bbox 2337 2022 2646 2091; x_wconf 86' lang='lat' dir='ltr'>diceretur,</span> <span class='ocrx_word' id='word_1_512' title='bbox 2682 2018 2936 2091; x_wconf 90' lang='lat' dir='ltr'>legimus</span> <span class='ocrx_word' id='word_1_513' title='bbox 2964 2017 3188 2091; x_wconf 90' lang='lat' dir='ltr'>aliquid</span> <span class='ocrx_word' id='word_1_514' title='bbox 3221 2017 3337 2074; x_wconf 87' lang='lat' dir='ltr'>tale</span> <span class='ocrx_word' id='word_1_515' title='bbox 3365 2032 3437 2075; x_wconf 80' lang='lat' dir='ltr'>ex</span> <span class='ocrx_word' id='word_1_516' title='bbox 3462 2017 3721 2075; x_wconf 87' lang='lat' dir='ltr'>adversi-</span> 
     </span>
    </p>
   </div>
   <div class='ocr_carea' id='block_1_68' title="bbox 2071 2103 3724 2183">
    <p class='ocr_par' dir='ltr' id='par_1_68' title="bbox 2071 2103 3724 2183">
     <span class='ocr_line' id='line_1_68' title="bbox 2071 2103 3724 2183; baseline -0.002 -18"><span class='ocrx_word' id='word_1_517' title='bbox 2071 2114 2189 2166; x_wconf 87' lang='lat' dir='ltr'>tate</span> <span class='ocrx_word' id='word_1_518' title='bbox 2212 2109 2474 2183; x_wconf 89' lang='lat' dir='ltr'>gentium</span> <span class='ocrx_word' id='word_1_519' title='bbox 2499 2108 2817 2181; x_wconf 86' lang='lat' dir='ltr'>contigisse</span> <span class='ocrx_word' id='word_1_520' title='bbox 2838 2106 3055 2163; x_wconf 87' lang='lat' dir='ltr'>civitati</span> <span class='ocrx_word' id='word_1_521' title='bbox 3075 2106 3162 2162; x_wconf 93' lang='lat' dir='ltr'>illi</span> <span class='ocrx_word' id='word_1_522' title='bbox 3181 2105 3532 2177; x_wconf 85' lang='lat' dir='ltr'>Jerusalem,</span> <span class='ocrx_word' id='word_1_523' title='bbox 3550 2103 3724 2177; x_wconf 86' lang='lat' dir='ltr'>quale</span> 
     </span>
    </p>
   </div>
   <div class='ocr_carea' id='block_1_69' title="bbox 2071 2193 3722 2269">
    <p class='ocr_par' dir='ltr' id='par_1_69' title="bbox 2071 2193 3722 2269">
     <span class='ocr_line' id='line_1_69' title="bbox 2071 2193 3722 2269; baseline -0.003 -15"><span class='ocrx_word' id='word_1_524' title='bbox 2071 2199 2166 2255; x_wconf 89' lang='lat' dir='ltr'>hic</span> <span class='ocrx_word' id='word_1_525' title='bbox 2189 2198 2422 2265; x_wconf 87' lang='lat' dir='ltr'>dicitur,</span> <span class='ocrx_word' id='word_1_526' title='bbox 2443 2203 2500 2254; x_wconf 90' lang='lat' dir='ltr'>et</span> <span class='ocrx_word' id='word_1_527' title='bbox 2518 2196 2740 2269; x_wconf 90' lang='lat' dir='ltr'>templo</span> <span class='ocrx_word' id='word_1_528' title='bbox 2762 2195 3022 2265; x_wconf 89' lang='lat' dir='ltr'>Domini,</span> <span class='ocrx_word' id='word_1_529' title='bbox 3041 2196 3196 2268; x_wconf 85' lang='lat' dir='ltr'>quod</span> <span class='ocrx_word' id='word_1_530' title='bbox 3217 2196 3345 2268; x_wconf 88' lang='lat' dir='ltr'>jam</span> <span class='ocrx_word' id='word_1_531' title='bbox 3378 2199 3507 2249; x_wconf 89' lang='lat' dir='ltr'>tum</span> <span class='ocrx_word' id='word_1_532' title='bbox 3528 2193 3722 2250; x_wconf 89' lang='lat' dir='ltr'>adhuc</span> 
     </span>
    </p>
   </div>
   <div class='ocr_carea' id='block_1_70' title="bbox 2071 2280 3720 2357">
    <p class='ocr_par' dir='ltr' id='par_1_70' title="bbox 2071 2280 3720 2357">
     <span class='ocr_line' id='line_1_70' title="bbox 2071 2280 3720 2357; baseline -0.002 -15"><span class='ocrx_word' id='word_1_533' title='bbox 2071 2305 2185 2343; x_wconf 89' lang='lat' dir='ltr'>non</span> <span class='ocrx_word' id='word_1_534' title='bbox 2220 2288 2328 2343; x_wconf 83' lang='lat' dir='ltr'>fuit</span> <span class='ocrx_word' id='word_1_535' title='bbox 2352 2287 2725 2342; x_wconf 61' lang='lat' dir='ltr'>aediﬁcatum.</span> <span class='ocrx_word' id='word_1_536' title='bbox 2758 2285 2987 2341; x_wconf 85' lang='lat' dir='ltr'>Mortuo</span> <span class='ocrx_word' id='word_1_537' title='bbox 3018 2300 3275 2357; x_wconf 88' lang='lat' dir='ltr'>namque</span> <span class='ocrx_word' id='word_1_538' title='bbox 3314 2282 3516 2351; x_wconf 90' lang='lat' dir='ltr'>David,</span> <span class='ocrx_word' id='word_1_539' title='bbox 3557 2280 3720 2339; x_wconf 85' lang='lat' dir='ltr'>Salo-</span> 
     </span>
    </p>
   </div>
   <div class='ocr_carea' id='block_1_71' title="bbox 2070 2370 3716 2448">
    <p class='ocr_par' dir='ltr' id='par_1_71' title="bbox 2070 2370 3716 2448">
     <span class='ocr_line' id='line_1_71' title="bbox 2070 2370 3716 2448; baseline -0.003 -17"><span class='ocrx_word' id='word_1_540' title='bbox 2070 2393 2205 2435; x_wconf 85' lang='lat' dir='ltr'>mon</span> <span class='ocrx_word' id='word_1_541' title='bbox 2229 2376 2385 2432; x_wconf 84' lang='lat' dir='ltr'>ﬁlius</span> <span class='ocrx_word' id='word_1_542' title='bbox 2401 2377 2529 2447; x_wconf 90' lang='lat' dir='ltr'>ejus</span> <span class='ocrx_word' id='word_1_543' title='bbox 2550 2374 2840 2448; x_wconf 89' lang='lat' dir='ltr'>templum</span> <span class='ocrx_word' id='word_1_544' title='bbox 2864 2371 3172 2430; x_wconf 69' lang='lat' dir='ltr'>aediﬁcavit</span> <span class='ocrx_word' id='word_1_545' title='bbox 3195 2390 3208 2429; x_wconf 94' lang='lat'>:</span> <span class='ocrx_word' id='word_1_546' title='bbox 3234 2371 3524 2445; x_wconf 87' lang='lat' dir='ltr'>dicitergo</span> <span class='ocrx_word' id='word_1_547' title='bbox 3536 2370 3716 2427; x_wconf 81' lang='lat' dir='ltr'>David</span> 
     </span>
    </p>
   </div>
   <div class='ocr_carea' id='block_1_72' title="bbox 2066 2459 3714 2537">
    <p class='ocr_par' dir='ltr' id='par_1_72' title="bbox 2066 2459 3714 2537">
     <span class='ocr_line' id='line_1_72' title="bbox 2066 2459 3714 2537; baseline -0.004 -16"><span class='ocrx_word' id='word_1_548' title='bbox 2066 2466 2235 2537; x_wconf 87' lang='lat' dir='ltr'>quasi</span> <span class='ocrx_word' id='word_1_549' title='bbox 2259 2465 2635 2537; x_wconf 75' lang='lat' dir='ltr'>praeteritum,</span> <span class='ocrx_word' id='word_1_550' title='bbox 2660 2465 2815 2536; x_wconf 89' lang='lat' dir='ltr'>quod</span> <span class='ocrx_word' id='word_1_551' title='bbox 2841 2464 2901 2518; x_wconf 90' lang='lat' dir='ltr'>in</span> <span class='ocrx_word' id='word_1_552' title='bbox 2925 2462 3137 2534; x_wconf 89' lang='lat' dir='ltr'>spiritu</span> <span class='ocrx_word' id='word_1_553' title='bbox 3161 2462 3324 2517; x_wconf 87' lang='lat' dir='ltr'>vidit.</span> <span class='ocrx_word' id='word_1_554' title='bbox 3366 2460 3526 2517; x_wconf 88' lang='lat' dir='ltr'>Vidit</span> <span class='ocrx_word' id='word_1_555' title='bbox 3555 2459 3714 2516; x_wconf 79' lang='lat' dir='ltr'>futu-</span> 
     </span>
    </p>
   </div>
   <div class='ocr_carea' id='block_1_73' title="bbox 2067 2546 3714 2621">
    <p class='ocr_par' dir='ltr' id='par_1_73' title="bbox 2067 2546 3714 2621">
     <span class='ocr_line' id='line_1_73' title="bbox 2067 2546 3714 2621; baseline -0.002 -13"><span class='ocrx_word' id='word_1_556' title='bbox 2067 2568 2220 2619; x_wconf 90' lang='lat' dir='ltr'>rum,</span> <span class='ocrx_word' id='word_1_557' title='bbox 2249 2568 2354 2608; x_wconf 90' lang='lat' dir='ltr'>nec</span> <span class='ocrx_word' id='word_1_558' title='bbox 2375 2556 2465 2606; x_wconf 90' lang='lat' dir='ltr'>est</span> <span class='ocrx_word' id='word_1_559' title='bbox 2488 2551 2821 2606; x_wconf 89' lang='lat' dir='ltr'>mirandum</span> <span class='ocrx_word' id='word_1_560' title='bbox 2844 2550 2999 2621; x_wconf 89' lang='lat' dir='ltr'>quod</span> <span class='ocrx_word' id='word_1_561' title='bbox 3023 2550 3133 2606; x_wconf 90' lang='lat' dir='ltr'>hoc</span> <span class='ocrx_word' id='word_1_562' title='bbox 3163 2549 3293 2606; x_wconf 88' lang='lat' dir='ltr'>ideo</span> <span class='ocrx_word' id='word_1_563' title='bbox 3315 2549 3552 2616; x_wconf 91' lang='lat' dir='ltr'>dicitur,</span> <span class='ocrx_word' id='word_1_564' title='bbox 3574 2546 3714 2620; x_wconf 89' lang='lat' dir='ltr'>quia</span> 
     </span>
    </p>
   </div>
   <div class='ocr_carea' id='block_1_74' title="bbox 2066 2636 3709 2712">
    <p class='ocr_par' dir='ltr' id='par_1_74' title="bbox 2066 2636 3709 2712">
     <span class='ocr_line' id='line_1_74' title="bbox 2066 2636 3709 2712; baseline -0.001 -17"><span class='ocrx_word' id='word_1_565' title='bbox 2066 2657 2180 2695; x_wconf 91' lang='lat' dir='ltr'>non</span> <span class='ocrx_word' id='word_1_566' title='bbox 2205 2640 2495 2712; x_wconf 88' lang='lat' dir='ltr'>ignoranti</span> <span class='ocrx_word' id='word_1_567' title='bbox 2520 2638 2753 2706; x_wconf 91' lang='lat' dir='ltr'>dicitur,</span> <span class='ocrx_word' id='word_1_568' title='bbox 2771 2639 2926 2710; x_wconf 89' lang='lat' dir='ltr'>quod</span> <span class='ocrx_word' id='word_1_569' title='bbox 2946 2638 3235 2694; x_wconf 88' lang='lat' dir='ltr'>revelante</span> <span class='ocrx_word' id='word_1_570' title='bbox 3256 2637 3590 2710; x_wconf 88' lang='lat' dir='ltr'>patiuntur;</span> <span class='ocrx_word' id='word_1_571' title='bbox 3605 2636 3709 2694; x_wconf 88' lang='lat' dir='ltr'>sed</span> 
     </span>
    </p>
   </div>
   <div class='ocr_carea' id='block_1_75' title="bbox 2065 2725 3710 2800">
    <p class='ocr_par' dir='ltr' id='par_1_75' title="bbox 2065 2725 3710 2800">
     <span class='ocr_line' id='line_1_75' title="bbox 2065 2725 3710 2800; baseline -0.001 -16"><span class='ocrx_word' id='word_1_572' title='bbox 2065 2734 2223 2784; x_wconf 86' lang='lat' dir='ltr'>amat</span> <span class='ocrx_word' id='word_1_573' title='bbox 2246 2728 2432 2785; x_wconf 82' lang='lat' dir='ltr'>ﬁdelis</span> <span class='ocrx_word' id='word_1_574' title='bbox 2453 2729 2651 2784; x_wconf 86' lang='lat' dir='ltr'>anima</span> <span class='ocrx_word' id='word_1_575' title='bbox 2674 2744 2743 2783; x_wconf 82' lang='lat' dir='ltr'>ex</span> <span class='ocrx_word' id='word_1_576' title='bbox 2789 2726 2998 2783; x_wconf 67' lang='lat' dir='ltr'>affectu</span> <span class='ocrx_word' id='word_1_577' title='bbox 3041 2726 3232 2783; x_wconf 88' lang='lat' dir='ltr'>cordis</span> <span class='ocrx_word' id='word_1_578' title='bbox 3253 2743 3388 2783; x_wconf 91' lang='lat' dir='ltr'>cum</span> <span class='ocrx_word' id='word_1_579' title='bbox 3411 2732 3527 2783; x_wconf 90' lang='lat' dir='ltr'>Deo</span> <span class='ocrx_word' id='word_1_580' title='bbox 3547 2725 3710 2800; x_wconf 86' lang='lat' dir='ltr'>loqui</span> 
     </span>
    </p>
   </div>
   <div class='ocr_carea' id='block_1_76' title="bbox 2064 2815 3708 2891">
    <p class='ocr_par' dir='ltr' id='par_1_76' title="bbox 2064 2815 3708 2891">
     <span class='ocr_line' id='line_1_76' title="bbox 2064 2815 3708 2891; baseline -0.001 -17"><span class='ocrx_word' id='word_1_581' title='bbox 2064 2834 2194 2891; x_wconf 70' lang='lat' dir='ltr'>quae</span> <span class='ocrx_word' id='word_1_582' title='bbox 2236 2835 2269 2873; x_wconf 90' lang='lat' dir='ltr'>a</span> <span class='ocrx_word' id='word_1_583' title='bbox 2290 2818 2407 2874; x_wconf 91' lang='lat' dir='ltr'>Deo</span> <span class='ocrx_word' id='word_1_584' title='bbox 2428 2817 2667 2872; x_wconf 86' lang='lat' dir='ltr'>didicit:</span> <span class='ocrx_word' id='word_1_585' title='bbox 2696 2821 2753 2872; x_wconf 91' lang='lat' dir='ltr'>et</span> <span class='ocrx_word' id='word_1_586' title='bbox 2776 2815 2828 2872; x_wconf 92' lang='lat' dir='ltr'>ei</span> <span class='ocrx_word' id='word_1_587' title='bbox 2850 2816 3042 2872; x_wconf 84' lang='lat' dir='ltr'>dicere</span> <span class='ocrx_word' id='word_1_588' title='bbox 3064 2832 3192 2889; x_wconf 68' lang='lat' dir='ltr'>que</span> <span class='ocrx_word' id='word_1_589' title='bbox 3222 2815 3401 2888; x_wconf 88' lang='lat' dir='ltr'>novit,</span> <span class='ocrx_word' id='word_1_590' title='bbox 3421 2819 3708 2890; x_wconf 86' lang='lat' dir='ltr'>tanquam</span> 
     </span>
    </p>
   </div>
   <div class='ocr_carea' id='block_1_77' title="bbox 2063 2904 3711 2979">
    <p class='ocr_par' dir='ltr' id='par_1_77' title="bbox 2063 2904 3711 2979">
     <span class='ocr_line' id='line_1_77' title="bbox 2063 2904 3711 2979; baseline 0 -17"><span class='ocrx_word' id='word_1_591' title='bbox 2063 2907 2390 2979; x_wconf 88' lang='lat' dir='ltr'>discipulus</span> <span class='ocrx_word' id='word_1_592' title='bbox 2414 2906 2695 2979; x_wconf 89' lang='lat' dir='ltr'>magistro</span> <span class='ocrx_word' id='word_1_593' title='bbox 2715 2923 2831 2962; x_wconf 92' lang='lat' dir='ltr'>non</span> <span class='ocrx_word' id='word_1_594' title='bbox 2856 2904 3174 2979; x_wconf 88' lang='lat' dir='ltr'>ignoranti,</span> <span class='ocrx_word' id='word_1_595' title='bbox 3199 2905 3301 2962; x_wconf 90' lang='lat' dir='ltr'>sed</span> <span class='ocrx_word' id='word_1_596' title='bbox 3320 2904 3624 2978; x_wconf 87' lang='lat' dir='ltr'>iudicanti,</span> <span class='ocrx_word' id='word_1_597' title='bbox 3642 2921 3711 2962; x_wconf 90' lang='lat' dir='ltr'>ac</span> 
     </span>
    </p>
   </div>
   <div class='ocr_carea' id='block_1_78' title="bbox 2064 2993 3716 3069">
    <p class='ocr_par' dir='ltr' id='par_1_78' title="bbox 2064 2993 3716 3069">
     <span class='ocr_line' id='line_1_78' title="bbox 2064 2993 3716 3069; baseline -0.001 -16"><span class='ocrx_word' id='word_1_598' title='bbox 2064 3013 2168 3069; x_wconf 89' lang='lat' dir='ltr'>per</span> <span class='ocrx_word' id='word_1_599' title='bbox 2197 2996 2306 3052; x_wconf 87' lang='lat' dir='ltr'>hoc</span> <span class='ocrx_word' id='word_1_600' title='bbox 2337 2996 2604 3052; x_wconf 88' lang='lat' dir='ltr'>videlicet</span> <span class='ocrx_word' id='word_1_601' title='bbox 2637 2994 2910 3067; x_wconf 88' lang='lat' dir='ltr'>probanti</span> <span class='ocrx_word' id='word_1_602' title='bbox 2946 2994 3101 3067; x_wconf 90' lang='lat' dir='ltr'>quod</span> <span class='ocrx_word' id='word_1_603' title='bbox 3132 2994 3350 3065; x_wconf 83' lang='lat' dir='ltr'>docuit,</span> <span class='ocrx_word' id='word_1_604' title='bbox 3399 2993 3490 3050; x_wconf 91' lang='lat' dir='ltr'>vel</span> <span class='ocrx_word' id='word_1_605' title='bbox 3521 3006 3716 3067; x_wconf 85' lang='lat' dir='ltr'>repre-</span> 
     </span>
    </p>
   </div>
   <div class='ocr_carea' id='block_1_79' title="bbox 2064 3082 3720 3153">
    <p class='ocr_par' dir='ltr' id='par_1_79' title="bbox 2064 3082 3720 3153">
     <span class='ocr_line' id='line_1_79' title="bbox 2064 3082 3720 3153; baseline -0.001 -12"><span class='ocrx_word' id='word_1_606' title='bbox 2064 3084 2343 3153; x_wconf 84' lang='lat' dir='ltr'>hendenti</span> <span class='ocrx_word' id='word_1_607' title='bbox 2375 3085 2528 3153; x_wconf 86' lang='lat' dir='ltr'>quod</span> <span class='ocrx_word' id='word_1_608' title='bbox 2586 3100 2702 3140; x_wconf 87' lang='lat' dir='ltr'>non</span> <span class='ocrx_word' id='word_1_609' title='bbox 2762 3082 2980 3140; x_wconf 90' lang='lat' dir='ltr'>docuit.</span> <span class='ocrx_word' id='word_1_610' title='bbox 3029 3082 3232 3140; x_wconf 88' lang='lat' dir='ltr'>Solent</span> <span class='ocrx_word' id='word_1_611' title='bbox 3273 3082 3431 3140; x_wconf 88' lang='lat' dir='ltr'>enim</span> <span class='ocrx_word' id='word_1_612' title='bbox 3479 3082 3539 3139; x_wconf 92' lang='lat' dir='ltr'>in</span> <span class='ocrx_word' id='word_1_613' title='bbox 3583 3098 3720 3139; x_wconf 83' lang='lat' dir='ltr'>ora-</span> 
     </span>
    </p>
   </div>
   <div class='ocr_carea' id='block_1_80' title="bbox 2066 3171 3725 3245">
    <p class='ocr_par' dir='ltr' id='par_1_80' title="bbox 2066 3171 3725 3245">
     <span class='ocr_line' id='line_1_80' title="bbox 2066 3171 3725 3245; baseline -0.001 -17"><span class='ocrx_word' id='word_1_614' title='bbox 2066 3174 2330 3230; x_wconf 88' lang='lat' dir='ltr'>tionibus</span> <span class='ocrx_word' id='word_1_615' title='bbox 2363 3176 2474 3230; x_wconf 89' lang='lat' dir='ltr'>Deo</span> <span class='ocrx_word' id='word_1_616' title='bbox 2505 3173 2622 3228; x_wconf 91' lang='lat' dir='ltr'>dici</span> <span class='ocrx_word' id='word_1_617' title='bbox 2653 3189 2780 3243; x_wconf 67' lang='lat' dir='ltr'>quae</span> <span class='ocrx_word' id='word_1_618' title='bbox 2832 3171 3140 3230; x_wconf 88' lang='lat' dir='ltr'>vindicans</span> <span class='ocrx_word' id='word_1_619' title='bbox 3179 3171 3336 3239; x_wconf 74' lang='lat' dir='ltr'>fecit,</span> <span class='ocrx_word' id='word_1_620' title='bbox 3367 3176 3424 3227; x_wconf 89' lang='lat' dir='ltr'>et</span> <span class='ocrx_word' id='word_1_621' title='bbox 3453 3172 3725 3245; x_wconf 85' lang='lat' dir='ltr'>adjuugit</span> 
     </span>
    </p>
   </div>
   <div class='ocr_carea' id='block_1_81' title="bbox 2068 3261 3723 3334">
    <p class='ocr_par' dir='ltr' id='par_1_81' title="bbox 2068 3261 3723 3334">
     <span class='ocr_line' id='line_1_81' title="bbox 2068 3261 3723 3334; baseline 0.001 -19"><span class='ocrx_word' id='word_1_622' title='bbox 2068 3262 2164 3334; x_wconf 89' lang='lat' dir='ltr'>pia</span> <span class='ocrx_word' id='word_1_623' title='bbox 2223 3262 2444 3333; x_wconf 83' lang='lat' dir='ltr'>petitio,</span> <span class='ocrx_word' id='word_1_624' title='bbox 2505 3266 2571 3316; x_wconf 89' lang='lat' dir='ltr'>ut</span> <span class='ocrx_word' id='word_1_625' title='bbox 2629 3262 2983 3316; x_wconf 89' lang='lat' dir='ltr'>misereatur</span> <span class='ocrx_word' id='word_1_626' title='bbox 3037 3264 3095 3316; x_wconf 86' lang='lat' dir='ltr'>et</span> <span class='ocrx_word' id='word_1_627' title='bbox 3119 3264 3342 3332; x_wconf 87' lang='lat' dir='ltr'>parcat.</span> <span class='ocrx_word' id='word_1_628' title='bbox 3395 3263 3515 3316; x_wconf 86' lang='lat' dir='ltr'>Hoc</span> <span class='ocrx_word' id='word_1_629' title='bbox 3564 3261 3723 3317; x_wconf 90' lang='lat' dir='ltr'>enim</span> 
     </span>
    </p>
   </div>
   <div class='ocr_carea' id='block_1_82' title="bbox 2065 3347 3724 3420">
    <p class='ocr_par' dir='ltr' id='par_1_82' title="bbox 2065 3347 3724 3420">
     <span class='ocr_line' id='line_1_82' title="bbox 2065 3347 3724 3420; baseline 0.001 -16"><span class='ocrx_word' id='word_1_630' title='bbox 2065 3350 2239 3405; x_wconf 89' lang='lat' dir='ltr'>modo</span> <span class='ocrx_word' id='word_1_631' title='bbox 2294 3350 2412 3404; x_wconf 85' lang='lat' dir='ltr'>ista</span> <span class='ocrx_word' id='word_1_632' title='bbox 2471 3350 2583 3404; x_wconf 89' lang='lat' dir='ltr'>Deo</span> <span class='ocrx_word' id='word_1_633' title='bbox 2643 3349 2942 3418; x_wconf 87' lang='lat' dir='ltr'>dicuntur,</span> <span class='ocrx_word' id='word_1_634' title='bbox 3003 3363 3036 3402; x_wconf 88' lang='lat' dir='ltr'>a</span> <span class='ocrx_word' id='word_1_635' title='bbox 3089 3363 3205 3420; x_wconf 89' lang='lat' dir='ltr'>quo</span> <span class='ocrx_word' id='word_1_636' title='bbox 3261 3347 3559 3419; x_wconf 88' lang='lat' dir='ltr'>dicuntur,</span> <span class='ocrx_word' id='word_1_637' title='bbox 3587 3351 3724 3405; x_wconf 87' lang='lat' dir='ltr'>tan-</span> 
     </span>
    </p>
   </div>
   <div class='ocr_carea' id='block_1_83' title="bbox 2065 3434 3814 3525">
    <p class='ocr_par' dir='ltr' id='par_1_83' title="bbox 2065 3434 3814 3525">
     <span class='ocr_line' id='line_1_83' title="bbox 2065 3434 3814 3525; baseline 0 -32"><span class='ocrx_word' id='word_1_638' title='bbox 2065 3453 2243 3510; x_wconf 88' lang='lat' dir='ltr'>quam</span> <span class='ocrx_word' id='word_1_639' title='bbox 2267 3436 2380 3509; x_wconf 91' lang='lat' dir='ltr'>ipsi</span> <span class='ocrx_word' id='word_1_640' title='bbox 2399 3437 2617 3509; x_wconf 90' lang='lat' dir='ltr'>quibus</span> <span class='ocrx_word' id='word_1_641' title='bbox 2639 3434 3549 3525; x_wconf 83' lang='lat' dir='ltr'>acciderunttalialoquerentur,</span> <span class='ocrx_word' id='word_1_642' title='bbox 3569 3439 3727 3493; x_wconf 88' lang='lat' dir='ltr'>etest</span> <span class='ocrx_word' id='word_1_643' title='bbox 3790 3499 3814 3525; x_wconf 41' lang='grc' dir='ltr'><strong><em>ι</em></strong></span> 
     </span>
    </p>
   </div>
   <div class='ocr_carea' id='block_1_84' title="bbox 2064 3523 3728 3599">
    <p class='ocr_par' dir='ltr' id='par_1_84' title="bbox 2064 3523 3728 3599">
     <span class='ocr_line' id='line_1_84' title="bbox 2064 3523 3728 3599; baseline 0 -17"><span class='ocrx_word' id='word_1_644' title='bbox 2064 3527 2187 3582; x_wconf 68' lang='grc' dir='ltr'>Ι)ωο</span> <span class='ocrx_word' id='word_1_645' title='bbox 2243 3525 2569 3598; x_wconf 89' lang='lat' dir='ltr'>deploratio</span> <span class='ocrx_word' id='word_1_646' title='bbox 2626 3530 2683 3581; x_wconf 89' lang='lat' dir='ltr'>et</span> <span class='ocrx_word' id='word_1_647' title='bbox 2736 3524 3092 3597; x_wconf 89' lang='lat' dir='ltr'>deprecatio,</span> <span class='ocrx_word' id='word_1_648' title='bbox 3150 3523 3539 3598; x_wconf 87' lang='lat' dir='ltr'>prophetatio,</span> <span class='ocrx_word' id='word_1_649' title='bbox 3585 3525 3728 3599; x_wconf 86' lang='lat' dir='ltr'>quia</span> 
     </span>
    </p>
   </div>
   <div class='ocr_carea' id='block_1_85' title="bbox 2064 3613 3725 3688">
    <p class='ocr_par' dir='ltr' id='par_1_85' title="bbox 2064 3613 3725 3688">
     <span class='ocr_line' id='line_1_85' title="bbox 2064 3613 3725 3688; baseline 0 -17"><span class='ocrx_word' id='word_1_650' title='bbox 2064 3614 2357 3688; x_wconf 82' lang='lat' dir='ltr'>Pmpbeta</span> <span class='ocrx_word' id='word_1_651' title='bbox 2387 3613 2651 3686; x_wconf 67' lang='lat' dir='ltr'>praevidit</span> <span class='ocrx_word' id='word_1_652' title='bbox 2679 3613 2739 3670; x_wconf 90' lang='lat' dir='ltr'>in</span> <span class='ocrx_word' id='word_1_653' title='bbox 2802 3613 3017 3686; x_wconf 88' lang='lat' dir='ltr'>spiritu</span> <span class='ocrx_word' id='word_1_654' title='bbox 3064 3613 3528 3686; x_wconf 88' lang='lat' dir='ltr'>persecutionem</span> <span class='ocrx_word' id='word_1_655' title='bbox 3558 3613 3725 3672; x_wconf 86' lang='lat' dir='ltr'>illam</span> 
     </span>
    </p>
   </div>
   <div class='ocr_carea' id='block_1_86' title="bbox 2063 3701 3723 3778">
    <p class='ocr_par' dir='ltr' id='par_1_86' title="bbox 2063 3701 3723 3778">
     <span class='ocr_line' id='line_1_86' title="bbox 2063 3701 3723 3778; baseline 0 -18"><span class='ocrx_word' id='word_1_656' title='bbox 2063 3721 2239 3778; x_wconf 90' lang='lat' dir='ltr'>quam</span> <span class='ocrx_word' id='word_1_657' title='bbox 2274 3704 2434 3777; x_wconf 86' lang='lat' dir='ltr'>passi</span> <span class='ocrx_word' id='word_1_658' title='bbox 2467 3706 2608 3760; x_wconf 89' lang='lat' dir='ltr'>sunt</span> <span class='ocrx_word' id='word_1_659' title='bbox 2635 3702 2826 3760; x_wconf 65' lang='lat' dir='ltr'>Judaei</span> <span class='ocrx_word' id='word_1_660' title='bbox 2858 3719 2893 3758; x_wconf 90' lang='lat' dir='ltr'>a</span> <span class='ocrx_word' id='word_1_661' title='bbox 2922 3702 3064 3759; x_wconf 87' lang='lat' dir='ltr'>Tito</span> <span class='ocrx_word' id='word_1_662' title='bbox 3094 3707 3150 3759; x_wconf 89' lang='lat' dir='ltr'>et</span> <span class='ocrx_word' id='word_1_663' title='bbox 3198 3701 3558 3774; x_wconf 84' lang='lat' dir='ltr'>Vespasiano</span> <span class='ocrx_word' id='word_1_664' title='bbox 3590 3707 3723 3775; x_wconf 87' lang='lat' dir='ltr'>post</span> 
     </span>
    </p>
   </div>
   <div class='ocr_carea' id='block_1_87' title="bbox 2063 3788 3722 3863">
    <p class='ocr_par' dir='ltr' id='par_1_87' title="bbox 2063 3788 3722 3863">
     <span class='ocr_line' id='line_1_87' title="bbox 2063 3788 3722 3863; baseline -0.001 -14"><span class='ocrx_word' id='word_1_665' title='bbox 2063 3793 2548 3849; x_wconf 88' lang='lat' dir='ltr'>resurrectionem</span> <span class='ocrx_word' id='word_1_666' title='bbox 2572 3791 2806 3848; x_wconf 90' lang='lat' dir='ltr'>Domini</span> <span class='ocrx_word' id='word_1_667' title='bbox 2828 3792 2966 3848; x_wconf 86' lang='lat' dir='ltr'>Jesu</span> <span class='ocrx_word' id='word_1_668' title='bbox 2981 3790 3065 3846; x_wconf 94' lang='lat' dir='ltr'>Ch</span> <span class='ocrx_word' id='word_1_669' title='bbox 3077 3789 3229 3857; x_wconf 86' lang='lat' dir='ltr'>risti,</span> <span class='ocrx_word' id='word_1_670' title='bbox 3246 3793 3304 3846; x_wconf 88' lang='lat' dir='ltr'>et</span> <span class='ocrx_word' id='word_1_671' title='bbox 3318 3788 3448 3846; x_wconf 90' lang='lat' dir='ltr'>ideo</span> <span class='ocrx_word' id='word_1_672' title='bbox 3465 3788 3722 3863; x_wconf 86' lang='lat' dir='ltr'>deplorat</span> 
     </span>
    </p>
   </div>
   <div class='ocr_carea' id='block_1_88' title="bbox 2061 3877 3723 3954">
    <p class='ocr_par' dir='ltr' id='par_1_88' title="bbox 2061 3877 3723 3954">
     <span class='ocr_line' id='line_1_88' title="bbox 2061 3877 3723 3954; baseline -0.001 -16"><span class='ocrx_word' id='word_1_673' title='bbox 2061 3899 2191 3938; x_wconf 86' lang='lat' dir='ltr'>eam</span> <span class='ocrx_word' id='word_1_674' title='bbox 2222 3882 2282 3938; x_wconf 91' lang='lat' dir='ltr'>in</span> <span class='ocrx_word' id='word_1_675' title='bbox 2312 3881 2422 3937; x_wconf 92' lang='lat' dir='ltr'>hoc</span> <span class='ocrx_word' id='word_1_676' title='bbox 2451 3880 2699 3954; x_wconf 87' lang='lat' dir='ltr'>psalmo.</span> <span class='ocrx_word' id='word_1_677' title='bbox 2736 3880 2849 3937; x_wconf 87' lang='lat' dir='ltr'>Sed</span> <span class='ocrx_word' id='word_1_678' title='bbox 2882 3882 3075 3952; x_wconf 88' lang='lat' dir='ltr'>potest</span> <span class='ocrx_word' id='word_1_679' title='bbox 3100 3877 3215 3936; x_wconf 90' lang='lat' dir='ltr'>alic</span> <span class='ocrx_word' id='word_1_680' title='bbox 3229 3877 3289 3935; x_wconf 89' lang='lat' dir='ltr'>ui</span> <span class='ocrx_word' id='word_1_681' title='bbox 3319 3878 3381 3935; x_wconf 90' lang='lat' dir='ltr'>in</span> <span class='ocrx_word' id='word_1_682' title='bbox 3408 3882 3607 3937; x_wconf 85' lang='lat' dir='ltr'>mente</span> <span class='ocrx_word' id='word_1_683' title='bbox 3626 3895 3723 3936; x_wconf 88' lang='lat' dir='ltr'>oc-</span> 
     </span>
    </p>
   </div>
   <div class='ocr_carea' id='block_1_89' title="bbox 2062 3967 3718 4042">
    <p class='ocr_par' dir='ltr' id='par_1_89' title="bbox 2062 3967 3718 4042">
     <span class='ocr_line' id='line_1_89' title="bbox 2062 3967 3718 4042; baseline -0.001 -14"><span class='ocrx_word' id='word_1_684' title='bbox 2062 3987 2318 4041; x_wconf 88' lang='lat' dir='ltr'>currere,</span> <span class='ocrx_word' id='word_1_685' title='bbox 2379 3971 2533 4042; x_wconf 87' lang='lat' dir='ltr'>quod</span> <span class='ocrx_word' id='word_1_686' title='bbox 2594 3968 2848 4042; x_wconf 91' lang='lat' dir='ltr'>populus</span> <span class='ocrx_word' id='word_1_687' title='bbox 2906 3967 3004 4024; x_wconf 90' lang='lat' dir='ltr'>ille</span> <span class='ocrx_word' id='word_1_688' title='bbox 3063 3985 3180 4026; x_wconf 91' lang='lat' dir='ltr'>non</span> <span class='ocrx_word' id='word_1_689' title='bbox 3220 3972 3377 4026; x_wconf 88' lang='lat' dir='ltr'>esset</span> <span class='ocrx_word' id='word_1_690' title='bbox 3405 3967 3718 4026; x_wconf 68' lang='lat' dir='ltr'>hereditas</span> 
     </span>
    </p>
   </div>
   <div class='ocr_carea' id='block_1_90' title="bbox 2061 4056 3714 4132">
    <p class='ocr_par' dir='ltr' id='par_1_90' title="bbox 2061 4056 3714 4132">
     <span class='ocr_line' id='line_1_90' title="bbox 2061 4056 3714 4132; baseline 0.001 -18"><span class='ocrx_word' id='word_1_691' title='bbox 2061 4057 2273 4114; x_wconf 77' lang='lat' dir='ltr'>Christi</span> <span class='ocrx_word' id='word_1_692' title='bbox 2299 4074 2365 4113; x_wconf 89' lang='lat' dir='ltr'>eo</span> <span class='ocrx_word' id='word_1_693' title='bbox 2398 4063 2661 4129; x_wconf 89' lang='lat' dir='ltr'>tempore</span> <span class='ocrx_word' id='word_1_694' title='bbox 2689 4073 2806 4130; x_wconf 90' lang='lat' dir='ltr'>quo</span> <span class='ocrx_word' id='word_1_695' title='bbox 2866 4056 2988 4113; x_wconf 64' lang='lat' dir='ltr'>hac</span> <span class='ocrx_word' id='word_1_696' title='bbox 3009 4058 3163 4114; x_wconf 85' lang='lat' dir='ltr'>facta</span> <span class='ocrx_word' id='word_1_697' title='bbox 3209 4061 3369 4130; x_wconf 91' lang='lat' dir='ltr'>sunt,</span> <span class='ocrx_word' id='word_1_698' title='bbox 3402 4058 3545 4132; x_wconf 89' lang='lat' dir='ltr'>quia</span> <span class='ocrx_word' id='word_1_699' title='bbox 3575 4074 3714 4115; x_wconf 91' lang='lat' dir='ltr'>cum</span> 
     </span>
    </p>
   </div>
   <div class='ocr_carea' id='block_1_91' title="bbox 2065 4144 3726 4219">
    <p class='ocr_par' dir='ltr' id='par_1_91' title="bbox 2065 4144 3726 4219">
     <span class='ocr_line' id='line_1_91' title="bbox 2065 4144 3726 4219; baseline 0 -15"><span class='ocrx_word' id='word_1_700' title='bbox 2065 4147 2239 4204; x_wconf 86' lang='lat' dir='ltr'>morti</span> <span class='ocrx_word' id='word_1_701' title='bbox 2270 4144 2513 4202; x_wconf 84' lang='lat' dir='ltr'>tradidit</span> <span class='ocrx_word' id='word_1_702' title='bbox 2539 4149 2597 4201; x_wconf 89' lang='lat' dir='ltr'>et</span> <span class='ocrx_word' id='word_1_703' title='bbox 2623 4147 2953 4219; x_wconf 89' lang='lat' dir='ltr'>resurgenti</span> <span class='ocrx_word' id='word_1_704' title='bbox 2981 4164 3101 4204; x_wconf 91' lang='lat' dir='ltr'>non</span> <span class='ocrx_word' id='word_1_705' title='bbox 3124 4146 3390 4216; x_wconf 88' lang='lat' dir='ltr'>credidit,</span> <span class='ocrx_word' id='word_1_706' title='bbox 3414 4146 3562 4205; x_wconf 89' lang='lat' dir='ltr'>alios</span> <span class='ocrx_word' id='word_1_707' title='bbox 3583 4164 3726 4205; x_wconf 89' lang='lat' dir='ltr'>san-</span> 
     </span>
    </p>
   </div>
   <div class='ocr_carea' id='block_1_92' title="bbox 2065 4236 3721 4310">
    <p class='ocr_par' dir='ltr' id='par_1_92' title="bbox 2065 4236 3721 4310">
     <span class='ocr_line' id='line_1_92' title="bbox 2065 4236 3721 4310; baseline 0 -19"><span class='ocrx_word' id='word_1_708' title='bbox 2065 4240 2191 4291; x_wconf 89' lang='lat' dir='ltr'>ctos</span> <span class='ocrx_word' id='word_1_709' title='bbox 2238 4239 2526 4307; x_wconf 70' lang='lat' dir='ltr'>martyres</span> <span class='ocrx_word' id='word_1_710' title='bbox 2573 4252 2714 4292; x_wconf 89' lang='lat' dir='ltr'>suos</span> <span class='ocrx_word' id='word_1_711' title='bbox 2758 4236 3068 4293; x_wconf 83' lang='lat' dir='ltr'>interfecit.</span> <span class='ocrx_word' id='word_1_712' title='bbox 3121 4236 3237 4293; x_wconf 88' lang='lat' dir='ltr'>Sed</span> <span class='ocrx_word' id='word_1_713' title='bbox 3286 4236 3567 4310; x_wconf 88' lang='lat' dir='ltr'>quoniam</span> <span class='ocrx_word' id='word_1_714' title='bbox 3601 4241 3721 4292; x_wconf 85' lang='lat' dir='ltr'>non</span> 
     </span>
    </p>
   </div>
   <div class='ocr_carea' id='block_1_93' title="bbox 2065 4322 3725 4397">
    <p class='ocr_par' dir='ltr' id='par_1_93' title="bbox 2065 4322 3725 4397">
     <span class='ocr_line' id='line_1_93' title="bbox 2065 4322 3725 4397; baseline 0.001 -18"><span class='ocrx_word' id='word_1_715' title='bbox 2065 4324 2455 4380; x_wconf 81' lang='lat' dir='ltr'>defueruntin</span> <span class='ocrx_word' id='word_1_716' title='bbox 2477 4322 2692 4396; x_wconf 90' lang='lat' dir='ltr'>populo</span> <span class='ocrx_word' id='word_1_717' title='bbox 2714 4323 2798 4379; x_wconf 90' lang='lat' dir='ltr'>illi</span> <span class='ocrx_word' id='word_1_718' title='bbox 2835 4323 2937 4396; x_wconf 92' lang='lat' dir='ltr'>qui</span> <span class='ocrx_word' id='word_1_719' title='bbox 2976 4324 3287 4397; x_wconf 89' lang='lat' dir='ltr'>reputandi</span> <span class='ocrx_word' id='word_1_720' title='bbox 3319 4327 3520 4380; x_wconf 86' lang='lat' dir='ltr'>essent</span> <span class='ocrx_word' id='word_1_721' title='bbox 3540 4323 3602 4378; x_wconf 91' lang='lat' dir='ltr'>in</span> <span class='ocrx_word' id='word_1_722' title='bbox 3634 4338 3725 4380; x_wconf 86' lang='lat' dir='ltr'>se-</span> 
     </span>
    </p>
   </div>
   <div class='ocr_carea' id='block_1_94' title="bbox 2067 4409 3725 4485">
    <p class='ocr_par' dir='ltr' id='par_1_94' title="bbox 2067 4409 3725 4485">
     <span class='ocr_line' id='line_1_94' title="bbox 2067 4409 3725 4485; baseline 0 -17"><span class='ocrx_word' id='word_1_723' title='bbox 2067 4412 2245 4477; x_wconf 89' lang='lat' dir='ltr'>mine,</span> <span class='ocrx_word' id='word_1_724' title='bbox 2275 4416 2464 4484; x_wconf 85' lang='lat' dir='ltr'>potest</span> <span class='ocrx_word' id='word_1_725' title='bbox 2486 4413 2812 4468; x_wconf 89' lang='lat' dir='ltr'>secundum</span> <span class='ocrx_word' id='word_1_726' title='bbox 2835 4412 2966 4468; x_wconf 90' lang='lat' dir='ltr'>illos</span> <span class='ocrx_word' id='word_1_727' title='bbox 2988 4412 3245 4485; x_wconf 89' lang='lat' dir='ltr'>populus</span> <span class='ocrx_word' id='word_1_728' title='bbox 3267 4410 3581 4467; x_wconf 64' lang='lat' dir='ltr'>hereditas</span> <span class='ocrx_word' id='word_1_729' title='bbox 3608 4409 3725 4468; x_wconf 88' lang='lat' dir='ltr'>Dc-</span> 
     </span>
    </p>
   </div>
   <div class='ocr_carea' id='block_1_95' title="bbox 2066 4498 3726 4572">
    <p class='ocr_par' dir='ltr' id='par_1_95' title="bbox 2066 4498 3726 4572">
     <span class='ocr_line' id='line_1_95' title="bbox 2066 4498 3726 4572; baseline -0.002 -14"><span class='ocrx_word' id='word_1_730' title='bbox 2066 4502 2211 4558; x_wconf 90' lang='lat' dir='ltr'>mini</span> <span class='ocrx_word' id='word_1_731' title='bbox 2236 4501 2368 4556; x_wconf 91' lang='lat' dir='ltr'>dici.</span> <span class='ocrx_word' id='word_1_732' title='bbox 2394 4501 2539 4555; x_wconf 87' lang='lat' dir='ltr'>Hinc</span> <span class='ocrx_word' id='word_1_733' title='bbox 2560 4502 2718 4556; x_wconf 89' lang='lat' dir='ltr'>enim</span> <span class='ocrx_word' id='word_1_734' title='bbox 2756 4499 2864 4555; x_wconf 80' lang='lat' dir='ltr'>fuit</span> <span class='ocrx_word' id='word_1_735' title='bbox 2898 4500 3119 4572; x_wconf 88' lang='lat' dir='ltr'>Joseph</span> <span class='ocrx_word' id='word_1_736' title='bbox 3163 4499 3450 4555; x_wconf 88' lang='lat' dir='ltr'>nutritius</span> <span class='ocrx_word' id='word_1_737' title='bbox 3468 4498 3726 4569; x_wconf 88' lang='lat' dir='ltr'>Domini,</span> 
     </span>
    </p>
   </div>
   <div class='ocr_carea' id='block_1_96' title="bbox 304 4581 3727 4663">
    <p class='ocr_par' dir='ltr' id='par_1_96' title="bbox 304 4581 3727 4663">
     <span class='ocr_line' id='line_1_96' title="bbox 304 4581 3727 4663; baseline 0.002 -25"><span class='ocrx_word' id='word_1_738' title='bbox 304 4610 334 4639; x_wconf 77' lang='grc' dir='ltr'>«ι</span> <span class='ocrx_word' id='word_1_739' title='bbox 369 4605 433 4644; x_wconf 91' lang='lat' dir='ltr'>ru</span> <span class='ocrx_word' id='word_1_740' title='bbox 448 4589 624 4645; x_wconf 56' lang='lat' dir='ltr'>salem</span> <span class='ocrx_word' id='word_1_741' title='bbox 653 4590 713 4645; x_wconf 90' lang='lat' dir='ltr'>in</span> <span class='ocrx_word' id='word_1_742' title='bbox 746 4608 1055 4662; x_wconf 89' lang='lat' dir='ltr'>pomorum</span> <span class='ocrx_word' id='word_1_743' title='bbox 1086 4590 1433 4647; x_wconf 88' lang='lat' dir='ltr'>custodiam.</span> <span class='ocrx_word' id='word_1_744' title='bbox 1455 4590 1776 4647; x_wconf 87' lang='lat' dir='ltr'>Posuerunt</span> <span class='ocrx_word' id='word_1_745' title='bbox 1800 4609 1955 4647; x_wconf 86' lang='lat' dir='ltr'>mor-</span> <span class='ocrx_word' id='word_1_746' title='bbox 1987 4581 2034 4646; x_wconf 83' lang='grc' dir='ltr'>Ι)</span> <span class='ocrx_word' id='word_1_747' title='bbox 2062 4591 2202 4647; x_wconf 88' lang='lat' dir='ltr'>hinc</span> <span class='ocrx_word' id='word_1_748' title='bbox 2229 4590 2355 4663; x_wconf 89' lang='lat' dir='ltr'>ipsa</span> <span class='ocrx_word' id='word_1_749' title='bbox 2375 4588 2717 4645; x_wconf 85' lang='lat' dir='ltr'>beatissima</span> <span class='ocrx_word' id='word_1_750' title='bbox 2746 4589 2923 4661; x_wconf 87' lang='lat' dir='ltr'>Virgo</span> <span class='ocrx_word' id='word_1_751' title='bbox 2966 4587 3169 4658; x_wconf 87' lang='lat' dir='ltr'>Maria,</span> <span class='ocrx_word' id='word_1_752' title='bbox 3205 4588 3345 4645; x_wconf 89' lang='lat' dir='ltr'>hinc</span> <span class='ocrx_word' id='word_1_753' title='bbox 3377 4587 3504 4662; x_wconf 88' lang='lat' dir='ltr'>ipse</span> <span class='ocrx_word' id='word_1_754' title='bbox 3525 4588 3727 4646; x_wconf 84' lang='lat' dir='ltr'>Domi-</span> 
     </span>
    </p>
   </div>
   <div class='ocr_carea' id='block_1_97' title="bbox 303 4678 1960 4749">
    <p class='ocr_par' dir='ltr' id='par_1_97' title="bbox 303 4678 1960 4749">
     <span class='ocr_line' id='line_1_97' title="bbox 303 4678 1960 4749; baseline 0.004 -20"><span class='ocrx_word' id='word_1_755' title='bbox 303 4699 333 4729; x_wconf 78' lang='grc' dir='ltr'><strong>α</strong></span> <span class='ocrx_word' id='word_1_756' title='bbox 370 4678 552 4734; x_wconf 78' lang='lat' dir='ltr'>ticius.</span> <span class='ocrx_word' id='word_1_757' title='bbox 581 4694 885 4735; x_wconf 87' lang='lat' dir='ltr'>servorum</span> <span class='ocrx_word' id='word_1_758' title='bbox 926 4685 1166 4736; x_wconf 87' lang='lat' dir='ltr'>tuorum</span> <span class='ocrx_word' id='word_1_759' title='bbox 1215 4696 1380 4735; x_wconf 88' lang='lat' dir='ltr'>escas</span> <span class='ocrx_word' id='word_1_760' title='bbox 1428 4680 1763 4736; x_wconf 88' lang='lat' dir='ltr'>volatilibus</span> <span class='ocrx_word' id='word_1_761' title='bbox 1811 4680 1960 4749; x_wconf 79' lang='lat' dir='ltr'>coeli,</span> 
     </span>
    </p>
   </div>
   <div class='ocr_carea' id='block_1_98' title="bbox 300 4768 1965 4825">
    <p class='ocr_par' dir='ltr' id='par_1_98' title="bbox 300 4768 1965 4825">
     <span class='ocr_line' id='line_1_98' title="bbox 300 4768 1965 4825; baseline 0.004 -7"><span class='ocrx_word' id='word_1_762' title='bbox 300 4790 332 4818; x_wconf 69' lang='grc' dir='ltr'>ε(</span> <span class='ocrx_word' id='word_1_763' title='bbox 369 4782 575 4824; x_wconf 85' lang='lat' dir='ltr'>carnes</span> <span class='ocrx_word' id='word_1_764' title='bbox 604 4772 943 4824; x_wconf 86' lang='lat' dir='ltr'>sanctorum</span> <span class='ocrx_word' id='word_1_765' title='bbox 984 4774 1225 4824; x_wconf 89' lang='lat' dir='ltr'>tuorum</span> <span class='ocrx_word' id='word_1_766' title='bbox 1276 4768 1479 4824; x_wconf 89' lang='lat' dir='ltr'>bestiis</span> <span class='ocrx_word' id='word_1_767' title='bbox 1513 4774 1702 4824; x_wconf 56' lang='lat' dir='ltr'>terra».</span> <span class='ocrx_word' id='word_1_768' title='bbox 1738 4770 1965 4825; x_wconf 75' lang='lat' dir='ltr'>Effude-</span> 
     </span>
    </p>
   </div>
   <div class='ocr_carea' id='block_1_99' title="bbox 317 4857 1972 4930">
    <p class='ocr_par' dir='ltr' id='par_1_99' title="bbox 317 4857 1972 4930">
     <span class='ocr_line' id='line_1_99' title="bbox 317 4857 1972 4930; baseline 0.005 -24"><span class='ocrx_word' id='word_1_769' title='bbox 317 4878 348 4906; x_wconf 87' lang='grc'>‹‹</span> <span class='ocrx_word' id='word_1_770' title='bbox 383 4863 522 4911; x_wconf 90' lang='lat' dir='ltr'>runt</span> <span class='ocrx_word' id='word_1_771' title='bbox 541 4857 889 4930; x_wconf 87' lang='lat' dir='ltr'>sanguinem</span> <span class='ocrx_word' id='word_1_772' title='bbox 912 4874 1112 4913; x_wconf 90' lang='lat' dir='ltr'>eorum</span> <span class='ocrx_word' id='word_1_773' title='bbox 1128 4862 1411 4929; x_wconf 88' lang='lat' dir='ltr'>tanquam</span> <span class='ocrx_word' id='word_1_774' title='bbox 1425 4874 1634 4930; x_wconf 84' lang='lat' dir='ltr'>aquam</span> <span class='ocrx_word' id='word_1_775' title='bbox 1652 4859 1709 4913; x_wconf 90' lang='lat' dir='ltr'>in</span> <span class='ocrx_word' id='word_1_776' title='bbox 1723 4859 1972 4914; x_wconf 87' lang='lat' dir='ltr'>circuitu</span> 
     </span>
    </p>
   </div>
   <div class='ocr_carea' id='block_1_100' title="bbox 307 4945 1974 5019">
    <p class='ocr_par' dir='ltr' id='par_1_100' title="bbox 307 4945 1974 5019">
     <span class='ocr_line' id='line_1_100' title="bbox 307 4945 1974 5019; baseline 0.003 -23"><span class='ocrx_word' id='word_1_777' title='bbox 307 4967 339 4996; x_wconf 71' lang='grc' dir='ltr'><strong>ι(</strong></span> <span class='ocrx_word' id='word_1_778' title='bbox 377 4945 742 5012; x_wconf 81' lang='lat' dir='ltr'>Jerusalem,</span> <span class='ocrx_word' id='word_1_779' title='bbox 765 4950 823 5001; x_wconf 93' lang='lat' dir='ltr'>et</span> <span class='ocrx_word' id='word_1_780' title='bbox 850 4963 963 5001; x_wconf 89' lang='lat' dir='ltr'>non</span> <span class='ocrx_word' id='word_1_781' title='bbox 987 4950 1112 5002; x_wconf 86' lang='lat' dir='ltr'>erat</span> <span class='ocrx_word' id='word_1_782' title='bbox 1132 4947 1231 5018; x_wconf 90' lang='lat' dir='ltr'>qui</span> <span class='ocrx_word' id='word_1_783' title='bbox 1255 4946 1544 5019; x_wconf 87' lang='lat' dir='ltr'>sepeliret.</span> <span class='ocrx_word' id='word_1_784' title='bbox 1574 4948 1727 5001; x_wconf 88' lang='lat' dir='ltr'>Facti</span> <span class='ocrx_word' id='word_1_785' title='bbox 1765 4963 1974 5001; x_wconf 83' lang='lat' dir='ltr'>sumus</span> 
     </span>
    </p>
   </div>
   <div class='ocr_carea' id='block_1_101' title="bbox 316 5033 1972 5105">
    <p class='ocr_par' dir='ltr' id='par_1_101' title="bbox 316 5033 1972 5105">
     <span class='ocr_line' id='line_1_101' title="bbox 316 5033 1972 5105; baseline 0.002 -17"><span class='ocrx_word' id='word_1_786' title='bbox 316 5054 347 5083; x_wconf 70' lang='grc' dir='ltr'>τι</span> <span class='ocrx_word' id='word_1_787' title='bbox 386 5033 768 5104; x_wconf 69' lang='lat' dir='ltr'>opprobrium</span> <span class='ocrx_word' id='word_1_788' title='bbox 791 5034 995 5090; x_wconf 88' lang='lat' dir='ltr'>vicinis</span> <span class='ocrx_word' id='word_1_789' title='bbox 1019 5036 1255 5105; x_wconf 88' lang='lat' dir='ltr'>nostris,</span> <span class='ocrx_word' id='word_1_790' title='bbox 1280 5034 1663 5091; x_wconf 85' lang='lat' dir='ltr'>subsannatio</span> <span class='ocrx_word' id='word_1_791' title='bbox 1684 5040 1741 5090; x_wconf 88' lang='lat' dir='ltr'>et</span> <span class='ocrx_word' id='word_1_792' title='bbox 1775 5034 1972 5091; x_wconf 89' lang='lat' dir='ltr'>illusio</span> 
     </span>
    </p>
   </div>
   <div class='ocr_carea' id='block_1_102' title="bbox 316 5120 1971 5195">
    <p class='ocr_par' dir='ltr' id='par_1_102' title="bbox 316 5120 1971 5195">
     <span class='ocr_line' id='line_1_102' title="bbox 316 5120 1971 5195; baseline 0.003 -23"><span class='ocrx_word' id='word_1_793' title='bbox 316 5140 341 5170; x_wconf 78' lang='grc' dir='ltr'>ι</span> <span class='ocrx_word' id='word_1_794' title='bbox 378 5121 473 5175; x_wconf 85' lang='lat' dir='ltr'>his</span> <span class='ocrx_word' id='word_1_795' title='bbox 495 5120 595 5193; x_wconf 88' lang='lat' dir='ltr'>qui</span> <span class='ocrx_word' id='word_1_796' title='bbox 618 5121 677 5177; x_wconf 89' lang='lat' dir='ltr'>in</span> <span class='ocrx_word' id='word_1_797' title='bbox 697 5123 946 5179; x_wconf 90' lang='lat' dir='ltr'>circuitu</span> <span class='ocrx_word' id='word_1_798' title='bbox 962 5130 1160 5180; x_wconf 87' lang='lat' dir='ltr'>nostro</span> <span class='ocrx_word' id='word_1_799' title='bbox 1175 5128 1332 5178; x_wconf 90' lang='lat' dir='ltr'>sunt.</span> <span class='ocrx_word' id='word_1_800' title='bbox 1350 5123 1687 5195; x_wconf 82' lang='lat' dir='ltr'>Usquequo,</span> <span class='ocrx_word' id='word_1_801' title='bbox 1709 5124 1971 5179; x_wconf 88' lang='lat' dir='ltr'>Domine.</span> 
     </span>
    </p>
   </div>
   <div class='ocr_carea' id='block_1_103' title="bbox 308 5209 1975 5285">
    <p class='ocr_par' dir='ltr' id='par_1_103' title="bbox 308 5209 1975 5285">
     <span class='ocr_line' id='line_1_103' title="bbox 308 5209 1975 5285; baseline 0.004 -25"><span class='ocrx_word' id='word_1_802' title='bbox 308 5233 340 5260; x_wconf 85' lang='grc'><strong>‹‹</strong></span> <span class='ocrx_word' id='word_1_803' title='bbox 365 5209 640 5266; x_wconf 85' lang='lat' dir='ltr'>irasceris</span> <span class='ocrx_word' id='word_1_804' title='bbox 655 5211 711 5266; x_wconf 90' lang='lat' dir='ltr'>in</span> <span class='ocrx_word' id='word_1_805' title='bbox 730 5213 1150 5280; x_wconf 79' lang='lat' dir='ltr'>ﬁnem,accend</span> <span class='ocrx_word' id='word_1_806' title='bbox 1162 5212 1455 5268; x_wconf 84' lang='lat' dir='ltr'>eturvelut</span> <span class='ocrx_word' id='word_1_807' title='bbox 1472 5214 1625 5285; x_wconf 90' lang='lat' dir='ltr'>ignis</span> <span class='ocrx_word' id='word_1_808' title='bbox 1638 5212 1975 5270; x_wconf 81' lang='lat' dir='ltr'>zelustuus?</span> 
     </span>
    </p>
   </div>
   <div class='ocr_carea' id='block_1_104' title="bbox 309 5298 1970 5375">
    <p class='ocr_par' dir='ltr' id='par_1_104' title="bbox 309 5298 1970 5375">
     <span class='ocr_line' id='line_1_104' title="bbox 309 5298 1970 5375; baseline 0.004 -24"><span class='ocrx_word' id='word_1_809' title='bbox 309 5321 342 5351; x_wconf 76' lang='grc' dir='ltr'>«ι</span> <span class='ocrx_word' id='word_1_810' title='bbox 378 5298 787 5357; x_wconf 81' lang='lat' dir='ltr'>Etl‘undeiram</span> <span class='ocrx_word' id='word_1_811' title='bbox 812 5307 973 5358; x_wconf 89' lang='lat' dir='ltr'>tuam</span> <span class='ocrx_word' id='word_1_812' title='bbox 997 5302 1057 5357; x_wconf 89' lang='lat' dir='ltr'>in</span> <span class='ocrx_word' id='word_1_813' title='bbox 1078 5306 1281 5375; x_wconf 89' lang='lat' dir='ltr'>gentes</span> <span class='ocrx_word' id='word_1_814' title='bbox 1302 5306 1645 5373; x_wconf 65' lang='lat' dir='ltr'>quiete-non</span> <span class='ocrx_word' id='word_1_815' title='bbox 1665 5307 1970 5369; x_wconf 89' lang='lat' dir='ltr'>noverunt,</span> 
     </span>
    </p>
   </div>
   <div class='ocr_carea' id='block_1_105' title="bbox 313 5387 1970 5463">
    <p class='ocr_par' dir='ltr' id='par_1_105' title="bbox 313 5387 1970 5463">
     <span class='ocr_line' id='line_1_105' title="bbox 313 5387 1970 5463; baseline 0.005 -25"><span class='ocrx_word' id='word_1_816' title='bbox 313 5409 345 5439; x_wconf 78' lang='grc' dir='ltr'><strong><em>ιι</em></strong></span> <span class='ocrx_word' id='word_1_817' title='bbox 378 5391 435 5443; x_wconf 90' lang='lat' dir='ltr'>et</span> <span class='ocrx_word' id='word_1_818' title='bbox 467 5387 525 5441; x_wconf 91' lang='lat' dir='ltr'>in</span> <span class='ocrx_word' id='word_1_819' title='bbox 558 5404 736 5460; x_wconf 87' lang='lat' dir='ltr'>regna</span> <span class='ocrx_word' id='word_1_820' title='bbox 761 5408 888 5463; x_wconf 60' lang='lat' dir='ltr'>quae</span> <span class='ocrx_word' id='word_1_821' title='bbox 921 5407 1141 5462; x_wconf 82' lang='lat' dir='ltr'>nomen</span> <span class='ocrx_word' id='word_1_822' title='bbox 1172 5396 1341 5449; x_wconf 84' lang='lat' dir='ltr'>tuum</span> <span class='ocrx_word' id='word_1_823' title='bbox 1385 5405 1503 5444; x_wconf 90' lang='lat' dir='ltr'>non</span> <span class='ocrx_word' id='word_1_824' title='bbox 1536 5389 1970 5447; x_wconf 86' lang='lat' dir='ltr'>invocaverunt.</span> 
     </span>
    </p>
   </div>
   <div class='ocr_carea' id='block_1_106' title="bbox 310 5475 1970 5548">
    <p class='ocr_par' dir='ltr' id='par_1_106' title="bbox 310 5475 1970 5548">
     <span class='ocr_line' id='line_1_106' title="bbox 310 5475 1970 5548; baseline 0.005 -20"><span class='ocrx_word' id='word_1_825' title='bbox 310 5500 342 5528; x_wconf 75' lang='grc' dir='ltr'><strong><em>κ</em></strong></span> <span class='ocrx_word' id='word_1_826' title='bbox 377 5475 523 5543; x_wconf 84' lang='lat' dir='ltr'>Quia</span> <span class='ocrx_word' id='word_1_827' title='bbox 538 5479 1184 5547; x_wconf 85' lang='lat' dir='ltr'>comederuntJacob,et</span> <span class='ocrx_word' id='word_1_828' title='bbox 1199 5477 1388 5533; x_wconf 89' lang='lat' dir='ltr'>locum</span> <span class='ocrx_word' id='word_1_829' title='bbox 1404 5478 1531 5548; x_wconf 85' lang='lat' dir='ltr'>ejus</span> <span class='ocrx_word' id='word_1_830' title='bbox 1545 5478 1970 5536; x_wconf 89' lang='lat' dir='ltr'>desolaverunt.</span> 
     </span>
    </p>
   </div>
   <div class='ocr_carea' id='block_1_107' title="bbox 309 5565 1969 5649">
    <p class='ocr_par' dir='ltr' id='par_1_107' title="bbox 309 5565 1969 5649">
     <span class='ocr_line' id='line_1_107' title="bbox 309 5565 1969 5649; baseline 0.004 -31"><span class='ocrx_word' id='word_1_831' title='bbox 309 5589 341 5618; x_wconf 73' lang='grc' dir='ltr'>«ς</span> <span class='ocrx_word' id='word_1_832' title='bbox 368 5565 451 5622; x_wconf 90' lang='lat' dir='ltr'>Ne</span> <span class='ocrx_word' id='word_1_833' title='bbox 466 5567 807 5625; x_wconf 84' lang='lat' dir='ltr'>memineris</span> <span class='ocrx_word' id='word_1_834' title='bbox 822 5567 1201 5640; x_wconf 80' lang='lat' dir='ltr'>iniquitatum</span> <span class='ocrx_word' id='word_1_835' title='bbox 1217 5572 1553 5622; x_wconf 89' lang='lat' dir='ltr'>nostrarum</span> <span class='ocrx_word' id='word_1_836' title='bbox 1571 5567 1969 5649; x_wconf 74' lang='lat' dir='ltr'>antiquarum,</span> 
     </span>
    </p>
   </div>
   <div class='ocr_carea' id='block_1_108' title="bbox 319 5654 1973 5730">
    <p class='ocr_par' dir='ltr' id='par_1_108' title="bbox 319 5654 1973 5730">
     <span class='ocr_line' id='line_1_108' title="bbox 319 5654 1973 5730; baseline 0.006 -24"><span class='ocrx_word' id='word_1_837' title='bbox 319 5673 345 5706; x_wconf 79' lang='grc' dir='ltr'>ι</span> <span class='ocrx_word' id='word_1_838' title='bbox 382 5654 496 5711; x_wconf 89' lang='lat' dir='ltr'>cito</span> <span class='ocrx_word' id='word_1_839' title='bbox 514 5656 833 5729; x_wconf 89' lang='lat' dir='ltr'>anticipent</span> <span class='ocrx_word' id='word_1_840' title='bbox 845 5673 952 5715; x_wconf 88' lang='lat' dir='ltr'>nos</span> <span class='ocrx_word' id='word_1_841' title='bbox 967 5655 1379 5714; x_wconf 64' lang='lat' dir='ltr'>misericordiae</span> <span class='ocrx_word' id='word_1_842' title='bbox 1396 5654 1973 5730; x_wconf 83' lang='lat' dir='ltr'>tuae,quiapauperes</span> 
     </span>
    </p>
   </div>
   <div class='ocr_carea' id='block_1_109' title="bbox 2080 4677 3730 4752">
    <p class='ocr_par' dir='ltr' id='par_1_109' title="bbox 2080 4677 3730 4752">
     <span class='ocr_line' id='line_1_109' title="bbox 2080 4677 3730 4752; baseline -0.001 -15"><span class='ocrx_word' id='word_1_843' title='bbox 2080 4697 2214 4752; x_wconf 88' lang='lat' dir='ltr'>nus,</span> <span class='ocrx_word' id='word_1_844' title='bbox 2249 4679 2383 4735; x_wconf 90' lang='lat' dir='ltr'>hinc</span> <span class='ocrx_word' id='word_1_845' title='bbox 2411 4678 2644 4735; x_wconf 88' lang='lat' dir='ltr'>Simeon</span> <span class='ocrx_word' id='word_1_846' title='bbox 2687 4679 2910 4750; x_wconf 88' lang='lat' dir='ltr'>justus,</span> <span class='ocrx_word' id='word_1_847' title='bbox 2969 4681 3026 4734; x_wconf 92' lang='lat' dir='ltr'>et</span> <span class='ocrx_word' id='word_1_848' title='bbox 3077 4679 3247 4734; x_wconf 83' lang='lat' dir='ltr'>Anna</span> <span class='ocrx_word' id='word_1_849' title='bbox 3274 4678 3469 4748; x_wconf 88' lang='lat' dir='ltr'>vidua,</span> <span class='ocrx_word' id='word_1_850' title='bbox 3502 4677 3641 4736; x_wconf 88' lang='lat' dir='ltr'>hinc</span> <span class='ocrx_word' id='word_1_851' title='bbox 3670 4680 3730 4736; x_wconf 86' lang='lat' dir='ltr'>et</span> 
     </span>
    </p>
   </div>
   <div class='ocr_carea' id='block_1_110' title="bbox 2079 4766 3727 4841">
    <p class='ocr_par' dir='ltr' id='par_1_110' title="bbox 2079 4766 3727 4841">
     <span class='ocr_line' id='line_1_110' title="bbox 2079 4766 3727 4841; baseline 0.001 -17"><span class='ocrx_word' id='word_1_852' title='bbox 2079 4768 2228 4824; x_wconf 85' lang='lat' dir='ltr'>alius</span> <span class='ocrx_word' id='word_1_853' title='bbox 2248 4768 2488 4841; x_wconf 85' lang='lat' dir='ltr'>Joseph,</span> <span class='ocrx_word' id='word_1_854' title='bbox 2514 4766 2652 4841; x_wconf 87' lang='lat' dir='ltr'>quia</span> <span class='ocrx_word' id='word_1_855' title='bbox 2674 4770 2732 4822; x_wconf 90' lang='lat' dir='ltr'>et</span> <span class='ocrx_word' id='word_1_856' title='bbox 2750 4766 2876 4840; x_wconf 90' lang='lat' dir='ltr'>ipse</span> <span class='ocrx_word' id='word_1_857' title='bbox 2896 4766 3251 4840; x_wconf 81' lang='lat' dir='ltr'>exspectavit</span> <span class='ocrx_word' id='word_1_858' title='bbox 3265 4768 3727 4841; x_wconf 87' lang='lat' dir='ltr'>redemptionem</span> 
     </span>
    </p>
   </div>
   <div class='ocr_carea' id='block_1_111' title="bbox 2083 4856 3730 4930">
    <p class='ocr_par' dir='ltr' id='par_1_111' title="bbox 2083 4856 3730 4930">
     <span class='ocr_line' id='line_1_111' title="bbox 2083 4856 3730 4930; baseline -0.001 -17"><span class='ocrx_word' id='word_1_859' title='bbox 2083 4857 2260 4913; x_wconf 88' lang='lat' dir='ltr'>Israel</span> <span class='ocrx_word' id='word_1_860' title='bbox 2291 4875 2303 4913; x_wconf 91' lang='lat'>:</span> <span class='ocrx_word' id='word_1_861' title='bbox 2329 4857 2467 4913; x_wconf 88' lang='lat' dir='ltr'>hinc</span> <span class='ocrx_word' id='word_1_862' title='bbox 2490 4858 2695 4913; x_wconf 88' lang='lat' dir='ltr'>beatus</span> <span class='ocrx_word' id='word_1_863' title='bbox 2740 4856 2994 4913; x_wconf 84' lang='lat' dir='ltr'>Joannes</span> <span class='ocrx_word' id='word_1_864' title='bbox 3025 4859 3083 4913; x_wconf 90' lang='lat' dir='ltr'>et</span> <span class='ocrx_word' id='word_1_865' title='bbox 3121 4860 3393 4930; x_wconf 87' lang='lat' dir='ltr'>parentes</span> <span class='ocrx_word' id='word_1_866' title='bbox 3414 4859 3565 4930; x_wconf 85' lang='lat' dir='ltr'>ejus,</span> <span class='ocrx_word' id='word_1_867' title='bbox 3590 4856 3730 4913; x_wconf 85' lang='lat' dir='ltr'>hinc</span> 
     </span>
    </p>
   </div>
   <div class='ocr_carea' id='block_1_112' title="bbox 2082 4944 3731 5019">
    <p class='ocr_par' dir='ltr' id='par_1_112' title="bbox 2082 4944 3731 5019">
     <span class='ocr_line' id='line_1_112' title="bbox 2082 4944 3731 5019; baseline -0.001 -18"><span class='ocrx_word' id='word_1_868' title='bbox 2082 4948 2258 5002; x_wconf 88' lang='lat' dir='ltr'>turba</span> <span class='ocrx_word' id='word_1_869' title='bbox 2288 4945 2739 5019; x_wconf 83' lang='lat' dir='ltr'>praecedentium</span> <span class='ocrx_word' id='word_1_870' title='bbox 2771 4948 2830 5001; x_wconf 87' lang='lat' dir='ltr'>et</span> <span class='ocrx_word' id='word_1_871' title='bbox 2868 4944 3357 5019; x_wconf 89' lang='lat' dir='ltr'>subsequentium</span> <span class='ocrx_word' id='word_1_872' title='bbox 3391 4944 3731 5015; x_wconf 89' lang='lat' dir='ltr'>Dominum,</span> 
     </span>
    </p>
   </div>
   <div class='ocr_carea' id='block_1_113' title="bbox 2082 5031 3730 5108">
    <p class='ocr_par' dir='ltr' id='par_1_113' title="bbox 2082 5031 3730 5108">
     <span class='ocr_line' id='line_1_113' title="bbox 2082 5031 3730 5108; baseline 0 -19"><span class='ocrx_word' id='word_1_873' title='bbox 2082 5034 2221 5092; x_wconf 89' lang='lat' dir='ltr'>hinc</span> <span class='ocrx_word' id='word_1_874' title='bbox 2252 5036 2414 5108; x_wconf 89' lang='lat' dir='ltr'>pueri</span> <span class='ocrx_word' id='word_1_875' title='bbox 2448 5034 2529 5089; x_wconf 92' lang='lat' dir='ltr'>illi</span> <span class='ocrx_word' id='word_1_876' title='bbox 2576 5033 2674 5105; x_wconf 91' lang='lat' dir='ltr'>qui</span> <span class='ocrx_word' id='word_1_877' title='bbox 2723 5032 2783 5088; x_wconf 89' lang='lat' dir='ltr'>in</span> <span class='ocrx_word' id='word_1_878' title='bbox 2825 5033 3057 5090; x_wconf 87' lang='lat' dir='ltr'>laudem</span> <span class='ocrx_word' id='word_1_879' title='bbox 3096 5033 3330 5091; x_wconf 90' lang='lat' dir='ltr'>Domini</span> <span class='ocrx_word' id='word_1_880' title='bbox 3360 5031 3730 5090; x_wconf 69' lang='lat' dir='ltr'>clamabant”:</span> 
     </span>
    </p>
   </div>
   <div class='ocr_carea' id='block_1_114' title="bbox 2089 5122 3737 5194">
    <p class='ocr_par' dir='ltr' id='par_1_114' title="bbox 2089 5122 3737 5194">
     <span class='ocr_line' id='line_1_114' title="bbox 2089 5122 3737 5194; baseline -0.001 -14"><span class='ocrx_word' id='word_1_881' title='bbox 2089 5126 2369 5192; x_wconf 78' lang='lat' dir='ltr'>Hosanna,</span> <span class='ocrx_word' id='word_1_882' title='bbox 2427 5122 2740 5179; x_wconf 79' lang='lat' dir='ltr'>benedictus</span> <span class='ocrx_word' id='word_1_883' title='bbox 2792 5124 2891 5194; x_wconf 85' lang='lat' dir='ltr'>qui</span> <span class='ocrx_word' id='word_1_884' title='bbox 2946 5124 3093 5179; x_wconf 75' lang='lat' dir='ltr'>venit</span> <span class='ocrx_word' id='word_1_885' title='bbox 3140 5123 3202 5177; x_wconf 88' lang='lat' dir='ltr'>in</span> <span class='ocrx_word' id='word_1_886' title='bbox 3250 5122 3478 5179; x_wconf 78' lang='lat' dir='ltr'>nomine</span> <span class='ocrx_word' id='word_1_887' title='bbox 3509 5122 3737 5179; x_wconf 83' lang='lat' dir='ltr'>Domini</span> 
     </span>
    </p>
   </div>
   <div class='ocr_carea' id='block_1_115' title="bbox 2085 5208 3739 5285">
    <p class='ocr_par' dir='ltr' id='par_1_115' title="bbox 2085 5208 3739 5285">
     <span class='ocr_line' id='line_1_115' title="bbox 2085 5208 3739 5285; baseline -0.002 -14"><span class='ocrx_word' id='word_1_888' title='bbox 2085 5216 2262 5285; x_wconf 85' lang='lat' dir='ltr'>(Joan.</span> <span class='ocrx_word' id='word_1_889' title='bbox 2299 5214 2425 5282; x_wconf 81' lang='lat' dir='ltr'>xu),</span> <span class='ocrx_word' id='word_1_890' title='bbox 2478 5211 2612 5266; x_wconf 88' lang='lat' dir='ltr'>hinc</span> <span class='ocrx_word' id='word_1_891' title='bbox 2644 5209 2762 5267; x_wconf 88' lang='lat' dir='ltr'>tria</span> <span class='ocrx_word' id='word_1_892' title='bbox 2791 5208 2978 5267; x_wconf 89' lang='lat' dir='ltr'>millia</span> <span class='ocrx_word' id='word_1_893' title='bbox 3025 5209 3334 5267; x_wconf 88' lang='lat' dir='ltr'>hominum</span> <span class='ocrx_word' id='word_1_894' title='bbox 3365 5210 3466 5284; x_wconf 87' lang='lat' dir='ltr'>qui</span> <span class='ocrx_word' id='word_1_895' title='bbox 3497 5227 3617 5269; x_wconf 88' lang='lat' dir='ltr'>una</span> <span class='ocrx_word' id='word_1_896' title='bbox 3643 5210 3739 5268; x_wconf 89' lang='lat' dir='ltr'>die</span> 
     </span>
    </p>
   </div>
   <div class='ocr_carea' id='block_1_116' title="bbox 2084 5296 3742 5372">
    <p class='ocr_par' dir='ltr' id='par_1_116' title="bbox 2084 5296 3742 5372">
     <span class='ocr_line' id='line_1_116' title="bbox 2084 5296 3742 5372; baseline -0.001 -13"><span class='ocrx_word' id='word_1_897' title='bbox 2084 5302 2461 5359; x_wconf 88' lang='lat' dir='ltr'>crediderunt</span> <span class='ocrx_word' id='word_1_898' title='bbox 2500 5300 2636 5371; x_wconf 81' lang='lat' dir='ltr'>(Act.</span> <span class='ocrx_word' id='word_1_899' title='bbox 2688 5298 2775 5371; x_wconf 77' lang='grc' dir='ltr'>ιι),</span> <span class='ocrx_word' id='word_1_900' title='bbox 2820 5297 2956 5353; x_wconf 90' lang='lat' dir='ltr'>hinc</span> <span class='ocrx_word' id='word_1_901' title='bbox 2987 5297 3247 5371; x_wconf 88' lang='lat' dir='ltr'>quinque</span> <span class='ocrx_word' id='word_1_902' title='bbox 3275 5297 3465 5355; x_wconf 88' lang='lat' dir='ltr'>millia</span> <span class='ocrx_word' id='word_1_903' title='bbox 3492 5297 3594 5372; x_wconf 89' lang='lat' dir='ltr'>qui</span> <span class='ocrx_word' id='word_1_904' title='bbox 3625 5296 3742 5358; x_wconf 88' lang='lat' dir='ltr'>alia</span> 
     </span>
    </p>
   </div>
   <div class='ocr_carea' id='block_1_117' title="bbox 2082 5385 3732 5460">
    <p class='ocr_par' dir='ltr' id='par_1_117' title="bbox 2082 5385 3732 5460">
     <span class='ocr_line' id='line_1_117' title="bbox 2082 5385 3732 5460; baseline -0.001 -13"><span class='ocrx_word' id='word_1_905' title='bbox 2082 5393 2177 5447; x_wconf 76' lang='lat' dir='ltr'>die</span> <span class='ocrx_word' id='word_1_906' title='bbox 2198 5389 2573 5447; x_wconf 86' lang='lat' dir='ltr'>crediderunt</span> <span class='ocrx_word' id='word_1_907' title='bbox 2595 5388 2732 5460; x_wconf 73' lang='lat' dir='ltr'>(Act.</span> <span class='ocrx_word' id='word_1_908' title='bbox 2762 5386 2864 5459; x_wconf 71' lang='grc' dir='ltr'>ιν),</span> <span class='ocrx_word' id='word_1_909' title='bbox 2914 5385 3049 5443; x_wconf 91' lang='lat' dir='ltr'>hinc</span> <span class='ocrx_word' id='word_1_910' title='bbox 3098 5385 3266 5443; x_wconf 89' lang='lat' dir='ltr'>multi</span> <span class='ocrx_word' id='word_1_911' title='bbox 3302 5386 3732 5457; x_wconf 67' lang='lat' dir='ltr'>eateritideles,</span> 
     </span>
    </p>
   </div>
   <div class='ocr_carea' id='block_1_118' title="bbox 2084 5474 3735 5550">
    <p class='ocr_par' dir='ltr' id='par_1_118' title="bbox 2084 5474 3735 5550">
     <span class='ocr_line' id='line_1_118' title="bbox 2084 5474 3735 5550; baseline -0.002 -13"><span class='ocrx_word' id='word_1_912' title='bbox 2084 5480 2408 5537; x_wconf 85' lang='lat' dir='ltr'>secundum</span> <span class='ocrx_word' id='word_1_913' title='bbox 2439 5494 2587 5550; x_wconf 91' lang='lat' dir='ltr'>quos</span> <span class='ocrx_word' id='word_1_914' title='bbox 2616 5474 2869 5549; x_wconf 89' lang='lat' dir='ltr'>populus</span> <span class='ocrx_word' id='word_1_915' title='bbox 2900 5474 2998 5531; x_wconf 90' lang='lat' dir='ltr'>ille</span> <span class='ocrx_word' id='word_1_916' title='bbox 3028 5474 3338 5533; x_wconf 66' lang='lat' dir='ltr'>bareditas</span> <span class='ocrx_word' id='word_1_917' title='bbox 3371 5475 3469 5534; x_wconf 88' lang='lat' dir='ltr'>Dei</span> <span class='ocrx_word' id='word_1_918' title='bbox 3516 5475 3735 5539; x_wconf 88' lang='lat' dir='ltr'>dicitur</span> 
     </span>
    </p>
   </div>
   <div class='ocr_carea' id='block_1_119' title="bbox 2084 5571 2425 5640">
    <p class='ocr_par' dir='ltr' id='par_1_119' title="bbox 2084 5571 2425 5640">
     <span class='ocr_line' id='line_1_119' title="bbox 2084 5571 2425 5640; baseline -0.012 -15"><span class='ocrx_word' id='word_1_919' title='bbox 2084 5571 2425 5640; x_wconf 85' lang='lat' dir='ltr'>incongrue.</span> 
     </span>
    </p>
   </div>
   <div class='ocr_carea' id='block_1_120' title="bbox 2157 5650 3734 5728">
    <p class='ocr_par' dir='ltr' id='par_1_120' title="bbox 2157 5650 3734 5728">
     <span class='ocr_line' id='line_1_120' title="bbox 2157 5650 3734 5728; baseline -0.001 -14"><span class='ocrx_word' id='word_1_920' title='bbox 2157 5659 2357 5715; x_wconf 82' lang='lat' dir='ltr'>Potest</span> <span class='ocrx_word' id='word_1_921' title='bbox 2376 5654 2555 5713; x_wconf 85' lang='lat' dir='ltr'>etiam</span> <span class='ocrx_word' id='word_1_922' title='bbox 2579 5653 2701 5713; x_wconf 83' lang='lat' dir='ltr'>haec</span> <span class='ocrx_word' id='word_1_923' title='bbox 2713 5652 3083 5728; x_wconf 86' lang='lat' dir='ltr'>prophetatio</span> <span class='ocrx_word' id='word_1_924' title='bbox 3099 5667 3229 5713; x_wconf 87' lang='lat' dir='ltr'>esse</span> <span class='ocrx_word' id='word_1_925' title='bbox 3244 5653 3316 5712; x_wconf 89' lang='lat' dir='ltr'>de</span> <span class='ocrx_word' id='word_1_926' title='bbox 3330 5650 3734 5728; x_wconf 84' lang='lat' dir='ltr'>persecutione</span> 
     </span>
    </p>
   </div>
  </div>
