4014 6194
271 310 295 363 ί
327 312 339 356 ”
366 335 487 422 tea

945 357 1251 426 REMIGII
1293 359 2047 428 ANTISSIODOBENSIS
2093 361 2265 425 OPP.
2313 362 2513 426 PARS
2558 361 2609 425 Ι.
2642 394 2718 412 -
2747 360 3209 428 EXEGETICA.

3632 359 3782 430 564

370 491 473 548 illa
489 507 666 564 quam
689 509 900 567 passus
921 498 1009 551 est
1031 495 1384 552 Israeliticus
1407 497 1656 569 pepulus
1679 499 1787 554 sub
1816 499 2009 554 Antio-
2045 501 2096 565 Α
2131 515 2260 552 mus
2290 496 2516 567 legatur
2545 497 2648 565 sic,
2707 498 2942 554 dicens:
2976 500 3136 563 Deus,
3168 503 3437 554 venerunt
3490 503 3688 568 gentes
3721 499 3783 552 in

373 581 480 638 cho
512 599 664 654 rege,
698 584 797 639 ubi
831 588 1051 656 septem
1084 585 1399 641 Machabaai
1444 587 1848 643 crudelissime
1879 592 2017 643 sunt

373 672 554 744 passi,
587 673 687 728 sed
739 671 1161 744 gloriosissime
1194 681 1333 730 sunt
1383 677 1637 732 coronati
1673 679 1746 748 (II
1773 677 2012 732 Machab.

371 761 475 831 vu)
500 781 515 828 ς
545 761 630 816 vel
661 765 852 834 potest
880 778 1008 818 esse
1040 764 1403 836 prophetatio
1434 764 1546 820 ista
1577 766 1647 820 de
1670 767 2019 837 persecutio-

377 867 450 907 ne
479 866 656 922 quam
689 854 821 923 post
871 853 1353 908 resurrectionem
1388 854 1613 909 Domini
1667 856 1851 911 nostri
1879 856 2017 911 Jesu

375 938 586 994 Christi
620 955 794 1012 passa
825 943 913 996 est
942 945 1146 995 sancta
1202 942 1475 1013 Ecclesia,
1528 959 1593 998 ex
1655 945 1935 1016 praeputio
1965 949 2022 1000 et

377 1028 822 1084 circumcisione
853 1028 1114 1095 collecta,
1149 1035 1206 1086 et
1235 1031 1294 1085 in
1327 1031 1593 1103 angulari
1617 1031 1887 1104 lapidein
1906 1033 2020 1089 sal-

371 1119 570 1172 vatore
593 1122 792 1172 nostro
818 1117 954 1174 Jesu
981 1118 1210 1175 Christo
1238 1122 1566 1191 conjuncta,
1605 1121 1704 1192 qui
1737 1122 1884 1177 duos
1914 1139 2021 1194 po-

375 1205 544 1279 pulos
567 1207 736 1279 quasi
759 1208 908 1264 duos
930 1208 1183 1280 parietes
1205 1225 1271 1264 ex
1301 1209 1528 1266 diverso
1563 1211 1857 1266 venientes
1881 1212 1938 1266 in
1962 1229 2023 1267 se

376 1311 590 1351 novum
607 1283 907 1352 hominem
926 1298 1135 1369 univit,
1152 1299 1208 1353 in
1227 1300 1395 1370 cujus
1412 1316 1648 1371 corpore
1661 1299 2017 1356 clamamus:

373 1385 542 1452 Abba,
577 1391 743 1442 Pater
773 1373 948 1456 (Rom.
980 1391 1144 1455 vin):
1181 1389 1367 1456 Abba,
1410 1395 1693 1460 quantum
1738 1390 1808 1443 ad
1842 1390 2020 1461 ipsos,

373 1472 545 1529 Pater
565 1478 848 1545 quantum
877 1475 947 1528 ad
967 1492 1094 1531 nos.
1139 1480 1269 1530 Haec
1307 1475 1614 1532 hmreditas
1655 1494 1770 1532 non
1790 1482 2021 1533 tantum

375 1565 464 1617 est
481 1562 693 1631 Patris,
719 1563 819 1617 sed
844 1563 1018 1618 etiam
1064 1563 1214 1631 Filii,
1243 1582 1353 1619 non
1395 1566 1548 1636 quod
1574 1565 1740 1621 Pater
1770 1565 2025 1622 moriens

373 1649 486 1706 sibi
508 1667 636 1706 eam
663 1651 918 1722 reliquit,
944 1653 1041 1708 sed
1077 1655 1228 1724 quod
1265 1671 1390 1709 eam
1426 1655 1724 1711 moriendo
1757 1656 2022 1721 redemit,

375 1744 433 1794 et
456 1740 814 1810 resurgendo
845 1757 976 1796 eam
1025 1743 1389 1813 majestative
1440 1743 1719 1814 possedit,
1751 1761 1928 1815 quam
1959 1761 2028 1799 ex

380 1833 629 1900 utroque
661 1828 873 1902 populo
904 1829 1156 1902 collegit,
1211 1833 1368 1903 quia,
1417 1832 1551 1888 licet
1595 1833 1875 1888 dixisset:
1911 1834 2029 1889 Non

378 1933 504 1976 sum
532 1919 736 1974 missus
768 1921 883 1974 nisi
911 1920 981 1974 ad
1011 1936 1134 1975 oves
1165 1936 1288 1990 qua?
1320 1924 1606 1992 perierunt
1635 1923 1826 1978 domus
1854 1923 2032 1978 Israel

383 2007 591 2078 (Matth.
624 2008 738 2079 xv),
773 2006 896 2079 ipse
926 2012 1119 2064 tamen
1143 2007 1280 2064 alibi
1311 2009 1457 2064 dixit
1482 2028 1494 2065 :
1521 2009 1682 2066 Alias
1711 2027 1832 2067 oves
1861 2011 2030 2067 habeo

381 2112 507 2168 quae
537 2114 650 2152 non
678 2105 806 2152 sunt
838 2113 906 2152 ex
935 2098 1033 2153 hoc
1061 2098 1194 2153 ovili
1213 2101 1398 2166 (Joan.
1426 2100 1503 2170 x),
1530 2100 1629 2154 ubi
1657 2104 1858 2172 gentes
1875 2101 2027 2156 desi-

379 2185 597 2258 gnavit.
653 2184 880 2241 Paulus
937 2185 1114 2242 etiam
1175 2186 1282 2242 hoc
1336 2186 1490 2243 idem
1523 2188 1868 2244 conﬁrmat:
1904 2190 2030 2244 Dico

379 2281 564 2330 autem
587 2275 872 2330 Christum
891 2276 1213 2330 ministrum
1235 2278 1412 2346 fuisse
1433 2277 1888 2344 circumcisionis,
1910 2294 2033 2348 gen-

382 2366 459 2418 tes
487 2368 674 2418 autem
700 2379 872 2434 super
911 2365 1296 2420 misericordia
1340 2365 1610 2422 honorare
1652 2368 1826 2422 Deum
1857 2369 2030 2438 (Rom.

380 2452 494 2523 xv),
527 2455 585 2508 et
617 2456 896 2523 utrosque
923 2454 1313 2526 conjungens,
1343 2453 1490 2510 dixit
1516 2474 1528 2510 :
1563 2457 1879 2525 Lwtamini,
1907 2473 2033 2528 gen-

382 2544 482 2605 tes,
511 2556 637 2594 cum
662 2540 817 2609 plebe
845 2542 983 2611 ejus.
1016 2541 1170 2596 Dixit
1201 2547 1398 2598 autem
1434 2545 1518 2599 sic
1556 2544 1752 2615 Asaph
1779 2561 1790 2597 :

452 2627 618 2696 Deus,
646 2633 911 2682 venerunt
938 2635 1124 2698 gentes
1155 2631 1215 2684 in
1245 2630 1626 2686 haereditatem
1647 2635 1819 2702 tuam,
1841 2632 1899 2686 id
1922 2638 2030 2703 est,

383 2719 586 2772 contra
611 2714 927 2770 Judaicum
954 2715 1262 2788 populum,
1282 2717 1421 2788 quia
1441 2721 1542 2773 tua
1565 2718 1873 2774 hereditas
1896 2721 2034 2777 dici-

383 2807 500 2861 tur.
551 2803 875 2859 Polluerunt
911 2805 1176 2876 templum
1229 2809 1478 2861 sanctum
1534 2814 1707 2875 tuum,
1763 2809 1903 2879 quia
1931 2810 2029 2865 ubi

387 2892 623 2949 deberet
653 2889 765 2947 coli
795 2908 1007 2948 nomen
1038 2896 1230 2960 tuum,
1263 2893 1343 2947 ibi
1376 2893 1532 2950 idola
1560 2911 1669 2950 sua
1690 2902 2030 2966 posuerunt.

387 2982 695 3038 Posuerunt
724 2981 1037 3038 Jerusalem
1066 2983 1124 3036 in
1141 2998 1431 3053 pomorum
1473 2984 1802 3053 custodiam,
1836 2987 1894 3040 id
1923 2992 2030 3057 est,

386 3069 843 3142 comparabilem
877 3070 1138 3126 fecerunt
1165 3071 1492 3128 Jerusalem
1523 3073 1799 3130 custodiae
1833 3092 2032 3146 pomo-

381 3173 536 3224 rum,
575 3158 715 3230 quia
745 3157 898 3214 sicut
929 3159 1234 3231 tugurium
1297 3160 1513 3216 factum
1574 3163 1645 3218 ad
1704 3163 2032 3220 custodiam

2127 587 2503 644 hereditatem
2533 591 2707 659 tuam,
2741 589 2797 643 id
2828 592 2935 660 est,
2968 587 3308 653 Ecclesiam,
3363 587 3435 643 ad
3466 587 3784 643 destruen-

2129 675 2259 730 dam
2295 692 2447 743 eam,
2476 694 2590 732 non
2623 677 2988 732 imitandam.
3021 677 3634 748 Polluerunttemplum
3653 692 3784 731 san-

2126 771 2272 819 ctum
2291 773 2463 820 tuum.
2484 764 2770 820 Polluitur
2788 770 2926 821 tunc
2946 765 3230 838 templum
3255 764 3513 830 Domini,
3544 765 3788 836 quando

2129 852 2366 924 aliquis,
2394 852 2658 909 initiatus
2676 860 3038 910 sacramento
3069 855 3225 919 ﬁdei,
3253 855 3324 910 ab
3347 854 3453 909 hac
3475 853 3790 926 compelli-

2129 945 2225 996 tur
2249 945 2311 996 ut
2345 943 2640 998 Christum
2681 949 2869 1016 neget.
2920 945 3222 1000 Posuerunt
3250 945 3560 1000 Jerusalem
3590 945 3650 998 in
3682 958 3792 1015 po-

2130 1046 2345 1086 morum
2373 1032 2694 1096 custodiam,
2728 1033 2784 1086 id
2809 1037 2917 1100 est,
2949 1033 3267 1089 Ecclesiam
3296 1048 3464 1088 suam
3487 1033 3789 1088 desertam

2132 1119 2410 1187 fecerunt,
2428 1119 2598 1174 sicuti
2616 1120 2870 1177 collectis
2885 1122 3073 1193 pomis
3086 1123 3384 1178 desertum
3400 1121 3462 1176 ﬁt
3475 1120 3790 1194 tugurium

2131 1207 2192 1262 in
2219 1225 2333 1280 quo
2359 1208 2522 1279 prius
2545 1209 3025 1266 custodiebantur
3050 1227 3241 1283 poma,
3271 1212 3411 1283 quia
3431 1227 3791 1283 persequen-

2133 1296 2290 1353 tibus
2313 1296 2589 1368 gentibus
2613 1298 2839 1354 deserta
2855 1299 3217 1355 estEcclesia
3231 1299 3492 1366 collecta,
3513 1297 3791 1354 videlicet

2134 1388 2472 1440 sanctorum
2509 1391 2830 1458 martyrum
2867 1386 3174 1459 spiritibus
3218 1388 3386 1461 quasi
3417 1387 3790 1444 dulcissimis

2135 1472 2324 1546 pomis
2348 1489 2380 1528 a
2405 1473 2700 1531 Dominico
2723 1475 2888 1530 horto
2909 1476 2968 1530 in
2993 1475 3286 1532 caelestem
3308 1492 3577 1532 mensam
3602 1475 3791 1532 colla-

2135 1562 2231 1617 tis.
2251 1563 2558 1618 Posuerunt
2578 1566 2877 1620 morticina
2895 1581 3178 1621 servorum
3200 1574 3437 1635 tuorum,
3463 1566 3606 1639 quia
3634 1583 3790 1622 rece-

2137 1651 2253 1722 ptis
2286 1650 2590 1722 spiritibus
2621 1645 2958 1708 sanctorum
2990 1656 3061 1709 ab
3094 1654 3372 1726 agricola,
3404 1656 3625 1710 tradita
3654 1661 3796 1711 sunt

2137 1756 2380 1808 corpora
2400 1741 2711 1796 volatilibus
2732 1743 2856 1796 caeli
2872 1743 3222 1815 devoranda,
3253 1744 3412 1800 velut
3442 1745 3514 1800 de
3547 1745 3798 1818 Stepha-

2139 1845 2212 1884 no
2235 1829 2466 1900 legitur,
2508 1830 2607 1900 qui
2632 1833 2764 1902 post
2786 1831 3246 1888 interiectionem
3271 1834 3492 1904 ejectus
3517 1839 3610 1889 est
3631 1839 3796 1890 extra

2139 1917 2476 1972 civitatem:
2541 1917 2628 1974 vel
2682 1918 2785 1986 sic,
2830 1921 3137 1976 Posuerunt
3182 1923 3476 1977 morticina
3503 1938 3797 1980 servorum

2141 2009 2369 2060 tuorum
2399 2023 2550 2062 escas
2576 2009 2892 2065 volatilibus
2911 2011 3053 2081 caeli,
3079 2009 3135 2066 id
3161 2013 3266 2080 est,
3293 2027 3536 2082 corpora
3557 2017 3794 2069 sancto-

2157 2110 2291 2148 rum
2320 2099 2554 2151 tuorum
2580 2097 2809 2152 fuerant
2841 2098 3057 2166 esca,id
3085 2099 3434 2164 est,refectio
3450 2099 3794 2159 volatilibus

2140 2182 2266 2238 coeli
2292 2184 2613 2240 mobilibus
2661 2185 2950 2254 videlicet,
2977 2191 3032 2242 et
3079 2187 3137 2242 in
3161 2191 3216 2244 te
3235 2187 3405 2244 elatis
3425 2189 3528 2260 qui
3551 2190 3612 2246 in
3633 2192 3792 2248 occi-

2142 2271 2304 2328 sione
2328 2277 2663 2330 sanctorum
2688 2275 3141 2332 delectabantur
3170 2278 3338 2349 quasi
3363 2278 3419 2332 in
3453 2295 3612 2346 esca,
3637 2281 3793 2337 velut

2141 2365 2325 2416 tortor
2350 2361 2446 2417 ille
2492 2364 2804 2430 Laurentii,
2829 2365 2921 2420 cui
2946 2365 3168 2420 dictum
3195 2370 3284 2421 est
3309 2383 3322 2420 :
3371 2367 3506 2423 Jam
3538 2385 3714 2425 versa
3739 2375 3793 2426 et

2143 2449 2452 2517 manduca,
2486 2452 2645 2523 quia,
2705 2451 2840 2507 licet
2895 2452 3056 2509 istud
3088 2453 3254 2511 aliter
3292 2460 3490 2527 posset
3519 2457 3789 2532 intelligi,

2142 2543 2331 2610 potest
2359 2542 2554 2595 tamen
2587 2541 2670 2596 sic
2701 2539 2969 2614 intelligi,
3020 2544 3172 2612 quod
3225 2546 3604 2602 tormentatio
3639 2548 3790 2603 beati

2146 2628 2420 2700 martyris
2442 2629 2552 2684 sibi
2574 2634 2728 2686 esset
2749 2631 3001 2686 reiectio.
3023 2631 3224 2688 Games
3239 2641 3558 2690 sanctorum
3573 2639 3792 2692 tuorum

2144 2715 2326 2770 bestiis
2365 2719 2550 2786 terrae,
2576 2717 2633 2772 id
2665 2724 2773 2788 est,
2807 2718 3134 2776 bestialiter
3163 2720 3493 2779 viventibus
3524 2729 3584 2779 et
3617 2729 3791 2782 terre-

2141 2802 2232 2857 nis
2283 2803 2738 2872 adhaarentibus,
2773 2807 2910 2861 data
2948 2814 3085 2862 sunt
3139 2823 3335 2864 carnes
3363 2819 3689 2866 sanctorum
3718 2813 3788 2868 ad

2141 2891 2535 2948 refectionem.
2558 2895 2882 2964 Effuderunt
2899 2898 3224 2968 sanguinem
3246 2898 3507 2968 ipsorum
3526 2907 3792 2972 tanquam

2141 2996 2370 3051 aquam,
2404 2980 2672 3038 videlicet
2703 2984 2761 3038 in
2804 2983 3020 3052 littore,
3055 2983 3142 3040 vel
3189 2986 3572 3054 abundanter,
3598 2989 3684 3044 vel
3716 2990 3787 3044 ad

2142 3067 2398 3140 lapsum,
2433 3070 2577 3142 quia
2609 3070 2668 3127 in
2700 3071 2985 3128 effusione
3017 3090 3183 3145 aquae
3211 3073 3347 3129 solet
3396 3073 3521 3129 ﬁeri
3551 3074 3781 3147 lapsus,

2141 3158 2252 3224 vel,
2293 3163 2557 3230 tanquam
2577 3177 2798 3232 aquam,
2833 3161 2889 3216 id
2921 3167 3033 3228 est,
3063 3162 3133 3217 ad
3166 3161 3500 3218 lavationem
3533 3162 3776 3233 quibus-

385 3228 722 3319 pomorum,
753 3228 1027 3303 collectis
1043 3249 1254 3320 pomis,
1287 3250 1594 3318 deseritur,
1626 3251 1706 3307 ita
1725 3255 1782 3308 et
1799 3253 2033 3308 Jerusa-
2063 3228 2105 3294 ί)
2145 3245 2300 3314 dam,
2337 3228 2475 3320 quia
2507 3228 2635 3304 non—
2654 3251 2967 3306 defuerunt
2997 3250 3097 3322 qui
3129 3249 3511 3307 constantiam
3540 3228 3778 3308 illorum

384 3335 522 3408 lem,
557 3335 916 3408 quibusdam
948 3337 1075 3393 suis
1106 3337 1451 3404 interfectis,
1483 3340 1634 3395 facta
1659 3345 1749 3396 est
1779 3341 2037 3398 desolata

385 3429 444 3480 et
500 3425 750 3480 deserta.
810 3431 1122 3482 Posuerunt
1171 3429 1466 3483 morticina
1516 3444 1742 3484 suorum
1797 3439 2034 3502 tuorum,

393 3529 542 3578 escas
572 3514 888 3570 volatilibus
918 3516 1060 3570 caeli.
1094 3516 1237 3571 Ecce
1268 3533 1542 3588 magnam
1585 3521 1748 3574 notat
1792 3520 2037 3576 occisio-

397 3619 555 3672 nem,
587 3602 726 3674 quia
750 3607 914 3658 tanta
942 3607 1066 3658 erat
1095 3605 1249 3674 quod
1281 3603 1558 3674 volatilia,
1603 3623 1730 3678 qua:
1776 3625 1877 3679 per
1905 3625 2038 3664 aera

392 3690 686 3758 volabant,
729 3691 907 3746 fetore
952 3693 1426 3764 corrumpebant,
1471 3698 1528 3748 et
1557 3694 1946 3766 attrahebant,
1975 3702 2040 3751 ut

389 3779 537 3854 ipsis
554 3779 896 3853 corporibus
917 3785 1296 3852 pascerentur
1319 3798 1330 3836 :
1353 3798 1547 3836 carnes
1573 3787 1891 3839 sanctorum
1917 3787 2036 3839 tuo-

390 3886 516 3925 rum
545 3870 732 3926 bestiis
750 3874 930 3936 terraa,
953 3869 1011 3924 id
1036 3875 1142 3937 est,
1180 3887 1294 3925 non
1317 3874 1544 3925 tantum
1568 3877 1892 3941 posuerunt
1912 3889 2035 3928 cor-

389 3974 530 4029 pora
561 3962 901 4014 sanctorum
937 3963 1171 4015 tuorum
1203 3975 1352 4015 escas
1398 3960 1716 4016 volatilibus
1761 3962 1901 4025 caeli,
1935 3963 2034 4017 sed

390 4045 575 4100 bestiis
597 4049 786 4112 terrae,
811 4047 1003 4116 porcis
1022 4047 1288 4104 videlicet
1303 4047 1652 4113 immundis,
1671 4049 2037 4106 tradiderunt

385 4148 628 4204 corpora
650 4136 986 4188 sanctorum
1006 4139 1239 4190 tuorum
1271 4137 1621 4192 devoranda.
1648 4138 1715 4192 Et
1735 4153 1866 4195 ecce
1889 4155 2034 4210 quo-

387 4219 583 4283 modo,
613 4219 752 4292 quia
778 4221 1058 4289 fuderunt
1083 4224 1410 4293 sanguinem
1460 4227 1720 4297 ipsorum
1769 4229 2030 4298 tanquam

382 4325 614 4381 aquam,
645 4309 701 4364 id
735 4313 847 4377 est,
881 4309 1249 4366 abundanter
1277 4311 1364 4366 vel
1387 4313 1630 4385 jugiter,
1681 4319 1738 4370 et
1786 4315 1912 4370 sine
1944 4333 2028 4372 re-

382 4403 585 4471 spectu
613 4399 857 4472 peccati,
881 4398 1152 4472 quianon
1190 4400 1323 4472 plus
1362 4403 1647 4458 curabant
1668 4404 1727 4458 in
1749 4404 2030 4460 effusione

382 4488 690 4560 sanguinis
709 4493 1050 4546 sanctorum
1071 4506 1248 4561 quam
1269 4490 1315 4543 si
1331 4507 1484 4562 aqua
1496 4492 2025 4560 elfunderetur,ubi

2145 3333 2536 3392 imitarentur.
2557 3337 2667 3394 Sed
2686 3343 2881 3394 tamen
2899 3337 3034 3396 licet
3051 3339 3294 3411 quidam
3308 3341 3791 3412 essentquimeo-

2147 3440 2275 3478 rum
2308 3424 2707 3481 interfectione
2737 3425 3114 3495 alluerentur,
3146 3432 3368 3495 tamen,
3390 3429 3463 3484 ad
3486 3445 3791 3502 compara-

2146 3511 2363 3568 tionem
2393 3518 2852 3586 persecutorum,
2884 3533 2990 3572 non
3032 3525 3157 3572 erat
3187 3519 3284 3590 qui
3309 3518 3657 3590 sepeliret,id
3693 3524 3793 3588 est,

2147 3602 2246 3672 qui
2281 3603 2336 3656 in
2369 3619 2431 3658 se
2462 3605 2799 3659 reconderet
2833 3605 3296 3661 interfectionem
3342 3606 3635 3678 ipsorum,
3671 3609 3794 3664 imi-

2146 3693 2324 3746 tando
2347 3708 2464 3747 eos.
2489 3692 2635 3748 Nota
2657 3709 2760 3764 per
2780 3694 3087 3749 circuitum
3126 3693 3455 3750 Jerusalem
3482 3711 3794 3770 exaggera-

2147 3780 2364 3835 tionem
2389 3780 2827 3847 interfectionis,
2851 3783 2989 3854 quia
3037 3800 3151 3838 non
3186 3783 3244 3838 in
3279 3799 3394 3840 uno
3417 3783 3546 3840 loco
3571 3789 3796 3841 tantum

2147 3867 2267 3922 haec
2290 3873 2413 3923 erat
2436 3869 2779 3936 interiectio,
2807 3871 2908 3926 sed
2933 3872 3148 3942 ubique
3171 3871 3457 3928 circuibat
3473 3873 3795 3930 Ecclesiam

2145 3956 2468 4013 interfectio
2491 3959 2754 4028 gentium
2775 4004 2787 4027 ,
2808 3964 2864 4014 et
2880 3960 2964 4016 sic
2983 3962 3125 4031 facti
3137 3977 3325 4015 sumus
3338 3962 3701 4032 opprobrium
3722 3965 3794 4018 vi-

2144 4047 2282 4101 cinis
2313 4049 2537 4112 nostris,
2574 4047 2665 4102 his
2695 4047 2965 4105 videlicet
3011 4049 3109 4120 qui
3154 4065 3336 4120 prope
3385 4065 3492 4104 nos
3543 4055 3798 4117 erant,~a

2145 4135 2361 4206 quibus
2381 4141 2471 4191 est
2491 4140 2650 4192 tanto
2671 4137 2928 4209 gravius,
2954 4141 3172 4209 quanto
3194 4137 3259 4192 ﬁt
3281 4137 3566 4204 crebrius,
3587 4138 3688 4195 his
3701 4139 3796 4212 qui

2144 4226 2481 4297 patiuntur:
2517 4231 2573 4282 et
2605 4242 2716 4280 non
2745 4230 2972 4281 tantum
2997 4226 3088 4283 his
3119 4227 3218 4298 qui
3250 4242 3430 4298 prope
3463 4243 3574 4283 nos
3607 4233 3794 4294 erant,

2139 4316 2275 4384 facti
2327 4332 2514 4370 simius
2573 4315 2943 4386 opprobrium,
3002 4315 3124 4374 .sed
3181 4315 3355 4370 etiam
3430 4316 3796 4372 subsannatio

2139 4412 2192 4458 et
2217 4405 2406 4459 illusio
2436 4420 2641 4458 sumus
2669 4405 2756 4459 his
2784 4405 2879 4474 qui
2907 4406 2965 4459 in
2997 4405 3237 4460 circuitu
3267 4412 3449 4460 nostro
3469 4412 3625 4473 sunt,
3660 4405 3797 4477 quia

2139 4499 2196 4548 et
2225 4493 2474 4549 interius
2504 4509 2610 4548 nos
2629 4493 2914 4559 derident,
2936 4498 2994 4550 et
3030 4498 3195 4566 gestu
3221 4493 3480 4565 corporis
3504 4509 3615 4550 nos
3649 4495 3794 4550 sub-

379 4581 686 4650 peocatum
737 4595 852 4636 non
913 4577 1249 4634 timeretur:
1309 4584 1366 4635 et
1425 4579 1534 4636 hoc
1592 4599 1704 4638 non
1747 4581 1937 4637 solum
1969 4583 2030 4638 in
2062 4591 2106 4655 1)
2139 4588 2428 4639 sannant:
2463 4582 2602 4654 quia
2628 4582 2984 4638 subsannatio
3033 4583 3117 4652 ﬁt,
3152 4583 3387 4654 quando
3419 4583 3477 4637 in
3503 4582 3794 4655 despectu

375 4665 728 4735 Jerusalem,
756 4668 856 4724 sed
879 4670 941 4723 in
971 4670 1207 4724 circuitu
1225 4670 1552 4740 Jerusalem,
1585 4679 1635 4726 et
1667 4687 1776 4726 non
1796 4675 1915 4726 erat
1935 4675 2032 4744 qui

375 4755 655 4827 sepeliret,
687 4755 826 4827 quia
853 4760 931 4812 tot
957 4757 1456 4814 interﬁciebantur
1476 4764 1620 4831 quot
1657 4758 1888 4831 sepeliri
1912 4777 2025 4816 non

372 4847 678 4916 poterant;
705 4843 818 4913 vel,
845 4862 960 4901 non
979 4846 1090 4901 fuit
1111 4845 1324 4918 aliquis
1345 4847 1444 4918 qui
1485 4851 1716 4903 curaret
1740 4864 1839 4904 eos
1863 4865 2024 4921 sepe-

370 4931 500 5001 lire,
525 4939 589 4988 ut
615 4933 701 4990 sic
752 4937 988 4990 notetur
1012 4951 1228 5007 magna
1257 4935 1596 4992 immanitas
1625 4940 1682 4992 et
1709 4936 2026 4995 crudelitas

359 5039 597 5092 eorum,
624 5023 764 5096 quia
788 5023 846 5079 in
871 5022 1212 5095 sepelitione
1235 5023 1458 5081 scilicet
1479 5029 1714 5081 notatur
1736 5027 1941 5098 pietas,
1963 5028 2024 5082 in

368 5129 486 5168 non
517 5111 856 5185 sepelitione
888 5116 1127 5168 notatur
1177 5112 1519 5170 immanitas
1579 5120 1635 5171 et
1685 5115 2035 5192 crudelitas.”

366 5202 521 5258 Facti
547 5219 737 5258 sumus
765 5203 1124 5275 opprobrium
1158 5205 1353 5259 vicinis
1382 5205 1604 5270 nostris,
1647 5205 1921 5277 gentibus
1946 5207 2024 5259 vi-

365 5291 575 5348 delicet
631 5309 758 5363 quae
818 5293 986 5348 nobis
1043 5298 1211 5348 erant
1265 5293 1488 5347 vicinas.
1542 5295 1611 5349 Et
1642 5298 1706 5348 ut
1737 5310 2019 5363 magnum

377 5381 650 5437 ostendat
705 5381 1105 5454 opprobrium,
1169 5380 1504 5454 subjungit:
1566 5383 1933 5438 Subsannatio
1973 5388 2023 5438 et

365 5469 555 5525 illusio
573 5471 657 5525 his
676 5472 774 5542 qui
793 5473 853 5526 in
881 5471 1121 5525 circuitu
1139 5476 1326 5525 nostro
1356 5476 1504 5524 sunt.
1525 5471 1742 5526 Taliter
1773 5478 2022 5543 possunt

364 5557 489 5614 haec
517 5559 652 5628 legi,
714 5558 762 5613 si
821 5558 890 5613 de
923 5559 1325 5630 persecutione
1354 5559 1693 5616 Judsaorum
1749 5559 2017 5632 psalmus

358 5645 668 5716 accipitur.
704 5646 760 5699 Si
797 5650 991 5702 autem
1019 5646 1089 5700 de
1121 5649 1524 5716 persecutione
1549 5647 1833 5719 Ecclesiae,
1862 5650 2015 5720 psal-

2139 4671 2386 4741 alicujus
2440 4687 2619 4727 nasus
2675 4675 2732 4728 et
2789 4672 2949 4728 frons
3007 4671 3066 4726 in
3093 4687 3299 4744 rugam
3328 4671 3789 4728 contrahuntur.

2141 4763 2419 4833 Usquequo
2442 4761 2685 4825 Domine,
2719 4762 2973 4816 irasceris
2993 4761 3054 4815 in
3084 4761 3272 4830 finem,
3317 4760 3654 4817 aocendetur
3680 4763 3793 4817 vel-

2141 4854 2200 4906 ut
2229 4851 2374 4919 ignis
2403 4849 2554 4905 zelus
2584 4849 2754 4904 tuus?
2784 4849 2899 4905 Ista
2945 4853 3005 4906 et
3053 4854 3258 4906 caetera
3295 4865 3424 4920 quea
3454 4856 3798 4921 sequuntur

2135 4937 2532 4994 indifferenter
2560 4937 2838 4993 dicuntur
2879 4939 2951 4994 de
2998 4941 3244 5010 utraque
3290 4937 3577 5004 lectione;
3614 4939 3789 5010 quasi

2134 5027 2326 5083 dicat:
2364 5033 2449 5092 tu,
2482 5027 2728 5094 Domine,
2762 5027 2819 5082 in
2851 5029 3023 5099 cujus
3072 5027 3384 5099 praesentia
3429 5026 3553 5083 hec
3581 5028 3793 5083 omnia

2133 5116 2304 5182 ﬁunt,
2339 5132 2633 5186 usquequo,
2664 5116 2722 5170 id
2753 5120 2862 5186 est,
2896 5116 3156 5186 quandiu
3192 5114 3423 5172 durabit
3470 5115 3561 5171 ira
3589 5120 3696 5171 tua
3723 5118 3787 5172 in

2131 5207 2296 5276 ﬁnem
2325 5205 2353 5259 ?
2386 5205 2450 5260 Et
2479 5221 2756 5277 usqucqno
2783 5207 3110 5261 accendetur
3136 5206 3286 5260 zelus
3303 5209 3448 5272 tuus,
3471 5203 3531 5259 id
3556 5207 3671 5269 est,
3694 5204 3788 5260 in-
3871 5197 3876 5204 ’

2131 5294 2391 5366 dignatio
2422 5297 2543 5359 tua,
2576 5292 2728 5349 velut
2765 5296 2911 5363 ignis
2932 5297 2957 5346 .9
2987 5293 3162 5358 Quasi
3198 5293 3354 5348 dicat
3385 5308 3398 5347 :
3443 5293 3789 5349 Accendetur

2130 5386 2278 5438 velut
2299 5384 2446 5452 ignis
2473 5382 2824 5452 incinerans,
2849 5388 2907 5438 et
2929 5399 3041 5438 non
3065 5399 3326 5454 purgans
3342 5400 3355 5438 :
3371 5382 3785 5454 potiusaccen-

2129 5473 2305 5527 datur
2335 5477 2398 5527 ut
2420 5477 2628 5544 purget
2649 5488 2824 5544 quam
2849 5477 2914 5526 ut
2935 5472 3236 5527 incineret.
3281 5473 3365 5527 Ita
3387 5487 3500 5526 non
3525 5476 3619 5527 est
3649 5489 3777 5544 per-

2129 5561 2380 5617 turbatio
2409 5561 2616 5616 divinze
2675 5561 2910 5627 mentis,
2969 5562 3072 5618 sed
3103 5561 3357 5618 vindicta
3399 5560 3771 5633 iniquitatis;

2127 5651 2267 5722 quia
2280 5651 2499 5707 dictum
2515 5655 2628 5720 est,
2653 5655 2754 5722 Tu,
2773 5651 3012 5708 Domine
3025 5650 3304 5718 Sabaoth,
3327 5649 3772 5722 quiomniacum
