4014 6194
259 361 382 437 888

1380 364 1989 435 ENARBATIONES
2030 367 2111 433 rN
2159 362 2539 431 PSALMOS.

3540 354 3662 424 866

265 503 695 578 tranquillitate
708 504 1003 578 judicas,et
1032 522 1156 563 cum
1174 521 1375 579 magna
1402 508 1704 564 reverentia
1728 506 1905 578 dispo-
1937 504 1991 570 Α
2022 502 2190 564 nobis
2212 506 2399 578 impro
2408 504 2661 578 perando
2684 503 2889 560 dicunt
2913 518 2927 559 :
2949 497 3057 559 Ubi
3079 496 3178 557 ille
3195 509 3369 572 quem
3392 497 3657 555 futurum

260 597 350 651 nis
375 594 527 667 (Sap.
569 595 688 667 χιι).
758 594 923 652 Zelus
979 595 1210 653 Domini
1264 601 1353 652 est
1412 596 1756 669 indignatio,
1816 594 1903 651 vel

260 684 481 740 exactio
513 685 822 749 castitatis,
856 686 996 757 quia
1025 685 1447 757 constringitur
1478 684 1666 740 fidelis
1688 684 1903 749 anima,

259 789 332 829 ne
361 773 699 829 fornicando
731 791 763 829 a
792 774 1041 830 Domino
1083 774 1377 830 discedat:
1439 780 1496 829 et
1550 774 1659 829 hoc
1711 774 1775 829 ﬁt
1833 774 1905 829 ad

258 861 709 919 similitudinem
728 862 835 917 viri
858 863 1105 919 viriliter
1120 864 1390 919 habentis
1412 881 1649 920 uxorem
1672 864 1781 918 sub
1800 880 1907 919 sua

257 954 565 1023 potestate,
598 967 689 1022 ne,
725 952 774 1007 si
808 951 898 1007 sui
927 952 1081 1023 juris
1112 969 1255 1008 uxor
1286 953 1404 1019 ﬁat,
1458 952 1677 1025 aliquid
1735 957 1907 1025 turpe

256 1040 433 1095 faciat
462 1044 663 1095 contra
694 1041 996 1096 maritum.
1034 1042 1269 1113 Effunde
1297 1044 1440 1097 iram
1469 1047 1623 1097 tuam
1643 1043 1701 1096 in
1723 1050 1907 1112 gentes

256 1143 384 1201 quae
413 1136 467 1183 te
492 1144 601 1183 non
624 1133 917 1195 noverunt,
951 1134 1003 1185 et
1024 1132 1085 1184 in
1114 1146 1285 1201 regna
1324 1147 1447 1203 quae
1502 1148 1700 1186 nomen
1748 1140 1908 1185 tuum

254 1232 366 1272 non
398 1218 813 1273 invocaverunt.
848 1218 1024 1281 Quasi
1056 1219 1243 1274 dicat:
1277 1219 1489 1274 Contra
1518 1224 1649 1275 tuos
1698 1235 1906 1274 accen-

253 1306 429 1360 detur
444 1304 605 1360 zelus
630 1310 791 1373 tuus,
810 1311 872 1360 ut
889 1307 1040 1378 ignis
1065 1324 1321 1379 purgans
1335 1313 1523 1363 etnon
1545 1308 1903 1364 incinerans:

258 1397 322 1449 in
349 1397 529 1465 gentes
560 1399 759 1450 autem
789 1412 907 1467 quae
940 1410 988 1450 te
1007 1412 1118 1450 non
1147 1405 1430 1465 noverunt,
1490 1397 1707 1469 effunde
1764 1399 1909 1452 iram

262 1487 440 1553 tuam,
473 1483 531 1538 id
565 1488 678 1549 est,
711 1483 969 1554 plenarie
1001 1486 1244 1541 ostende
1265 1486 1417 1542 eiste
1433 1488 1812 1542 esseiratum.
1847 1488 1909 1541 Et

251 1572 317 1626 in
341 1587 509 1642 regna
538 1588 658 1642 quae
690 1588 884 1627 nomen
914 1581 1067 1628 tuum
1087 1591 1194 1629 non
1214 1576 1633 1641 invocaverunt,
1653 1574 1909 1647 plenarie

248 1658 475 1733 effunde
507 1662 649 1715 iram
680 1664 853 1726 tuam,
893 1668 949 1717 et
1009 1663 1217 1718 merito
1256 1663 1520 1719 eﬂ'undes
1561 1667 1706 1718 iram
1758 1667 1906 1718 tuam

251 1752 387 1819 quia
416 1749 765 1805 comederunt
795 1751 975 1816 Iacob,
1010 1751 1065 1805 id
1102 1758 1207 1817 est,
1232 1752 1345 1807 sibi
1375 1752 1906 1824 fideliterincorpo-

2014 593 2487 670 promittebatis?
2517 593 2693 660 Quasi
2726 593 2915 650 dicat:
2948 592 3092 649 Ecce
3123 591 3363 664 apparet
3403 588 3544 660 quia
3590 588 3663 645 de

2014 685 2177 741 vobis
2198 682 2421 739 nullam
2446 699 2647 738 curam
2670 682 2861 739 habet.
2896 684 2957 737 Et
2986 697 3058 737 ne
3083 679 3229 736 illud
3254 677 3470 745 dicant,
3495 678 3659 733 inno-

2015 778 2179 830 tescat
2196 774 2251 827 in
2276 771 2593 826 nationibus
2614 787 2798 827 coram
2817 771 2989 827 oculis
3013 771 3213 827 nostris
3243 768 3380 824 ultio
3416 767 3660 839 sargui-

2016 864 2102 918 nis
2122 876 2405 917 servorum
2425 864 2663 927 tuorum,
2688 861 3001 933 guto/fusus
3029 868 3126 931 est,
3188 859 3246 915 id
3305 861 3413 922 est,
3476 855 3662 913 mani-

2018 952 2165 1007 festa
2195 951 2296 1006 fiat
2327 951 2463 1005 ultio
2490 950 2779 1017 sanguinis
2798 965 3074 1004 servorum
3104 956 3342 1017 tuorum,
3392 946 3545 1002 facta
3599 944 3660 1002 in

2018 1040 2374 1103 nationibus,
2407 1039 2463 1095 id
2498 1043 2605 1105 est,
2634 1038 2692 1093 in
2723 1038 2996 1111 gentibus
3016 1055 3201 1095 coram
3230 1037 3404 1095 oculis
3430 1037 3656 1107 nostris,

2016 1130 2124 1185 etsi
2156 1130 2313 1201 ipsos
2335 1128 2531 1193 lateat,
2556 1126 2693 1199 quia
2714 1144 2828 1182 non
2860 1130 3284 1199 recognoscunt
3322 1143 3385 1183 se
3414 1142 3542 1183 esse
3568 1125 3657 1182 in-

2017 1218 2198 1274 terius
2232 1222 2561 1274 excaecatos.
2591 1217 2654 1270 Et
2676 1218 2908 1271 introeat
2934 1219 2995 1271 in
3015 1223 3294 1287 conspectu
3312 1223 3404 1271 tuo
3422 1216 3659 1285 gemitus

2015 1309 2462 1379 compeditorum,
2496 1306 2731 1361 illorum
2779 1305 3047 1361 videlicet
3075 1307 3177 1377 qui
3234 1307 3549 1378 compediti
3606 1310 3666 1363 et

2017 1397 2312 1470 aggravati
2335 1400 2474 1452 sunt
2494 1395 2847 1452 mortalitate
2865 1394 3080 1450 carnis.
3113 1395 3259 1451 Nam
3285 1394 3370 1450 illi
3396 1411 3463 1457 se
3499 1411 3664 1459 cour-

2020 1487 2246 1558 peditos
2268 1483 2468 1540 dolent
2483 1484 2701 1556 quibus
2728 1483 2848 1539 vita
2877 1482 3142 1539 mortalis
3178 1487 3269 1539 est
3322 1484 3577 1551 mmrori,
3607 1489 3667 1540 et

2019 1591 2176 1630 mors
2209 1573 2435 1639 honori,
2463 1574 2631 1643 juxta
2652 1572 2794 1626 illud
2819 1588 2831 1625 :
2861 1572 3026 1643 Cupio
3052 1571 3278 1627 dissolvi
3307 1575 3364 1626 et
3383 1587 3495 1627 esse
3537 1589 3664 1628 cum

2020 1663 2230 1718 Christo
2254 1662 2421 1733 (Phil.
2449 1679 2509 1731 ιι,
2545 1662 2595 1731 1)
2622 1680 2635 1729 ;
2660 1660 2746 1717 vel
2778 1660 2895 1715 sic:
2924 1660 3163 1716 Introeat
3182 1662 3241 1715 in
3270 1664 3553 1732 conspectu
3571 1666 3664 1718 tuo

2016 1754 2250 1823 gemitus
2280 1751 2725 1819 compeditorum,
2753 1749 2811 1803 id
2844 1752 2951 1814 est,
3004 1748 3301 1820 sapientia:
3359 1748 3663 1820 preceptis

250 1838 465 1892 rabant
492 1838 780 1909 quosdam
804 1838 1071 1905 interius,
1095 1840 1357 1911 cogendo
1383 1856 1481 1895 eos
1509 1840 1567 1894 in
1592 1858 1758 1896 suam
1784 1858 1909 1896 sen-
1940 1870 1987 1935 B
2018 1840 2412 1896 astrictorum.
2438 1838 2541 1893 Hic
2572 1838 2872 1909 quaeritur,
2931 1854 3065 1893 cum
3124 1837 3406 1894 Dominus
3463 1837 3659 1893 dicat:

248 1925 499 1981 tentiam
530 1926 801 1996 transire,
834 1932 888 1982 et
920 1928 1098 1983 locum
1131 1931 1274 1997 eius,
1309 1928 1364 1982 id
1389 1932 1497 1998 est,
1529 1927 1763 2001 singula
1782 1929 1909 1984 loca

251 2018 592 2068 sanctorum
622 2018 859 2070 tuorum
891 2015 1295 2081 desolaverunt,
1327 2015 1416 2072 vel
1457 2018 1638 2073 locum
1683 2020 1819 2090 ejus,
1848 2018 1905 2072 id

252 2105 364 2169 est,
396 2101 793 2157 ecclesiastica
821 2103 1113 2167 instituta,
1149 2105 1207 2158 in
1240 2105 1458 2175 quibus
1486 2106 1732 2160 firmiter
1754 2110 1908 2161 stare

258 2193 318 2242 et
346 2188 522 2244 locari
581 2190 861 2246 deberent
911 2192 1134 2261 ﬁdeles,
1194 2193 1455 2248 desolata
1505 2194 1905 2264 reddiderunt,

252 2277 415 2347 quia,
436 2278 755 2333 interfectis
777 2280 1018 2346 sanctis,
1042 2281 1209 2352 quasi
1229 2281 1623 2337 ecclesiastica
1640 2282 1909 2337 instituta

248 2364 520 2421 desolata
551 2370 704 2422 sunt.
737 2367 885 2423 Nota
915 2370 1418 2441 exaggerationem
1452 2371 1571 2437 ira,
1599 2371 1698 2425 ubi
1741 2371 1907 2439 dicit,

244 2453 311 2507 in
336 2462 525 2521 gentes
543 2470 670 2526 quae
688 2461 739 2511 te
757 2473 869 2511 non
889 2462 1175 2527 noverunt,
1206 2458 1346 2529 quia
1376 2476 1601 2524 servus,
1626 2460 1724 2531 qui
1750 2460 1907 2515 novit

244 2540 560 2597 dominum
583 2560 759 2598 suum
782 2550 839 2599 et
870 2545 1187 2601 committit
1206 2546 1377 2615 digna
1405 2549 1598 2619 plagis,
1622 2548 1906 2620 vapulabit

241 2632 445 2699 paucis
476 2632 629 2694 (Luc.
663 2634 788 2703 χιι),
818 2634 958 2703 quia
988 2635 1424 2704 quodammodo
1458 2653 1520 2691 se
1543 2638 1905 2708 recognoscit

244 2734 381 2774 esse
410 2718 482 2774 de
512 2719 735 2775 familia
768 2720 1015 2789 domini,
1048 2738 1182 2777 cum
1224 2740 1356 2778 eum
1407 2741 1755 2796 cognoscere
1787 2741 1900 2779 non

241 2807 495 2880 spernit,
524 2813 581 2863 et
606 2807 690 2863 sic
721 2809 919 2864 minus
950 2810 1008 2864 in
1055 2812 1388 2867 commissis
1438 2813 1711 2884 castigari
1770 2830 1899 2884 pro-

242 2897 486 2951 meruit.
548 2898 760 2952 Servus
830 2903 1046 2965 autem,
1104 2899 1204 2971 qui
1260 2899 1617 2956 voluntatem
1677 2902 1899 2957 domini

239 3000 601 3057 cognoscere
656 2986 1025 3058 dedignatur,
1086 2989 1277 3043 multis
1334 2990 1618 3061 vapulabit
1676 2992 1896 3061 (Ibid);

238 3072 409 3130 velut
440 3073 534 3128 hic
562 3074 633 3128 de
653 3075 925 3146 gentibus
948 3075 1163 3131 dicitur
1188 3096 1199 3132 :
1239 3078 1465 3149 Eﬁunde
1496 3081 1636 3133 iram
1656 3088 1815 3133 tuam
1837 3081 1899 3134 in.

238 3165 441 3231 gentes
476 3176 604 3232 quae
629 3165 681 3217 te
710 3179 819 3217 non
847 3173 1116 3219 noverunt
1145 3174 1194 3219 et
1226 3167 1285 3220 in
1308 3182 1480 3233 regna
1531 3183 1647 3236 quae
1701 3183 1899 3221 nomen

241 3260 410 3307 tuum
440 3267 551 3306 non
576 3252 981 3319 invocaverunt,
1023 3255 1156 3323 quia
1212 3254 1556 3310 comederunt
1613 3255 1792 3319 Iacob,
1852 3262 1902 3308 et
1930 3226 1972 3292 Ο

239 3341 434 3395 locum
463 3341 581 3411 ejus
610 3341 1019 3397 desolaverunt.
1063 3343 1138 3396 Ne
1168 3344 1489 3396 memineris
1543 3345 1897 3413 iniquitatum

238 3437 567 3485 nostrarum
588 3431 961 3500 antiquarum.

312 3518 502 3582 Quasi
532 3518 721 3573 dicat:
755 3517 876 3573 Illis
906 3535 1191 3590 appareas
1222 3519 1425 3587 iratus,
1480 3518 1647 3574 nobis
1704 3524 1899 3575 autem

241 3608 524 3679 placatus
552 3623 666 3662 non
696 3607 1026 3662 reducendo
1048 3606 1315 3662 videlicet
1336 3608 1407 3662 ad
1432 3609 1775 3663 memoriam
1799 3608 1904 3664 ini-

242 3698 512 3769 quitates
543 3695 922 3767 antiquorum
956 3700 1215 3768 patrum,
1250 3700 1313 3751 ut
1336 3713 1447 3752 non
1474 3696 1683 3768 punias
1704 3696 1901 3752 videli-

243 3790 367 3851 cet,
402 3785 503 3840 sed
536 3784 805 3855 ignoscas
836 3801 939 3855 pro
972 3784 1188 3856 quibus
1217 3790 1411 3841 tamen
1438 3785 1631 3857 potius
1674 3787 1905 3842 debere-

244 3891 391 3931 mus
423 3874 689 3929 damnari
724 3889 898 3944 quam
934 3873 1166 3946 corrigi,
1209 3878 1261 3928 et
1304 3877 1411 3929 cito
1469 3876 1785 3946 anticipant,
1846 3875 1903 3930 id

244 3971 367 4029 est,
399 3967 532 4017 ante
563 3962 797 4033 capiant
824 3978 922 4017 nos
947 3963 1344 4018 misericordia
1371 3972 1479 4019 tum
1511 3980 1686 4034 quam
1713 3965 1783 4019 ad
1823 3964 1905 4020 la-

246 4069 433 4124 psum
466 4052 895 4122 perveniamus.
922 4052 990 4105 Et
1011 4068 1160 4123 opus
1184 4056 1291 4119 est,
1324 4054 1459 4122 quia
1489 4068 1757 4123 pauperes
1776 4056 1910 4124 facti

244 4155 451 4197 sumus
479 4140 671 4204 nimis,
700 4139 757 4194 id
783 4145 893 4202 est,
929 4138 1158 4209 nosipsi
1184 4156 1297 4195 non
1324 4140 1652 4195 sufﬁcimus
1671 4141 1739 4194 ad
1759 4140 1912 4195 salu-

246 4234 380 4286 tem
405 4228 844 4299 nostram,quia
865 4244 1074 4283 sumus
1099 4228 1339 4292 inﬁrmi,
1365 4229 1541 4284 nimis
1565 4228 1908 4295 imbecilles,

250 4319 365 4374 sed
393 4318 630 4387 adjuvet
652 4316 1057 4372 misericordia
1083 4321 1185 4372 tua
1208 4317 1565 4372 debilitatem
1626 4323 1910 4384 nostram,

254 4404 725 4463 imbecillitatem
742 4409 1002 4460 nostram
1020 4404 1417 4477 intelligamus
1432 4412 1716 4477 praecepta
1733 4412 1833 4461 tua
1846 4424 1916 4461 ne

254 4494 587 4551 damnandi
607 4494 914 4549 veniamus
938 4495 1010 4549 ad
1026 4494 1340 4565 judicium.
1369 4494 1575 4566 Adjuva
1609 4511 1721 4559 nos,
1784 4496 1916 4550 Deus

2021 1929 2245 1997 Diligite
2266 1929 2519 1983 inimicos
2540 1930 2761 1992 vestros,
2789 1927 2922 1981 bene
2965 1928 3136 1997 facite
3168 1928 3253 1982 his
3283 1928 3380 1999 qui
3433 1927 3661 1983 oderunt

2014 2034 2106 2073 vos
2137 2018 2343 2088 (Matth.
2376 2019 2452 2086 v),
2486 2015 2738 2087 qualiter
2754 2015 2944 2071 sancti
2989 2018 3191 2087 cptent
3218 2015 3541 2072 vindictam
3590 2016 3663 2071 de

2018 2106 2292 2175 inimicis,
2353 2110 2420 2161 ut
2474 2106 2533 2160 in
2593 2104 2959 2177 Apocalypsi,
3014 2104 3260 2160 Vindica
3314 2104 3661 2176 sanguinem

2017 2197 2305 2261 nostrum,
2334 2196 2482 2250 Deus
2501 2198 2701 2249 noster
2720 2194 2901 2265 (Apoc.
2934 2193 3058 2261 vx)?
3088 2194 3156 2247 Et
3185 2192 3351 2255 illud,
3386 2192 3665 2248 lambitur

2014 2287 2200 2357 justus
2228 2301 2353 2339 cum
2394 2284 2596 2338 viderit
2624 2282 2921 2337 vindictam
2962 2282 3131 2352 (Psal.
3193 2282 3348 2351 LVII).
3408 2280 3522 2336 Sed
3580 2281 3665 2336 di-

2015 2374 2265 2429 cendum
2299 2376 2407 2441 est,
2442 2373 2582 2444 quia
2611 2371 2746 2427 licet
2773 2371 2910 2427 boni
2943 2374 3205 2442 quaerant
3245 2370 3561 2426 vindictam
3592 2369 3663 2426 de

2015 2462 2291 2528 inimicis,
2325 2478 2438 2516 non
2470 2466 2667 2516 tamen
2696 2460 2766 2515 ad
2799 2460 2909 2514 hoc
2941 2463 3227 2530 quaerunt,
3275 2462 3339 2514 ut
3368 2458 3663 2530 gaudeant

2014 2551 2085 2605 de
2114 2567 2281 2621 pmna
2302 2549 2546 2615 inimici,
2568 2549 2667 2604 sed
2691 2548 2839 2613 ideo,
2866 2546 3004 2618 quia
3023 2545 3225 2601 volunt
3266 2562 3397 2602 eum
3448 2546 3656 2620 corrigi

2011 2639 2083 2693 ad
2117 2638 2529 2693 correctionem
2564 2636 2832 2701 aliorum,
2857 2634 3115 2690 utillud:
3150 2636 3434 2692 laetabitur
3472 2636 3658 2708 justus

2009 2744 2133 2782 cum
2163 2727 2360 2781 viderit
2388 2726 2713 2791 vindictam,
2741 2741 2939 2779 manus
2957 2740 3084 2779 suas
3116 2724 3330 2780 lavabit
3351 2727 3413 2780 in
3440 2727 3658 2798 sangui-

2008 2832 2079 2871 ne
2104 2818 2409 2887 peccatoris
2440 2814 2652 2884 (Ibid.).
2717 2813 2962 2868 Etiamsi
3018 2812 3276 2869 vindicta
3327 2818 3658 2870 reservatur

2012 2921 2197 2976 usque
2219 2904 2275 2959 in
2302 2904 2498 2969 tinem,
2527 2919 2642 2958 non
2666 2902 2883 2973 gaudet
2906 2902 3095 2957 bonus
3118 2901 3187 2957 de
3210 2918 3381 2973 pmna
3409 2901 3654 2970 inimici,

2009 2994 2108 3049 sed
2130 2993 2453 3064 dejustitia
2477 2989 2720 3059 Domini,
2743 2994 2806 3044 ut
2827 2989 2927 3061 qui
2949 2989 3007 3044 in
3031 2989 3139 3045 hac
3158 2989 3276 3046 vita
3295 2988 3499 3046 volunt
3527 3006 3656 3049 esse

2010 3081 2321 3152 participes
2354 3079 2663 3149 malorum,
2697 3077 2775 3133 ibi
2809 3095 2925 3133 non
2957 3078 3076 3134 sint
3103 3078 3163 3134 in
3196 3078 3435 3152 premio
3473 3080 3654 3136 bono-

2011 3185 2176 3233 rum;
2203 3168 2337 3222 mali
2365 3173 2558 3222 autem
2592 3183 2622 3221 e
2652 3166 2942 3221 contrario
2990 3170 3195 3238 optant
3241 3167 3521 3224 vindicari
3582 3169 3653 3224 ab

2010 3255 2265 3310 inimicis
2296 3257 2443 3323 suis,
2477 3257 2612 3323 quia
2638 3258 2708 3311 ad
2740 3258 2849 3312 hoc
2898 3259 3167 3325 quaerunt
3216 3271 3331 3309 non
3390 3259 3454 3310 ut
3508 3272 3651 3327 gau-

2010 3344 2183 3398 deant
2214 3344 2283 3398 de
2316 3344 2413 3397 Dei
2448 3343 2691 3413 iustitia,
2743 3345 2844 3399 sed
2901 3344 2973 3397 de
3025 3341 3399 3397 inimicorum
3458 3356 3649 3413 pmna.

2009 3432 2317 3488 Secundum
2344 3432 2785 3501 magnitudinem
2843 3430 3056 3487 brachii
3108 3432 3192 3485 tui
3238 3429 3454 3501 posside
3508 3431 3651 3501 ﬁlios

2011 3520 2485 3588 mortiﬁcatorum.
2520 3520 2695 3583 Quasi
2723 3520 2913 3575 dicat:
2972 3519 3065 3575 Sic
3121 3521 3357 3576 introeat
3412 3522 3473 3574 in
3530 3534 3658 3577 con-

2010 3613 2191 3681 spectu
2222 3614 2341 3663 tuos
2366 3611 2602 3679 gemitus
2622 3608 3063 3681 compeditorum,
3090 3611 3152 3663 ut
3184 3606 3479 3679 possideat
3530 3624 3655 3665 ma-

2011 3698 2255 3771 gnitudo
2286 3697 2505 3753 brachii
2537 3697 2621 3753 tui
2662 3699 2811 3768 ﬁlios
2866 3698 3343 3765 mortiﬁcatorum,
3402 3696 3542 3767 quia
3597 3696 3659 3750 in

2013 3793 2088 3856 te,
2121 3787 2333 3843 nonin
2386 3805 2447 3843 se
2504 3791 2771 3859 possunt,
2826 3786 2983 3842 sicut
3032 3783 3378 3856 Apostolus:
3440 3784 3661 3853 Omnia,

2014 3876 2228 3948 inquit,
2260 3892 2479 3947 possum
2517 3879 2573 3931 in
2634 3893 2692 3932 eo
2745 3878 2841 3947 qui
2893 3891 2979 3930 me
3027 3875 3294 3945 con/artat
3350 3871 3523 3944 (Phil.
3558 3872 3660 3945 ιν).

2018 3965 2143 4021 Filii
2193 3965 2676 4020 mortiﬁcatorum
2738 3968 2877 4019 sunt
2929 3962 3257 4018 imitatores
3311 3965 3663 4035 martyrum,

2017 4052 2156 4123 quia
2177 4052 2289 4122 ipsi
2314 4056 2600 4123 martyres
2620 4050 2867 4105 interius
2889 4048 3245 4105 mortificant
3266 4064 3328 4105 se
3352 4065 3485 4105 cum
3508 4048 3669 4105 vitiis

2019 4145 2076 4194 et
2106 4140 2619 4211 concupiscentiis,
2680 4143 2736 4194 et
2793 4140 3047 4195 exterius
3102 4157 3134 4193 a
3190 4138 3669 4211 persecutoribus

2023 4227 2472 4282 mortificamur.
2503 4228 2567 4282 Et
2586 4228 2756 4284 redde
2782 4228 2980 4284 vicinis
3007 4230 3210 4284 nostris
3238 4227 3550 4299 septuplum
3607 4226 3675 4280 in

2023 4316 2151 4369 sinu
2181 4332 2391 4370 eorum.
2424 4316 2597 4379 Quasi
2629 4317 2817 4372 dicat:
2843 4317 3147 4372 Possideat
3186 4315 3528 4387 magnitudo
3573 4328 3673 4384 po-

2024 4404 2216 4459 tentia:
2236 4409 2347 4457 tuae
2366 4402 2514 4459 filios
2530 4405 3242 4471 mortiﬁcatorum,vicinz's
3264 4407 3458 4457 autem
3472 4401 3675 4457 nostris

2027 4491 2883 4561 retribueseptuplum,videlicet
2896 4490 3114 4563 plenari
3123 4507 3216 4545 am
3232 4487 3674 4544 retributionem

255 4583 540 4639 salutaris
564 4591 762 4637 noster.
797 4583 963 4643 Nota.
985 4583 1125 4653 quia
1147 4582 1257 4638 iste
1278 4599 1381 4637 nec
1397 4583 1595 4655 gratiae
1639 4583 1923 4655 ingratus,
1955 4589 2000 4653 Ι)
2035 4586 2097 4635 ut
2119 4596 2221 4653 per
2238 4580 2636 4651 septritormem
2658 4579 2901 4647 gratiam
2946 4577 3199 4650 Spiritus
3222 4576 3406 4633 sancti
3430 4591 3491 4632 se
3534 4592 3677 4632 con-

258 4690 373 4730 nec
407 4671 649 4727 arbitrio
682 4671 864 4727 libero
894 4672 1244 4727 contrarius.
1269 4670 1411 4725 Nam
1438 4671 1534 4742 qui
1556 4672 1813 4743 adjuvari
1840 4689 1925 4727 ro-

260 4765 391 4835 gat,
417 4759 679 4832 aliquam
701 4760 1084 4816 scintillulam
1111 4760 1274 4815 liberi
1294 4761 1519 4815 arbitrii
1537 4760 1593 4814 in
1615 4778 1674 4816 se
1694 4762 1921 4827 retinet,

268 4866 346 4906 ex
380 4865 500 4921 quo
529 4848 707 4905 habet
735 4854 799 4904 ut
827 4850 1090 4922 incipiat.
1123 4850 1230 4905 Sed
1262 4849 1400 4920 quia
1431 4865 1544 4904 non
1566 4855 1654 4906 est
1674 4848 1929 4905 hominis

263 4938 531 5010 dirigere
560 4937 715 4992 viam
748 4954 917 4993 suam
948 4940 1133 5005 (Prov.
1166 4955 1277 5001 xvr,
1330 4942 1387 4993 et
1439 4940 1548 4994 Jer.
1604 4940 1707 5008 ιι),
1766 4943 1931 5010 rogat

264 5026 547 5097 adjuvari
582 5040 686 5098 per
710 5026 962 5098 gratiam
986 5044 998 5093 ;
1033 5027 1188 5097 quod
1211 5026 1375 5092 dicit,
1398 5026 1597 5094 adiuva
1625 5042 1739 5092 nos,
1787 5031 1931 5081 Deus

265 5116 549 5171 salutaris
578 5120 789 5185 noster,
818 5124 869 5170 et
894 5123 1117 5187 propter
1144 5117 1377 5186 gloriam
1424 5116 1665 5170 nominis
1720 5118 1822 5182 tui,
1873 5116 1928 5170 id

267 5208 391 5269 est,
414 5208 479 5259 ut
507 5203 868 5277 gloriﬁcetur
888 5221 1099 5259 nomen
1126 5208 1316 5271 tuum,
1348 5204 1525 5259 libera
1554 5221 1649 5259 nos
1668 5205 1737 5259 de
1760 5203 1931 5259 malis

267 5298 325 5349 et
352 5295 627 5366 prapitius
650 5296 758 5349 esto
779 5295 1015 5365 peccatis
1030 5295 1227 5348 nostris
1240 5300 1459 5364 propter
1507 5309 1707 5348 nomen
1755 5302 1932 5359 tuum,

270 5383 473 5439 dando
493 5380 770 5438 videlicet
790 5387 856 5438 ut
877 5380 1292 5437 tribulationes
1312 5396 1459 5452 quas
1482 5380 1936 5452 patimur,nobis

272 5471 408 5527 sint
419 5470 752 5542 propitialio
774 5475 1163 5541 peccatorum,
1178 5484 1283 5523 nec
1302 5468 1556 5538 peccatis
1573 5468 1936 5539 exigentibus

275 5558 566 5615 cedamus
594 5558 917 5616 idololatria
942 5576 955 5617 :
986 5575 1054 5614 ne
1082 5560 1223 5628 forte
1249 5558 1439 5611 dicant
1466 5559 1527 5609 in
1542 5557 1820 5627 gentibus:
1838 5559 1938 5613 Ubi

271 5656 358 5705 est
394 5648 534 5705 Deus
564 5664 773 5724 eorum,
800 5649 1067 5721 negando
1117 5646 1297 5704 Deum
1341 5662 1408 5701 ex
1458 5649 1575 5701 toto
1632 5661 1786 5712 esse,
1846 5646 1933 5701 vel

2035 4670 2195 4725 fusos
2218 4672 2656 4738 recognoscant,
2679 4671 2734 4722 et
2755 4666 2813 4721 in
2837 4666 2969 4721 sinu
2990 4670 3089 4721 tuo
3112 4666 3358 4738 gratiam
3378 4672 3637 4737 quaerant
3662 4680 3676 4721 :

2036 4763 2092 4814 et
2115 4759 2199 4813 sic
2217 4757 2377 4813 redde
2429 4758 2821 4828 improperium
2862 4757 3104 4826 ipsorum
3141 4756 3281 4828 quod
3317 4756 3679 4828 exprobrave-

2040 4852 2173 4902 runt
2197 4849 2318 4915 tibi,
2355 4848 2596 4909 Domine,
2633 4848 2696 4899 ut
2724 4843 3202 4916 illud,videlicet,
3237 4845 3390 4917 quod
3428 4843 3557 4900 aliis
3576 4844 3683 4899 im-

2043 4937 2450 5007 properabant,
2484 4934 2567 4988 eis
2590 4933 3017 5005 improperetur
3032 4950 3210 4990 causa
3229 4934 3335 4989 tui.
3359 4930 3461 4987 Vel
3484 4930 3683 4987 aliter:

2042 5024 2218 5079 Redde
2245 5025 2443 5078 vicinis
2474 5024 2675 5077 nostris
2705 5023 3033 5093 septuplum,
3079 5022 3136 5077 id
3195 5025 3305 5087 est,
3362 5018 3687 5092 plenariam

2043 5112 2354 5169 vindictam
2389 5111 2447 5165 in
2470 5126 2709 5182 corpore
2738 5110 3007 5166 videlicet
3042 5116 3099 5166 et
3129 5110 3346 5175 anima,
3400 5126 3527 5181 quas
3585 5123 3689 5180 per

2043 5206 2237 5275 partes
2268 5198 2601 5271 septenarii,
2631 5203 2876 5271 quatern
2889 5197 3077 5254 arium
3102 5197 3388 5265 videlicet,
3418 5202 3474 5253 et
3494 5201 3689 5253 terna-

2044 5291 2196 5346 rium
2228 5287 2647 5360 intelligantur.
2710 5287 2854 5342 Nam
2916 5303 3150 5359 corpus,
3211 5304 3326 5359 quo
3385 5283 3692 5342 elementis

2046 5385 2300 5453 quatuor
2316 5380 2673 5448 constat,per
2685 5375 3121 5448 quaternarium
3137 5375 3484 5449 intelligitur
3494 5374 3694 5432 anima

2046 5484 2179 5522 vero
2212 5483 2313 5539 per
2334 5466 2677 5530 ternarium,
2701 5469 2937 5536 propter
2956 5468 3072 5519 tres
3093 5463 3339 5520 virtutes
3382 5479 3542 5527 suas,
3598 5476 3691 5517 ra-

2049 5558 2266 5612 tionem
2290 5553 2573 5619 videlicet,
2592 5552 2762 5623 iram,
2778 5552 3310 5625 concupiscentiam
3332 5551 3515 5623 ;quod
3530 5549 3690 5620 dicit,

2050 5644 2207 5702 redde
2223 5642 2418 5700 vicinis
2435 5644 2635 5697 nostris
2656 5642 2969 5714 septuplum
2984 5644 3039 5697 in
3058 5643 3186 5698 sinu
3214 5657 3431 5713 eorum,
3449 5637 3695 5697 ﬁrmiter
