4014 6194
376 357 495 423 867

939 358 1241 421 semen
1285 352 2038 420 ANTISSIODORENSIS
2082 324 2256 418 ore.
2302 353 2501 422 PARS
2545 359 2702 420 1.-
2740 356 3206 424 EXEGETICA.

3649 350 3777 428 568

376 495 662 563 videlicet,
686 511 801 550 non
823 494 994 549 cadat
1014 494 1086 548 ab
1107 493 1212 563 eis,
1235 496 1292 547 et
1312 492 1470 547 redde
1500 491 1584 547 eis
1620 491 2022 562 improperium
2052 489 2110 555 Α
2139 490 2406 547 videlicet
2444 499 2500 550 et
2520 494 2854 562 Ecclesiam,
2888 496 3025 567 quia
3041 493 3232 552 omnis
3255 489 3549 563 scriptura
3576 485 3668 543 vel
3699 486 3776 541 de

358 584 638 656 .ipsorum
673 583 813 654 quod
841 583 1310 653 exprobrauerunt
1345 583 1464 648 tibi,
1527 582 1772 646 Domine,
1800 583 1861 634 ut
1908 579 2023 650 ipsi

376 673 646 729 videlicet
674 673 993 744 perdantur
1015 672 1073 726 in
1097 672 1202 726 hoc
1226 671 1377 742 quod
1404 675 1610 742 putant
1631 687 1735 724 nos
1759 670 2019 741 perdere.

378 767 486 820 Nos
515 768 699 816 autem
723 761 963 832 populus
995 765 1139 831 tuus,
1182 763 1233 815 et
1261 777 1382 815 oves
1410 777 1628 829 pascua
1677 767 1804 823 tuae,
1853 760 2018 829 conﬁ-

379 851 620 906 tebimur
645 851 749 904 tibi
778 853 838 904 in
859 850 1160 905 arculum:
1193 854 1248 903 et
1270 850 1504 904 tandem
1563 849 2024 903 annuntiabimus

382 939 599 994 laudem
615 942 766 993 tuam
783 941 842 993 in
864 941 1218 1006 generatione
1241 943 1294 992 et
1313 939 1745 1007 generationem,
1771 937 1848 990 ibi
1869 937 2022 990 vide-

380 1028 515 1083 licet
537 1027 635 1082 ubi
658 1043 860 1082 omnes
874 1031 1099 1099 gentes,
1114 1043 1240 1098 quae
1259 1027 1348 1082 hic
1369 1027 1684 1081 succedunt
1699 1026 1888 1097 ,quasi
1909 1043 2025 1081 una

380 1117 676 1190 generatio
707 1121 896 1172 erunt.

907 1304 1236 1360 PSALMUS
1271 1305 1498 1359 LXXIX.

380 1439 439 1480 IN
470 1438 648 1478 FINEM
682 1438 792 1476 PRO
815 1437 909 1476 HIS
939 1439 1036 1483 QUI
1067 1437 1597 1484 COMMIJTABUNTUR,
1631 1436 1894 1477 PSALMUS
1918 1437 2028 1476 PRO

363 1512 369 1519 ’
735 1509 1016 1560 ASSYRIIS,
1047 1507 1446 1547 TESTIMONIUM
1469 1509 1671 1547 ASAPH.

360 1697 368 1700 .
457 1678 479 1708 ι
515 1656 623 1722 Qui
651 1655 804 1727 regis
838 1653 1036 1721 Israel,
1085 1655 1361 1710 intende:
1423 1654 1523 1724 qui
1579 1654 1821 1709 deducis
1875 1654 2031 1709 velut

383 1768 412 1796 ‹‹
444 1762 608 1802 ovem
638 1744 878 1816 Joseph.
913 1744 1020 1808 Qui
1051 1744 1219 1799 sedes
1249 1760 1426 1815 super
1455 1743 1787 1812 cherubim,
1840 1743 2026 1798 mani-

383 1857 414 1886 α
443 1835 656 1891 festare
679 1850 874 1889 coram
899 1831 1196 1904 Ephraim,
1217 1833 1517 1903 Benjamin
1541 1838 1597 1888 et
1622 1839 1899 1888 Manasse.
1927 1835 2028 1888 Ex-
2057 1861 2103 1925 Β

381 1946 410 1975 α
444 1924 562 1980 cita
592 1922 910 1994 potentiam
932 1927 1117 1988 tuam,
1141 1925 1198 1976 et
1218 1921 1372 1989 veni,
1395 1927 1460 1976 ut
1482 1921 1672 1977 salvos
1695 1922 1874 1977 facias
1897 1939 2021 1978 nos.

381 2034 411 2064 ‹‹
443 2011 618 2078 Deus,
649 2015 917 2067 converte
949 2027 1054 2066 nos
1084 2015 1141 2064 et
1171 2011 1412 2065 ostende
1470 2011 1674 2066 faciem
1733 2016 1919 2075 tuam,
1971 2017 2027 2067 et

379 2123 408 2151 ς(
445 2099 588 2156 salvi
619 2100 859 2156 erimus.
893 2099 1137 2155 Domine
1162 2099 1314 2154 Deus
1353 2099 1657 2166 virtutum,
1719 2117 2026 2172 quousque

379 2211 409 2241 α
437 2189 710 2244 irasceris
740 2205 916 2260 super
941 2188 1264 2243 orationem
1290 2188 1439 2242 servi
1472 2189 1605 2243 tui?
1653 2189 1885 2244 Cibabis
1919 2206 2024 2245 nos

379 2298 408 2328 ‹‹
437 2277 1076 2350 panelacrymarum,et
1098 2281 1298 2349 potum
1314 2278 1481 2333 dabis
1495 2278 1661 2333 nobis
1680 2279 1736 2332 in
1753 2277 2024 2351 lacrymis

379 2389 409 2417 «
433 2367 495 2422 in
527 2383 824 2422 mensura.
857 2366 1109 2423 Posuisti
1134 2367 1314 2422 nosin
1348 2368 1862 2423 contradictionem
1889 2369 2024 2423 vici-

379 2479 408 2507 ‹‹
442 2456 534 2511 nis
559 2457 794 2523 nostris,
829 2461 885 2511 et
909 2457 1131 2510 inimici
1153 2457 1335 2511 nostri
1358 2458 2019 2529 subsannaveruntnos.

383 2566 408 2595 ι
441 2544 596 2601 Deus
626 2546 930 2611 virtutum,
965 2551 1233 2600 converte
1265 2562 1392 2611 nos,
1426 2549 1483 2600 et
1525 2547 1767 2600 ostende
1817 2547 2021 2602 faciem

387 2657 408 2684 ι
441 2639 630 2704 tuam,
658 2643 715 2690 et
736 2633 878 2689 salvi
902 2634 1141 2687 erimus.
1156 2633 1398 2688 Vineam
1422 2635 1490 2687 de
1507 2638 1750 2704 JEygpto
1769 2639 2024 2689 transtu-

379 2744 408 2773 «
441 2723 582 2795 listi,
604 2722 827 2794 ejecisti
856 2726 1080 2794 gentes,
1103 2726 1160 2776 et
1181 2721 1618 2793 plantastieam.
1642 2723 1769 2776 Dux
1799 2722 2023 2778 itineris

379 2833 407 2862 ‹‹
442 2811 608 2868 fuisti
635 2812 693 2866 in
726 2814 1036 2882 conspectu
1055 2811 1203 2880 ejus,
1228 2815 1284 2864 et
1315 2808 1590 2881 plantasti
1624 2810 1849 2865 radices
1871 2814 2018 2883 ejus,

378 2922 406 2950 «
440 2905 499 2957 et
526 2899 787 2971 implevit
806 2904 1042 2954 terram.
1067 2899 1308 2970 Operuit
1332 2903 1556 2953 montes
1584 2901 1791 2954 umbra
1808 2902 1936 2970 ejus
1967 2906 2024 2956 et

385 3009 408 3040 ι
443 2989 686 3044 arbusta
716 2989 842 3058 ejus
873 2987 1076 3042 cedros
1116 2988 1229 3043 Dei.
1267 2987 1534 3042 Extendit
1566 2987 1834 3059 palmites
1884 3006 2022 3045 suos

381 3096 410 3125 α
443 3091 629 3146 usque
659 3077 732 3131 ad
764 3091 945 3141 mare,
979 3079 1036 3130 et
1065 3091 1254 3147 usque
1285 3076 1355 3130 ad
1399 3075 1615 3131 ﬂumen
1676 3079 2022 3150 propagines

383 3186 405 3214 α
440 3165 589 3236 ejus.
613 3167 688 3220 Ut
707 3164 844 3236 quid
865 3164 1202 3219 destruxisti
1233 3165 1543 3220 maceriam
1575 3168 1795 3237 ejus,et
1826 3168 2020 3224 vinde-

378 3274 408 3303 «
442 3253 630 3308 miant
656 3270 784 3310 eam
821 3269 1025 3308 omnes
1057 3255 1155 3325 qui
1214 3255 1770 3327 praatergrediuntur
1818 3257 2021 3311 viam?

375 3363 406 3393 α
437 3342 855 3398 Exterminavit
871 3359 998 3397 eam
1023 3359 1162 3413 aper
1179 3343 1249 3398 de
1267 3343 1428 3410 silva,
1449 3348 1506 3398 et
1523 3343 1840 3415 singularis
1864 3346 2020 3401 ferus

376 3453 399 3481 ι
436 3431 716 3504 depastus
746 3437 835 3486 est
873 3447 1024 3486 eam.
1083 3431 1236 3486 Deus
1292 3431 1596 3498 virtutum,
1651 3440 2014 3500 convertere;

373 3539 398 3569 ι
433 3521 658 3592 respice
679 3521 750 3576 de
772 3519 934 3586 caelo,
961 3525 1017 3575 et
1041 3520 1189 3588 vide,
1215 3526 1272 3576 et
1292 3521 1463 3576 visita
1485 3522 1713 3577 vineam
1730 3523 1921 3577 istam.
1947 3525 2017 3578 Et

369 3631 392 3660 α
425 3610 636 3682 perfice
661 3625 787 3665 eam
813 3625 991 3681 quam
1018 3608 1302 3678 plantavit
1326 3611 1561 3666 dextera
1581 3615 1703 3677 tua,
1737 3617 1793 3666 et
1840 3629 2018 3684 super

358 3719 389 3748 ‹‹
425 3697 612 3754 ﬁlium
638 3697 895 3754 hominis
919 3715 1093 3770 quem
1110 3699 1470 3753 confirmasti
1496 3699 1620 3754 tibi.
1638 3700 2015 3772 Incensaigni

356 3810 387 3838 ‹‹
423 3793 481 3844 et
503 3789 784 3858 suffossa,
819 3789 892 3843 ab
927 3788 1324 3859 increpatione
1373 3788 1571 3842 vultus
1603 3789 1687 3843 tui
1721 3790 2010 3861 peribunt_

356 3899 385 3928 α
415 3881 542 3933 Fiat
562 3894 775 3934 manus
796 3883 896 3932 tua
921 3893 1098 3948 super
1119 3877 1308 3931 virum
1331 3877 1580 3931 dexterae
1607 3883 1740 3946 tuae,
1761 3883 1817 3932 et
1838 3895 2016 3950 super

355 3987 385 4015 «
421 3965 610 4021 ﬁlium
632 3965 892 4022 hominis
907 3982 1078 4037 quem
1096 3966 1460 4021 confirmasti
1479 3965 1604 4020 tibi.
1623 3967 1813 4022 Etnon
1830 3968 2014 4023 disce-

361 4075 383 4104 ι
417 4054 618 4109 dimus
641 4059 747 4110 ate
768 4072 785 4107 :
813 4053 1140 4110 viviﬁcabis
1163 4071 1292 4120 nos,
1320 4061 1375 4110 et
1397 4071 1609 4109 nomen
1633 4059 1800 4110 tuum
1850 4057 2011 4112 invo-

355 4163 386 4194 α
419 4143 715 4199 cabimus.
752 4142 996 4198 Domine
1018 4147 1167 4197 Deus
1195 4144 1503 4214 virtutum,
1536 4149 1800 4199 converte
1820 4152 2012 4216 nos,et

356 4253 387 4282 «
418 4232 661 4288 ostende
693 4230 900 4288 faciem
931 4234 1117 4298 tuam,
1151 4236 1208 4284 et
1234 4231 1378 4286 salvi
1404 4231 1644 4288 erimus.
1682 4256 1709 4283 ››

975 4422 1240 4477 ENARRA
1254 4423 1377 4478 TIO.

2133 580 2359 638 Christo
2391 585 2474 638 vel
2499 585 2568 640 de
2592 585 2849 641 Ecclesia
2865 591 2952 641 est
2977 604 2994 639 :
3017 589 3072 640 et
3111 601 3210 656 pro
3231 584 3491 654 Assyriis,
3549 579 3608 634 id
3663 580 3774 643 est,

2133 689 2236 743 pro
2266 673 2676 746 dirigentibus,
2711 679 2792 740 ut,
2827 675 2926 746 qui
2961 675 3120 747 prius
3181 675 3418 728 fuerunt
3473 667 3775 742 generatio

2132 777 2306 830 prava
2323 767 2380 816 et
2399 779 2770 834 exasperans,
2793 765 3063 835 deinceps
3084 763 3340 834 dirigant
3361 777 3424 816 se
3446 760 3776 816 secundum

2133 848 2488 905 voluntatem
2523 851 2772 906 Domini.
2809 852 2956 907 Dicit
2988 857 3182 907 autem
3214 852 3325 906 sic:
3573 898 3588 908 .

2209 939 2314 1005 Qui
2338 941 2478 1010 regis
2507 943 2698 1010 Israel,
2729 942 2964 1004 intende,
3000 942 3054 996 id
3089 946 3197 1008 est,
3229 940 3527 994 intonsum
3575 943 3631 993 te
3689 938 3781 992 fac

2135 1027 2270 1082 huic
2300 1029 2587 1100 regimini,
2623 1031 2873 1102 regendo
2905 1029 3171 1084 videlicet
3203 1029 3399 1094 Israel,
3430 1029 3484 1082 id
3521 1033 3630 1096 est,
3675 1031 3782 1081 Ju-

2135 1117 2367 1171 daicum
2400 1119 2702 1189 populum.
2729 1122 2791 1174 Et
2813 1122 2908 1190 qui
2935 1120 3152 1174 deducis
3183 1120 3324 1173 velut
3364 1134 3515 1174 ovem
3559 1117 3782 1187 Ioseph,

2137 1206 2418 1278 populum
2453 1207 2717 1263 videlicet
2739 1209 3021 1280 gentium,
3056 1209 3154 1280 qui
3189 1225 3290 1279 per
3316 1207 3532 1278 Joseph
3567 1205 3781 1261 intelli-

2135 1295 2309 1367 gitur,
2337 1296 2476 1366 quia
2506 1303 2919 1368 augmentatus
2939 1303 3027 1353 est
3051 1298 3108 1352 in
3135 1298 3309 1369 priori
3352 1295 3586 1368 populo,
3622 1300 3689 1349 ut
3716 1313 3779 1350 ex

2137 1389 2383 1455 utroque
2412 1386 2573 1440 fieret
2597 1404 2802 1442 unum.
2829 1387 2950 1457 Vel,
2977 1391 3166 1458 potest
3185 1386 3356 1441 alicui
3388 1401 3697 1441 occurrere
3722 1385 3777 1439 in

2139 1479 2334 1529 mente
2365 1475 2613 1546 qualiter
2641 1476 2856 1547 Joseph
2890 1494 2922 1531 a
2954 1477 3231 1531 fratribus
3264 1477 3372 1530 fuit
3401 1475 3696 1538 venditus,
3729 1480 3781 1529 et

2136 1563 2195 1616 in
2229 1565 2469 1635 ngypto
2500 1565 2808 1629 exaltatus,
2833 1570 2889 1620 et
2920 1565 3002 1620 sic
3032 1566 3102 1620 ad
3125 1564 3468 1620 memoriam
3493 1565 3783 1619 ducamus

2138 1653 2247 1707 sub
2279 1669 2392 1724 quo
2426 1670 2654 1720 sumus,
2686 1659 2743 1708 et
2773 1671 2906 1709 cum
2939 1655 3177 1726 quibus,
3210 1652 3475 1708 videlicet
3506 1655 3710 1719 Israel,
3733 1654 3781 1707 id

2137 1746 2247 1808 est,
2281 1759 2416 1796 cum
2438 1743 2682 1798 Judaico
2713 1743 2927 1814 populo
2949 1744 3114 1814 prius
3142 1743 3424 1805 credenti,
3456 1747 3590 1813 quia
3637 1743 3788 1797 salus

2137 1846 2209 1885 ea:
2237 1830 2448 1885 Iudaeis
2477 1835 2554 1886 est
2583 1831 2759 1901 (Joan.
2795 1836 2908 1899 IV):
2943 1836 3001 1887 et
3028 1831 3158 1887 ideo
3192 1837 3277 1897 tu,
3340 1830 3608 1900 oleaster,
3677 1830 3791 1886 noli

2135 1917 2323 1974 altum
2346 1936 2568 1991 sapere,
2593 1921 2693 1976 sed
2726 1921 2886 1988 time,
2919 1937 3031 1977 non
3061 1930 3118 1976 tu
3137 1923 3284 1976 enim
3315 1921 3558 1976 radicem
3580 1924 3788 1991 portas,

2133 2008 2229 2063 sed
2257 2008 2424 2064 radio:
2451 2013 2502 2063 te
2529 2011 2704 2076 (Rom.
2732 2015 2831 2078 χι).
2899 2012 3006 2078 Qui
3059 2012 3211 2065 sedes
3258 2027 3422 2080 super
3472 2009 3786 2080 Cherubim,

2132 2098 2508 2167 manifestare.
2547 2098 2844 2153 Cherubin:
2869 2104 2958 2154 est
2976 2098 3232 2154 Ecclesia
3261 2098 3382 2165 Dei,
3411 2102 3465 2153 et
3497 2099 3782 2170 interpre-

2134 2189 2292 2240 tatur
2315 2186 2598 2256 plenitudo
2627 2189 2890 2255 scientize,
2933 2189 3034 2244 sed
3087 2191 3282 2242 tamen
3345 2204 3458 2243 non
3515 2189 3783 2258 desperet

2135 2274 2395 2330 humana
2427 2276 2728 2346 fragilitas,
2761 2277 2899 2347 quia
2932 2277 3184 2348 quisque
3227 2276 3415 2331 fidelis
3470 2281 3563 2331 est
3613 2278 3782 2332 sedes

2134 2362 2257 2428 Dei,
2290 2363 2442 2418 sicut
2472 2365 2755 2436 scriptum
2787 2371 2910 2421 est:
2947 2365 3320 2431 Animaiusti,
3358 2365 3507 2420 sedes
3563 2369 3646 2420 est
3694 2382 3779 2420 sa-

2130 2453 2375 2521 pientia}.
2407 2454 2624 2508 Habeat
2643 2454 2818 2508 etiam
2841 2455 3092 2525 quisque
3114 2454 3458 2509 cbaritatem
3487 2457 3546 2509 et
3602 2454 3779 2510 habet

2135 2541 2558 2610 plenitudinem
2574 2542 2827 2597 scientia:
2841 2543 3272 2614 quiaplenitudo
3285 2544 3417 2613 legis
3430 2547 3505 2598 est
3521 2542 3778 2598 charitas

2133 2631 2304 2698 (Rom.
2319 2631 2463 2700 xm),
2491 2633 2588 2702 qui
2626 2637 2808 2687 manet
2822 2634 2881 2686 in
2891 2634 3172 2702 charitate,
3185 2634 3240 2686 in
3257 2634 3360 2687 Deo
3372 2637 3560 2687 manet
3573 2643 3625 2687 et
3643 2638 3780 2688 Deus

2134 2719 2194 2771 in
2223 2732 2284 2773 eo
2316 2719 2360 2784 (I
2383 2721 2536 2773 Joan.
2576 2721 2648 2790 1v)
2667 2738 2690 2782 ;
2721 2722 2875 2792 quod
2903 2720 3081 2775 dicit:
3113 2723 3222 2791 Qui
3249 2721 3400 2776 sedes
3419 2737 3586 2792 super
3645 2721 3776 2776 Che-

2135 2807 2344 2872 rubim,
2370 2803 2754 2880 manifestare,
2780 2810 2836 2864 id
2868 2815 2974 2875 est,
3009 2811 3359 2866 manifestus
3381 2826 3671 2882 appareas
3699 2825 3778 2864 co-

2131 2911 2250 2948 ram
2276 2897 2556 2966 Ephraim,
2592 2897 2648 2952 id
2679 2903 2786 2968 est,
2811 2916 3004 2954 coram
3035 2899 3525 2955 fructiﬁcantibus
3547 2899 3606 2954 in
3628 2900 3779 2954 bono

2133 2999 2325 3055 opere,
2357 2990 2407 3040 et
2439 2988 2749 3056 Benjamin,
2780 2987 2836 3044 id
2868 2993 2977 3057 est,
3004 3005 3199 3044 coram
3227 2988 3340 3043 illis
3371 2989 3468 3059 qui
3495 2993 3642 3042 sunt
3673 2988 3777 3043 filii

2131 3072 2396 3145 dexterae,
2432 3093 2544 3130 non
2579 3082 2906 3147 quaerentes
2953 3078 3216 3134 videlicet
3246 3085 3459 3132 terrena
3502 3093 3634 3146 quae
3699 3077 3771 3132 ad

2131 3162 2430 3217 sinistram
2466 3165 2777 3236 pertinent,
2802 3167 2898 3221 sed
2935 3167 3190 3222 cmlestia
3218 3167 3287 3221 ad
3317 3166 3606 3220 dexteram
3632 3181 3766 3234 per-

2131 3250 2377 3306 tinentia
2401 3271 2412 3308 :
2447 3253 2532 3308 vel
2555 3270 2739 3309 coram
2770 3256 3084 3326 Benjamin,
3106 3256 3159 3309 id
3186 3261 3292 3325 est,
3310 3271 3496 3310 coram
3518 3252 3637 3309 illis
3660 3251 3761 3324 qui

2131 3339 2275 3395 bene
2307 3348 2638 3412 operantur,
2659 3360 2774 3398 non
2796 3344 2865 3398 ad
2892 3344 3166 3410 favorem,
3192 3345 3345 3416 quod
3370 3345 3439 3398 ad
3465 3343 3770 3398 sinistram

2128 3430 2415 3500 pertinet:
2448 3441 2497 3486 et
2527 3433 2785 3486 Manasse.
2815 3436 3112 3488 Manasses
3154 3433 3575 3504 interpretatur
3631 3434 3774 3488 obli-

2127 3520 2233 3583 vio,
2270 3519 2366 3574 ubi
2399 3519 2808 3593 intelliguntur
2838 3521 2921 3576 illi
2956 3521 3053 3593 qui
3087 3521 3515 3577 obliviscuntur
3546 3538 3618 3578 ea
3649 3540 3773 3593 qua

2126 3611 2279 3663 retro
2312 3614 2471 3675 sunt,
2508 3609 2564 3664 in
2596 3625 2664 3664 ea
2696 3627 2757 3665 se
2786 3611 3105 3666 extendunt
3127 3629 3253 3683 qua
3286 3612 3585 3667 anteriora
3613 3617 3769 3677 sunt,

2125 3701 2181 3750 et
2212 3696 2270 3750 in
2303 3697 2431 3752 istis
2463 3697 2736 3753 omnibus
2759 3698 3168 3771 intelliguntur
3197 3699 3280 3754 illi
3312 3700 3410 3772 qui
3461 3700 3770 3772 reputandi

2134 3789 2280 3840 sunt
2309 3785 2365 3838 in
2400 3785 2642 3842 semine.
2677 3787 2850 3852 Quasi
2883 3788 3072 3843 dicat:
3106 3791 3484 3860 Mani/estare,
3521 3789 3644 3844 illis
3677 3790 3770 3860 qui

2124 3875 2547 3952 annumerandi
2572 3881 2709 3930 sunt
2739 3878 2957 3946 granis,
2992 3877 3128 3932 licet
3148 3895 3260 3933 non
3287 3877 3634 3934 manifestes
3656 3878 3767 3933 illis

2123 3962 2223 4032 qui
2255 3963 2587 4018 dimittendi
2618 3969 2757 4020 sunt
2787 3965 2938 4021 inter
2966 3966 3181 4036 paleas.
3215 3969 3409 4023 Excita
3467 3970 3768 4038 potentiam

2119 4055 2292 4118 tuam,
2325 4061 2377 4108 et
2401 4055 2545 4118 veni,
2577 4062 2636 4108 ut
2665 4053 2847 4110 salvos
2875 4056 3054 4126 facias
3082 4072 3197 4111 nos.
3233 4058 3406 4121 Quasi
3439 4057 3633 4113 dicat:
3669 4060 3765 4114 So-

2121 4140 2243 4212 pita
2273 4141 2383 4196 fuit
2413 4141 2670 4212 potentia
2698 4147 2817 4212 tua,
2841 4145 3074 4214 quando
3107 4151 3442 4216 persecutor
3480 4147 3588 4201 tibi
3624 4164 3765 4218 prae-

2117 4229 2318 4300 valuit,
2345 4247 2458 4285 non
2483 4232 2636 4302 quod
2662 4238 2998 4304 persecutor
3016 4233 3217 4304 voluit,
3246 4236 3346 4290 sed
3371 4235 3510 4306 quia
3527 4251 3768 4292 consen-

2119 4317 2280 4373 sisti:
2316 4320 2469 4390 quod
2493 4320 2666 4374 etiam
2700 4321 3104 4393 praeﬁgurasti,
3131 4326 3348 4394 quanto
3369 4323 3551 4379 Jacob
3575 4323 3764 4380 lucta-

2116 4411 2212 4462 tus
2241 4414 2327 4462 est
2346 4424 2478 4463 cum
2500 4408 2728 4480 angelo.
2757 4411 2882 4480 Ipse
2905 4410 3059 4464 enim
3095 4410 3274 4466 Jacob
3297 4412 3621 4484 prevaluit,
3651 4431 3762 4470 non

2117 4497 2271 4567 quod
2292 4497 2416 4568 ipse
2441 4497 2641 4565 voluit,
2668 4499 2766 4553 sed
2793 4499 2931 4569 quia
2951 4498 3194 4572 angelus
3236 4501 3546 4569 consentit,
3583 4502 3763 4559 Jacob

421 4573 486 4629 In
518 4573 639 4664 hoc,
656 4572 882 4664 psalmo
910 4577 1177 4664 cantatur
1205 4575 1277 4630 de
1301 4575 1548 4632 adventu
1573 4580 1800 4635 Domini
1825 4585 2009 4640 nostri
2040 4592 2088 4656 D
2121 4584 2291 4639 etiam
2327 4602 2361 4640 a
2389 4586 2536 4642 victo
2569 4587 2772 4658 angelo
2802 4588 3264 4644 benedictionem
3290 4589 3472 4661 petiit,
3497 4595 3555 4645 et
3584 4608 3760 4664 ange-

346 4660 484 4717 Jesu
509 4661 746 4732 Christi,
770 4666 826 4717 et
845 4663 916 4718 de
932 4663 1099 4718 vinea
1123 4665 1251 4734 eius
1277 4681 1289 4718 :
1316 4669 1372 4720 et
1393 4671 1594 4721 cantat
1635 4686 1769 4725 eum
1827 4674 2009 4746 Asaph

346 4753 643 4807 correctus
673 4755 730 4806 et
758 4750 1150 4819 illuminatus,
1182 4752 1392 4824 plenus
1449 4754 1714 4811 videlicet
1770 4758 1987 4831 Spiritu

344 4843 580 4896 sancto:
613 4844 672 4896 et
699 4845 790 4896 est
817 4844 1070 4910 psalmus
1091 4858 1188 4912 pro
1220 4843 1306 4898 his
1351 4843 1448 4914 qui
1497 4848 1999 4909 cominutabuntur.

342 4929 732 4988 Commutatio
756 4935 846 4985 est
868 4929 956 4985 vel
984 4931 1040 4984 in
1075 4932 1263 5003 pejus,
1297 4932 1386 4987 vel
1417 4932 1475 4988 in
1510 4935 1743 4991 melius.
1782 4937 1861 4994 De
1894 4940 2003 4998 hac

343 5025 540 5077 autem
564 5037 761 5076 comm
777 5019 1039 5075 utatione
1057 5037 1183 5092 qua:
1205 5027 1294 5076 est
1313 5021 1372 5075 in
1391 5023 1580 5094 pejus,
1604 5041 1716 5079 non
1743 5025 2003 5099 loquitur

343 5109 439 5166 hic
462 5111 731 5181 psalmus,
765 5125 902 5165 cum
926 5109 997 5164 de
1019 5110 1268 5165 adventu
1306 5110 1537 5166 Domini
1561 5111 1840 5186 loquitur,
1901 5120 2002 5190 qui

343 5199 457 5257 fuit
487 5216 663 5254 causa
695 5199 1175 5254 commutationis
1207 5199 1265 5254 in
1298 5200 1546 5257 melius:
1582 5204 1720 5274 quia
1767 5209 1910 5264 sicut
1942 5213 2002 5262 in

342 5289 514 5345 Adam
541 5304 729 5344 omnes
757 5291 1096 5357 moriuntur,
1125 5291 1206 5344 ita
1236 5294 1289 5345 et
1324 5292 1380 5344 in
1419 5291 1630 5347 Christo
1649 5309 1838 5350 omnes
1870 5299 2002 5353 vivi-

342 5377 660 5450 ficabuntur
717 5377 760 5447 (I
791 5379 914 5434 Cor.
976 5382 1110 5444 xv);
1167 5383 1224 5433 et
1281 5384 1372 5433 est
1427 5383 1803 5438 testimonium
1862 5387 2002 5456 quia

343 5470 594 5523 testatur
624 5467 694 5521 de
721 5482 852 5536 rege
875 5470 930 5521 et
947 5467 1016 5520 de
1040 5466 1227 5537 plebe,
1249 5468 1319 5523 de
1342 5473 1592 5540 pastore,
1621 5475 1680 5525 et
1703 5475 2002 5531 sacerdote

343 5558 400 5609 et
429 5554 500 5609 de
527 5570 720 5626 grege,
781 5555 852 5609 de
883 5554 1113 5629 Christo
1145 5562 1201 5610 et
1230 5556 1398 5612 vinea
1427 5559 1578 5628 ejus,
1614 5564 1800 5615 totum
1843 5563 1998 5620 vide-

342 5640 478 5696 licet
500 5641 843 5713 mysterium
867 5638 1194 5710 divinariim
1221 5645 1683 5717 Scripturarum,
1699 5649 1998 5708 Christum

2120 4673 2213 4728 Ius
2243 4675 2515 4730 eumdem
2548 4676 2864 4742 benedixit,
2897 4682 2953 4732 et
2982 4677 3353 4734 latitudinem
3379 4680 3620 4736 femoris
3637 4684 3761 4750 ejus

2103 4767 2372 4834 tangens,
2406 4763 2680 4820 claudum
2713 4765 3253 4835 cumdimisit’(Gen.
3281 4769 3459 4833 xxxii)
3489 4785 3504 4824 :
3539 4769 3623 4824 ita
3652 4769 3757 4825 Do-

2117 4852 2316 4907 minus
2349 4855 2622 4908 eumdem
2665 4855 2979 4910 Judaicum
3013 4856 3294 4928 populum
3328 4857 3646 4930 benedixit,
3707 4866 3762 4914 et

2113 4941 2388 4998 claudum
2413 4959 2543 4997 eum
2566 4943 2698 4998 fecit
2723 4961 2734 4999 ε
2766 4944 3076 5012 benedixit,
3101 4950 3386 5015 quantum
3412 4947 3482 5001 ad
3523 4956 3756 5020 aposto-

2112 5030 2201 5087 los
2221 5037 2277 5087 et
2307 5036 2545 5087 caateros
2565 5032 2784 5097 fideles,
2811 5033 3084 5089 claudum
3113 5035 3246 5090 fecit
3267 5041 3557 5106 quantum
3581 5039 3656 5093 ad
3681 5039 3759 5093 in-

2113 5120 2402 5176 credulos.
2436 5121 2598 5184 Quod
2631 5120 2790 5190 dicit,
2824 5124 3006 5178 excita
3034 5126 3330 5194 potentiam
3359 5128 3535 5193 tuam,
3588 5126 3758 5198 quasi

2113 5207 2305 5262 dicat:
2341 5208 2605 5262 Mortuus
2625 5225 2693 5263 ex
2715 5208 3072 5272 infirmitate,
3107 5227 3343 5284 resurge
3365 5229 3432 5268 ex
3452 5215 3761 5284 majestate

2113 5297 2184 5367 (II
2222 5299 2342 5351 Cor.
2376 5298 2524 5365 xm),
2558 5301 2615 5351 et
2643 5299 2770 5352 veni
2807 5298 2865 5351 in
2909 5299 3174 5354 notitiam
3235 5307 3520 5368 nostram,
3577 5320 3759 5375 quem

2111 5386 2272 5456 prius
2306 5403 2418 5440 non
2452 5386 2740 5441 novimus.
2773 5386 3041 5443 Vidimus
3071 5389 3226 5444 enim
3262 5391 3547 5448 miracula
3594 5398 3652 5449 te
3673 5395 3756 5449 fa-

2109 5475 2441 5544 cientem,et
2469 5479 2663 5530 tamen
2689 5476 3057 5552 morientem,
3084 5484 3141 5533 et
3163 5479 3292 5535 ideo
3311 5496 3425 5535 non
3448 5482 3755 5552 putabas-is

2110 5562 2206 5618 ille
2235 5580 2365 5619 csse
2396 5565 2548 5634 quod
2584 5581 2732 5620 eras.
2768 5564 2928 5620 Unde
2956 5565 3122 5636 illud,
3153 5568 3418 5624 Vidimus
3449 5587 3586 5626 eum
3638 5587 3745 5626 non

2112 5652 2705 5734 habentem'speciem
2739 5657 2928 5726 neque
2955 5655 3222 5713 decorem
3279 5661 3414 5737 (ιφ.
3453 5661 3596 5731 un).
3645 5659 3748 5713 Sed
