  <div class='ocr_page' id='page_1' title='image "/cluster/home/n/w/nwhite01/storage/ocr_20150623/131/hvd.32044054759923/292.png"; bbox 0 0 4014 6194; ppageno 0'>
   <div class='ocr_carea' id='block_1_1' title="bbox 1356 325 2512 400">
    <p class='ocr_par' dir='ltr' id='par_1_1' title="bbox 1356 325 2512 400">
     <span class='ocr_line' id='line_1_1' title="bbox 1356 325 2512 400; baseline -0.006 0"><span class='ocrx_word' id='word_1_1' title='bbox 1356 328 1962 400; x_wconf 73' lang='lat' dir='ltr'>ENARRATIONES</span> <span class='ocrx_word' id='word_1_2' title='bbox 2006 327 2085 394; x_wconf 83' lang='lat' dir='ltr'>IN</span> <span class='ocrx_word' id='word_1_3' title='bbox 2136 325 2512 395; x_wconf 82' lang='lat' dir='ltr'>PSALMOS.</span> 
     </span>
    </p>
   </div>
   <div class='ocr_carea' id='block_1_2' title="bbox 3513 272 3707 395">
    <p class='ocr_par' dir='ltr' id='par_1_2' title="bbox 3513 272 3707 395">
     <span class='ocr_line' id='line_1_2' title="bbox 3513 272 3707 395; baseline 0.01 -2"><span class='ocrx_word' id='word_1_4' title='bbox 3513 327 3634 395; x_wconf 73' lang='lat'>570</span> <span class='ocrx_word' id='word_1_5' title='bbox 3703 272 3707 283; x_wconf 19' lang='grc' dir='ltr'><strong><em>ο</em></strong></span> 
     </span>
    </p>
   </div>
   <div class='ocr_carea' id='block_1_3' title="bbox 242 465 3634 547">
    <p class='ocr_par' dir='ltr' id='par_1_3' title="bbox 242 465 3634 547">
     <span class='ocr_line' id='line_1_3' title="bbox 242 465 3634 547; baseline -0 -18"><span class='ocrx_word' id='word_1_6' title='bbox 242 490 397 530; x_wconf 87' lang='lat' dir='ltr'>nunc</span> <span class='ocrx_word' id='word_1_7' title='bbox 415 471 718 531; x_wconf 79' lang='lat' dir='ltr'>videamus</span> <span class='ocrx_word' id='word_1_8' title='bbox 738 476 793 531; x_wconf 90' lang='lat' dir='ltr'>te</span> <span class='ocrx_word' id='word_1_9' title='bbox 814 476 1300 547; x_wconf 88' lang='lat' dir='ltr'>resurgentem,et</span> <span class='ocrx_word' id='word_1_10' title='bbox 1315 471 1724 528; x_wconf 81' lang='lat' dir='ltr'>ascendentem</span> <span class='ocrx_word' id='word_1_11' title='bbox 1747 472 1803 524; x_wconf 91' lang='lat' dir='ltr'>et</span> <span class='ocrx_word' id='word_1_12' title='bbox 1821 467 1881 522; x_wconf 94' lang='lat' dir='ltr'>in</span> <span class='ocrx_word' id='word_1_13' title='bbox 1910 465 1966 532; x_wconf 72' lang='grc' dir='ltr'>Α</span> <span class='ocrx_word' id='word_1_14' title='bbox 1994 465 2103 525; x_wconf 91' lang='lat' dir='ltr'>hoc</span> <span class='ocrx_word' id='word_1_15' title='bbox 2123 469 2301 526; x_wconf 89' lang='lat' dir='ltr'>etiam</span> <span class='ocrx_word' id='word_1_16' title='bbox 2322 471 2523 527; x_wconf 89' lang='lat' dir='ltr'>referri</span> <span class='ocrx_word' id='word_1_17' title='bbox 2550 474 2743 545; x_wconf 89' lang='lat' dir='ltr'>potest</span> <span class='ocrx_word' id='word_1_18' title='bbox 2764 470 2836 528; x_wconf 90' lang='lat' dir='ltr'>ad</span> <span class='ocrx_word' id='word_1_19' title='bbox 2872 468 3209 541; x_wconf 89' lang='lat' dir='ltr'>Ecclesiam,</span> <span class='ocrx_word' id='word_1_20' title='bbox 3234 467 3373 542; x_wconf 88' lang='lat' dir='ltr'>quia</span> <span class='ocrx_word' id='word_1_21' title='bbox 3394 468 3525 542; x_wconf 85' lang='lat' dir='ltr'>ipsa</span> <span class='ocrx_word' id='word_1_22' title='bbox 3544 474 3634 528; x_wconf 91' lang='lat' dir='ltr'>est</span> 
     </span>
    </p>
   </div>
   <div class='ocr_carea' id='block_1_4' title="bbox 239 562 1878 631">
    <p class='ocr_par' dir='ltr' id='par_1_4' title="bbox 239 562 1878 631">
     <span class='ocr_line' id='line_1_4' title="bbox 239 562 1878 631; baseline -0.004 -12"><span class='ocrx_word' id='word_1_23' title='bbox 239 564 441 619; x_wconf 80' lang='lat' dir='ltr'>dextra</span> <span class='ocrx_word' id='word_1_24' title='bbox 472 564 569 619; x_wconf 89' lang='lat' dir='ltr'>Dei</span> <span class='ocrx_word' id='word_1_25' title='bbox 615 565 933 620; x_wconf 81' lang='lat' dir='ltr'>sedentem.</span> <span class='ocrx_word' id='word_1_26' title='bbox 994 565 1060 618; x_wconf 85' lang='lat' dir='ltr'>Et</span> <span class='ocrx_word' id='word_1_27' title='bbox 1084 564 1210 619; x_wconf 85' lang='lat' dir='ltr'>veni</span> <span class='ocrx_word' id='word_1_28' title='bbox 1238 570 1299 618; x_wconf 90' lang='lat' dir='ltr'>ut</span> <span class='ocrx_word' id='word_1_29' title='bbox 1340 562 1518 617; x_wconf 88' lang='lat' dir='ltr'>salvos</span> <span class='ocrx_word' id='word_1_30' title='bbox 1547 562 1732 631; x_wconf 81' lang='lat' dir='ltr'>facias</span> <span class='ocrx_word' id='word_1_31' title='bbox 1760 574 1878 624; x_wconf 83' lang='lat' dir='ltr'>nos,</span> 
     </span>
    </p>
   </div>
   <div class='ocr_carea' id='block_1_5' title="bbox 1988 559 3633 635">
    <p class='ocr_par' dir='ltr' id='par_1_5' title="bbox 1988 559 3633 635">
     <span class='ocr_line' id='line_1_5' title="bbox 1988 559 3633 635; baseline 0.002 -21"><span class='ocrx_word' id='word_1_32' title='bbox 1988 559 2157 615; x_wconf 91' lang='lat' dir='ltr'>vinea</span> <span class='ocrx_word' id='word_1_33' title='bbox 2175 560 2240 615; x_wconf 88' lang='lat' dir='ltr'>de</span> <span class='ocrx_word' id='word_1_34' title='bbox 2267 563 2497 633; x_wconf 60' lang='lat' dir='ltr'>.«Egypto</span> <span class='ocrx_word' id='word_1_35' title='bbox 2518 562 2824 629; x_wconf 87' lang='lat' dir='ltr'>translata,</span> <span class='ocrx_word' id='word_1_36' title='bbox 2843 562 2901 618; x_wconf 87' lang='lat' dir='ltr'>id</span> <span class='ocrx_word' id='word_1_37' title='bbox 2928 566 3038 630; x_wconf 89' lang='lat' dir='ltr'>est,</span> <span class='ocrx_word' id='word_1_38' title='bbox 3070 563 3140 618; x_wconf 90' lang='lat' dir='ltr'>de</span> <span class='ocrx_word' id='word_1_39' title='bbox 3162 565 3445 635; x_wconf 80' lang='lat' dir='ltr'>potestate</span> <span class='ocrx_word' id='word_1_40' title='bbox 3466 566 3633 618; x_wconf 83' lang='lat' dir='ltr'>tene-</span> 
     </span>
    </p>
   </div>
   <div class='ocr_carea' id='block_1_6' title="bbox 235 649 3634 725">
    <p class='ocr_par' dir='ltr' id='par_1_6' title="bbox 235 649 3634 725">
     <span class='ocr_line' id='line_1_6' title="bbox 235 649 3634 725; baseline -0 -16"><span class='ocrx_word' id='word_1_41' title='bbox 235 654 397 719; x_wconf 89' lang='lat' dir='ltr'>Deus,</span> <span class='ocrx_word' id='word_1_42' title='bbox 418 661 663 708; x_wconf 79' lang='lat' dir='ltr'>converte</span> <span class='ocrx_word' id='word_1_43' title='bbox 684 670 799 709; x_wconf 88' lang='lat' dir='ltr'>nos.</span> <span class='ocrx_word' id='word_1_44' title='bbox 824 654 999 719; x_wconf 80' lang='lat' dir='ltr'>Quasi</span> <span class='ocrx_word' id='word_1_45' title='bbox 1027 652 1220 707; x_wconf 90' lang='lat' dir='ltr'>dicat:</span> <span class='ocrx_word' id='word_1_46' title='bbox 1248 650 1472 707; x_wconf 85' lang='lat' dir='ltr'>Inimici</span> <span class='ocrx_word' id='word_1_47' title='bbox 1501 649 1588 705; x_wconf 88' lang='lat' dir='ltr'>tui</span> <span class='ocrx_word' id='word_1_48' title='bbox 1612 650 1883 721; x_wconf 66' lang='lat' dir='ltr'>quaerunt</span> <span class='ocrx_word' id='word_1_49' title='bbox 1988 649 2230 705; x_wconf 89' lang='lat' dir='ltr'>brarum</span> <span class='ocrx_word' id='word_1_50' title='bbox 2255 650 2314 704; x_wconf 90' lang='lat' dir='ltr'>in</span> <span class='ocrx_word' id='word_1_51' title='bbox 2338 667 2585 723; x_wconf 82' lang='lat' dir='ltr'>regnum</span> <span class='ocrx_word' id='word_1_52' title='bbox 2606 652 2757 708; x_wconf 91' lang='lat' dir='ltr'>lucis</span> <span class='ocrx_word' id='word_1_53' title='bbox 2785 657 3089 725; x_wconf 88' lang='lat' dir='ltr'>assumpta</span> <span class='ocrx_word' id='word_1_54' title='bbox 3113 670 3126 720; x_wconf 92' lang='lat'><strong>;</strong></span> <span class='ocrx_word' id='word_1_55' title='bbox 3148 653 3356 725; x_wconf 86' lang='lat' dir='ltr'>ejecisti</span> <span class='ocrx_word' id='word_1_56' title='bbox 3368 658 3553 724; x_wconf 89' lang='lat' dir='ltr'>gentes</span> <span class='ocrx_word' id='word_1_57' title='bbox 3573 650 3634 708; x_wconf 90' lang='lat' dir='ltr'>id</span> 
     </span>
    </p>
   </div>
   <div class='ocr_carea' id='block_1_7' title="bbox 234 736 1882 808">
    <p class='ocr_par' dir='ltr' id='par_1_7' title="bbox 234 736 1882 808">
     <span class='ocr_line' id='line_1_7' title="bbox 234 736 1882 808; baseline -0.004 -11"><span class='ocrx_word' id='word_1_58' title='bbox 234 747 488 797; x_wconf 89' lang='lat' dir='ltr'>avertere</span> <span class='ocrx_word' id='word_1_59' title='bbox 517 759 551 798; x_wconf 90' lang='lat' dir='ltr'>a</span> <span class='ocrx_word' id='word_1_60' title='bbox 580 746 656 807; x_wconf 92' lang='lat' dir='ltr'>te,</span> <span class='ocrx_word' id='word_1_61' title='bbox 690 743 792 797; x_wconf 88' lang='lat' dir='ltr'>sed</span> <span class='ocrx_word' id='word_1_62' title='bbox 824 747 910 808; x_wconf 91' lang='lat' dir='ltr'>tu,</span> <span class='ocrx_word' id='word_1_63' title='bbox 943 746 1210 797; x_wconf 85' lang='lat' dir='ltr'>converte</span> <span class='ocrx_word' id='word_1_64' title='bbox 1239 757 1337 797; x_wconf 90' lang='lat' dir='ltr'>eos</span> <span class='ocrx_word' id='word_1_65' title='bbox 1368 741 1439 795; x_wconf 89' lang='lat' dir='ltr'>ab</span> <span class='ocrx_word' id='word_1_66' title='bbox 1472 755 1664 794; x_wconf 87' lang='lat' dir='ltr'>errore</span> <span class='ocrx_word' id='word_1_67' title='bbox 1694 736 1882 793; x_wconf 82' lang='lat' dir='ltr'>idolo—</span> 
     </span>
    </p>
   </div>
   <div class='ocr_carea' id='block_1_8' title="bbox 234 826 1885 903">
    <p class='ocr_par' dir='ltr' id='par_1_8' title="bbox 234 826 1885 903">
     <span class='ocr_line' id='line_1_8' title="bbox 234 826 1885 903; baseline -0.004 -17"><span class='ocrx_word' id='word_1_68' title='bbox 234 830 517 900; x_wconf 58' lang='lat' dir='ltr'>latrize,et</span> <span class='ocrx_word' id='word_1_69' title='bbox 536 831 755 887; x_wconf 88' lang='lat' dir='ltr'>ostende</span> <span class='ocrx_word' id='word_1_70' title='bbox 774 834 984 903; x_wconf 83' lang='lat' dir='ltr'>faciam</span> <span class='ocrx_word' id='word_1_71' title='bbox 1021 840 1191 900; x_wconf 89' lang='lat' dir='ltr'>tuam,</span> <span class='ocrx_word' id='word_1_72' title='bbox 1233 838 1283 885; x_wconf 91' lang='lat' dir='ltr'>et</span> <span class='ocrx_word' id='word_1_73' title='bbox 1304 828 1451 885; x_wconf 85' lang='lat' dir='ltr'>salvi</span> <span class='ocrx_word' id='word_1_74' title='bbox 1478 831 1705 883; x_wconf 78' lang='lat' dir='ltr'>erimus.</span> <span class='ocrx_word' id='word_1_75' title='bbox 1740 826 1885 890; x_wconf 83' lang='lat' dir='ltr'>Quia</span> 
     </span>
    </p>
   </div>
   <div class='ocr_carea' id='block_1_9' title="bbox 236 913 1884 993">
    <p class='ocr_par' dir='ltr' id='par_1_9' title="bbox 236 913 1884 993">
     <span class='ocr_line' id='line_1_9' title="bbox 236 913 1884 993; baseline -0.004 -19"><span class='ocrx_word' id='word_1_76' title='bbox 236 920 402 993; x_wconf 87' lang='lat' dir='ltr'>prius</span> <span class='ocrx_word' id='word_1_77' title='bbox 424 920 695 992; x_wconf 83' lang='lat' dir='ltr'>obtegisti</span> <span class='ocrx_word' id='word_1_78' title='bbox 722 923 1045 992; x_wconf 77' lang='lat' dir='ltr'>potentiam</span> <span class='ocrx_word' id='word_1_79' title='bbox 1068 924 1230 975; x_wconf 89' lang='lat' dir='ltr'>tuam</span> <span class='ocrx_word' id='word_1_80' title='bbox 1256 918 1409 973; x_wconf 90' lang='lat' dir='ltr'>nube</span> <span class='ocrx_word' id='word_1_81' title='bbox 1424 917 1641 984; x_wconf 88' lang='lat' dir='ltr'>carnis,</span> <span class='ocrx_word' id='word_1_82' title='bbox 1661 920 1716 971; x_wconf 88' lang='lat' dir='ltr'>et</span> <span class='ocrx_word' id='word_1_83' title='bbox 1730 913 1884 970; x_wconf 84' lang='lat' dir='ltr'>vela-</span> 
     </span>
    </p>
   </div>
   <div class='ocr_carea' id='block_1_10' title="bbox 240 1008 1882 1080">
    <p class='ocr_par' dir='ltr' id='par_1_10' title="bbox 240 1008 1882 1080">
     <span class='ocr_line' id='line_1_10' title="bbox 240 1008 1882 1080; baseline -0.002 -17"><span class='ocrx_word' id='word_1_84' title='bbox 240 1013 438 1064; x_wconf 88' lang='lat' dir='ltr'>mento</span> <span class='ocrx_word' id='word_1_85' title='bbox 466 1008 851 1073; x_wconf 78' lang='lat' dir='ltr'>infirmitatis,</span> <span class='ocrx_word' id='word_1_86' title='bbox 902 1014 959 1063; x_wconf 89' lang='lat' dir='ltr'>et</span> <span class='ocrx_word' id='word_1_87' title='bbox 1015 1008 1441 1080; x_wconf 69' lang='lat' dir='ltr'>aagrotavimus,</span> <span class='ocrx_word' id='word_1_88' title='bbox 1502 1021 1657 1060; x_wconf 91' lang='lat' dir='ltr'>nunc</span> <span class='ocrx_word' id='word_1_89' title='bbox 1688 1012 1882 1060; x_wconf 87' lang='lat' dir='ltr'>autem</span> 
     </span>
    </p>
   </div>
   <div class='ocr_carea' id='block_1_11' title="bbox 240 1096 1885 1168">
    <p class='ocr_par' dir='ltr' id='par_1_11' title="bbox 240 1096 1885 1168">
     <span class='ocr_line' id='line_1_11' title="bbox 240 1096 1885 1168; baseline -0.005 -13"><span class='ocrx_word' id='word_1_90' title='bbox 240 1097 460 1155; x_wconf 77' lang='lat' dir='ltr'>ostende</span> <span class='ocrx_word' id='word_1_91' title='bbox 486 1099 688 1168; x_wconf 80' lang='lat' dir='ltr'>faciam</span> <span class='ocrx_word' id='word_1_92' title='bbox 719 1102 911 1165; x_wconf 87' lang='lat' dir='ltr'>tuam;</span> <span class='ocrx_word' id='word_1_93' title='bbox 938 1102 1001 1152; x_wconf 91' lang='lat' dir='ltr'>ut</span> <span class='ocrx_word' id='word_1_94' title='bbox 1022 1096 1418 1167; x_wconf 84' lang='lat' dir='ltr'>intelligamus</span> <span class='ocrx_word' id='word_1_95' title='bbox 1441 1111 1619 1166; x_wconf 88' lang='lat' dir='ltr'>super</span> <span class='ocrx_word' id='word_1_96' title='bbox 1636 1110 1885 1164; x_wconf 87' lang='lat' dir='ltr'>egenum</span> 
     </span>
    </p>
   </div>
   <div class='ocr_carea' id='block_1_12' title="bbox 243 1183 1889 1258">
    <p class='ocr_par' dir='ltr' id='par_1_12' title="bbox 243 1183 1889 1258">
     <span class='ocr_line' id='line_1_12' title="bbox 243 1183 1889 1258; baseline -0.004 -15"><span class='ocrx_word' id='word_1_97' title='bbox 243 1191 302 1243; x_wconf 88' lang='lat' dir='ltr'>et</span> <span class='ocrx_word' id='word_1_98' title='bbox 330 1202 669 1258; x_wconf 82' lang='lat' dir='ltr'>pauperem,</span> <span class='ocrx_word' id='word_1_99' title='bbox 700 1195 755 1241; x_wconf 90' lang='lat' dir='ltr'>et</span> <span class='ocrx_word' id='word_1_100' title='bbox 781 1187 924 1242; x_wconf 84' lang='lat' dir='ltr'>salvi</span> <span class='ocrx_word' id='word_1_101' title='bbox 952 1189 1181 1247; x_wconf 86' lang='lat' dir='ltr'>erimus,</span> <span class='ocrx_word' id='word_1_102' title='bbox 1221 1186 1393 1255; x_wconf 85' lang='lat' dir='ltr'>juxta</span> <span class='ocrx_word' id='word_1_103' title='bbox 1423 1183 1594 1254; x_wconf 90' lang='lat' dir='ltr'>illud,</span> <span class='ocrx_word' id='word_1_104' title='bbox 1626 1188 1749 1239; x_wconf 82' lang='lat' dir='ltr'>Post</span> <span class='ocrx_word' id='word_1_105' title='bbox 1772 1184 1889 1239; x_wconf 72' lang='lat' dir='ltr'>haec</span> 
     </span>
    </p>
   </div>
   <div class='ocr_carea' id='block_1_13' title="bbox 242 1274 1890 1342">
    <p class='ocr_par' dir='ltr' id='par_1_13' title="bbox 242 1274 1890 1342">
     <span class='ocr_line' id='line_1_13' title="bbox 242 1274 1890 1342; baseline -0.003 -11"><span class='ocrx_word' id='word_1_106' title='bbox 242 1275 308 1331; x_wconf 84' lang='lat' dir='ltr'>in</span> <span class='ocrx_word' id='word_1_107' title='bbox 334 1276 500 1330; x_wconf 89' lang='lat' dir='ltr'>terris</span> <span class='ocrx_word' id='word_1_108' title='bbox 532 1276 675 1330; x_wconf 89' lang='lat' dir='ltr'>visus</span> <span class='ocrx_word' id='word_1_109' title='bbox 698 1280 797 1342; x_wconf 89' lang='lat' dir='ltr'>est,</span> <span class='ocrx_word' id='word_1_110' title='bbox 826 1284 877 1330; x_wconf 88' lang='lat' dir='ltr'>et</span> <span class='ocrx_word' id='word_1_111' title='bbox 906 1292 1032 1330; x_wconf 89' lang='lat' dir='ltr'>cum</span> <span class='ocrx_word' id='word_1_112' title='bbox 1082 1274 1397 1330; x_wconf 88' lang='lat' dir='ltr'>hominibus</span> <span class='ocrx_word' id='word_1_113' title='bbox 1433 1277 1779 1329; x_wconf 86' lang='lat' dir='ltr'>conversatus</span> <span class='ocrx_word' id='word_1_114' title='bbox 1809 1279 1890 1327; x_wconf 91' lang='lat' dir='ltr'>est</span> 
     </span>
    </p>
   </div>
   <div class='ocr_carea' id='block_1_14' title="bbox 245 1360 1888 1435">
    <p class='ocr_par' dir='ltr' id='par_1_14' title="bbox 245 1360 1888 1435">
     <span class='ocr_line' id='line_1_14' title="bbox 245 1360 1888 1435; baseline -0.003 -15"><span class='ocrx_word' id='word_1_115' title='bbox 245 1363 509 1435; x_wconf 80' lang='lat' dir='ltr'>(Baruch.</span> <span class='ocrx_word' id='word_1_116' title='bbox 541 1364 648 1435; x_wconf 82' lang='lat' dir='ltr'>III).</span> <span class='ocrx_word' id='word_1_117' title='bbox 680 1364 749 1419; x_wconf 88' lang='lat' dir='ltr'>Et</span> <span class='ocrx_word' id='word_1_118' title='bbox 804 1364 944 1435; x_wconf 91' lang='lat' dir='ltr'>quia</span> <span class='ocrx_word' id='word_1_119' title='bbox 998 1363 1155 1419; x_wconf 85' lang='lat' dir='ltr'>sicut</span> <span class='ocrx_word' id='word_1_120' title='bbox 1208 1363 1388 1433; x_wconf 89' lang='lat' dir='ltr'>oravi,</span> <span class='ocrx_word' id='word_1_121' title='bbox 1446 1362 1643 1429; x_wconf 85' lang='lat' dir='ltr'>facies,</span> <span class='ocrx_word' id='word_1_122' title='bbox 1677 1360 1888 1416; x_wconf 83' lang='lat' dir='ltr'>Filium</span> 
     </span>
    </p>
   </div>
   <div class='ocr_carea' id='block_1_15' title="bbox 242 1452 1888 1522">
    <p class='ocr_par' dir='ltr' id='par_1_15' title="bbox 242 1452 1888 1522">
     <span class='ocr_line' id='line_1_15' title="bbox 242 1452 1888 1522; baseline -0.002 -14"><span class='ocrx_word' id='word_1_123' title='bbox 242 1456 412 1508; x_wconf 89' lang='lat' dir='ltr'>tuum</span> <span class='ocrx_word' id='word_1_124' title='bbox 448 1452 757 1519; x_wconf 91' lang='lat' dir='ltr'>mittendo,</span> <span class='ocrx_word' id='word_1_125' title='bbox 788 1452 1054 1508; x_wconf 88' lang='lat' dir='ltr'>videlicet</span> <span class='ocrx_word' id='word_1_126' title='bbox 1100 1456 1163 1507; x_wconf 91' lang='lat' dir='ltr'>ut</span> <span class='ocrx_word' id='word_1_127' title='bbox 1196 1469 1300 1507; x_wconf 89' lang='lat' dir='ltr'>nos</span> <span class='ocrx_word' id='word_1_128' title='bbox 1331 1455 1644 1522; x_wconf 84' lang='lat' dir='ltr'>convertat,</span> <span class='ocrx_word' id='word_1_129' title='bbox 1670 1455 1756 1516; x_wconf 91' lang='lat' dir='ltr'>tu,</span> <span class='ocrx_word' id='word_1_130' title='bbox 1788 1452 1888 1505; x_wconf 93' lang='lat' dir='ltr'>Do-</span> 
     </span>
    </p>
   </div>
   <div class='ocr_carea' id='block_1_16' title="bbox 242 1537 1892 1611">
    <p class='ocr_par' dir='ltr' id='par_1_16' title="bbox 242 1537 1892 1611">
     <span class='ocr_line' id='line_1_16' title="bbox 242 1537 1892 1611; baseline -0.002 -15"><span class='ocrx_word' id='word_1_131' title='bbox 242 1542 398 1596; x_wconf 91' lang='lat' dir='ltr'>mine</span> <span class='ocrx_word' id='word_1_132' title='bbox 423 1541 580 1611; x_wconf 86' lang='lat' dir='ltr'>Deus,</span> <span class='ocrx_word' id='word_1_133' title='bbox 618 1557 729 1596; x_wconf 92' lang='lat' dir='ltr'>non</span> <span class='ocrx_word' id='word_1_134' title='bbox 762 1547 994 1597; x_wconf 89' lang='lat' dir='ltr'>tantum</span> <span class='ocrx_word' id='word_1_135' title='bbox 1025 1541 1356 1607; x_wconf 87' lang='lat' dir='ltr'>hominum,</span> <span class='ocrx_word' id='word_1_136' title='bbox 1390 1541 1491 1595; x_wconf 89' lang='lat' dir='ltr'>sed</span> <span class='ocrx_word' id='word_1_137' title='bbox 1521 1540 1697 1595; x_wconf 87' lang='lat' dir='ltr'>etiam</span> <span class='ocrx_word' id='word_1_138' title='bbox 1729 1537 1892 1593; x_wconf 67' lang='lat' dir='ltr'>coele-</span> 
     </span>
    </p>
   </div>
   <div class='ocr_carea' id='block_1_17' title="bbox 242 1628 1891 1702">
    <p class='ocr_par' dir='ltr' id='par_1_17' title="bbox 242 1628 1891 1702">
     <span class='ocr_line' id='line_1_17' title="bbox 242 1628 1891 1702; baseline -0.004 -15"><span class='ocrx_word' id='word_1_139' title='bbox 242 1629 423 1687; x_wconf 84' lang='lat' dir='ltr'>stium</span> <span class='ocrx_word' id='word_1_140' title='bbox 448 1632 742 1696; x_wconf 87' lang='lat' dir='ltr'>virtutum,</span> <span class='ocrx_word' id='word_1_141' title='bbox 763 1646 1042 1702; x_wconf 81' lang='lat' dir='ltr'>quousque</span> <span class='ocrx_word' id='word_1_142' title='bbox 1066 1632 1325 1686; x_wconf 87' lang='lat' dir='ltr'>irasceris</span> <span class='ocrx_word' id='word_1_143' title='bbox 1346 1635 1370 1683; x_wconf 68' lang='grc' dir='ltr'><em>γ</em></span> <span class='ocrx_word' id='word_1_144' title='bbox 1396 1631 1451 1684; x_wconf 90' lang='lat' dir='ltr'>id</span> <span class='ocrx_word' id='word_1_145' title='bbox 1493 1633 1599 1699; x_wconf 84' lang='lat' dir='ltr'>est,</span> <span class='ocrx_word' id='word_1_146' title='bbox 1629 1628 1891 1700; x_wconf 90' lang='lat' dir='ltr'>quandiu</span> 
     </span>
    </p>
   </div>
   <div class='ocr_carea' id='block_1_18' title="bbox 238 1718 1890 1791">
    <p class='ocr_par' dir='ltr' id='par_1_18' title="bbox 238 1718 1890 1791">
     <span class='ocr_line' id='line_1_18' title="bbox 238 1718 1890 1791; baseline -0.002 -15"><span class='ocrx_word' id='word_1_147' title='bbox 238 1718 572 1776; x_wconf 80' lang='lat' dir='ltr'>remanebit</span> <span class='ocrx_word' id='word_1_148' title='bbox 603 1719 688 1774; x_wconf 87' lang='lat' dir='ltr'>ira</span> <span class='ocrx_word' id='word_1_149' title='bbox 720 1724 824 1775; x_wconf 83' lang='lat' dir='ltr'>tua</span> <span class='ocrx_word' id='word_1_150' title='bbox 852 1736 1018 1791; x_wconf 82' lang='lat' dir='ltr'>super</span> <span class='ocrx_word' id='word_1_151' title='bbox 1048 1722 1356 1775; x_wconf 87' lang='lat' dir='ltr'>orationem</span> <span class='ocrx_word' id='word_1_152' title='bbox 1388 1720 1535 1774; x_wconf 85' lang='lat' dir='ltr'>servi</span> <span class='ocrx_word' id='word_1_153' title='bbox 1560 1720 1666 1784; x_wconf 88' lang='lat' dir='ltr'>tui,</span> <span class='ocrx_word' id='word_1_154' title='bbox 1699 1718 1756 1772; x_wconf 88' lang='lat' dir='ltr'>id</span> <span class='ocrx_word' id='word_1_155' title='bbox 1780 1720 1890 1786; x_wconf 90' lang='grc' dir='ltr'>θεῖ,</span> 
     </span>
    </p>
   </div>
   <div class='ocr_carea' id='block_1_19' title="bbox 1991 739 3635 814">
    <p class='ocr_par' dir='ltr' id='par_1_19' title="bbox 1991 739 3635 814">
     <span class='ocr_line' id='line_1_19' title="bbox 1991 739 3635 814; baseline 0.002 -19"><span class='ocrx_word' id='word_1_156' title='bbox 1991 743 2080 795; x_wconf 88' lang='grc' dir='ltr'>θεῖ</span> <span class='ocrx_word' id='word_1_157' title='bbox 2102 739 2365 810; x_wconf 88' lang='lat' dir='ltr'>gentium</span> <span class='ocrx_word' id='word_1_158' title='bbox 2404 757 2653 807; x_wconf 90' lang='lat' dir='ltr'>errores,</span> <span class='ocrx_word' id='word_1_159' title='bbox 2692 747 2749 797; x_wconf 91' lang='lat' dir='ltr'>et</span> <span class='ocrx_word' id='word_1_160' title='bbox 2769 743 3039 814; x_wconf 85' lang='lat' dir='ltr'>plantasti</span> <span class='ocrx_word' id='word_1_161' title='bbox 3067 760 3188 799; x_wconf 89' lang='lat' dir='ltr'>eam</span> <span class='ocrx_word' id='word_1_162' title='bbox 3216 743 3275 798; x_wconf 92' lang='lat' dir='ltr'>in</span> <span class='ocrx_word' id='word_1_163' title='bbox 3308 742 3442 813; x_wconf 86' lang='lat' dir='ltr'>ﬁde,</span> <span class='ocrx_word' id='word_1_164' title='bbox 3472 741 3635 798; x_wconf 87' lang='lat' dir='ltr'>vide-</span> 
     </span>
    </p>
   </div>
   <div class='ocr_carea' id='block_1_20' title="bbox 1993 827 3636 904">
    <p class='ocr_par' dir='ltr' id='par_1_20' title="bbox 1993 827 3636 904">
     <span class='ocr_line' id='line_1_20' title="bbox 1993 827 3636 904; baseline 0.004 -22"><span class='ocrx_word' id='word_1_165' title='bbox 1993 827 2131 883; x_wconf 88' lang='lat' dir='ltr'>licet</span> <span class='ocrx_word' id='word_1_166' title='bbox 2160 827 2465 884; x_wconf 87' lang='lat' dir='ltr'>catholica.</span> <span class='ocrx_word' id='word_1_167' title='bbox 2499 830 2567 885; x_wconf 90' lang='lat' dir='ltr'>Et</span> <span class='ocrx_word' id='word_1_168' title='bbox 2617 831 2733 887; x_wconf 76' lang='lat' dir='ltr'>dua:</span> <span class='ocrx_word' id='word_1_169' title='bbox 2787 832 3007 888; x_wconf 77' lang='lat' dir='ltr'>itineris</span> <span class='ocrx_word' id='word_1_170' title='bbox 3066 834 3227 903; x_wconf 80' lang='lat' dir='ltr'>fuisti</span> <span class='ocrx_word' id='word_1_171' title='bbox 3263 835 3319 888; x_wconf 90' lang='lat' dir='ltr'>in</span> <span class='ocrx_word' id='word_1_172' title='bbox 3350 840 3636 904; x_wconf 85' lang='lat' dir='ltr'>conspectu</span> 
     </span>
    </p>
   </div>
   <div class='ocr_carea' id='block_1_21' title="bbox 1993 917 3636 990">
    <p class='ocr_par' dir='ltr' id='par_1_21' title="bbox 1993 917 3636 990">
     <span class='ocr_line' id='line_1_21' title="bbox 1993 917 3636 990; baseline 0.004 -18"><span class='ocrx_word' id='word_1_173' title='bbox 1993 918 2142 987; x_wconf 85' lang='lat' dir='ltr'>ejus;</span> <span class='ocrx_word' id='word_1_174' title='bbox 2178 917 2317 988; x_wconf 87' lang='lat' dir='ltr'>quia</span> <span class='ocrx_word' id='word_1_175' title='bbox 2337 918 2394 972; x_wconf 91' lang='lat' dir='ltr'>in</span> <span class='ocrx_word' id='word_1_176' title='bbox 2419 917 2509 973; x_wconf 86' lang='lat' dir='ltr'>die</span> <span class='ocrx_word' id='word_1_177' title='bbox 2532 919 2879 990; x_wconf 68' lang='lat' dir='ltr'>princessisti</span> <span class='ocrx_word' id='word_1_178' title='bbox 2904 921 2959 975; x_wconf 92' lang='lat' dir='ltr'>in</span> <span class='ocrx_word' id='word_1_179' title='bbox 3008 922 3181 985; x_wconf 81' lang='lat' dir='ltr'>nube,</span> <span class='ocrx_word' id='word_1_180' title='bbox 3223 921 3358 977; x_wconf 86' lang='lat' dir='ltr'>etin</span> <span class='ocrx_word' id='word_1_181' title='bbox 3382 928 3549 979; x_wconf 88' lang='lat' dir='ltr'>nocte</span> <span class='ocrx_word' id='word_1_182' title='bbox 3575 923 3636 979; x_wconf 91' lang='lat' dir='ltr'>in</span> 
     </span>
    </p>
   </div>
   <div class='ocr_carea' id='block_1_22' title="bbox 1993 1005 3638 1078">
    <p class='ocr_par' dir='ltr' id='par_1_22' title="bbox 1993 1005 3638 1078">
     <span class='ocr_line' id='line_1_22' title="bbox 1993 1005 3638 1078; baseline 0.005 -18"><span class='ocrx_word' id='word_1_183' title='bbox 1993 1005 2149 1076; x_wconf 88' lang='lat' dir='ltr'>igne,</span> <span class='ocrx_word' id='word_1_184' title='bbox 2175 1006 2519 1078; x_wconf 81' lang='lat' dir='ltr'>significans</span> <span class='ocrx_word' id='word_1_185' title='bbox 2540 1006 2751 1063; x_wconf 87' lang='lat' dir='ltr'>Filium</span> <span class='ocrx_word' id='word_1_186' title='bbox 2774 1012 2940 1063; x_wconf 88' lang='lat' dir='ltr'>tuum</span> <span class='ocrx_word' id='word_1_187' title='bbox 2962 1011 3349 1074; x_wconf 90' lang='lat' dir='ltr'>incarnatum,</span> <span class='ocrx_word' id='word_1_188' title='bbox 3369 1010 3638 1068; x_wconf 77' lang='lat' dir='ltr'>Ecclesiae</span> 
     </span>
    </p>
   </div>
   <div class='ocr_carea' id='block_1_23' title="bbox 1997 1096 3638 1173">
    <p class='ocr_par' dir='ltr' id='par_1_23' title="bbox 1997 1096 3638 1173">
     <span class='ocr_line' id='line_1_23' title="bbox 1997 1096 3638 1173; baseline 0.005 -23"><span class='ocrx_word' id='word_1_189' title='bbox 1997 1112 2419 1167; x_wconf 67' lang='lat' dir='ltr'>prazcessurum</span> <span class='ocrx_word' id='word_1_190' title='bbox 2452 1096 2522 1150; x_wconf 82' lang='lat' dir='ltr'>de</span> <span class='ocrx_word' id='word_1_191' title='bbox 2553 1097 2709 1151; x_wconf 89' lang='lat' dir='ltr'>nube</span> <span class='ocrx_word' id='word_1_192' title='bbox 2758 1098 2955 1153; x_wconf 89' lang='lat' dir='ltr'>carnis</span> <span class='ocrx_word' id='word_1_193' title='bbox 3004 1103 3063 1154; x_wconf 90' lang='lat' dir='ltr'>et</span> <span class='ocrx_word' id='word_1_194' title='bbox 3090 1100 3150 1154; x_wconf 91' lang='lat' dir='ltr'>in</span> <span class='ocrx_word' id='word_1_195' title='bbox 3183 1100 3352 1156; x_wconf 91' lang='lat' dir='ltr'>donis</span> <span class='ocrx_word' id='word_1_196' title='bbox 3382 1100 3638 1173; x_wconf 87' lang='lat' dir='ltr'>Spiritus</span> 
     </span>
    </p>
   </div>
   <div class='ocr_carea' id='block_1_24' title="bbox 1998 1184 3642 1260">
    <p class='ocr_par' dir='ltr' id='par_1_24' title="bbox 1998 1184 3642 1260">
     <span class='ocr_line' id='line_1_24' title="bbox 1998 1184 3642 1260; baseline 0.004 -21"><span class='ocrx_word' id='word_1_197' title='bbox 1998 1184 2205 1240; x_wconf 87' lang='lat' dir='ltr'>sancti.</span> <span class='ocrx_word' id='word_1_198' title='bbox 2242 1187 2302 1240; x_wconf 89' lang='lat' dir='ltr'>Et</span> <span class='ocrx_word' id='word_1_199' title='bbox 2329 1186 2605 1256; x_wconf 85' lang='lat' dir='ltr'>plantasti</span> <span class='ocrx_word' id='word_1_200' title='bbox 2650 1187 2864 1242; x_wconf 77' lang='lat' dir='ltr'>radices</span> <span class='ocrx_word' id='word_1_201' title='bbox 2908 1189 3024 1259; x_wconf 84' lang='lat' dir='ltr'>ejus</span> <span class='ocrx_word' id='word_1_202' title='bbox 3051 1193 3102 1244; x_wconf 87' lang='lat' dir='ltr'>et</span> <span class='ocrx_word' id='word_1_203' title='bbox 3134 1189 3384 1260; x_wconf 84' lang='lat' dir='ltr'>implevit</span> <span class='ocrx_word' id='word_1_204' title='bbox 3413 1194 3642 1260; x_wconf 88' lang='lat' dir='ltr'>terram,</span> 
     </span>
    </p>
   </div>
   <div class='ocr_carea' id='block_1_25' title="bbox 1996 1273 3643 1349">
    <p class='ocr_par' dir='ltr' id='par_1_25' title="bbox 1996 1273 3643 1349">
     <span class='ocr_line' id='line_1_25' title="bbox 1996 1273 3643 1349; baseline 0.005 -21"><span class='ocrx_word' id='word_1_205' title='bbox 1996 1273 2292 1329; x_wconf 90' lang='lat' dir='ltr'>intantum</span> <span class='ocrx_word' id='word_1_206' title='bbox 2326 1275 2479 1346; x_wconf 87' lang='lat' dir='ltr'>quod</span> <span class='ocrx_word' id='word_1_207' title='bbox 2513 1278 2729 1346; x_wconf 88' lang='lat' dir='ltr'>operuit</span> <span class='ocrx_word' id='word_1_208' title='bbox 2760 1284 2965 1332; x_wconf 82' lang='lat' dir='ltr'>montes</span> <span class='ocrx_word' id='word_1_209' title='bbox 2994 1284 3193 1332; x_wconf 85' lang='lat' dir='ltr'>umbra</span> <span class='ocrx_word' id='word_1_210' title='bbox 3238 1281 3373 1349; x_wconf 88' lang='lat' dir='ltr'>ejus.</span> <span class='ocrx_word' id='word_1_211' title='bbox 3405 1279 3480 1334; x_wconf 90' lang='lat' dir='ltr'>Ut</span> <span class='ocrx_word' id='word_1_212' title='bbox 3518 1296 3643 1336; x_wconf 88' lang='lat' dir='ltr'>ma-</span> 
     </span>
    </p>
   </div>
   <div class='ocr_carea' id='block_1_26' title="bbox 1998 1361 3645 1441">
    <p class='ocr_par' dir='ltr' id='par_1_26' title="bbox 1998 1361 3645 1441">
     <span class='ocr_line' id='line_1_26' title="bbox 1998 1361 3645 1441; baseline 0.005 -24"><span class='ocrx_word' id='word_1_213' title='bbox 1998 1378 2114 1435; x_wconf 89' lang='lat' dir='ltr'>gna</span> <span class='ocrx_word' id='word_1_214' title='bbox 2126 1361 2443 1419; x_wconf 89' lang='lat' dir='ltr'>multitudo</span> <span class='ocrx_word' id='word_1_215' title='bbox 2456 1364 2657 1435; x_wconf 89' lang='lat' dir='ltr'>populi</span> <span class='ocrx_word' id='word_1_216' title='bbox 2670 1365 3645 1441; x_wconf 87' lang='lat' dir='ltr'>denotetur,comparavitpopulum</span> 
     </span>
    </p>
   </div>
   <div class='ocr_carea' id='block_1_27' title="bbox 1998 1451 3645 1528">
    <p class='ocr_par' dir='ltr' id='par_1_27' title="bbox 1998 1451 3645 1528">
     <span class='ocr_line' id='line_1_27' title="bbox 1998 1451 3645 1528; baseline 0.005 -22"><span class='ocrx_word' id='word_1_217' title='bbox 1998 1451 2197 1523; x_wconf 91' lang='lat' dir='ltr'>ipsum</span> <span class='ocrx_word' id='word_1_218' title='bbox 2226 1452 2404 1507; x_wconf 66' lang='lat' dir='ltr'>vinea:</span> <span class='ocrx_word' id='word_1_219' title='bbox 2435 1452 2705 1524; x_wconf 71' lang='lat' dir='ltr'>plantatae</span> <span class='ocrx_word' id='word_1_220' title='bbox 2737 1457 2794 1508; x_wconf 91' lang='lat' dir='ltr'>et</span> <span class='ocrx_word' id='word_1_221' title='bbox 2839 1454 3132 1510; x_wconf 90' lang='lat' dir='ltr'>intantum</span> <span class='ocrx_word' id='word_1_222' title='bbox 3184 1459 3455 1523; x_wconf 61' lang='lat' dir='ltr'>extensae,</span> <span class='ocrx_word' id='word_1_223' title='bbox 3488 1459 3645 1528; x_wconf 89' lang='lat' dir='ltr'>quod</span> 
     </span>
    </p>
   </div>
   <div class='ocr_carea' id='block_1_28' title="bbox 2001 1542 3647 1615">
    <p class='ocr_par' dir='ltr' id='par_1_28' title="bbox 2001 1542 3647 1615">
     <span class='ocr_line' id='line_1_28' title="bbox 2001 1542 3647 1615; baseline 0.003 -18"><span class='ocrx_word' id='word_1_224' title='bbox 2001 1542 2214 1597; x_wconf 89' lang='lat' dir='ltr'>umbra</span> <span class='ocrx_word' id='word_1_225' title='bbox 2243 1542 2371 1613; x_wconf 89' lang='lat' dir='ltr'>ejus</span> <span class='ocrx_word' id='word_1_226' title='bbox 2403 1547 2629 1597; x_wconf 87' lang='lat' dir='ltr'>montes</span> <span class='ocrx_word' id='word_1_227' title='bbox 2660 1543 2946 1615; x_wconf 83' lang='lat' dir='ltr'>operiret:</span> <span class='ocrx_word' id='word_1_228' title='bbox 2986 1543 3071 1597; x_wconf 88' lang='lat' dir='ltr'>vel</span> <span class='ocrx_word' id='word_1_229' title='bbox 3132 1545 3238 1610; x_wconf 89' lang='lat' dir='ltr'>sic,</span> <span class='ocrx_word' id='word_1_230' title='bbox 3263 1547 3534 1615; x_wconf 86' lang='lat' dir='ltr'>plantasti</span> <span class='ocrx_word' id='word_1_231' title='bbox 3561 1564 3647 1602; x_wconf 88' lang='lat' dir='ltr'>ra-</span> 
     </span>
    </p>
   </div>
   <div class='ocr_carea' id='block_1_29' title="bbox 2000 1629 3649 1706">
    <p class='ocr_par' dir='ltr' id='par_1_29' title="bbox 2000 1629 3649 1706">
     <span class='ocr_line' id='line_1_29' title="bbox 2000 1629 3649 1706; baseline 0.003 -22"><span class='ocrx_word' id='word_1_232' title='bbox 2000 1629 2146 1685; x_wconf 84' lang='lat' dir='ltr'>dices</span> <span class='ocrx_word' id='word_1_233' title='bbox 2173 1634 2314 1699; x_wconf 82' lang='lat' dir='ltr'>ejus,</span> <span class='ocrx_word' id='word_1_234' title='bbox 2347 1631 2712 1702; x_wconf 88' lang='lat' dir='ltr'>patriarchas</span> <span class='ocrx_word' id='word_1_235' title='bbox 2770 1630 3057 1702; x_wconf 88' lang='lat' dir='ltr'>videlicet,</span> <span class='ocrx_word' id='word_1_236' title='bbox 3116 1632 3176 1687; x_wconf 88' lang='lat' dir='ltr'>in</span> <span class='ocrx_word' id='word_1_237' title='bbox 3209 1633 3446 1705; x_wconf 88' lang='lat' dir='ltr'>quibus,</span> <span class='ocrx_word' id='word_1_238' title='bbox 3480 1633 3649 1706; x_wconf 88' lang='lat' dir='ltr'>quasi</span> 
     </span>
    </p>
   </div>
   <div class='ocr_carea' id='block_1_30' title="bbox 2003 1718 3654 1794">
    <p class='ocr_par' dir='ltr' id='par_1_30' title="bbox 2003 1718 3654 1794">
     <span class='ocr_line' id='line_1_30' title="bbox 2003 1718 3654 1794; baseline 0.004 -20"><span class='ocrx_word' id='word_1_239' title='bbox 2003 1719 2228 1774; x_wconf 87' lang='lat' dir='ltr'>fructus</span> <span class='ocrx_word' id='word_1_240' title='bbox 2250 1718 2308 1774; x_wconf 93' lang='lat' dir='ltr'>in</span> <span class='ocrx_word' id='word_1_241' title='bbox 2340 1719 2554 1787; x_wconf 89' lang='lat' dir='ltr'>radice,</span> <span class='ocrx_word' id='word_1_242' title='bbox 2588 1721 3019 1791; x_wconf 63' lang='lat' dir='ltr'>praenotabatur</span> <span class='ocrx_word' id='word_1_243' title='bbox 3047 1720 3326 1790; x_wconf 88' lang='lat' dir='ltr'>Ecclesia,</span> <span class='ocrx_word' id='word_1_244' title='bbox 3360 1726 3415 1778; x_wconf 90' lang='lat' dir='ltr'>et</span> <span class='ocrx_word' id='word_1_245' title='bbox 3434 1724 3654 1794; x_wconf 85' lang='lat' dir='ltr'>operuit</span> 
     </span>
    </p>
   </div>
   <div class='ocr_carea' id='block_1_31' title="bbox 239 1805 3650 1901">
    <p class='ocr_par' dir='ltr' id='par_1_31' title="bbox 239 1805 3650 1901">
     <span class='ocr_line' id='line_1_31' title="bbox 239 1805 3650 1901; baseline 0.001 -37"><span class='ocrx_word' id='word_1_246' title='bbox 239 1824 421 1880; x_wconf 85' lang='lat' dir='ltr'>super</span> <span class='ocrx_word' id='word_1_247' title='bbox 438 1807 547 1863; x_wconf 91' lang='lat' dir='ltr'>hoc</span> <span class='ocrx_word' id='word_1_248' title='bbox 568 1809 723 1880; x_wconf 91' lang='lat' dir='ltr'>quod</span> <span class='ocrx_word' id='word_1_249' title='bbox 746 1813 874 1864; x_wconf 88' lang='lat' dir='ltr'>orat</span> <span class='ocrx_word' id='word_1_250' title='bbox 921 1825 1127 1864; x_wconf 89' lang='lat' dir='ltr'>servus</span> <span class='ocrx_word' id='word_1_251' title='bbox 1155 1814 1329 1864; x_wconf 89' lang='lat' dir='ltr'>tuus:</span> <span class='ocrx_word' id='word_1_252' title='bbox 1383 1807 1490 1875; x_wconf 89' lang='lat' dir='ltr'>vel,</span> <span class='ocrx_word' id='word_1_253' title='bbox 1544 1808 1803 1862; x_wconf 86' lang='lat' dir='ltr'>irasceris</span> <span class='ocrx_word' id='word_1_254' title='bbox 1832 1805 1892 1861; x_wconf 91' lang='lat' dir='ltr'>in</span> <span class='ocrx_word' id='word_1_255' title='bbox 1926 1835 1976 1901; x_wconf 79' lang='grc' dir='ltr'><strong>Β</strong></span> <span class='ocrx_word' id='word_1_256' title='bbox 2004 1816 2215 1863; x_wconf 85' lang='lat' dir='ltr'>montes</span> <span class='ocrx_word' id='word_1_257' title='bbox 2244 1808 2441 1863; x_wconf 89' lang='lat' dir='ltr'>umbra</span> <span class='ocrx_word' id='word_1_258' title='bbox 2498 1809 2616 1876; x_wconf 80' lang='lat' dir='ltr'>eius</span> <span class='ocrx_word' id='word_1_259' title='bbox 2638 1826 2656 1862; x_wconf 89' lang='lat'><em>:</em></span> <span class='ocrx_word' id='word_1_260' title='bbox 2703 1817 2908 1865; x_wconf 86' lang='lat' dir='ltr'>montes</span> <span class='ocrx_word' id='word_1_261' title='bbox 2965 1813 3105 1865; x_wconf 90' lang='lat' dir='ltr'>sunt</span> <span class='ocrx_word' id='word_1_262' title='bbox 3156 1810 3471 1883; x_wconf 63' lang='lat' dir='ltr'>propheta,</span> <span class='ocrx_word' id='word_1_263' title='bbox 3501 1828 3650 1884; x_wconf 88' lang='lat' dir='ltr'>quos</span> 
     </span>
    </p>
   </div>
   <div class='ocr_carea' id='block_1_32' title="bbox 240 1896 1894 1970">
    <p class='ocr_par' dir='ltr' id='par_1_32' title="bbox 240 1896 1894 1970">
     <span class='ocr_line' id='line_1_32' title="bbox 240 1896 1894 1970; baseline -0.002 -17"><span class='ocrx_word' id='word_1_264' title='bbox 240 1898 548 1953; x_wconf 85' lang='lat' dir='ltr'>oralionem</span> <span class='ocrx_word' id='word_1_265' title='bbox 575 1899 724 1952; x_wconf 85' lang='lat' dir='ltr'>servi</span> <span class='ocrx_word' id='word_1_266' title='bbox 741 1898 824 1953; x_wconf 87' lang='lat' dir='ltr'>tui</span> <span class='ocrx_word' id='word_1_267' title='bbox 842 1914 1025 1968; x_wconf 84' lang='lat' dir='ltr'>super,</span> <span class='ocrx_word' id='word_1_268' title='bbox 1051 1896 1109 1952; x_wconf 92' lang='lat' dir='ltr'>id</span> <span class='ocrx_word' id='word_1_269' title='bbox 1135 1902 1247 1963; x_wconf 88' lang='lat' dir='ltr'>est,</span> <span class='ocrx_word' id='word_1_270' title='bbox 1269 1897 1523 1970; x_wconf 89' lang='lat' dir='ltr'>desuper</span> <span class='ocrx_word' id='word_1_271' title='bbox 1544 1896 1894 1952; x_wconf 87' lang='lat' dir='ltr'>venientem.</span> 
     </span>
    </p>
   </div>
   <div class='ocr_carea' id='block_1_33' title="bbox 247 1985 1898 2058">
    <p class='ocr_par' dir='ltr' id='par_1_33' title="bbox 247 1985 1898 2058">
     <span class='ocr_line' id='line_1_33' title="bbox 247 1985 1898 2058; baseline -0.001 -17"><span class='ocrx_word' id='word_1_272' title='bbox 247 1985 389 2058; x_wconf 91' lang='lat' dir='ltr'>quia</span> <span class='ocrx_word' id='word_1_273' title='bbox 419 1987 575 2058; x_wconf 91' lang='lat' dir='ltr'>quod</span> <span class='ocrx_word' id='word_1_274' title='bbox 616 1990 744 2042; x_wconf 88' lang='lat' dir='ltr'>orat</span> <span class='ocrx_word' id='word_1_275' title='bbox 774 2003 976 2042; x_wconf 88' lang='lat' dir='ltr'>servus</span> <span class='ocrx_word' id='word_1_276' title='bbox 1002 1990 1165 2053; x_wconf 88' lang='lat' dir='ltr'>tuus,</span> <span class='ocrx_word' id='word_1_277' title='bbox 1213 1985 1323 2041; x_wconf 91' lang='lat' dir='ltr'>hoc</span> <span class='ocrx_word' id='word_1_278' title='bbox 1364 2003 1481 2041; x_wconf 88' lang='lat' dir='ltr'>non</span> <span class='ocrx_word' id='word_1_279' title='bbox 1512 1986 1687 2041; x_wconf 88' lang='lat' dir='ltr'>habet</span> <span class='ocrx_word' id='word_1_280' title='bbox 1717 2001 1785 2039; x_wconf 84' lang='lat' dir='ltr'>ex</span> <span class='ocrx_word' id='word_1_281' title='bbox 1814 2000 1898 2051; x_wconf 89' lang='lat' dir='ltr'>se,</span> 
     </span>
    </p>
   </div>
   <div class='ocr_carea' id='block_1_34' title="bbox 250 2072 1903 2145">
    <p class='ocr_par' dir='ltr' id='par_1_34' title="bbox 250 2072 1903 2145">
     <span class='ocr_line' id='line_1_34' title="bbox 250 2072 1903 2145; baseline -0.002 -15"><span class='ocrx_word' id='word_1_282' title='bbox 250 2075 356 2130; x_wconf 89' lang='lat' dir='ltr'>sed</span> <span class='ocrx_word' id='word_1_283' title='bbox 379 2091 413 2128; x_wconf 91' lang='lat' dir='ltr'>a</span> <span class='ocrx_word' id='word_1_284' title='bbox 436 2078 512 2129; x_wconf 90' lang='lat' dir='ltr'>te.</span> <span class='ocrx_word' id='word_1_285' title='bbox 535 2074 711 2138; x_wconf 87' lang='lat' dir='ltr'>Quasi</span> <span class='ocrx_word' id='word_1_286' title='bbox 736 2074 892 2129; x_wconf 88' lang='lat' dir='ltr'>dicat</span> <span class='ocrx_word' id='word_1_287' title='bbox 916 2091 928 2129; x_wconf 93' lang='lat'><strong>:</strong></span> <span class='ocrx_word' id='word_1_288' title='bbox 985 2078 1128 2129; x_wconf 91' lang='lat' dir='ltr'>Ecce</span> <span class='ocrx_word' id='word_1_289' title='bbox 1176 2075 1303 2145; x_wconf 88' lang='lat' dir='ltr'>jam</span> <span class='ocrx_word' id='word_1_290' title='bbox 1347 2091 1463 2129; x_wconf 90' lang='lat' dir='ltr'>non</span> <span class='ocrx_word' id='word_1_291' title='bbox 1485 2078 1655 2129; x_wconf 88' lang='lat' dir='ltr'>orant</span> <span class='ocrx_word' id='word_1_292' title='bbox 1677 2072 1903 2128; x_wconf 92' lang='lat' dir='ltr'>inimici</span> 
     </span>
    </p>
   </div>
   <div class='ocr_carea' id='block_1_35' title="bbox 251 2162 1901 2230">
    <p class='ocr_par' dir='ltr' id='par_1_35' title="bbox 251 2162 1901 2230">
     <span class='ocr_line' id='line_1_35' title="bbox 251 2162 1901 2230; baseline -0.001 -13"><span class='ocrx_word' id='word_1_293' title='bbox 251 2162 366 2230; x_wconf 88' lang='lat' dir='ltr'>tui,</span> <span class='ocrx_word' id='word_1_294' title='bbox 388 2163 489 2217; x_wconf 92' lang='lat' dir='ltr'>sed</span> <span class='ocrx_word' id='word_1_295' title='bbox 512 2163 682 2229; x_wconf 88' lang='lat' dir='ltr'>servi,</span> <span class='ocrx_word' id='word_1_296' title='bbox 704 2168 762 2219; x_wconf 90' lang='lat' dir='ltr'>et</span> <span class='ocrx_word' id='word_1_297' title='bbox 781 2164 852 2218; x_wconf 90' lang='lat' dir='ltr'>de</span> <span class='ocrx_word' id='word_1_298' title='bbox 871 2179 1102 2218; x_wconf 84' lang='lat' dir='ltr'>carcere</span> <span class='ocrx_word' id='word_1_299' title='bbox 1131 2163 1346 2229; x_wconf 85' lang='lat' dir='ltr'>educti,</span> <span class='ocrx_word' id='word_1_300' title='bbox 1380 2168 1438 2218; x_wconf 90' lang='lat' dir='ltr'>et</span> <span class='ocrx_word' id='word_1_301' title='bbox 1475 2163 1668 2217; x_wconf 89' lang='lat' dir='ltr'>adhuc</span> <span class='ocrx_word' id='word_1_302' title='bbox 1691 2163 1901 2217; x_wconf 85' lang='lat' dir='ltr'>irasce-</span> 
     </span>
    </p>
   </div>
   <div class='ocr_carea' id='block_1_36' title="bbox 255 2249 1905 2318">
    <p class='ocr_par' dir='ltr' id='par_1_36' title="bbox 255 2249 1905 2318">
     <span class='ocr_line' id='line_1_36' title="bbox 255 2249 1905 2318; baseline 0 -14"><span class='ocrx_word' id='word_1_303' title='bbox 255 2249 366 2316; x_wconf 91' lang='lat' dir='ltr'>ris,</span> <span class='ocrx_word' id='word_1_304' title='bbox 386 2265 500 2303; x_wconf 93' lang='lat' dir='ltr'>non</span> <span class='ocrx_word' id='word_1_305' title='bbox 518 2253 712 2304; x_wconf 88' lang='lat' dir='ltr'>tamen</span> <span class='ocrx_word' id='word_1_306' title='bbox 735 2254 799 2305; x_wconf 90' lang='lat' dir='ltr'>ut</span> <span class='ocrx_word' id='word_1_307' title='bbox 817 2251 1029 2305; x_wconf 87' lang='lat' dir='ltr'>vindex</span> <span class='ocrx_word' id='word_1_308' title='bbox 1050 2251 1315 2318; x_wconf 55' lang='lat' dir='ltr'>saeviens,</span> <span class='ocrx_word' id='word_1_309' title='bbox 1357 2250 1454 2306; x_wconf 92' lang='lat' dir='ltr'>sed</span> <span class='ocrx_word' id='word_1_310' title='bbox 1497 2256 1561 2305; x_wconf 89' lang='lat' dir='ltr'>ut</span> <span class='ocrx_word' id='word_1_311' title='bbox 1582 2250 1750 2306; x_wconf 88' lang='lat' dir='ltr'>Pater</span> <span class='ocrx_word' id='word_1_312' title='bbox 1778 2267 1905 2305; x_wconf 92' lang='lat' dir='ltr'>cor-</span> 
     </span>
    </p>
   </div>
   <div class='ocr_carea' id='block_1_37' title="bbox 254 2336 1906 2410">
    <p class='ocr_par' dir='ltr' id='par_1_37' title="bbox 254 2336 1906 2410">
     <span class='ocr_line' id='line_1_37' title="bbox 254 2336 1906 2410; baseline 0.001 -18"><span class='ocrx_word' id='word_1_313' title='bbox 254 2336 478 2408; x_wconf 85' lang='lat' dir='ltr'>rigens,</span> <span class='ocrx_word' id='word_1_314' title='bbox 512 2338 653 2409; x_wconf 88' lang='lat' dir='ltr'>quia</span> <span class='ocrx_word' id='word_1_315' title='bbox 681 2338 970 2410; x_wconf 89' lang='lat' dir='ltr'>scriptum</span> <span class='ocrx_word' id='word_1_316' title='bbox 1000 2344 1089 2394; x_wconf 89' lang='lat' dir='ltr'>est</span> <span class='ocrx_word' id='word_1_317' title='bbox 1113 2357 1126 2395; x_wconf 87' lang='lat'><strong>:</strong></span> <span class='ocrx_word' id='word_1_318' title='bbox 1156 2340 1269 2395; x_wconf 83' lang='lat' dir='ltr'>Fili</span> <span class='ocrx_word' id='word_1_319' title='bbox 1296 2342 1397 2399; x_wconf 87' lang='lat' dir='ltr'>mi.</span> <span class='ocrx_word' id='word_1_320' title='bbox 1418 2339 1674 2397; x_wconf 80' lang='lat' dir='ltr'>accedens</span> <span class='ocrx_word' id='word_1_321' title='bbox 1703 2339 1761 2394; x_wconf 90' lang='lat' dir='ltr'>in</span> <span class='ocrx_word' id='word_1_322' title='bbox 1791 2355 1906 2394; x_wconf 89' lang='lat' dir='ltr'>ser-</span> 
     </span>
    </p>
   </div>
   <div class='ocr_carea' id='block_1_38' title="bbox 256 2426 1909 2499">
    <p class='ocr_par' dir='ltr' id='par_1_38' title="bbox 256 2426 1909 2499">
     <span class='ocr_line' id='line_1_38' title="bbox 256 2426 1909 2499; baseline 0 -18"><span class='ocrx_word' id='word_1_323' title='bbox 256 2426 496 2481; x_wconf 86' lang='lat' dir='ltr'>vitutem</span> <span class='ocrx_word' id='word_1_324' title='bbox 517 2426 748 2481; x_wconf 91' lang='lat' dir='ltr'>Domini</span> <span class='ocrx_word' id='word_1_325' title='bbox 774 2435 858 2482; x_wconf 89' lang='lat' dir='ltr'>sta</span> <span class='ocrx_word' id='word_1_326' title='bbox 888 2429 949 2481; x_wconf 87' lang='lat' dir='ltr'>in</span> <span class='ocrx_word' id='word_1_327' title='bbox 961 2429 1193 2498; x_wconf 81' lang='lat' dir='ltr'>justitia</span> <span class='ocrx_word' id='word_1_328' title='bbox 1212 2432 1261 2482; x_wconf 89' lang='lat' dir='ltr'>et</span> <span class='ocrx_word' id='word_1_329' title='bbox 1282 2432 1553 2495; x_wconf 85' lang='lat' dir='ltr'>tremore,</span> <span class='ocrx_word' id='word_1_330' title='bbox 1577 2433 1632 2482; x_wconf 91' lang='lat' dir='ltr'>et</span> <span class='ocrx_word' id='word_1_331' title='bbox 1648 2442 1909 2499; x_wconf 71' lang='lat' dir='ltr'>praepara</span> 
     </span>
    </p>
   </div>
   <div class='ocr_carea' id='block_1_39' title="bbox 256 2515 1910 2587">
    <p class='ocr_par' dir='ltr' id='par_1_39' title="bbox 256 2515 1910 2587">
     <span class='ocr_line' id='line_1_39' title="bbox 256 2515 1910 2587; baseline 0.001 -18"><span class='ocrx_word' id='word_1_332' title='bbox 256 2518 514 2569; x_wconf 87' lang='lat' dir='ltr'>animam</span> <span class='ocrx_word' id='word_1_333' title='bbox 542 2518 697 2569; x_wconf 86' lang='lat' dir='ltr'>tuam</span> <span class='ocrx_word' id='word_1_334' title='bbox 725 2515 796 2569; x_wconf 85' lang='lat' dir='ltr'>ad</span> <span class='ocrx_word' id='word_1_335' title='bbox 824 2518 1184 2572; x_wconf 77' lang='lat' dir='ltr'>tentationem</span> <span class='ocrx_word' id='word_1_336' title='bbox 1204 2516 1391 2587; x_wconf 86' lang='lat' dir='ltr'>(Eccli.</span> <span class='ocrx_word' id='word_1_337' title='bbox 1417 2517 1479 2587; x_wconf 75' lang='grc' dir='ltr'>ιι)</span> <span class='ocrx_word' id='word_1_338' title='bbox 1504 2534 1517 2570; x_wconf 93' lang='lat'>:</span> <span class='ocrx_word' id='word_1_339' title='bbox 1542 2522 1599 2571; x_wconf 91' lang='lat' dir='ltr'>et</span> <span class='ocrx_word' id='word_1_340' title='bbox 1617 2516 1784 2585; x_wconf 89' lang='lat' dir='ltr'>illud,</span> <span class='ocrx_word' id='word_1_341' title='bbox 1805 2518 1910 2586; x_wconf 87' lang='lat' dir='ltr'>ﬂa-</span> 
     </span>
    </p>
   </div>
   <div class='ocr_carea' id='block_1_40' title="bbox 253 2604 1913 2675">
    <p class='ocr_par' dir='ltr' id='par_1_40' title="bbox 253 2604 1913 2675">
     <span class='ocr_line' id='line_1_40' title="bbox 253 2604 1913 2675; baseline 0 -16"><span class='ocrx_word' id='word_1_342' title='bbox 253 2604 431 2675; x_wconf 89' lang='lat' dir='ltr'>gellat</span> <span class='ocrx_word' id='word_1_343' title='bbox 469 2604 612 2657; x_wconf 86' lang='lat' dir='ltr'>Deus</span> <span class='ocrx_word' id='word_1_344' title='bbox 632 2619 850 2658; x_wconf 87' lang='lat' dir='ltr'>omnem</span> <span class='ocrx_word' id='word_1_345' title='bbox 874 2605 1058 2673; x_wconf 82' lang='lat' dir='ltr'>ﬁlium</span> <span class='ocrx_word' id='word_1_346' title='bbox 1096 2621 1257 2675; x_wconf 83' lang='lat' dir='ltr'>quem</span> <span class='ocrx_word' id='word_1_347' title='bbox 1275 2606 1473 2675; x_wconf 84' lang='lat' dir='ltr'>recipit</span> <span class='ocrx_word' id='word_1_348' title='bbox 1488 2605 1668 2675; x_wconf 82' lang='lat' dir='ltr'>(Hebr.</span> <span class='ocrx_word' id='word_1_349' title='bbox 1691 2605 1816 2675; x_wconf 84' lang='lat' dir='ltr'>xu).</span> <span class='ocrx_word' id='word_1_350' title='bbox 1843 2606 1913 2659; x_wconf 85' lang='lat' dir='ltr'>Et</span> 
     </span>
    </p>
   </div>
   <div class='ocr_carea' id='block_1_41' title="bbox 256 2691 1911 2764">
    <p class='ocr_par' dir='ltr' id='par_1_41' title="bbox 256 2691 1911 2764">
     <span class='ocr_line' id='line_1_41' title="bbox 256 2691 1911 2764; baseline 0.002 -18"><span class='ocrx_word' id='word_1_351' title='bbox 256 2691 393 2747; x_wconf 90' lang='lat' dir='ltr'>ideo</span> <span class='ocrx_word' id='word_1_352' title='bbox 416 2698 477 2746; x_wconf 86' lang='lat' dir='ltr'>tu</span> <span class='ocrx_word' id='word_1_353' title='bbox 503 2691 752 2763; x_wconf 86' lang='lat' dir='ltr'>quisque</span> <span class='ocrx_word' id='word_1_354' title='bbox 775 2692 824 2746; x_wconf 91' lang='lat' dir='ltr'>si</span> <span class='ocrx_word' id='word_1_355' title='bbox 846 2693 1137 2748; x_wconf 76' lang='lat' dir='ltr'>detractos</span> <span class='ocrx_word' id='word_1_356' title='bbox 1159 2692 1462 2764; x_wconf 83' lang='lat' dir='ltr'>ﬂagellari.</span> <span class='ocrx_word' id='word_1_357' title='bbox 1486 2709 1590 2747; x_wconf 92' lang='lat' dir='ltr'>cur</span> <span class='ocrx_word' id='word_1_358' title='bbox 1609 2693 1911 2750; x_wconf 81' lang='lat' dir='ltr'>desideras</span> 
     </span>
    </p>
   </div>
   <div class='ocr_carea' id='block_1_42' title="bbox 256 2778 1908 2852">
    <p class='ocr_par' dir='ltr' id='par_1_42' title="bbox 256 2778 1908 2852">
     <span class='ocr_line' id='line_1_42' title="bbox 256 2778 1908 2852; baseline 0 -18"><span class='ocrx_word' id='word_1_359' title='bbox 256 2778 490 2851; x_wconf 82' lang='lat' dir='ltr'>recipi?</span> <span class='ocrx_word' id='word_1_360' title='bbox 541 2779 696 2850; x_wconf 90' lang='lat' dir='ltr'>quod</span> <span class='ocrx_word' id='word_1_361' title='bbox 754 2778 919 2845; x_wconf 88' lang='lat' dir='ltr'>dicit,</span> <span class='ocrx_word' id='word_1_362' title='bbox 949 2781 1195 2848; x_wconf 85' lang='lat' dir='ltr'>Domine,</span> <span class='ocrx_word' id='word_1_363' title='bbox 1228 2781 1371 2835; x_wconf 88' lang='lat' dir='ltr'>Deus</span> <span class='ocrx_word' id='word_1_364' title='bbox 1400 2782 1678 2846; x_wconf 86' lang='lat' dir='ltr'>virtutem,</span> <span class='ocrx_word' id='word_1_365' title='bbox 1709 2797 1908 2852; x_wconf 82' lang='lat' dir='ltr'>quous-</span> 
     </span>
    </p>
   </div>
   <div class='ocr_carea' id='block_1_43' title="bbox 253 2869 1911 2942">
    <p class='ocr_par' dir='ltr' id='par_1_43' title="bbox 253 2869 1911 2942">
     <span class='ocr_line' id='line_1_43' title="bbox 253 2869 1911 2942; baseline 0.001 -18"><span class='ocrx_word' id='word_1_366' title='bbox 253 2884 367 2942; x_wconf 86' lang='lat' dir='ltr'>que</span> <span class='ocrx_word' id='word_1_367' title='bbox 396 2869 650 2923; x_wconf 84' lang='lat' dir='ltr'>irasceris</span> <span class='ocrx_word' id='word_1_368' title='bbox 677 2884 842 2939; x_wconf 88' lang='lat' dir='ltr'>super</span> <span class='ocrx_word' id='word_1_369' title='bbox 883 2871 1190 2925; x_wconf 86' lang='lat' dir='ltr'>orationem</span> <span class='ocrx_word' id='word_1_370' title='bbox 1235 2870 1383 2924; x_wconf 86' lang='lat' dir='ltr'>servi</span> <span class='ocrx_word' id='word_1_371' title='bbox 1423 2869 1554 2924; x_wconf 85' lang='lat' dir='ltr'>tui?</span> <span class='ocrx_word' id='word_1_372' title='bbox 1601 2886 1911 2941; x_wconf 84' lang='lat' dir='ltr'>quousque</span> 
     </span>
    </p>
   </div>
   <div class='ocr_carea' id='block_1_44' title="bbox 252 2957 1911 3031">
    <p class='ocr_par' dir='ltr' id='par_1_44' title="bbox 252 2957 1911 3031">
     <span class='ocr_line' id='line_1_44' title="bbox 252 2957 1911 3031; baseline -0.001 -16"><span class='ocrx_word' id='word_1_373' title='bbox 252 2957 533 3015; x_wconf 83' lang='lat' dir='ltr'>videlicet</span> <span class='ocrx_word' id='word_1_374' title='bbox 560 2957 793 3012; x_wconf 91' lang='lat' dir='ltr'>cibandi</span> <span class='ocrx_word' id='word_1_375' title='bbox 825 2974 1035 3014; x_wconf 89' lang='lat' dir='ltr'>sumus</span> <span class='ocrx_word' id='word_1_376' title='bbox 1054 2958 1081 3011; x_wconf 80' lang='lat' dir='ltr'>‘I</span> <span class='ocrx_word' id='word_1_377' title='bbox 1113 2958 1268 3028; x_wconf 90' lang='lat' dir='ltr'>quod</span> <span class='ocrx_word' id='word_1_378' title='bbox 1292 2957 1560 3031; x_wconf 87' lang='lat' dir='ltr'>sequitur</span> <span class='ocrx_word' id='word_1_379' title='bbox 1580 2957 1686 3025; x_wconf 91' lang='lat' dir='ltr'>sic,</span> <span class='ocrx_word' id='word_1_380' title='bbox 1706 2960 1911 3015; x_wconf 82' lang='lat' dir='ltr'>cibabis</span> 
     </span>
    </p>
   </div>
   <div class='ocr_carea' id='block_1_45' title="bbox 252 3045 1910 3118">
    <p class='ocr_par' dir='ltr' id='par_1_45' title="bbox 252 3045 1910 3118">
     <span class='ocr_line' id='line_1_45' title="bbox 252 3045 1910 3118; baseline 0 -15"><span class='ocrx_word' id='word_1_381' title='bbox 252 3063 365 3104; x_wconf 83' lang='lat' dir='ltr'>nos</span> <span class='ocrx_word' id='word_1_382' title='bbox 392 3062 538 3116; x_wconf 85' lang='lat' dir='ltr'>pane</span> <span class='ocrx_word' id='word_1_383' title='bbox 566 3047 959 3118; x_wconf 84' lang='lat' dir='ltr'>lacrymarum.</span> <span class='ocrx_word' id='word_1_384' title='bbox 994 3046 1170 3110; x_wconf 88' lang='lat' dir='ltr'>Quasi</span> <span class='ocrx_word' id='word_1_385' title='bbox 1223 3045 1396 3102; x_wconf 85' lang='lat' dir='ltr'>dicat.</span> <span class='ocrx_word' id='word_1_386' title='bbox 1448 3046 1597 3101; x_wconf 89' lang='lat' dir='ltr'>Licet</span> <span class='ocrx_word' id='word_1_387' title='bbox 1643 3051 1706 3101; x_wconf 91' lang='lat' dir='ltr'>tu</span> <span class='ocrx_word' id='word_1_388' title='bbox 1740 3048 1910 3103; x_wconf 82' lang='lat' dir='ltr'>nobis</span> 
     </span>
    </p>
   </div>
   <div class='ocr_carea' id='block_1_46' title="bbox 249 3134 1914 3208">
    <p class='ocr_par' dir='ltr' id='par_1_46' title="bbox 249 3134 1914 3208">
     <span class='ocr_line' id='line_1_46' title="bbox 249 3134 1914 3208; baseline 0 -17"><span class='ocrx_word' id='word_1_389' title='bbox 249 3134 558 3201; x_wconf 83' lang='lat' dir='ltr'>irasceris,</span> <span class='ocrx_word' id='word_1_390' title='bbox 592 3139 787 3189; x_wconf 89' lang='lat' dir='ltr'>tamen</span> <span class='ocrx_word' id='word_1_391' title='bbox 822 3134 880 3189; x_wconf 91' lang='lat' dir='ltr'>in</span> <span class='ocrx_word' id='word_1_392' title='bbox 913 3135 1044 3208; x_wconf 87' lang='lat' dir='ltr'>ipsa</span> <span class='ocrx_word' id='word_1_393' title='bbox 1072 3134 1160 3189; x_wconf 89' lang='lat' dir='ltr'>ira</span> <span class='ocrx_word' id='word_1_394' title='bbox 1187 3135 1393 3190; x_wconf 85' lang='lat' dir='ltr'>cibabis</span> <span class='ocrx_word' id='word_1_395' title='bbox 1435 3150 1533 3189; x_wconf 92' lang='lat' dir='ltr'>nos</span> <span class='ocrx_word' id='word_1_396' title='bbox 1558 3150 1708 3206; x_wconf 84' lang='lat' dir='ltr'>pane</span> <span class='ocrx_word' id='word_1_397' title='bbox 1738 3136 1914 3207; x_wconf 84' lang='lat' dir='ltr'>lacry-</span> 
     </span>
    </p>
   </div>
   <div class='ocr_carea' id='block_1_47' title="bbox 2010 1895 3653 1973">
    <p class='ocr_par' dir='ltr' id='par_1_47' title="bbox 2010 1895 3653 1973">
     <span class='ocr_line' id='line_1_47' title="bbox 2010 1895 3653 1973; baseline 0.002 -21"><span class='ocrx_word' id='word_1_398' title='bbox 2010 1895 2240 1968; x_wconf 90' lang='lat' dir='ltr'>operuit</span> <span class='ocrx_word' id='word_1_399' title='bbox 2264 1896 2473 1952; x_wconf 91' lang='lat' dir='ltr'>umbra</span> <span class='ocrx_word' id='word_1_400' title='bbox 2492 1895 2782 1957; x_wconf 67' lang='lat' dir='ltr'>Ecclesiae.</span> <span class='ocrx_word' id='word_1_401' title='bbox 2806 1896 3416 1970; x_wconf 88' lang='lat' dir='ltr'>quiaipsiumbratice</span> <span class='ocrx_word' id='word_1_402' title='bbox 3432 1903 3490 1956; x_wconf 91' lang='lat' dir='ltr'>et</span> <span class='ocrx_word' id='word_1_403' title='bbox 3509 1900 3653 1973; x_wconf 79' lang='lat' dir='ltr'>ligu-</span> 
     </span>
    </p>
   </div>
   <div class='ocr_carea' id='block_1_48' title="bbox 2011 1984 3653 2058">
    <p class='ocr_par' dir='ltr' id='par_1_48' title="bbox 2011 1984 3653 2058">
     <span class='ocr_line' id='line_1_48' title="bbox 2011 1984 3653 2058; baseline 0.004 -18"><span class='ocrx_word' id='word_1_404' title='bbox 2011 1984 2211 2041; x_wconf 81' lang='lat' dir='ltr'>raliter</span> <span class='ocrx_word' id='word_1_405' title='bbox 2238 1984 2556 2040; x_wconf 88' lang='lat' dir='ltr'>Ecclesiam</span> <span class='ocrx_word' id='word_1_406' title='bbox 2595 1985 3011 2058; x_wconf 64' lang='lat' dir='ltr'>praedicabant.</span> <span class='ocrx_word' id='word_1_407' title='bbox 3058 1988 3127 2043; x_wconf 84' lang='lat' dir='ltr'>Et</span> <span class='ocrx_word' id='word_1_408' title='bbox 3173 1987 3391 2043; x_wconf 90' lang='lat' dir='ltr'>arbusta</span> <span class='ocrx_word' id='word_1_409' title='bbox 3419 1990 3538 2054; x_wconf 88' lang='lat' dir='ltr'>eius</span> <span class='ocrx_word' id='word_1_410' title='bbox 3565 2005 3653 2046; x_wconf 84' lang='lat' dir='ltr'>ce-</span> 
     </span>
    </p>
   </div>
   <div class='ocr_carea' id='block_1_49' title="bbox 2010 2073 3657 2148">
    <p class='ocr_par' dir='ltr' id='par_1_49' title="bbox 2010 2073 3657 2148">
     <span class='ocr_line' id='line_1_49' title="bbox 2010 2073 3657 2148; baseline 0.002 -19"><span class='ocrx_word' id='word_1_411' title='bbox 2010 2074 2136 2129; x_wconf 88' lang='lat' dir='ltr'>dros</span> <span class='ocrx_word' id='word_1_412' title='bbox 2167 2074 2286 2129; x_wconf 86' lang='lat' dir='ltr'>Dei.</span> <span class='ocrx_word' id='word_1_413' title='bbox 2319 2073 2555 2130; x_wconf 85' lang='lat' dir='ltr'>Arbusta</span> <span class='ocrx_word' id='word_1_414' title='bbox 2584 2081 2725 2130; x_wconf 88' lang='lat' dir='ltr'>sunt</span> <span class='ocrx_word' id='word_1_415' title='bbox 2753 2073 3047 2146; x_wconf 87' lang='lat' dir='ltr'>palmites,</span> <span class='ocrx_word' id='word_1_416' title='bbox 3079 2076 3152 2130; x_wconf 90' lang='lat' dir='ltr'>de</span> <span class='ocrx_word' id='word_1_417' title='bbox 3180 2075 3283 2131; x_wconf 89' lang='lat' dir='ltr'>viti</span> <span class='ocrx_word' id='word_1_418' title='bbox 3306 2093 3441 2133; x_wconf 87' lang='lat' dir='ltr'>vera</span> <span class='ocrx_word' id='word_1_419' title='bbox 3460 2093 3657 2148; x_wconf 57' lang='lat' dir='ltr'>proco.</span> 
     </span>
    </p>
   </div>
   <div class='ocr_carea' id='block_1_50' title="bbox 2012 2162 3660 2237">
    <p class='ocr_par' dir='ltr' id='par_1_50' title="bbox 2012 2162 3660 2237">
     <span class='ocr_line' id='line_1_50' title="bbox 2012 2162 3660 2237; baseline 0.002 -20"><span class='ocrx_word' id='word_1_420' title='bbox 2012 2162 2239 2233; x_wconf 87' lang='lat' dir='ltr'>dentes,</span> <span class='ocrx_word' id='word_1_421' title='bbox 2274 2162 2531 2227; x_wconf 80' lang='lat' dir='ltr'>minores</span> <span class='ocrx_word' id='word_1_422' title='bbox 2557 2162 2824 2219; x_wconf 88' lang='lat' dir='ltr'>videlicet</span> <span class='ocrx_word' id='word_1_423' title='bbox 2850 2162 2908 2217; x_wconf 92' lang='lat' dir='ltr'>in</span> <span class='ocrx_word' id='word_1_424' title='bbox 2940 2163 3234 2220; x_wconf 87' lang='lat' dir='ltr'>Ecclesia:</span> <span class='ocrx_word' id='word_1_425' title='bbox 3268 2165 3367 2237; x_wconf 91' lang='lat' dir='ltr'>qui</span> <span class='ocrx_word' id='word_1_426' title='bbox 3388 2165 3660 2236; x_wconf 89' lang='lat' dir='ltr'>operiunt</span> 
     </span>
    </p>
   </div>
   <div class='ocr_carea' id='block_1_51' title="bbox 2014 2250 3660 2321">
    <p class='ocr_par' dir='ltr' id='par_1_51' title="bbox 2014 2250 3660 2321">
     <span class='ocr_line' id='line_1_51' title="bbox 2014 2250 3660 2321; baseline 0.004 -16"><span class='ocrx_word' id='word_1_427' title='bbox 2014 2250 2203 2306; x_wconf 86' lang='lat' dir='ltr'>cedros</span> <span class='ocrx_word' id='word_1_428' title='bbox 2236 2252 2346 2316; x_wconf 86' lang='lat' dir='ltr'>Dei,</span> <span class='ocrx_word' id='word_1_429' title='bbox 2376 2251 2878 2321; x_wconf 86' lang='lat' dir='ltr'>supereminentes</span> <span class='ocrx_word' id='word_1_430' title='bbox 2922 2251 3192 2307; x_wconf 87' lang='lat' dir='ltr'>videlicet</span> <span class='ocrx_word' id='word_1_431' title='bbox 3238 2252 3297 2307; x_wconf 93' lang='lat' dir='ltr'>in</span> <span class='ocrx_word' id='word_1_432' title='bbox 3343 2252 3660 2311; x_wconf 89' lang='lat' dir='ltr'>virtutibus</span> 
     </span>
    </p>
   </div>
   <div class='ocr_carea' id='block_1_52' title="bbox 2017 2339 3661 2412">
    <p class='ocr_par' dir='ltr' id='par_1_52' title="bbox 2017 2339 3661 2412">
     <span class='ocr_line' id='line_1_52' title="bbox 2017 2339 3661 2412; baseline 0.002 -18"><span class='ocrx_word' id='word_1_433' title='bbox 2017 2340 2308 2411; x_wconf 90' lang='lat' dir='ltr'>operiunt,</span> <span class='ocrx_word' id='word_1_434' title='bbox 2338 2340 2392 2394; x_wconf 91' lang='lat' dir='ltr'>id</span> <span class='ocrx_word' id='word_1_435' title='bbox 2425 2344 2534 2401; x_wconf 85' lang='lat' dir='ltr'>est,</span> <span class='ocrx_word' id='word_1_436' title='bbox 2568 2339 2956 2409; x_wconf 88' lang='lat' dir='ltr'>circumdant,</span> <span class='ocrx_word' id='word_1_437' title='bbox 2989 2340 3225 2412; x_wconf 90' lang='lat' dir='ltr'>quando</span> <span class='ocrx_word' id='word_1_438' title='bbox 3244 2339 3379 2412; x_wconf 91' lang='lat' dir='ltr'>ipsi,</span> <span class='ocrx_word' id='word_1_439' title='bbox 3402 2341 3661 2398; x_wconf 83' lang='lat' dir='ltr'>eminen-</span> 
     </span>
    </p>
   </div>
   <div class='ocr_carea' id='block_1_53' title="bbox 2008 2428 3664 2500">
    <p class='ocr_par' dir='ltr' id='par_1_53' title="bbox 2008 2428 3664 2500">
     <span class='ocr_line' id='line_1_53' title="bbox 2008 2428 3664 2500; baseline 0.002 -18"><span class='ocrx_word' id='word_1_440' title='bbox 2008 2433 2106 2493; x_wconf 71' lang='lat' dir='ltr'>tes</span> <span class='ocrx_word' id='word_1_441' title='bbox 2136 2429 2581 2484; x_wconf 86' lang='lat' dir='ltr'>conscendendo</span> <span class='ocrx_word' id='word_1_442' title='bbox 2613 2428 2732 2484; x_wconf 88' lang='lat' dir='ltr'>illis</span> <span class='ocrx_word' id='word_1_443' title='bbox 2783 2429 2882 2500; x_wconf 93' lang='lat' dir='ltr'>qui</span> <span class='ocrx_word' id='word_1_444' title='bbox 2916 2433 3057 2484; x_wconf 90' lang='lat' dir='ltr'>sunt</span> <span class='ocrx_word' id='word_1_445' title='bbox 3082 2431 3325 2499; x_wconf 86' lang='lat' dir='ltr'>arbusta,</span> <span class='ocrx_word' id='word_1_446' title='bbox 3356 2429 3664 2486; x_wconf 89' lang='lat' dir='ltr'>dimittunt</span> 
     </span>
    </p>
   </div>
   <div class='ocr_carea' id='block_1_54' title="bbox 2019 2515 3658 2590">
    <p class='ocr_par' dir='ltr' id='par_1_54' title="bbox 2019 2515 3658 2590">
     <span class='ocr_line' id='line_1_54' title="bbox 2019 2515 3658 2590; baseline 0.002 -20"><span class='ocrx_word' id='word_1_447' title='bbox 2019 2515 2198 2572; x_wconf 87' lang='lat' dir='ltr'>altam</span> <span class='ocrx_word' id='word_1_448' title='bbox 2229 2518 2649 2572; x_wconf 89' lang='lat' dir='ltr'>contuitionem</span> <span class='ocrx_word' id='word_1_449' title='bbox 2681 2518 2917 2587; x_wconf 86' lang='lat' dir='ltr'>mentis,</span> <span class='ocrx_word' id='word_1_450' title='bbox 2963 2521 3021 2572; x_wconf 91' lang='lat' dir='ltr'>et</span> <span class='ocrx_word' id='word_1_451' title='bbox 3068 2517 3152 2572; x_wconf 92' lang='lat' dir='ltr'>eis</span> <span class='ocrx_word' id='word_1_452' title='bbox 3188 2518 3507 2589; x_wconf 69' lang='lat' dir='ltr'>praedicant</span> <span class='ocrx_word' id='word_1_453' title='bbox 3531 2534 3658 2590; x_wconf 62' lang='lat' dir='ltr'>quas</span> 
     </span>
    </p>
   </div>
   <div class='ocr_carea' id='block_1_55' title="bbox 2018 2604 3663 2678">
    <p class='ocr_par' dir='ltr' id='par_1_55' title="bbox 2018 2604 3663 2678">
     <span class='ocr_line' id='line_1_55' title="bbox 2018 2604 3663 2678; baseline 0.001 -19"><span class='ocrx_word' id='word_1_454' title='bbox 2018 2620 2223 2675; x_wconf 89' lang='lat' dir='ltr'>capere</span> <span class='ocrx_word' id='word_1_455' title='bbox 2254 2608 2522 2676; x_wconf 87' lang='lat' dir='ltr'>possunt,</span> <span class='ocrx_word' id='word_1_456' title='bbox 2556 2604 2902 2660; x_wconf 86' lang='lat' dir='ltr'>instruendo</span> <span class='ocrx_word' id='word_1_457' title='bbox 2938 2621 3039 2661; x_wconf 91' lang='lat' dir='ltr'>eos</span> <span class='ocrx_word' id='word_1_458' title='bbox 3082 2621 3185 2676; x_wconf 90' lang='lat' dir='ltr'>per</span> <span class='ocrx_word' id='word_1_459' title='bbox 3212 2605 3490 2673; x_wconf 87' lang='lat' dir='ltr'>carnalia,</span> <span class='ocrx_word' id='word_1_460' title='bbox 3524 2605 3663 2678; x_wconf 89' lang='lat' dir='ltr'>quia</span> 
     </span>
    </p>
   </div>
   <div class='ocr_carea' id='block_1_56' title="bbox 2018 2692 3661 2767">
    <p class='ocr_par' dir='ltr' id='par_1_56' title="bbox 2018 2692 3661 2767">
     <span class='ocr_line' id='line_1_56' title="bbox 2018 2692 3661 2767; baseline 0.002 -20"><span class='ocrx_word' id='word_1_461' title='bbox 2018 2709 2133 2748; x_wconf 89' lang='lat' dir='ltr'>non</span> <span class='ocrx_word' id='word_1_462' title='bbox 2166 2697 2414 2765; x_wconf 88' lang='lat' dir='ltr'>possunt</span> <span class='ocrx_word' id='word_1_463' title='bbox 2438 2710 2641 2766; x_wconf 87' lang='lat' dir='ltr'>capere</span> <span class='ocrx_word' id='word_1_464' title='bbox 2670 2692 3019 2765; x_wconf 90' lang='lat' dir='ltr'>spiritualia.</span> <span class='ocrx_word' id='word_1_465' title='bbox 3050 2692 3154 2749; x_wconf 89' lang='lat' dir='ltr'>Vel</span> <span class='ocrx_word' id='word_1_466' title='bbox 3184 2698 3542 2767; x_wconf 89' lang='lat' dir='ltr'>operuerunt</span> <span class='ocrx_word' id='word_1_467' title='bbox 3568 2711 3661 2750; x_wconf 91' lang='lat' dir='ltr'>ar-</span> 
     </span>
    </p>
   </div>
   <div class='ocr_carea' id='block_1_57' title="bbox 2020 2781 3665 2856">
    <p class='ocr_par' dir='ltr' id='par_1_57' title="bbox 2020 2781 3665 2856">
     <span class='ocr_line' id='line_1_57' title="bbox 2020 2781 3665 2856; baseline 0.002 -20"><span class='ocrx_word' id='word_1_468' title='bbox 2020 2781 2173 2836; x_wconf 88' lang='lat' dir='ltr'>busta</span> <span class='ocrx_word' id='word_1_469' title='bbox 2200 2782 2384 2837; x_wconf 90' lang='lat' dir='ltr'>cedros</span> <span class='ocrx_word' id='word_1_470' title='bbox 2413 2783 2530 2851; x_wconf 91' lang='lat' dir='ltr'>Dei,</span> <span class='ocrx_word' id='word_1_471' title='bbox 2562 2782 2702 2855; x_wconf 90' lang='lat' dir='ltr'>quia</span> <span class='ocrx_word' id='word_1_472' title='bbox 2730 2782 2929 2855; x_wconf 89' lang='lat' dir='ltr'>plures</span> <span class='ocrx_word' id='word_1_473' title='bbox 2962 2782 3062 2856; x_wconf 90' lang='lat' dir='ltr'>qui</span> <span class='ocrx_word' id='word_1_474' title='bbox 3094 2787 3235 2840; x_wconf 89' lang='lat' dir='ltr'>sunt</span> <span class='ocrx_word' id='word_1_475' title='bbox 3261 2784 3506 2848; x_wconf 85' lang='lat' dir='ltr'>arbusta,</span> <span class='ocrx_word' id='word_1_476' title='bbox 3538 2800 3665 2839; x_wconf 90' lang='lat' dir='ltr'>sus-</span> 
     </span>
    </p>
   </div>
   <div class='ocr_carea' id='block_1_58' title="bbox 2017 2871 3663 2944">
    <p class='ocr_par' dir='ltr' id='par_1_58' title="bbox 2017 2871 3663 2944">
     <span class='ocr_line' id='line_1_58' title="bbox 2017 2871 3663 2944; baseline 0.002 -21"><span class='ocrx_word' id='word_1_477' title='bbox 2017 2873 2321 2925; x_wconf 89' lang='lat' dir='ltr'>tentantur</span> <span class='ocrx_word' id='word_1_478' title='bbox 2350 2871 2421 2926; x_wconf 87' lang='lat' dir='ltr'>ab</span> <span class='ocrx_word' id='word_1_479' title='bbox 2456 2888 2806 2943; x_wconf 91' lang='lat' dir='ltr'>unoquoque</span> <span class='ocrx_word' id='word_1_480' title='bbox 2835 2871 2934 2944; x_wconf 91' lang='lat' dir='ltr'>qui</span> <span class='ocrx_word' id='word_1_481' title='bbox 2985 2872 3195 2928; x_wconf 90' lang='lat' dir='ltr'>cedrus</span> <span class='ocrx_word' id='word_1_482' title='bbox 3232 2876 3340 2942; x_wconf 88' lang='lat' dir='ltr'>est,</span> <span class='ocrx_word' id='word_1_483' title='bbox 3374 2876 3431 2927; x_wconf 89' lang='lat' dir='ltr'>et</span> <span class='ocrx_word' id='word_1_484' title='bbox 3457 2875 3547 2928; x_wconf 89' lang='lat' dir='ltr'>est</span> <span class='ocrx_word' id='word_1_485' title='bbox 3575 2871 3663 2926; x_wconf 91' lang='lat' dir='ltr'>di-</span> 
     </span>
    </p>
   </div>
   <div class='ocr_carea' id='block_1_59' title="bbox 2019 2958 3663 3032">
    <p class='ocr_par' dir='ltr' id='par_1_59' title="bbox 2019 2958 3663 3032">
     <span class='ocr_line' id='line_1_59' title="bbox 2019 2958 3663 3032; baseline 0.002 -20"><span class='ocrx_word' id='word_1_486' title='bbox 2019 2962 2176 3014; x_wconf 90' lang='lat' dir='ltr'>ctum</span> <span class='ocrx_word' id='word_1_487' title='bbox 2207 2959 2276 3013; x_wconf 90' lang='lat' dir='ltr'>ad</span> <span class='ocrx_word' id='word_1_488' title='bbox 2301 2958 2773 3027; x_wconf 88' lang='lat' dir='ltr'>similitudinem,</span> <span class='ocrx_word' id='word_1_489' title='bbox 2790 2960 3260 3032; x_wconf 88' lang='lat' dir='ltr'>quiasicutunus</span> <span class='ocrx_word' id='word_1_490' title='bbox 3278 2966 3663 3016; x_wconf 85' lang='lat' dir='ltr'>truncussus-</span> 
     </span>
    </p>
   </div>
   <div class='ocr_carea' id='block_1_60' title="bbox 2018 3046 3663 3123">
    <p class='ocr_par' dir='ltr' id='par_1_60' title="bbox 2018 3046 3663 3123">
     <span class='ocr_line' id='line_1_60' title="bbox 2018 3046 3663 3123; baseline 0.003 -22"><span class='ocrx_word' id='word_1_491' title='bbox 2018 3049 2205 3102; x_wconf 88' lang='lat' dir='ltr'>tentat</span> <span class='ocrx_word' id='word_1_492' title='bbox 2229 3046 2425 3120; x_wconf 88' lang='lat' dir='ltr'>plures</span> <span class='ocrx_word' id='word_1_493' title='bbox 2458 3048 2727 3120; x_wconf 85' lang='lat' dir='ltr'>palmites</span> <span class='ocrx_word' id='word_1_494' title='bbox 2755 3049 2985 3115; x_wconf 89' lang='lat' dir='ltr'>vitium,</span> <span class='ocrx_word' id='word_1_495' title='bbox 3019 3049 3101 3105; x_wconf 90' lang='lat' dir='ltr'>ita</span> <span class='ocrx_word' id='word_1_496' title='bbox 3130 3050 3204 3105; x_wconf 89' lang='lat' dir='ltr'>ab</span> <span class='ocrx_word' id='word_1_497' title='bbox 3233 3066 3350 3105; x_wconf 91' lang='lat' dir='ltr'>uno</span> <span class='ocrx_word' id='word_1_498' title='bbox 3382 3049 3663 3123; x_wconf 59' lang='lat' dir='ltr'>praedica-</span> 
     </span>
    </p>
   </div>
   <div class='ocr_carea' id='block_1_61' title="bbox 2020 3136 3665 3209">
    <p class='ocr_par' dir='ltr' id='par_1_61' title="bbox 2020 3136 3665 3209">
     <span class='ocr_line' id='line_1_61' title="bbox 2020 3136 3665 3209; baseline 0.004 -20"><span class='ocrx_word' id='word_1_499' title='bbox 2020 3138 2144 3190; x_wconf 89' lang='lat' dir='ltr'>tore</span> <span class='ocrx_word' id='word_1_500' title='bbox 2163 3140 2570 3191; x_wconf 88' lang='lat' dir='ltr'>sustentantur</span> <span class='ocrx_word' id='word_1_501' title='bbox 2586 3136 2802 3207; x_wconf 87' lang='lat' dir='ltr'>plures,</span> <span class='ocrx_word' id='word_1_502' title='bbox 2827 3137 2965 3209; x_wconf 88' lang='lat' dir='ltr'>quia</span> <span class='ocrx_word' id='word_1_503' title='bbox 2985 3138 3354 3194; x_wconf 89' lang='lat' dir='ltr'>circumcisio</span> <span class='ocrx_word' id='word_1_504' title='bbox 3375 3155 3409 3194; x_wconf 89' lang='lat' dir='ltr'>a</span> <span class='ocrx_word' id='word_1_505' title='bbox 3426 3142 3595 3194; x_wconf 89' lang='lat' dir='ltr'>Petro</span> <span class='ocrx_word' id='word_1_506' title='bbox 3607 3141 3665 3195; x_wconf 89' lang='lat' dir='ltr'>et</span> 
     </span>
    </p>
   </div>
   <div class='ocr_carea' id='block_1_62' title="bbox 248 3199 3662 3297">
    <p class='ocr_par' dir='ltr' id='par_1_62' title="bbox 248 3199 3662 3297">
     <span class='ocr_line' id='line_1_62' title="bbox 248 3199 3662 3297; baseline 0 -17"><span class='ocrx_word' id='word_1_507' title='bbox 248 3240 487 3280; x_wconf 84' lang='lat' dir='ltr'>marum</span> <span class='ocrx_word' id='word_1_508' title='bbox 504 3199 562 3277; x_wconf 89' lang='lat' dir='ltr'>id</span> <span class='ocrx_word' id='word_1_509' title='bbox 587 3226 695 3294; x_wconf 80' lang='lat' dir='ltr'>est,</span> <span class='ocrx_word' id='word_1_510' title='bbox 722 3199 1074 3279; x_wconf 58' lang='lat' dir='ltr'>reﬁciesmos</span> <span class='ocrx_word' id='word_1_511' title='bbox 1092 3222 1367 3295; x_wconf 81' lang='lat' dir='ltr'>lacrymis</span> <span class='ocrx_word' id='word_1_512' title='bbox 1389 3199 1608 3278; x_wconf 79' lang='lat' dir='ltr'>nostris</span> <span class='ocrx_word' id='word_1_513' title='bbox 1630 3199 1911 3294; x_wconf 74' lang='lat' dir='ltr'>tanquam</span> <span class='ocrx_word' id='word_1_514' title='bbox 1942 3199 1986 3265; x_wconf 68' lang='grc' dir='ltr'>Ο</span> <span class='ocrx_word' id='word_1_515' title='bbox 2023 3224 2376 3294; x_wconf 66' lang='grc' dir='ltr'>ρνωριιῖὶιιω</span> <span class='ocrx_word' id='word_1_516' title='bbox 2410 3225 2469 3279; x_wconf 91' lang='lat' dir='ltr'>in</span> <span class='ocrx_word' id='word_1_517' title='bbox 2499 3199 2699 3279; x_wconf 78' lang='lat' dir='ltr'>Paulo.</span> <span class='ocrx_word' id='word_1_518' title='bbox 2727 3199 2994 3281; x_wconf 62' lang='lat' dir='ltr'>Eatendit</span> <span class='ocrx_word' id='word_1_519' title='bbox 3015 3227 3278 3297; x_wconf 83' lang='lat' dir='ltr'>palmites</span> <span class='ocrx_word' id='word_1_520' title='bbox 3303 3243 3453 3297; x_wconf 86' lang='lat' dir='ltr'>suos,</span> <span class='ocrx_word' id='word_1_521' title='bbox 3475 3227 3533 3281; x_wconf 93' lang='lat' dir='ltr'>id</span> <span class='ocrx_word' id='word_1_522' title='bbox 3554 3230 3662 3294; x_wconf 91' lang='lat' dir='ltr'>est,</span> 
     </span>
    </p>
   </div>
   <div class='ocr_carea' id='block_1_63' title="bbox 248 3304 1912 3387">
    <p class='ocr_par' dir='ltr' id='par_1_63' title="bbox 248 3304 1912 3387">
     <span class='ocr_line' id='line_1_63' title="bbox 248 3304 1912 3387; baseline -0.002 -17"><span class='ocrx_word' id='word_1_523' title='bbox 248 3329 435 3387; x_wconf 83' lang='lat' dir='ltr'>pane.</span> <span class='ocrx_word' id='word_1_524' title='bbox 473 3314 540 3367; x_wconf 86' lang='lat' dir='ltr'>Et</span> <span class='ocrx_word' id='word_1_525' title='bbox 565 3321 757 3384; x_wconf 89' lang='lat' dir='ltr'>potum</span> <span class='ocrx_word' id='word_1_526' title='bbox 794 3312 951 3369; x_wconf 84' lang='lat' dir='ltr'>dabis</span> <span class='ocrx_word' id='word_1_527' title='bbox 978 3314 1133 3367; x_wconf 81' lang='lat' dir='ltr'>nobis</span> <span class='ocrx_word' id='word_1_528' title='bbox 1164 3313 1224 3367; x_wconf 90' lang='lat' dir='ltr'>in</span> <span class='ocrx_word' id='word_1_529' title='bbox 1254 3304 1603 3381; x_wconf 56' lang='lat' dir='ltr'>lacrymis&#39;in</span> <span class='ocrx_word' id='word_1_530' title='bbox 1632 3328 1912 3380; x_wconf 79' lang='lat' dir='ltr'>mensura,</span> 
     </span>
    </p>
   </div>
   <div class='ocr_carea' id='block_1_64' title="bbox 248 3399 1916 3475">
    <p class='ocr_par' dir='ltr' id='par_1_64' title="bbox 248 3399 1916 3475">
     <span class='ocr_line' id='line_1_64' title="bbox 248 3399 1916 3475; baseline -0.001 -17"><span class='ocrx_word' id='word_1_531' title='bbox 248 3402 431 3475; x_wconf 87' lang='lat' dir='ltr'>quia,</span> <span class='ocrx_word' id='word_1_532' title='bbox 460 3402 568 3457; x_wconf 87' lang='lat' dir='ltr'>etsi</span> <span class='ocrx_word' id='word_1_533' title='bbox 615 3400 857 3472; x_wconf 80' lang='lat' dir='ltr'>patiaris</span> <span class='ocrx_word' id='word_1_534' title='bbox 908 3418 1013 3456; x_wconf 91' lang='lat' dir='ltr'>nos</span> <span class='ocrx_word' id='word_1_535' title='bbox 1060 3399 1355 3465; x_wconf 83' lang='lat' dir='ltr'>tribulari,</span> <span class='ocrx_word' id='word_1_536' title='bbox 1397 3416 1511 3454; x_wconf 90' lang='lat' dir='ltr'>non</span> <span class='ocrx_word' id='word_1_537' title='bbox 1563 3404 1760 3455; x_wconf 90' lang='lat' dir='ltr'>tamen</span> <span class='ocrx_word' id='word_1_538' title='bbox 1791 3400 1916 3457; x_wconf 91' lang='lat' dir='ltr'>sine</span> 
     </span>
    </p>
   </div>
   <div class='ocr_carea' id='block_1_65' title="bbox 248 3488 1916 3560">
    <p class='ocr_par' dir='ltr' id='par_1_65' title="bbox 248 3488 1916 3560">
     <span class='ocr_line' id='line_1_65' title="bbox 248 3488 1916 3560; baseline -0.002 -12"><span class='ocrx_word' id='word_1_539' title='bbox 248 3507 567 3548; x_wconf 86' lang='lat' dir='ltr'>mensura.</span> <span class='ocrx_word' id='word_1_540' title='bbox 600 3490 765 3547; x_wconf 88' lang='lat' dir='ltr'>Unde</span> <span class='ocrx_word' id='word_1_541' title='bbox 813 3489 982 3558; x_wconf 90' lang='lat' dir='ltr'>illud,</span> <span class='ocrx_word' id='word_1_542' title='bbox 1040 3491 1340 3560; x_wconf 85' lang='lat' dir='ltr'>unicuique</span> <span class='ocrx_word' id='word_1_543' title='bbox 1394 3496 1645 3544; x_wconf 87' lang='lat' dir='ltr'>nostrum</span> <span class='ocrx_word' id='word_1_544' title='bbox 1675 3488 1808 3544; x_wconf 88' lang='lat' dir='ltr'>data</span> <span class='ocrx_word' id='word_1_545' title='bbox 1836 3495 1916 3544; x_wconf 87' lang='lat' dir='ltr'>est</span> 
     </span>
    </p>
   </div>
   <div class='ocr_carea' id='block_1_66' title="bbox 244 3575 1915 3654">
    <p class='ocr_par' dir='ltr' id='par_1_66' title="bbox 244 3575 1915 3654">
     <span class='ocr_line' id='line_1_66' title="bbox 244 3575 1915 3654; baseline -0.003 -17"><span class='ocrx_word' id='word_1_546' title='bbox 244 3582 453 3654; x_wconf 77' lang='lat' dir='ltr'>gratia</span> <span class='ocrx_word' id='word_1_547' title='bbox 477 3579 778 3635; x_wconf 87' lang='lat' dir='ltr'>secundum</span> <span class='ocrx_word' id='word_1_548' title='bbox 807 3595 1124 3635; x_wconf 88' lang='lat' dir='ltr'>mensuram</span> <span class='ocrx_word' id='word_1_549' title='bbox 1151 3579 1306 3649; x_wconf 81' lang='lat' dir='ltr'>(Eph.</span> <span class='ocrx_word' id='word_1_550' title='bbox 1372 3578 1466 3647; x_wconf 83' lang='grc' dir='ltr'>ιν).</span> <span class='ocrx_word' id='word_1_551' title='bbox 1516 3576 1583 3631; x_wconf 86' lang='grc' dir='ltr'>Εῖ</span> <span class='ocrx_word' id='word_1_552' title='bbox 1613 3575 1792 3632; x_wconf 90' lang='lat' dir='ltr'>illud:</span> <span class='ocrx_word' id='word_1_553' title='bbox 1826 3579 1915 3632; x_wconf 83' lang='lat' dir='ltr'>Fi-</span> 
     </span>
    </p>
   </div>
   <div class='ocr_carea' id='block_1_67' title="bbox 244 3666 1917 3740">
    <p class='ocr_par' dir='ltr' id='par_1_67' title="bbox 244 3666 1917 3740">
     <span class='ocr_line' id='line_1_67' title="bbox 244 3666 1917 3740; baseline -0.003 -14"><span class='ocrx_word' id='word_1_554' title='bbox 244 3670 404 3727; x_wconf 69' lang='lat' dir='ltr'>delis</span> <span class='ocrx_word' id='word_1_555' title='bbox 434 3674 511 3724; x_wconf 88' lang='lat' dir='ltr'>est</span> <span class='ocrx_word' id='word_1_556' title='bbox 539 3670 702 3735; x_wconf 90' lang='lat' dir='ltr'>Deus,</span> <span class='ocrx_word' id='word_1_557' title='bbox 749 3669 845 3739; x_wconf 88' lang='lat' dir='ltr'>qui</span> <span class='ocrx_word' id='word_1_558' title='bbox 880 3685 992 3723; x_wconf 84' lang='lat' dir='ltr'>non</span> <span class='ocrx_word' id='word_1_559' title='bbox 1037 3668 1279 3740; x_wconf 87' lang='lat' dir='ltr'>patietur</span> <span class='ocrx_word' id='word_1_560' title='bbox 1306 3683 1399 3721; x_wconf 87' lang='lat' dir='ltr'>vos</span> <span class='ocrx_word' id='word_1_561' title='bbox 1428 3666 1635 3721; x_wconf 87' lang='lat' dir='ltr'>tentari</span> <span class='ocrx_word' id='word_1_562' title='bbox 1660 3682 1831 3735; x_wconf 85' lang='lat' dir='ltr'>supra</span> <span class='ocrx_word' id='word_1_563' title='bbox 1862 3666 1917 3721; x_wconf 88' lang='lat' dir='ltr'>id</span> 
     </span>
    </p>
   </div>
   <div class='ocr_carea' id='block_1_68' title="bbox 243 3754 1914 3833">
    <p class='ocr_par' dir='ltr' id='par_1_68' title="bbox 243 3754 1914 3833">
     <span class='ocr_line' id='line_1_68' title="bbox 243 3754 1914 3833; baseline -0.002 -18"><span class='ocrx_word' id='word_1_564' title='bbox 243 3758 404 3833; x_wconf 81' lang='lat' dir='ltr'>quod</span> <span class='ocrx_word' id='word_1_565' title='bbox 427 3759 652 3831; x_wconf 85' lang='lat' dir='ltr'>potestis</span> <span class='ocrx_word' id='word_1_566' title='bbox 676 3760 727 3829; x_wconf 87' lang='grc' dir='ltr'>(Ι</span> <span class='ocrx_word' id='word_1_567' title='bbox 752 3761 875 3814; x_wconf 88' lang='lat' dir='ltr'>Cor.</span> <span class='ocrx_word' id='word_1_568' title='bbox 908 3758 985 3827; x_wconf 72' lang='grc' dir='ltr'>χ).</span> <span class='ocrx_word' id='word_1_569' title='bbox 1028 3757 1272 3812; x_wconf 86' lang='lat' dir='ltr'>Posuisti</span> <span class='ocrx_word' id='word_1_570' title='bbox 1300 3772 1397 3810; x_wconf 90' lang='lat' dir='ltr'>nos</span> <span class='ocrx_word' id='word_1_571' title='bbox 1443 3757 1501 3809; x_wconf 89' lang='lat' dir='ltr'>in</span> <span class='ocrx_word' id='word_1_572' title='bbox 1531 3754 1914 3811; x_wconf 81' lang='lat' dir='ltr'>contradtrtio-</span> 
     </span>
    </p>
   </div>
   <div class='ocr_carea' id='block_1_69' title="bbox 247 3844 1916 3917">
    <p class='ocr_par' dir='ltr' id='par_1_69' title="bbox 247 3844 1916 3917">
     <span class='ocr_line' id='line_1_69' title="bbox 247 3844 1916 3917; baseline -0.002 -12"><span class='ocrx_word' id='word_1_573' title='bbox 247 3867 385 3905; x_wconf 84' lang='lat' dir='ltr'>nem</span> <span class='ocrx_word' id='word_1_574' title='bbox 426 3849 631 3903; x_wconf 84' lang='lat' dir='ltr'>vicinis</span> <span class='ocrx_word' id='word_1_575' title='bbox 661 3848 885 3902; x_wconf 88' lang='lat' dir='ltr'>nostris.</span> <span class='ocrx_word' id='word_1_576' title='bbox 928 3846 1071 3901; x_wconf 89' lang='lat' dir='ltr'>Ecce</span> <span class='ocrx_word' id='word_1_577' title='bbox 1098 3844 1350 3917; x_wconf 83' lang='lat' dir='ltr'>qualiter</span> <span class='ocrx_word' id='word_1_578' title='bbox 1396 3844 1600 3899; x_wconf 87' lang='lat' dir='ltr'>cihasti</span> <span class='ocrx_word' id='word_1_579' title='bbox 1650 3860 1747 3900; x_wconf 89' lang='lat' dir='ltr'>nos</span> <span class='ocrx_word' id='word_1_580' title='bbox 1774 3861 1916 3916; x_wconf 88' lang='lat' dir='ltr'>pane</span> 
     </span>
    </p>
   </div>
   <div class='ocr_carea' id='block_1_70' title="bbox 250 3935 1914 4011">
    <p class='ocr_par' dir='ltr' id='par_1_70' title="bbox 250 3935 1914 4011">
     <span class='ocr_line' id='line_1_70' title="bbox 250 3935 1914 4011; baseline -0.003 -17"><span class='ocrx_word' id='word_1_581' title='bbox 250 3938 668 4011; x_wconf 84' lang='lat' dir='ltr'>lacrymarum,</span> <span class='ocrx_word' id='word_1_582' title='bbox 692 3936 830 4006; x_wconf 91' lang='lat' dir='ltr'>quia</span> <span class='ocrx_word' id='word_1_583' title='bbox 853 3937 1089 4006; x_wconf 87' lang='lat' dir='ltr'>posuisti</span> <span class='ocrx_word' id='word_1_584' title='bbox 1110 3951 1208 3989; x_wconf 88' lang='lat' dir='ltr'>nos</span> <span class='ocrx_word' id='word_1_585' title='bbox 1240 3936 1297 3989; x_wconf 88' lang='lat' dir='ltr'>in</span> <span class='ocrx_word' id='word_1_586' title='bbox 1316 3935 1803 3990; x_wconf 82' lang='lat' dir='ltr'>contradictionem</span> <span class='ocrx_word' id='word_1_587' title='bbox 1830 3936 1914 3989; x_wconf 88' lang='lat' dir='ltr'>vi-</span> 
     </span>
    </p>
   </div>
   <div class='ocr_carea' id='block_1_71' title="bbox 248 4023 1916 4096">
    <p class='ocr_par' dir='ltr' id='par_1_71' title="bbox 248 4023 1916 4096">
     <span class='ocr_line' id='line_1_71' title="bbox 248 4023 1916 4096; baseline -0.002 -14"><span class='ocrx_word' id='word_1_588' title='bbox 248 4029 425 4083; x_wconf 86' lang='lat' dir='ltr'>cinis.</span> <span class='ocrx_word' id='word_1_589' title='bbox 464 4024 605 4080; x_wconf 91' lang='lat' dir='ltr'>Ecce</span> <span class='ocrx_word' id='word_1_590' title='bbox 636 4028 833 4096; x_wconf 89' lang='lat' dir='ltr'>aperte</span> <span class='ocrx_word' id='word_1_591' title='bbox 862 4023 1132 4079; x_wconf 89' lang='lat' dir='ltr'>novimus</span> <span class='ocrx_word' id='word_1_592' title='bbox 1163 4023 1474 4095; x_wconf 89' lang='lat' dir='ltr'>impletum</span> <span class='ocrx_word' id='word_1_593' title='bbox 1514 4023 1668 4094; x_wconf 89' lang='lat' dir='ltr'>quod</span> <span class='ocrx_word' id='word_1_594' title='bbox 1702 4023 1795 4077; x_wconf 90' lang='lat' dir='ltr'>hic</span> <span class='ocrx_word' id='word_1_595' title='bbox 1827 4026 1916 4078; x_wconf 90' lang='lat' dir='ltr'>est</span> 
     </span>
    </p>
   </div>
   <div class='ocr_carea' id='block_1_72' title="bbox 248 4110 1918 4187">
    <p class='ocr_par' dir='ltr' id='par_1_72' title="bbox 248 4110 1918 4187">
     <span class='ocr_line' id='line_1_72' title="bbox 248 4110 1918 4187; baseline -0.003 -16"><span class='ocrx_word' id='word_1_596' title='bbox 248 4114 708 4187; x_wconf 86' lang='lat' dir='ltr'>prophetatum,</span> <span class='ocrx_word' id='word_1_597' title='bbox 736 4112 876 4185; x_wconf 87' lang='lat' dir='ltr'>quia</span> <span class='ocrx_word' id='word_1_598' title='bbox 896 4112 1066 4167; x_wconf 86' lang='lat' dir='ltr'>multi</span> <span class='ocrx_word' id='word_1_599' title='bbox 1088 4128 1156 4166; x_wconf 84' lang='lat' dir='ltr'>ex</span> <span class='ocrx_word' id='word_1_600' title='bbox 1177 4111 1276 4167; x_wconf 91' lang='lat' dir='ltr'>illo</span> <span class='ocrx_word' id='word_1_601' title='bbox 1298 4110 1510 4183; x_wconf 89' lang='lat' dir='ltr'>populo</span> <span class='ocrx_word' id='word_1_602' title='bbox 1534 4111 1753 4166; x_wconf 86' lang='lat' dir='ltr'>ccelesti</span> <span class='ocrx_word' id='word_1_603' title='bbox 1776 4118 1918 4167; x_wconf 89' lang='lat' dir='ltr'>sunt</span> 
     </span>
    </p>
   </div>
   <div class='ocr_carea' id='block_1_73' title="bbox 249 4199 1916 4277">
    <p class='ocr_par' dir='ltr' id='par_1_73' title="bbox 249 4199 1916 4277">
     <span class='ocr_line' id='line_1_73' title="bbox 249 4199 1916 4277; baseline -0.004 -17"><span class='ocrx_word' id='word_1_604' title='bbox 249 4203 698 4277; x_wconf 82' lang='lat' dir='ltr'>praedicatores,</span> <span class='ocrx_word' id='word_1_605' title='bbox 722 4202 824 4273; x_wconf 91' lang='lat' dir='ltr'>qui</span> <span class='ocrx_word' id='word_1_606' title='bbox 874 4200 1273 4274; x_wconf 80' lang='lat' dir='ltr'>praedicabant</span> <span class='ocrx_word' id='word_1_607' title='bbox 1321 4199 1620 4255; x_wconf 88' lang='lat' dir='ltr'>Christum</span> <span class='ocrx_word' id='word_1_608' title='bbox 1646 4199 1916 4255; x_wconf 87' lang='lat' dir='ltr'>incarna-</span> 
     </span>
    </p>
   </div>
   <div class='ocr_carea' id='block_1_74' title="bbox 247 4286 1912 4361">
    <p class='ocr_par' dir='ltr' id='par_1_74' title="bbox 247 4286 1912 4361">
     <span class='ocr_line' id='line_1_74' title="bbox 247 4286 1912 4361; baseline -0.002 -13"><span class='ocrx_word' id='word_1_609' title='bbox 247 4298 414 4361; x_wconf 86' lang='lat' dir='ltr'>tum,</span> <span class='ocrx_word' id='word_1_610' title='bbox 440 4294 742 4346; x_wconf 90' lang='lat' dir='ltr'>mortuum</span> <span class='ocrx_word' id='word_1_611' title='bbox 765 4293 820 4346; x_wconf 91' lang='lat' dir='ltr'>et</span> <span class='ocrx_word' id='word_1_612' title='bbox 841 4289 1185 4360; x_wconf 88' lang='lat' dir='ltr'>redivivum,</span> <span class='ocrx_word' id='word_1_613' title='bbox 1206 4306 1330 4344; x_wconf 88' lang='lat' dir='ltr'>rem</span> <span class='ocrx_word' id='word_1_614' title='bbox 1352 4286 1780 4356; x_wconf 90' lang='lat' dir='ltr'>incredibilem,</span> <span class='ocrx_word' id='word_1_615' title='bbox 1812 4289 1912 4344; x_wconf 90' lang='lat' dir='ltr'>sed</span> 
     </span>
    </p>
   </div>
   <div class='ocr_carea' id='block_1_75' title="bbox 248 4376 1914 4448">
    <p class='ocr_par' dir='ltr' id='par_1_75' title="bbox 248 4376 1914 4448">
     <span class='ocr_line' id='line_1_75' title="bbox 248 4376 1914 4448; baseline -0.004 -11"><span class='ocrx_word' id='word_1_616' title='bbox 248 4382 338 4438; x_wconf 91' lang='lat' dir='ltr'>rei</span> <span class='ocrx_word' id='word_1_617' title='bbox 362 4378 700 4436; x_wconf 88' lang='lat' dir='ltr'>incredibili</span> <span class='ocrx_word' id='word_1_618' title='bbox 724 4379 899 4435; x_wconf 86' lang='lat' dir='ltr'>ﬁdem</span> <span class='ocrx_word' id='word_1_619' title='bbox 923 4379 1094 4448; x_wconf 79' lang='lat' dir='ltr'>signa</span> <span class='ocrx_word' id='word_1_620' title='bbox 1114 4377 1395 4433; x_wconf 90' lang='lat' dir='ltr'>fecerunt.</span> <span class='ocrx_word' id='word_1_621' title='bbox 1421 4376 1914 4433; x_wconf 87' lang='lat' dir='ltr'>Contradiceban-</span> 
     </span>
    </p>
   </div>
   <div class='ocr_carea' id='block_1_76' title="bbox 247 4465 1912 4541">
    <p class='ocr_par' dir='ltr' id='par_1_76' title="bbox 247 4465 1912 4541">
     <span class='ocr_line' id='line_1_76' title="bbox 247 4465 1912 4541; baseline -0.002 -15"><span class='ocrx_word' id='word_1_622' title='bbox 247 4474 375 4541; x_wconf 87' lang='lat' dir='ltr'>tur,</span> <span class='ocrx_word' id='word_1_623' title='bbox 442 4469 544 4524; x_wconf 90' lang='lat' dir='ltr'>sed</span> <span class='ocrx_word' id='word_1_624' title='bbox 603 4467 998 4523; x_wconf 88' lang='lat' dir='ltr'>contradictor</span> <span class='ocrx_word' id='word_1_625' title='bbox 1052 4466 1412 4532; x_wconf 88' lang='lat' dir='ltr'>vincebatur,</span> <span class='ocrx_word' id='word_1_626' title='bbox 1446 4465 1586 4538; x_wconf 90' lang='lat' dir='ltr'>quia</span> <span class='ocrx_word' id='word_1_627' title='bbox 1616 4465 1717 4536; x_wconf 90' lang='lat' dir='ltr'>qui</span> <span class='ocrx_word' id='word_1_628' title='bbox 1750 4466 1912 4537; x_wconf 87' lang='lat' dir='ltr'>prius</span> 
     </span>
    </p>
   </div>
   <div class='ocr_carea' id='block_1_77' title="bbox 2023 3311 3670 3385">
    <p class='ocr_par' dir='ltr' id='par_1_77' title="bbox 2023 3311 3670 3385">
     <span class='ocr_line' id='line_1_77' title="bbox 2023 3311 3670 3385; baseline 0.001 -19"><span class='ocrx_word' id='word_1_629' title='bbox 2023 3311 2426 3382; x_wconf 86' lang='lat' dir='ltr'>generationes</span> <span class='ocrx_word' id='word_1_630' title='bbox 2457 3311 2658 3384; x_wconf 89' lang='lat' dir='ltr'>populi</span> <span class='ocrx_word' id='word_1_631' title='bbox 2687 3329 2854 3384; x_wconf 88' lang='lat' dir='ltr'>usque</span> <span class='ocrx_word' id='word_1_632' title='bbox 2882 3314 2951 3369; x_wconf 88' lang='lat' dir='ltr'>ad</span> <span class='ocrx_word' id='word_1_633' title='bbox 2987 3330 3160 3380; x_wconf 87' lang='lat' dir='ltr'>mare,</span> <span class='ocrx_word' id='word_1_634' title='bbox 3193 3322 3247 3369; x_wconf 89' lang='lat' dir='ltr'>et</span> <span class='ocrx_word' id='word_1_635' title='bbox 3274 3330 3442 3385; x_wconf 89' lang='lat' dir='ltr'>usque</span> <span class='ocrx_word' id='word_1_636' title='bbox 3470 3315 3548 3369; x_wconf 86' lang='lat' dir='ltr'>ad</span> <span class='ocrx_word' id='word_1_637' title='bbox 3573 3315 3670 3383; x_wconf 90' lang='lat' dir='ltr'>ﬂu-</span> 
     </span>
    </p>
   </div>
   <div class='ocr_carea' id='block_1_78' title="bbox 2025 3398 3669 3475">
    <p class='ocr_par' dir='ltr' id='par_1_78' title="bbox 2025 3398 3669 3475">
     <span class='ocr_line' id='line_1_78' title="bbox 2025 3398 3669 3475; baseline 0.001 -20"><span class='ocrx_word' id='word_1_638' title='bbox 2025 3415 2169 3469; x_wconf 85' lang='lat' dir='ltr'>men,</span> <span class='ocrx_word' id='word_1_639' title='bbox 2204 3398 2489 3455; x_wconf 88' lang='lat' dir='ltr'>subaudis</span> <span class='ocrx_word' id='word_1_640' title='bbox 2507 3400 2804 3465; x_wconf 88' lang='lat' dir='ltr'>Jordanis,</span> <span class='ocrx_word' id='word_1_641' title='bbox 2822 3404 3153 3473; x_wconf 84' lang='lat' dir='ltr'>propagines</span> <span class='ocrx_word' id='word_1_642' title='bbox 3180 3406 3320 3475; x_wconf 88' lang='lat' dir='ltr'>ejus,</span> <span class='ocrx_word' id='word_1_643' title='bbox 3353 3401 3491 3474; x_wconf 89' lang='lat' dir='ltr'>quia</span> <span class='ocrx_word' id='word_1_644' title='bbox 3514 3400 3669 3457; x_wconf 89' lang='lat' dir='ltr'>ultra</span> 
     </span>
    </p>
   </div>
   <div class='ocr_carea' id='block_1_79' title="bbox 2022 3487 3664 3560">
    <p class='ocr_par' dir='ltr' id='par_1_79' title="bbox 2022 3487 3664 3560">
     <span class='ocr_line' id='line_1_79' title="bbox 2022 3487 3664 3560; baseline 0.002 -17"><span class='ocrx_word' id='word_1_645' title='bbox 2022 3487 2341 3543; x_wconf 86' lang='lat' dir='ltr'>Jordanem</span> <span class='ocrx_word' id='word_1_646' title='bbox 2373 3503 2488 3542; x_wconf 89' lang='lat' dir='ltr'>non</span> <span class='ocrx_word' id='word_1_647' title='bbox 2520 3487 2799 3560; x_wconf 89' lang='lat' dir='ltr'>leguntur</span> <span class='ocrx_word' id='word_1_648' title='bbox 2830 3489 3129 3546; x_wconf 89' lang='lat' dir='ltr'>habitasse</span> <span class='ocrx_word' id='word_1_649' title='bbox 3178 3490 3411 3559; x_wconf 68' lang='lat' dir='ltr'>Judaei;</span> <span class='ocrx_word' id='word_1_650' title='bbox 3441 3489 3528 3547; x_wconf 87' lang='lat' dir='ltr'>vel</span> <span class='ocrx_word' id='word_1_651' title='bbox 3560 3489 3664 3559; x_wconf 87' lang='lat' dir='ltr'>sic,</span> 
     </span>
    </p>
   </div>
   <div class='ocr_carea' id='block_1_80' title="bbox 2024 3576 3670 3655">
    <p class='ocr_par' dir='ltr' id='par_1_80' title="bbox 2024 3576 3670 3655">
     <span class='ocr_line' id='line_1_80' title="bbox 2024 3576 3670 3655; baseline 0.004 -24"><span class='ocrx_word' id='word_1_652' title='bbox 2024 3576 2283 3632; x_wconf 75' lang='lat' dir='ltr'>Extendit</span> <span class='ocrx_word' id='word_1_653' title='bbox 2331 3576 2602 3647; x_wconf 83' lang='lat' dir='ltr'>palmites,</span> <span class='ocrx_word' id='word_1_654' title='bbox 2663 3576 2720 3631; x_wconf 90' lang='lat' dir='ltr'>id</span> <span class='ocrx_word' id='word_1_655' title='bbox 2772 3581 2880 3645; x_wconf 90' lang='lat' dir='ltr'>est,</span> <span class='ocrx_word' id='word_1_656' title='bbox 2942 3579 3347 3651; x_wconf 87' lang='lat' dir='ltr'>generationes</span> <span class='ocrx_word' id='word_1_657' title='bbox 3403 3579 3670 3655; x_wconf 63' lang='lat' dir='ltr'>Ecclesia</span> 
     </span>
    </p>
   </div>
   <div class='ocr_carea' id='block_1_81' title="bbox 2024 3665 3670 3739">
    <p class='ocr_par' dir='ltr' id='par_1_81' title="bbox 2024 3665 3670 3739">
     <span class='ocr_line' id='line_1_81' title="bbox 2024 3665 3670 3739; baseline 0 -17"><span class='ocrx_word' id='word_1_658' title='bbox 2024 3682 2195 3736; x_wconf 88' lang='lat' dir='ltr'>usque</span> <span class='ocrx_word' id='word_1_659' title='bbox 2222 3665 2297 3720; x_wconf 89' lang='lat' dir='ltr'>ad</span> <span class='ocrx_word' id='word_1_660' title='bbox 2326 3682 2478 3721; x_wconf 85' lang='lat' dir='ltr'>mare</span> <span class='ocrx_word' id='word_1_661' title='bbox 2507 3665 2792 3739; x_wconf 88' lang='lat' dir='ltr'>gentium,</span> <span class='ocrx_word' id='word_1_662' title='bbox 2816 3670 2867 3723; x_wconf 88' lang='lat' dir='ltr'>et</span> <span class='ocrx_word' id='word_1_663' title='bbox 2893 3683 3066 3739; x_wconf 88' lang='lat' dir='ltr'>usque</span> <span class='ocrx_word' id='word_1_664' title='bbox 3091 3668 3170 3723; x_wconf 84' lang='lat' dir='ltr'>ad</span> <span class='ocrx_word' id='word_1_665' title='bbox 3195 3669 3423 3738; x_wconf 86' lang='lat' dir='ltr'>ﬂumen,</span> <span class='ocrx_word' id='word_1_666' title='bbox 3445 3668 3670 3724; x_wconf 76' lang='lat' dir='ltr'>Judieo-</span> 
     </span>
    </p>
   </div>
   <div class='ocr_carea' id='block_1_82' title="bbox 2026 3753 3667 3829">
    <p class='ocr_par' dir='ltr' id='par_1_82' title="bbox 2026 3753 3667 3829">
     <span class='ocr_line' id='line_1_82' title="bbox 2026 3753 3667 3829; baseline 0.002 -20"><span class='ocrx_word' id='word_1_667' title='bbox 2026 3770 2157 3810; x_wconf 91' lang='lat' dir='ltr'>rum</span> <span class='ocrx_word' id='word_1_668' title='bbox 2187 3753 2477 3824; x_wconf 90' lang='lat' dir='ltr'>videlicet,</span> <span class='ocrx_word' id='word_1_669' title='bbox 2508 3756 2755 3812; x_wconf 76' lang='lat' dir='ltr'>extendit</span> <span class='ocrx_word' id='word_1_670' title='bbox 2778 3758 3117 3829; x_wconf 83' lang='lat' dir='ltr'>propagines</span> <span class='ocrx_word' id='word_1_671' title='bbox 3144 3761 3289 3829; x_wconf 85' lang='lat' dir='ltr'>ejus.</span> <span class='ocrx_word' id='word_1_672' title='bbox 3327 3758 3389 3815; x_wconf 89' lang='lat' dir='ltr'>Ut</span> <span class='ocrx_word' id='word_1_673' title='bbox 3404 3756 3538 3828; x_wconf 85' lang='lat' dir='ltr'>quid</span> <span class='ocrx_word' id='word_1_674' title='bbox 3574 3756 3667 3813; x_wconf 85' lang='lat' dir='ltr'>de-</span> 
     </span>
    </p>
   </div>
   <div class='ocr_carea' id='block_1_83' title="bbox 2021 3844 3672 3917">
    <p class='ocr_par' dir='ltr' id='par_1_83' title="bbox 2021 3844 3672 3917">
     <span class='ocr_line' id='line_1_83' title="bbox 2021 3844 3672 3917; baseline 0 -18"><span class='ocrx_word' id='word_1_675' title='bbox 2021 3844 2274 3900; x_wconf 73' lang='lat' dir='ltr'>struxisti</span> <span class='ocrx_word' id='word_1_676' title='bbox 2294 3845 2599 3900; x_wconf 87' lang='lat' dir='ltr'>maceriam</span> <span class='ocrx_word' id='word_1_677' title='bbox 2618 3846 2761 3917; x_wconf 87' lang='lat' dir='ltr'>ejus,</span> <span class='ocrx_word' id='word_1_678' title='bbox 2785 3855 2837 3901; x_wconf 85' lang='lat' dir='ltr'>et</span> <span class='ocrx_word' id='word_1_679' title='bbox 2858 3845 3198 3901; x_wconf 81' lang='lat' dir='ltr'>vindemiant</span> <span class='ocrx_word' id='word_1_680' title='bbox 3222 3861 3345 3901; x_wconf 89' lang='lat' dir='ltr'>eam</span> <span class='ocrx_word' id='word_1_681' title='bbox 3362 3861 3547 3902; x_wconf 87' lang='lat' dir='ltr'>omnes</span> <span class='ocrx_word' id='word_1_682' title='bbox 3573 3845 3672 3917; x_wconf 88' lang='lat' dir='ltr'>qui</span> 
     </span>
    </p>
   </div>
   <div class='ocr_carea' id='block_1_84' title="bbox 2018 3933 3670 4007">
    <p class='ocr_par' dir='ltr' id='par_1_84' title="bbox 2018 3933 3670 4007">
     <span class='ocr_line' id='line_1_84' title="bbox 2018 3933 3670 4007; baseline 0.002 -19"><span class='ocrx_word' id='word_1_683' title='bbox 2018 3934 2566 4006; x_wconf 76' lang='lat' dir='ltr'>praetergrediuntur</span> <span class='ocrx_word' id='word_1_684' title='bbox 2595 3934 2748 3989; x_wconf 90' lang='lat' dir='ltr'>viam</span> <span class='ocrx_word' id='word_1_685' title='bbox 2770 3934 2797 3988; x_wconf 78' lang='lat' dir='ltr'>‘l</span> <span class='ocrx_word' id='word_1_686' title='bbox 2824 3934 3020 4007; x_wconf 88' lang='lat' dir='ltr'>Asaph</span> <span class='ocrx_word' id='word_1_687' title='bbox 3048 3933 3258 3991; x_wconf 89' lang='lat' dir='ltr'>videns</span> <span class='ocrx_word' id='word_1_688' title='bbox 3282 3938 3444 3991; x_wconf 89' lang='lat' dir='ltr'>tanta</span> <span class='ocrx_word' id='word_1_689' title='bbox 3464 3934 3670 3992; x_wconf 88' lang='lat' dir='ltr'>fecisse</span> 
     </span>
    </p>
   </div>
   <div class='ocr_carea' id='block_1_85' title="bbox 2024 4021 3674 4094">
    <p class='ocr_par' dir='ltr' id='par_1_85' title="bbox 2024 4021 3674 4094">
     <span class='ocr_line' id='line_1_85' title="bbox 2024 4021 3674 4094; baseline 0.002 -17"><span class='ocrx_word' id='word_1_690' title='bbox 2024 4022 2364 4087; x_wconf 92' lang='lat' dir='ltr'>Dominum,</span> <span class='ocrx_word' id='word_1_691' title='bbox 2380 4027 2444 4077; x_wconf 90' lang='lat' dir='ltr'>ut</span> <span class='ocrx_word' id='word_1_692' title='bbox 2459 4021 2714 4094; x_wconf 89' lang='lat' dir='ltr'>populus</span> <span class='ocrx_word' id='word_1_693' title='bbox 2728 4023 3013 4079; x_wconf 85' lang='lat' dir='ltr'>Judaicus</span> <span class='ocrx_word' id='word_1_694' title='bbox 3028 4023 3398 4093; x_wconf 82' lang='lat' dir='ltr'>exaltaretur,</span> <span class='ocrx_word' id='word_1_695' title='bbox 3420 4025 3674 4081; x_wconf 83' lang='lat' dir='ltr'>admira-</span> 
     </span>
    </p>
   </div>
   <div class='ocr_carea' id='block_1_86' title="bbox 2022 4110 3667 4186">
    <p class='ocr_par' dir='ltr' id='par_1_86' title="bbox 2022 4110 3667 4186">
     <span class='ocr_line' id='line_1_86' title="bbox 2022 4110 3667 4186; baseline 0.002 -20"><span class='ocrx_word' id='word_1_696' title='bbox 2022 4115 2140 4178; x_wconf 90' lang='lat' dir='ltr'>tur,</span> <span class='ocrx_word' id='word_1_697' title='bbox 2163 4115 2221 4165; x_wconf 89' lang='lat' dir='ltr'>et</span> <span class='ocrx_word' id='word_1_698' title='bbox 2250 4110 2416 4182; x_wconf 89' lang='lat' dir='ltr'>quasi</span> <span class='ocrx_word' id='word_1_699' title='bbox 2440 4110 2788 4169; x_wconf 89' lang='lat' dir='ltr'>admirando</span> <span class='ocrx_word' id='word_1_700' title='bbox 2809 4112 3052 4185; x_wconf 65' lang='lat' dir='ltr'>quaerit:</span> <span class='ocrx_word' id='word_1_701' title='bbox 3095 4113 3167 4170; x_wconf 91' lang='lat' dir='ltr'>Ut</span> <span class='ocrx_word' id='word_1_702' title='bbox 3188 4114 3351 4186; x_wconf 91' lang='lat' dir='ltr'>quid,</span> <span class='ocrx_word' id='word_1_703' title='bbox 3380 4114 3438 4170; x_wconf 88' lang='lat' dir='ltr'>id</span> <span class='ocrx_word' id='word_1_704' title='bbox 3461 4118 3569 4180; x_wconf 89' lang='lat' dir='ltr'>est,</span> <span class='ocrx_word' id='word_1_705' title='bbox 3595 4113 3667 4171; x_wconf 86' lang='lat' dir='ltr'>ad</span> 
     </span>
    </p>
   </div>
   <div class='ocr_carea' id='block_1_87' title="bbox 2025 4198 3673 4272">
    <p class='ocr_par' dir='ltr' id='par_1_87' title="bbox 2025 4198 3673 4272">
     <span class='ocr_line' id='line_1_87' title="bbox 2025 4198 3673 4272; baseline 0.002 -18"><span class='ocrx_word' id='word_1_706' title='bbox 2025 4215 2202 4272; x_wconf 88' lang='lat' dir='ltr'>quam</span> <span class='ocrx_word' id='word_1_707' title='bbox 2222 4198 2532 4255; x_wconf 88' lang='lat' dir='ltr'>utilitatem</span> <span class='ocrx_word' id='word_1_708' title='bbox 2553 4215 2777 4265; x_wconf 89' lang='lat' dir='ltr'>eorum,</span> <span class='ocrx_word' id='word_1_709' title='bbox 2804 4202 3189 4260; x_wconf 81' lang='lat' dir='ltr'>destruxisset</span> <span class='ocrx_word' id='word_1_710' title='bbox 3204 4204 3358 4260; x_wconf 92' lang='lat' dir='ltr'>Deus</span> <span class='ocrx_word' id='word_1_711' title='bbox 3371 4206 3673 4259; x_wconf 89' lang='lat' dir='ltr'>maceriam</span> 
     </span>
    </p>
   </div>
   <div class='ocr_carea' id='block_1_88' title="bbox 2023 4286 3673 4364">
    <p class='ocr_par' dir='ltr' id='par_1_88' title="bbox 2023 4286 3673 4364">
     <span class='ocr_line' id='line_1_88' title="bbox 2023 4286 3673 4364; baseline 0.001 -19"><span class='ocrx_word' id='word_1_712' title='bbox 2023 4289 2162 4360; x_wconf 84' lang='lat' dir='ltr'>ejus,</span> <span class='ocrx_word' id='word_1_713' title='bbox 2212 4286 2270 4341; x_wconf 89' lang='lat' dir='ltr'>id</span> <span class='ocrx_word' id='word_1_714' title='bbox 2338 4291 2447 4359; x_wconf 87' lang='lat' dir='ltr'>est,</span> <span class='ocrx_word' id='word_1_715' title='bbox 2479 4289 2869 4346; x_wconf 88' lang='lat' dir='ltr'>munitionem</span> <span class='ocrx_word' id='word_1_716' title='bbox 2916 4292 3072 4363; x_wconf 88' lang='lat' dir='ltr'>ejus,</span> <span class='ocrx_word' id='word_1_717' title='bbox 3120 4308 3371 4364; x_wconf 82' lang='lat' dir='ltr'>regnum</span> <span class='ocrx_word' id='word_1_718' title='bbox 3401 4291 3673 4347; x_wconf 86' lang='lat' dir='ltr'>videlicet</span> 
     </span>
    </p>
   </div>
   <div class='ocr_carea' id='block_1_89' title="bbox 2024 4370 3670 4453">
    <p class='ocr_par' dir='ltr' id='par_1_89' title="bbox 2024 4370 3670 4453">
     <span class='ocr_line' id='line_1_89' title="bbox 2024 4370 3670 4453; baseline 0.001 -21"><span class='ocrx_word' id='word_1_719' title='bbox 2024 4382 2079 4433; x_wconf 89' lang='lat' dir='ltr'>et</span> <span class='ocrx_word' id='word_1_720' title='bbox 2101 4375 2489 4432; x_wconf 89' lang='lat' dir='ltr'>sacerdotium</span> <span class='ocrx_word' id='word_1_721' title='bbox 2517 4377 2670 4434; x_wconf 91' lang='lat' dir='ltr'>unde</span> <span class='ocrx_word' id='word_1_722' title='bbox 2692 4379 2905 4434; x_wconf 89' lang='lat' dir='ltr'>muniti</span> <span class='ocrx_word' id='word_1_723' title='bbox 2927 4396 3055 4436; x_wconf 89' lang='lat' dir='ltr'>esse</span> <span class='ocrx_word' id='word_1_724' title='bbox 3078 4370 3455 4453; x_wconf 87' lang='lat' dir='ltr'>putabantur,</span> <span class='ocrx_word' id='word_1_725' title='bbox 3477 4388 3530 4436; x_wconf 87' lang='lat' dir='ltr'>et</span> <span class='ocrx_word' id='word_1_726' title='bbox 3550 4381 3670 4435; x_wconf 80' lang='lat' dir='ltr'>vin-</span> 
     </span>
    </p>
   </div>
   <div class='ocr_carea' id='block_1_90' title="bbox 2024 4455 3674 4539">
    <p class='ocr_par' dir='ltr' id='par_1_90' title="bbox 2024 4455 3674 4539">
     <span class='ocr_line' id='line_1_90' title="bbox 2024 4455 3674 4539; baseline 0.001 -17"><span class='ocrx_word' id='word_1_727' title='bbox 2024 4465 2268 4522; x_wconf 87' lang='lat' dir='ltr'>demiant</span> <span class='ocrx_word' id='word_1_728' title='bbox 2322 4481 2463 4531; x_wconf 87' lang='lat' dir='ltr'>eam,</span> <span class='ocrx_word' id='word_1_729' title='bbox 2526 4466 2581 4520; x_wconf 92' lang='lat' dir='ltr'>id</span> <span class='ocrx_word' id='word_1_730' title='bbox 2619 4470 2706 4522; x_wconf 90' lang='lat' dir='ltr'>est</span> <span class='ocrx_word' id='word_1_731' title='bbox 2746 4455 3126 4539; x_wconf 44' lang='lat' dir='ltr'>dissipant&#39;et</span> <span class='ocrx_word' id='word_1_732' title='bbox 3163 4467 3464 4539; x_wconf 88' lang='lat' dir='ltr'>decipiunt</span> <span class='ocrx_word' id='word_1_733' title='bbox 3491 4482 3674 4524; x_wconf 83' lang='lat' dir='ltr'>omnes</span> 
     </span>
    </p>
   </div>
   <div class='ocr_carea' id='block_1_91' title="bbox 246 4552 3669 4631">
    <p class='ocr_par' dir='ltr' id='par_1_91' title="bbox 246 4552 3669 4631">
     <span class='ocr_line' id='line_1_91' title="bbox 246 4552 3669 4631; baseline -0.001 -16"><span class='ocrx_word' id='word_1_734' title='bbox 246 4561 608 4631; x_wconf 88' lang='lat' dir='ltr'>persecutor</span> <span class='ocrx_word' id='word_1_735' title='bbox 636 4562 779 4625; x_wconf 89' lang='lat' dir='ltr'>erat,</span> <span class='ocrx_word' id='word_1_736' title='bbox 813 4556 1004 4612; x_wconf 87' lang='lat' dir='ltr'>factus</span> <span class='ocrx_word' id='word_1_737' title='bbox 1036 4560 1124 4612; x_wconf 90' lang='lat' dir='ltr'>est</span> <span class='ocrx_word' id='word_1_738' title='bbox 1147 4560 1347 4628; x_wconf 85' lang='lat' dir='ltr'>postea</span> <span class='ocrx_word' id='word_1_739' title='bbox 1369 4554 1613 4610; x_wconf 88' lang='lat' dir='ltr'>humilis</span> <span class='ocrx_word' id='word_1_740' title='bbox 1636 4553 1916 4611; x_wconf 86' lang='lat' dir='ltr'>imitator.</span> <span class='ocrx_word' id='word_1_741' title='bbox 1953 4567 1998 4631; x_wconf 84' lang='lat' dir='ltr'><strong>D</strong></span> <span class='ocrx_word' id='word_1_742' title='bbox 2031 4557 2130 4626; x_wconf 89' lang='lat' dir='ltr'>qui</span> <span class='ocrx_word' id='word_1_743' title='bbox 2148 4552 2675 4626; x_wconf 61' lang='lat' dir='ltr'>pratergrediuntur</span> <span class='ocrx_word' id='word_1_744' title='bbox 2701 4556 2871 4609; x_wconf 88' lang='lat' dir='ltr'>viam.</span> <span class='ocrx_word' id='word_1_745' title='bbox 2923 4555 3219 4611; x_wconf 82' lang='lat' dir='ltr'>Christum</span> <span class='ocrx_word' id='word_1_746' title='bbox 3249 4554 3536 4624; x_wconf 89' lang='lat' dir='ltr'>videlicet,</span> <span class='ocrx_word' id='word_1_747' title='bbox 3569 4556 3669 4629; x_wconf 91' lang='lat' dir='ltr'>qui</span> 
     </span>
    </p>
   </div>
   <div class='ocr_carea' id='block_1_92' title="bbox 246 4644 1919 4718">
    <p class='ocr_par' dir='ltr' id='par_1_92' title="bbox 246 4644 1919 4718">
     <span class='ocr_line' id='line_1_92' title="bbox 246 4644 1919 4718; baseline -0.001 -15"><span class='ocrx_word' id='word_1_748' title='bbox 246 4648 370 4711; x_wconf 80' lang='lat' dir='ltr'>Sed</span> <span class='ocrx_word' id='word_1_749' title='bbox 399 4646 542 4718; x_wconf 90' lang='lat' dir='ltr'>quia</span> <span class='ocrx_word' id='word_1_750' title='bbox 561 4646 863 4718; x_wconf 58' lang='lat' dir='ltr'>precen&#39;t</span> <span class='ocrx_word' id='word_1_751' title='bbox 883 4645 1124 4700; x_wconf 82' lang='lat' dir='ltr'>ﬂamma</span> <span class='ocrx_word' id='word_1_752' title='bbox 1146 4644 1360 4700; x_wconf 82' lang='lat' dir='ltr'>furoris</span> <span class='ocrx_word' id='word_1_753' title='bbox 1386 4648 1443 4699; x_wconf 90' lang='lat' dir='ltr'>et</span> <span class='ocrx_word' id='word_1_754' title='bbox 1466 4644 1707 4699; x_wconf 87' lang='lat' dir='ltr'>ﬂamma</span> <span class='ocrx_word' id='word_1_755' title='bbox 1728 4661 1919 4716; x_wconf 90' lang='lat' dir='ltr'>perse-</span> 
     </span>
    </p>
   </div>
   <div class='ocr_carea' id='block_1_93' title="bbox 245 4733 1917 4808">
    <p class='ocr_par' dir='ltr' id='par_1_93' title="bbox 245 4733 1917 4808">
     <span class='ocr_line' id='line_1_93' title="bbox 245 4733 1917 4808; baseline -0.001 -16"><span class='ocrx_word' id='word_1_756' title='bbox 245 4735 545 4803; x_wconf 88' lang='lat' dir='ltr'>cutionis,</span> <span class='ocrx_word' id='word_1_757' title='bbox 578 4752 706 4808; x_wconf 67' lang='lat' dir='ltr'>quae</span> <span class='ocrx_word' id='word_1_758' title='bbox 738 4733 935 4791; x_wconf 48' lang='lat' dir='ltr'>tamen</span> <span class='ocrx_word' id='word_1_759' title='bbox 982 4734 1130 4807; x_wconf 90' lang='lat' dir='ltr'>ipsis</span> <span class='ocrx_word' id='word_1_760' title='bbox 1176 4733 1659 4805; x_wconf 75' lang='lat' dir='ltr'>praedicatoribus</span> <span class='ocrx_word' id='word_1_761' title='bbox 1683 4734 1917 4791; x_wconf 82' lang='lat' dir='ltr'>refectio</span> 
     </span>
    </p>
   </div>
   <div class='ocr_carea' id='block_1_94' title="bbox 247 4823 1923 4896">
    <p class='ocr_par' dir='ltr' id='par_1_94' title="bbox 247 4823 1923 4896">
     <span class='ocr_line' id='line_1_94' title="bbox 247 4823 1923 4896; baseline -0.002 -15"><span class='ocrx_word' id='word_1_762' title='bbox 247 4824 395 4896; x_wconf 80' lang='lat' dir='ltr'>fuit,</span> <span class='ocrx_word' id='word_1_763' title='bbox 432 4823 564 4880; x_wconf 91' lang='lat' dir='ltr'>ideo</span> <span class='ocrx_word' id='word_1_764' title='bbox 595 4823 774 4880; x_wconf 86' lang='lat' dir='ltr'>dicit:</span> <span class='ocrx_word' id='word_1_765' title='bbox 837 4823 1063 4881; x_wconf 85' lang='lat' dir='ltr'>Cibabis</span> <span class='ocrx_word' id='word_1_766' title='bbox 1118 4839 1216 4878; x_wconf 90' lang='lat' dir='ltr'>nos</span> <span class='ocrx_word' id='word_1_767' title='bbox 1259 4838 1407 4894; x_wconf 84' lang='lat' dir='ltr'>pane</span> <span class='ocrx_word' id='word_1_768' title='bbox 1446 4823 1841 4894; x_wconf 85' lang='lat' dir='ltr'>lacrymarum,</span> <span class='ocrx_word' id='word_1_769' title='bbox 1872 4826 1923 4879; x_wconf 89' lang='lat' dir='ltr'>et</span> 
     </span>
    </p>
   </div>
   <div class='ocr_carea' id='block_1_95' title="bbox 246 4912 1924 4984">
    <p class='ocr_par' dir='ltr' id='par_1_95' title="bbox 246 4912 1924 4984">
     <span class='ocr_line' id='line_1_95' title="bbox 246 4912 1924 4984; baseline -0.001 -15"><span class='ocrx_word' id='word_1_770' title='bbox 246 4917 461 4984; x_wconf 84' lang='lat' dir='ltr'>potum</span> <span class='ocrx_word' id='word_1_771' title='bbox 488 4913 648 4969; x_wconf 75' lang='lat' dir='ltr'>dabis</span> <span class='ocrx_word' id='word_1_772' title='bbox 676 4913 833 4969; x_wconf 89' lang='lat' dir='ltr'>nobis</span> <span class='ocrx_word' id='word_1_773' title='bbox 887 4912 946 4968; x_wconf 87' lang='lat' dir='ltr'>in</span> <span class='ocrx_word' id='word_1_774' title='bbox 973 4914 1235 4984; x_wconf 85' lang='lat' dir='ltr'>lacrymis</span> <span class='ocrx_word' id='word_1_775' title='bbox 1281 4912 1339 4967; x_wconf 87' lang='lat' dir='ltr'>in</span> <span class='ocrx_word' id='word_1_776' title='bbox 1372 4927 1649 4966; x_wconf 88' lang='lat' dir='ltr'>mensura.</span> <span class='ocrx_word' id='word_1_777' title='bbox 1684 4914 1924 4968; x_wconf 84' lang='lat' dir='ltr'>Posuisti</span> 
     </span>
    </p>
   </div>
   <div class='ocr_carea' id='block_1_96' title="bbox 246 4999 1921 5071">
    <p class='ocr_par' dir='ltr' id='par_1_96' title="bbox 246 4999 1921 5071">
     <span class='ocr_line' id='line_1_96' title="bbox 246 4999 1921 5071; baseline -0.001 -13"><span class='ocrx_word' id='word_1_778' title='bbox 246 5019 359 5058; x_wconf 84' lang='lat' dir='ltr'>nos</span> <span class='ocrx_word' id='word_1_779' title='bbox 394 5001 458 5057; x_wconf 84' lang='lat' dir='ltr'>in</span> <span class='ocrx_word' id='word_1_780' title='bbox 482 5002 977 5067; x_wconf 81' lang='lat' dir='ltr'>contradictionem</span> <span class='ocrx_word' id='word_1_781' title='bbox 1004 5003 1205 5057; x_wconf 88' lang='lat' dir='ltr'>vicinis</span> <span class='ocrx_word' id='word_1_782' title='bbox 1253 5002 1483 5071; x_wconf 88' lang='lat' dir='ltr'>nostris,</span> <span class='ocrx_word' id='word_1_783' title='bbox 1516 5003 1568 5056; x_wconf 89' lang='lat' dir='ltr'>et</span> <span class='ocrx_word' id='word_1_784' title='bbox 1598 4999 1657 5055; x_wconf 91' lang='lat' dir='ltr'>in</span> <span class='ocrx_word' id='word_1_785' title='bbox 1689 5005 1921 5056; x_wconf 88' lang='lat' dir='ltr'>tantum</span> 
     </span>
    </p>
   </div>
   <div class='ocr_carea' id='block_1_97' title="bbox 248 5089 1920 5163">
    <p class='ocr_par' dir='ltr' id='par_1_97' title="bbox 248 5089 1920 5163">
     <span class='ocr_line' id='line_1_97' title="bbox 248 5089 1920 5163; baseline 0 -18"><span class='ocrx_word' id='word_1_786' title='bbox 248 5089 427 5163; x_wconf 86' lang='lat' dir='ltr'>quod</span> <span class='ocrx_word' id='word_1_787' title='bbox 483 5092 706 5147; x_wconf 90' lang='lat' dir='ltr'>inimici</span> <span class='ocrx_word' id='word_1_788' title='bbox 757 5093 936 5147; x_wconf 86' lang='lat' dir='ltr'>nostri</span> <span class='ocrx_word' id='word_1_789' title='bbox 990 5092 1471 5146; x_wconf 85' lang='lat' dir='ltr'>subsannaverunt</span> <span class='ocrx_word' id='word_1_790' title='bbox 1524 5104 1641 5157; x_wconf 79' lang='lat' dir='ltr'>nes,</span> <span class='ocrx_word' id='word_1_791' title='bbox 1702 5090 1802 5145; x_wconf 90' lang='lat' dir='ltr'>sed</span> <span class='ocrx_word' id='word_1_792' title='bbox 1835 5094 1920 5157; x_wconf 91' lang='lat' dir='ltr'>tu,</span> 
     </span>
    </p>
   </div>
   <div class='ocr_carea' id='block_1_98' title="bbox 250 5177 1924 5251">
    <p class='ocr_par' dir='ltr' id='par_1_98' title="bbox 250 5177 1924 5251">
     <span class='ocr_line' id='line_1_98' title="bbox 250 5177 1924 5251; baseline -0.001 -16"><span class='ocrx_word' id='word_1_793' title='bbox 250 5181 411 5235; x_wconf 84' lang='lat' dir='ltr'>Deus</span> <span class='ocrx_word' id='word_1_794' title='bbox 438 5181 731 5243; x_wconf 86' lang='lat' dir='ltr'>virtutum.</span> <span class='ocrx_word' id='word_1_795' title='bbox 756 5184 1004 5237; x_wconf 86' lang='lat' dir='ltr'>converte</span> <span class='ocrx_word' id='word_1_796' title='bbox 1025 5196 1142 5251; x_wconf 89' lang='lat' dir='ltr'>nos,</span> <span class='ocrx_word' id='word_1_797' title='bbox 1165 5179 1237 5234; x_wconf 89' lang='lat' dir='ltr'>ad</span> <span class='ocrx_word' id='word_1_798' title='bbox 1264 5183 1344 5246; x_wconf 84' lang='lat' dir='ltr'>te,</span> <span class='ocrx_word' id='word_1_799' title='bbox 1365 5196 1516 5250; x_wconf 91' lang='lat' dir='ltr'>quos</span> <span class='ocrx_word' id='word_1_800' title='bbox 1536 5178 1661 5250; x_wconf 88' lang='lat' dir='ltr'>ipse</span> <span class='ocrx_word' id='word_1_801' title='bbox 1683 5177 1924 5234; x_wconf 87' lang='lat' dir='ltr'>molitur</span> 
     </span>
    </p>
   </div>
   <div class='ocr_carea' id='block_1_99' title="bbox 249 5267 1923 5342">
    <p class='ocr_par' dir='ltr' id='par_1_99' title="bbox 249 5267 1923 5342">
     <span class='ocr_line' id='line_1_99' title="bbox 249 5267 1923 5342; baseline -0.001 -18"><span class='ocrx_word' id='word_1_802' title='bbox 249 5272 529 5325; x_wconf 85' lang='lat' dir='ltr'>avertere</span> <span class='ocrx_word' id='word_1_803' title='bbox 558 5287 571 5324; x_wconf 88' lang='lat'>:</span> <span class='ocrx_word' id='word_1_804' title='bbox 602 5276 652 5324; x_wconf 90' lang='lat' dir='ltr'>et</span> <span class='ocrx_word' id='word_1_805' title='bbox 678 5270 898 5326; x_wconf 86' lang='lat' dir='ltr'>ostende</span> <span class='ocrx_word' id='word_1_806' title='bbox 915 5271 1115 5342; x_wconf 81' lang='lat' dir='ltr'>faciem</span> <span class='ocrx_word' id='word_1_807' title='bbox 1140 5275 1310 5334; x_wconf 86' lang='lat' dir='ltr'>tuam,</span> <span class='ocrx_word' id='word_1_808' title='bbox 1346 5267 1556 5323; x_wconf 88' lang='lat' dir='ltr'>Filium</span> <span class='ocrx_word' id='word_1_809' title='bbox 1578 5272 1745 5322; x_wconf 91' lang='lat' dir='ltr'>tuum</span> <span class='ocrx_word' id='word_1_810' title='bbox 1768 5267 1923 5323; x_wconf 88' lang='lat' dir='ltr'>vide-</span> 
     </span>
    </p>
   </div>
   <div class='ocr_carea' id='block_1_100' title="bbox 246 5354 1920 5427">
    <p class='ocr_par' dir='ltr' id='par_1_100' title="bbox 246 5354 1920 5427">
     <span class='ocr_line' id='line_1_100' title="bbox 246 5354 1920 5427; baseline 0 -15"><span class='ocrx_word' id='word_1_811' title='bbox 246 5355 426 5427; x_wconf 86' lang='lat' dir='ltr'>licet,</span> <span class='ocrx_word' id='word_1_812' title='bbox 459 5364 508 5411; x_wconf 91' lang='lat' dir='ltr'>et</span> <span class='ocrx_word' id='word_1_813' title='bbox 535 5357 678 5413; x_wconf 87' lang='lat' dir='ltr'>salvi</span> <span class='ocrx_word' id='word_1_814' title='bbox 703 5361 929 5414; x_wconf 87' lang='lat' dir='ltr'>erimus.</span> <span class='ocrx_word' id='word_1_815' title='bbox 979 5358 1049 5413; x_wconf 90' lang='lat' dir='ltr'>Et</span> <span class='ocrx_word' id='word_1_816' title='bbox 1098 5357 1276 5412; x_wconf 90' lang='lat' dir='ltr'>debes</span> <span class='ocrx_word' id='word_1_817' title='bbox 1317 5354 1509 5411; x_wconf 90' lang='lat' dir='ltr'>salvos</span> <span class='ocrx_word' id='word_1_818' title='bbox 1543 5355 1749 5422; x_wconf 86' lang='lat' dir='ltr'>facere,</span> <span class='ocrx_word' id='word_1_819' title='bbox 1782 5356 1920 5427; x_wconf 90' lang='lat' dir='ltr'>quia</span> 
     </span>
    </p>
   </div>
   <div class='ocr_carea' id='block_1_101' title="bbox 239 5443 1923 5520">
    <p class='ocr_par' dir='ltr' id='par_1_101' title="bbox 239 5443 1923 5520">
     <span class='ocr_line' id='line_1_101' title="bbox 239 5443 1923 5520; baseline 0.001 -21"><span class='ocrx_word' id='word_1_820' title='bbox 239 5446 385 5517; x_wconf 83' lang='lat' dir='ltr'>jam</span> <span class='ocrx_word' id='word_1_821' title='bbox 422 5445 673 5518; x_wconf 63' lang='lat' dir='ltr'>cepisti,</span> <span class='ocrx_word' id='word_1_822' title='bbox 707 5448 942 5520; x_wconf 90' lang='lat' dir='ltr'>quando</span> <span class='ocrx_word' id='word_1_823' title='bbox 971 5449 1213 5517; x_wconf 87' lang='lat' dir='ltr'>vineam,</span> <span class='ocrx_word' id='word_1_824' title='bbox 1246 5444 1302 5499; x_wconf 93' lang='lat' dir='ltr'>id</span> <span class='ocrx_word' id='word_1_825' title='bbox 1336 5448 1445 5510; x_wconf 89' lang='lat' dir='ltr'>est,</span> <span class='ocrx_word' id='word_1_826' title='bbox 1475 5443 1791 5500; x_wconf 84' lang='lat' dir='ltr'>Judaicum</span> <span class='ocrx_word' id='word_1_827' title='bbox 1824 5460 1923 5516; x_wconf 90' lang='lat' dir='ltr'>po-</span> 
     </span>
    </p>
   </div>
   <div class='ocr_carea' id='block_1_102' title="bbox 248 5533 1924 5610">
    <p class='ocr_par' dir='ltr' id='par_1_102' title="bbox 248 5533 1924 5610">
     <span class='ocr_line' id='line_1_102' title="bbox 248 5533 1924 5610; baseline 0.001 -21"><span class='ocrx_word' id='word_1_828' title='bbox 248 5533 486 5607; x_wconf 89' lang='lat' dir='ltr'>pulum</span> <span class='ocrx_word' id='word_1_829' title='bbox 540 5535 606 5591; x_wconf 87' lang='lat' dir='ltr'>de</span> <span class='ocrx_word' id='word_1_830' title='bbox 658 5538 888 5610; x_wconf 61' lang='lat' dir='ltr'>Egypto</span> <span class='ocrx_word' id='word_1_831' title='bbox 949 5535 1280 5593; x_wconf 84' lang='lat' dir='ltr'>transtulisti</span> <span class='ocrx_word' id='word_1_832' title='bbox 1350 5534 1561 5603; x_wconf 76' lang='lat' dir='ltr'>eiecisti</span> <span class='ocrx_word' id='word_1_833' title='bbox 1615 5540 1816 5603; x_wconf 85' lang='lat' dir='ltr'>gentes,</span> <span class='ocrx_word' id='word_1_834' title='bbox 1869 5540 1924 5590; x_wconf 89' lang='lat' dir='ltr'>et</span> 
     </span>
    </p>
   </div>
   <div class='ocr_carea' id='block_1_103' title="bbox 241 5620 1921 5695">
    <p class='ocr_par' dir='ltr' id='par_1_103' title="bbox 241 5620 1921 5695">
     <span class='ocr_line' id='line_1_103' title="bbox 241 5620 1921 5695; baseline 0 -16"><span class='ocrx_word' id='word_1_835' title='bbox 241 5624 539 5695; x_wconf 84' lang='lat' dir='ltr'>plantasti</span> <span class='ocrx_word' id='word_1_836' title='bbox 565 5640 707 5695; x_wconf 89' lang='lat' dir='ltr'>eam,</span> <span class='ocrx_word' id='word_1_837' title='bbox 738 5625 1009 5684; x_wconf 86' lang='lat' dir='ltr'>videlicet</span> <span class='ocrx_word' id='word_1_838' title='bbox 1037 5626 1095 5682; x_wconf 89' lang='lat' dir='ltr'>in</span> <span class='ocrx_word' id='word_1_839' title='bbox 1133 5629 1352 5682; x_wconf 87' lang='lat' dir='ltr'>terram</span> <span class='ocrx_word' id='word_1_840' title='bbox 1384 5620 1818 5695; x_wconf 89' lang='lat' dir='ltr'>promissionis.</span> <span class='ocrx_word' id='word_1_841' title='bbox 1850 5622 1921 5679; x_wconf 86' lang='lat' dir='ltr'>Et</span> 
     </span>
    </p>
   </div>
   <div class='ocr_carea' id='block_1_104' title="bbox 2029 4642 3672 4717">
    <p class='ocr_par' dir='ltr' id='par_1_104' title="bbox 2029 4642 3672 4717">
     <span class='ocr_line' id='line_1_104' title="bbox 2029 4642 3672 4717; baseline 0 -17"><span class='ocrx_word' id='word_1_842' title='bbox 2029 4661 2163 4700; x_wconf 89' lang='lat' dir='ltr'>vera</span> <span class='ocrx_word' id='word_1_843' title='bbox 2179 4648 2269 4699; x_wconf 88' lang='lat' dir='ltr'>est</span> <span class='ocrx_word' id='word_1_844' title='bbox 2286 4643 2398 4699; x_wconf 90' lang='lat' dir='ltr'>via.</span> <span class='ocrx_word' id='word_1_845' title='bbox 2424 4644 2493 4698; x_wconf 89' lang='lat' dir='ltr'>Et</span> <span class='ocrx_word' id='word_1_846' title='bbox 2514 4642 2770 4699; x_wconf 90' lang='lat' dir='ltr'>ostendit</span> <span class='ocrx_word' id='word_1_847' title='bbox 2790 4643 3042 4715; x_wconf 89' lang='lat' dir='ltr'>qualiter</span> <span class='ocrx_word' id='word_1_848' title='bbox 3076 4643 3244 4700; x_wconf 88' lang='lat' dir='ltr'>vinea</span> <span class='ocrx_word' id='word_1_849' title='bbox 3264 4643 3551 4717; x_wconf 88' lang='lat' dir='ltr'>dissipata</span> <span class='ocrx_word' id='word_1_850' title='bbox 3572 4645 3672 4713; x_wconf 90' lang='lat' dir='ltr'>sit,</span> 
     </span>
    </p>
   </div>
   <div class='ocr_carea' id='block_1_105' title="bbox 2030 4731 3671 4807">
    <p class='ocr_par' dir='ltr' id='par_1_105' title="bbox 2030 4731 3671 4807">
     <span class='ocr_line' id='line_1_105' title="bbox 2030 4731 3671 4807; baseline 0.002 -20"><span class='ocrx_word' id='word_1_851' title='bbox 2030 4733 2171 4805; x_wconf 86' lang='lat' dir='ltr'>quia</span> <span class='ocrx_word' id='word_1_852' title='bbox 2198 4732 2592 4788; x_wconf 73' lang='lat' dir='ltr'>exterminavit</span> <span class='ocrx_word' id='word_1_853' title='bbox 2618 4748 2741 4787; x_wconf 87' lang='lat' dir='ltr'>eam</span> <span class='ocrx_word' id='word_1_854' title='bbox 2768 4749 2906 4804; x_wconf 85' lang='lat' dir='ltr'>aper</span> <span class='ocrx_word' id='word_1_855' title='bbox 2934 4731 2999 4787; x_wconf 88' lang='lat' dir='ltr'>de</span> <span class='ocrx_word' id='word_1_856' title='bbox 3026 4733 3194 4799; x_wconf 86' lang='lat' dir='ltr'>silva,</span> <span class='ocrx_word' id='word_1_857' title='bbox 3223 4731 3282 4787; x_wconf 92' lang='lat' dir='ltr'>id</span> <span class='ocrx_word' id='word_1_858' title='bbox 3314 4738 3422 4801; x_wconf 91' lang='lat' dir='ltr'>est,</span> <span class='ocrx_word' id='word_1_859' title='bbox 3452 4733 3671 4807; x_wconf 86' lang='lat' dir='ltr'>Vespa-</span> 
     </span>
    </p>
   </div>
   <div class='ocr_carea' id='block_1_106' title="bbox 2032 4818 3674 4893">
    <p class='ocr_par' dir='ltr' id='par_1_106' title="bbox 2032 4818 3674 4893">
     <span class='ocr_line' id='line_1_106' title="bbox 2032 4818 3674 4893; baseline -0.001 -16"><span class='ocrx_word' id='word_1_860' title='bbox 2032 4824 2237 4877; x_wconf 88' lang='lat' dir='ltr'>sianus</span> <span class='ocrx_word' id='word_1_861' title='bbox 2258 4820 2329 4875; x_wconf 90' lang='lat' dir='ltr'>de</span> <span class='ocrx_word' id='word_1_862' title='bbox 2352 4819 2521 4888; x_wconf 88' lang='lat' dir='ltr'>silva,</span> <span class='ocrx_word' id='word_1_863' title='bbox 2548 4818 2605 4873; x_wconf 91' lang='lat' dir='ltr'>id</span> <span class='ocrx_word' id='word_1_864' title='bbox 2630 4823 2719 4874; x_wconf 88' lang='lat' dir='ltr'>est</span> <span class='ocrx_word' id='word_1_865' title='bbox 2739 4820 2809 4874; x_wconf 92' lang='lat' dir='ltr'>de</span> <span class='ocrx_word' id='word_1_866' title='bbox 2829 4818 3032 4892; x_wconf 87' lang='lat' dir='ltr'>gentili</span> <span class='ocrx_word' id='word_1_867' title='bbox 3064 4820 3277 4893; x_wconf 90' lang='lat' dir='ltr'>populo</span> <span class='ocrx_word' id='word_1_868' title='bbox 3301 4821 3543 4888; x_wconf 91' lang='lat' dir='ltr'>missus,</span> <span class='ocrx_word' id='word_1_869' title='bbox 3572 4821 3674 4893; x_wconf 90' lang='lat' dir='ltr'>qui</span> 
     </span>
    </p>
   </div>
   <div class='ocr_carea' id='block_1_107' title="bbox 2031 4908 3678 4981">
    <p class='ocr_par' dir='ltr' id='par_1_107' title="bbox 2031 4908 3678 4981">
     <span class='ocr_line' id='line_1_107' title="bbox 2031 4908 3678 4981; baseline -0.001 -16"><span class='ocrx_word' id='word_1_870' title='bbox 2031 4909 2187 4965; x_wconf 68' lang='lat' dir='ltr'>silvae</span> <span class='ocrx_word' id='word_1_871' title='bbox 2211 4909 2682 4980; x_wconf 89' lang='lat' dir='ltr'>comparabatur,</span> <span class='ocrx_word' id='word_1_872' title='bbox 2727 4908 3006 4980; x_wconf 88' lang='lat' dir='ltr'>quoniam</span> <span class='ocrx_word' id='word_1_873' title='bbox 3062 4909 3288 4965; x_wconf 87' lang='lat' dir='ltr'>nullam</span> <span class='ocrx_word' id='word_1_874' title='bbox 3335 4912 3678 4981; x_wconf 88' lang='lat' dir='ltr'>receperunt</span> 
     </span>
    </p>
   </div>
   <div class='ocr_carea' id='block_1_108' title="bbox 2031 4995 3676 5070">
    <p class='ocr_par' dir='ltr' id='par_1_108' title="bbox 2031 4995 3676 5070">
     <span class='ocr_line' id='line_1_108' title="bbox 2031 4995 3676 5070; baseline -0.002 -16"><span class='ocrx_word' id='word_1_875' title='bbox 2031 4998 2235 5054; x_wconf 62' lang='lat' dir='ltr'>divina</span> <span class='ocrx_word' id='word_1_876' title='bbox 2269 4995 2698 5070; x_wconf 83' lang='lat' dir='ltr'>praedicationis</span> <span class='ocrx_word' id='word_1_877' title='bbox 2754 4996 3066 5053; x_wconf 88' lang='lat' dir='ltr'>culturam.</span> <span class='ocrx_word' id='word_1_878' title='bbox 3128 4998 3279 5054; x_wconf 85' lang='lat' dir='ltr'>Nota</span> <span class='ocrx_word' id='word_1_879' title='bbox 3326 4998 3483 5060; x_wconf 81' lang='lat' dir='ltr'>quod</span> <span class='ocrx_word' id='word_1_880' title='bbox 3513 4996 3676 5066; x_wconf 87' lang='lat' dir='ltr'>dicit,</span> 
     </span>
    </p>
   </div>
   <div class='ocr_carea' id='block_1_109' title="bbox 2031 5085 3674 5157">
    <p class='ocr_par' dir='ltr' id='par_1_109' title="bbox 2031 5085 3674 5157">
     <span class='ocr_line' id='line_1_109' title="bbox 2031 5085 3674 5157; baseline -0.002 -14"><span class='ocrx_word' id='word_1_881' title='bbox 2031 5086 2441 5151; x_wconf 77' lang='lat' dir='ltr'>exterminavit,</span> <span class='ocrx_word' id='word_1_882' title='bbox 2460 5085 2600 5156; x_wconf 90' lang='lat' dir='ltr'>quia</span> <span class='ocrx_word' id='word_1_883' title='bbox 2614 5089 2774 5141; x_wconf 84' lang='lat' dir='ltr'>extra</span> <span class='ocrx_word' id='word_1_884' title='bbox 2795 5086 3114 5142; x_wconf 90' lang='lat' dir='ltr'>terminum</span> <span class='ocrx_word' id='word_1_885' title='bbox 3132 5102 3306 5141; x_wconf 91' lang='lat' dir='ltr'>suum</span> <span class='ocrx_word' id='word_1_886' title='bbox 3321 5085 3496 5157; x_wconf 89' lang='lat' dir='ltr'>positi</span> <span class='ocrx_word' id='word_1_887' title='bbox 3513 5089 3674 5151; x_wconf 90' lang='lat' dir='ltr'>sunt,</span> 
     </span>
    </p>
   </div>
   <div class='ocr_carea' id='block_1_110' title="bbox 2031 5168 3757 5247">
    <p class='ocr_par' dir='ltr' id='par_1_110' title="bbox 2031 5168 3757 5247">
     <span class='ocr_line' id='line_1_110' title="bbox 2031 5168 3757 5247; baseline -0.002 -18"><span class='ocrx_word' id='word_1_888' title='bbox 2031 5174 2171 5247; x_wconf 86' lang='lat' dir='ltr'>quia</span> <span class='ocrx_word' id='word_1_889' title='bbox 2190 5179 2351 5229; x_wconf 83' lang='lat' dir='ltr'>extra</span> <span class='ocrx_word' id='word_1_890' title='bbox 2376 5173 2668 5229; x_wconf 88' lang='lat' dir='ltr'>civitatem</span> <span class='ocrx_word' id='word_1_891' title='bbox 2700 5178 2839 5229; x_wconf 90' lang='lat' dir='ltr'>sunt</span> <span class='ocrx_word' id='word_1_892' title='bbox 2862 5173 3031 5244; x_wconf 87' lang='lat' dir='ltr'>ejecti</span> <span class='ocrx_word' id='word_1_893' title='bbox 3063 5179 3121 5229; x_wconf 88' lang='lat' dir='ltr'>et</span> <span class='ocrx_word' id='word_1_894' title='bbox 3149 5173 3366 5246; x_wconf 89' lang='lat' dir='ltr'>ubique</span> <span class='ocrx_word' id='word_1_895' title='bbox 3401 5172 3673 5245; x_wconf 88' lang='lat' dir='ltr'>dispersi.</span> <span class='ocrx_word' id='word_1_896' title='bbox 3749 5168 3757 5175; x_wconf 85' lang='grc'><em>’</em></span> 
     </span>
    </p>
   </div>
   <div class='ocr_carea' id='block_1_111' title="bbox 2029 5261 3675 5337">
    <p class='ocr_par' dir='ltr' id='par_1_111' title="bbox 2029 5261 3675 5337">
     <span class='ocr_line' id='line_1_111' title="bbox 2029 5261 3675 5337; baseline -0.002 -17"><span class='ocrx_word' id='word_1_897' title='bbox 2029 5266 2095 5320; x_wconf 88' lang='lat' dir='ltr'>Et</span> <span class='ocrx_word' id='word_1_898' title='bbox 2121 5264 2427 5335; x_wconf 85' lang='lat' dir='ltr'>singularis</span> <span class='ocrx_word' id='word_1_899' title='bbox 2455 5262 2630 5337; x_wconf 83' lang='lat' dir='ltr'>ferus,</span> <span class='ocrx_word' id='word_1_900' title='bbox 2662 5262 2852 5327; x_wconf 90' lang='lat' dir='ltr'>Titus,</span> <span class='ocrx_word' id='word_1_901' title='bbox 2882 5261 3149 5318; x_wconf 89' lang='lat' dir='ltr'>videlicet</span> <span class='ocrx_word' id='word_1_902' title='bbox 3177 5261 3554 5335; x_wconf 85' lang='lat' dir='ltr'>singulariter</span> <span class='ocrx_word' id='word_1_903' title='bbox 3568 5278 3675 5317; x_wconf 74' lang='lat' dir='ltr'>saa-</span> 
     </span>
    </p>
   </div>
   <div class='ocr_carea' id='block_1_112' title="bbox 2028 5350 3677 5424">
    <p class='ocr_par' dir='ltr' id='par_1_112' title="bbox 2028 5350 3677 5424">
     <span class='ocr_line' id='line_1_112' title="bbox 2028 5350 3677 5424; baseline -0.002 -15"><span class='ocrx_word' id='word_1_904' title='bbox 2028 5354 2213 5418; x_wconf 86' lang='lat' dir='ltr'>viens,</span> <span class='ocrx_word' id='word_1_905' title='bbox 2247 5353 2502 5424; x_wconf 88' lang='lat' dir='ltr'>depastus</span> <span class='ocrx_word' id='word_1_906' title='bbox 2557 5354 2636 5406; x_wconf 91' lang='lat' dir='ltr'>est</span> <span class='ocrx_word' id='word_1_907' title='bbox 2690 5367 2832 5407; x_wconf 86' lang='lat' dir='ltr'>eam.</span> <span class='ocrx_word' id='word_1_908' title='bbox 2893 5351 3039 5407; x_wconf 80' lang='lat' dir='ltr'>Nota</span> <span class='ocrx_word' id='word_1_909' title='bbox 3066 5351 3350 5421; x_wconf 84' lang='lat' dir='ltr'>depastus,</span> <span class='ocrx_word' id='word_1_910' title='bbox 3381 5350 3522 5423; x_wconf 89' lang='lat' dir='ltr'>quia</span> <span class='ocrx_word' id='word_1_911' title='bbox 3549 5350 3677 5421; x_wconf 90' lang='lat' dir='ltr'>ipse</span> 
     </span>
    </p>
   </div>
   <div class='ocr_carea' id='block_1_113' title="bbox 2031 5439 3678 5512">
    <p class='ocr_par' dir='ltr' id='par_1_113' title="bbox 2031 5439 3678 5512">
     <span class='ocr_line' id='line_1_113' title="bbox 2031 5439 3678 5512; baseline -0.004 -12"><span class='ocrx_word' id='word_1_912' title='bbox 2031 5442 2289 5500; x_wconf 83' lang='lat' dir='ltr'>exercuit</span> <span class='ocrx_word' id='word_1_913' title='bbox 2308 5441 2500 5496; x_wconf 90' lang='lat' dir='ltr'>adhuc</span> <span class='ocrx_word' id='word_1_914' title='bbox 2520 5439 2581 5495; x_wconf 90' lang='lat' dir='ltr'>in</span> <span class='ocrx_word' id='word_1_915' title='bbox 2605 5439 2690 5495; x_wconf 92' lang='lat' dir='ltr'>eis</span> <span class='ocrx_word' id='word_1_916' title='bbox 2713 5441 2996 5510; x_wconf 86' lang='lat' dir='ltr'>majorem</span> <span class='ocrx_word' id='word_1_917' title='bbox 3021 5441 3301 5496; x_wconf 64' lang='lat' dir='ltr'>saevitiam</span> <span class='ocrx_word' id='word_1_918' title='bbox 3317 5456 3496 5512; x_wconf 87' lang='lat' dir='ltr'>quam</span> <span class='ocrx_word' id='word_1_919' title='bbox 3513 5442 3678 5511; x_wconf 87' lang='lat' dir='ltr'>pater</span> 
     </span>
    </p>
   </div>
   <div class='ocr_carea' id='block_1_114' title="bbox 2030 5526 3677 5603">
    <p class='ocr_par' dir='ltr' id='par_1_114' title="bbox 2030 5526 3677 5603">
     <span class='ocr_line' id='line_1_114' title="bbox 2030 5526 3677 5603; baseline -0.004 -15"><span class='ocrx_word' id='word_1_920' title='bbox 2030 5549 2176 5588; x_wconf 89' lang='lat' dir='ltr'>suus</span> <span class='ocrx_word' id='word_1_921' title='bbox 2196 5530 2615 5603; x_wconf 86' lang='lat' dir='ltr'>Vespasianus.</span> <span class='ocrx_word' id='word_1_922' title='bbox 2632 5529 2827 5584; x_wconf 85' lang='lat' dir='ltr'>Potest</span> <span class='ocrx_word' id='word_1_923' title='bbox 2849 5527 3022 5585; x_wconf 90' lang='lat' dir='ltr'>etiam</span> <span class='ocrx_word' id='word_1_924' title='bbox 3044 5530 3115 5585; x_wconf 91' lang='lat' dir='ltr'>ad</span> <span class='ocrx_word' id='word_1_925' title='bbox 3138 5529 3453 5585; x_wconf 89' lang='lat' dir='ltr'>Ecclesiam</span> <span class='ocrx_word' id='word_1_926' title='bbox 3474 5526 3677 5584; x_wconf 79' lang='lat' dir='ltr'>referri</span> 
     </span>
    </p>
   </div>
   <div class='ocr_carea' id='block_1_115' title="bbox 2030 5615 3680 5697">
    <p class='ocr_par' dir='ltr' id='par_1_115' title="bbox 2030 5615 3680 5697">
     <span class='ocr_line' id='line_1_115' title="bbox 2030 5615 3680 5697; baseline -0.002 -19"><span class='ocrx_word' id='word_1_927' title='bbox 2030 5621 2189 5697; x_wconf 90' lang='lat' dir='ltr'>quod</span> <span class='ocrx_word' id='word_1_928' title='bbox 2220 5618 2398 5677; x_wconf 84' lang='lat' dir='ltr'>dicit:</span> <span class='ocrx_word' id='word_1_929' title='bbox 2457 5619 2520 5675; x_wconf 89' lang='lat' dir='ltr'>Ut</span> <span class='ocrx_word' id='word_1_930' title='bbox 2547 5617 2678 5691; x_wconf 86' lang='lat' dir='ltr'>quid</span> <span class='ocrx_word' id='word_1_931' title='bbox 2727 5617 3047 5675; x_wconf 73' lang='lat' dir='ltr'>destruxisti</span> <span class='ocrx_word' id='word_1_932' title='bbox 3090 5619 3391 5676; x_wconf 87' lang='lat' dir='ltr'>maceriam</span> <span class='ocrx_word' id='word_1_933' title='bbox 3417 5615 3581 5691; x_wconf 81' lang='lat' dir='ltr'>ejus?</span> <span class='ocrx_word' id='word_1_934' title='bbox 3610 5619 3680 5675; x_wconf 85' lang='lat' dir='ltr'>ut</span> 
     </span>
    </p>
   </div>
  </div>
