  <div class='ocr_page' id='page_1' title='image "/cluster/home/n/w/nwhite01/storage/ocr_20150623/131/hvd.32044054759923/293.png"; bbox 0 0 4014 6194; ppageno 0'>
   <div class='ocr_carea' id='block_1_1' title="bbox 364 380 478 450">
    <p class='ocr_par' dir='ltr' id='par_1_1' title="bbox 364 380 478 450">
     <span class='ocr_line' id='line_1_1' title="bbox 364 380 478 450; baseline -0.009 0"><span class='ocrx_word' id='word_1_1' title='bbox 364 380 478 450; x_wconf 65' lang='lat' dir='ltr'>Ml</span> 
     </span>
    </p>
   </div>
   <div class='ocr_carea' id='block_1_2' title="bbox 363 518 2092 596">
    <p class='ocr_par' dir='ltr' id='par_1_2' title="bbox 363 518 2092 596">
     <span class='ocr_line' id='line_1_2' title="bbox 363 518 2092 596; baseline -0.003 -19"><span class='ocrx_word' id='word_1_2' title='bbox 363 522 665 577; x_wconf 77' lang='lat' dir='ltr'>maceriam</span> <span class='ocrx_word' id='word_1_3' title='bbox 701 519 1106 596; x_wconf 78' lang='lat' dir='ltr'>intelligamus</span> <span class='ocrx_word' id='word_1_4' title='bbox 1163 525 1393 578; x_wconf 89' lang='lat' dir='ltr'>sanctos</span> <span class='ocrx_word' id='word_1_5' title='bbox 1453 525 1759 593; x_wconf 80' lang='lat' dir='ltr'>martyres,</span> <span class='ocrx_word' id='word_1_6' title='bbox 1793 518 2008 592; x_wconf 87' lang='lat' dir='ltr'>quibus</span> <span class='ocrx_word' id='word_1_7' title='bbox 2039 519 2092 584; x_wconf 77' lang='grc' dir='ltr'><strong>Α</strong></span> 
     </span>
    </p>
   </div>
   <div class='ocr_carea' id='block_1_3' title="bbox 363 606 2008 682">
    <p class='ocr_par' dir='ltr' id='par_1_3' title="bbox 363 606 2008 682">
     <span class='ocr_line' id='line_1_3' title="bbox 363 606 2008 682; baseline -0.004 -16"><span class='ocrx_word' id='word_1_8' title='bbox 363 610 631 675; x_wconf 85' lang='lat' dir='ltr'>munitur</span> <span class='ocrx_word' id='word_1_9' title='bbox 690 609 963 676; x_wconf 86' lang='lat' dir='ltr'>Ecclesia,</span> <span class='ocrx_word' id='word_1_10' title='bbox 1026 627 1176 682; x_wconf 91' lang='lat' dir='ltr'>quos</span> <span class='ocrx_word' id='word_1_11' title='bbox 1232 609 1598 666; x_wconf 82' lang='lat' dir='ltr'>vindemiant</span> <span class='ocrx_word' id='word_1_12' title='bbox 1628 611 1684 664; x_wconf 90' lang='lat' dir='ltr'>et</span> <span class='ocrx_word' id='word_1_13' title='bbox 1713 606 2008 678; x_wconf 80' lang='lat' dir='ltr'>dissipant</span> 
     </span>
    </p>
   </div>
   <div class='ocr_carea' id='block_1_4' title="bbox 361 695 2003 770">
    <p class='ocr_par' dir='ltr' id='par_1_4' title="bbox 361 695 2003 770">
     <span class='ocr_line' id='line_1_4' title="bbox 361 695 2003 770; baseline -0.004 -15"><span class='ocrx_word' id='word_1_14' title='bbox 361 715 566 756; x_wconf 89' lang='lat' dir='ltr'>omnes</span> <span class='ocrx_word' id='word_1_15' title='bbox 597 697 697 770; x_wconf 87' lang='lat' dir='ltr'>qui</span> <span class='ocrx_word' id='word_1_16' title='bbox 730 714 830 770; x_wconf 90' lang='lat' dir='ltr'>per</span> <span class='ocrx_word' id='word_1_17' title='bbox 859 697 1014 753; x_wconf 89' lang='lat' dir='ltr'>viam</span> <span class='ocrx_word' id='word_1_18' title='bbox 1037 715 1152 754; x_wconf 90' lang='lat' dir='ltr'>non</span> <span class='ocrx_word' id='word_1_19' title='bbox 1169 697 1467 766; x_wconf 91' lang='lat' dir='ltr'>incedunt,</span> <span class='ocrx_word' id='word_1_20' title='bbox 1492 698 1551 752; x_wconf 91' lang='lat' dir='ltr'>id</span> <span class='ocrx_word' id='word_1_21' title='bbox 1573 701 1681 768; x_wconf 85' lang='lat' dir='ltr'>est,</span> <span class='ocrx_word' id='word_1_22' title='bbox 1709 695 2003 752; x_wconf 83' lang='lat' dir='ltr'>Christum</span> 
     </span>
    </p>
   </div>
   <div class='ocr_carea' id='block_1_5' title="bbox 362 783 2003 859">
    <p class='ocr_par' dir='ltr' id='par_1_5' title="bbox 362 783 2003 859">
     <span class='ocr_line' id='line_1_5' title="bbox 362 783 2003 859; baseline -0.002 -16"><span class='ocrx_word' id='word_1_23' title='bbox 362 805 477 844; x_wconf 89' lang='lat' dir='ltr'>non</span> <span class='ocrx_word' id='word_1_24' title='bbox 501 786 827 853; x_wconf 84' lang='lat' dir='ltr'>imitantur,</span> <span class='ocrx_word' id='word_1_25' title='bbox 849 802 997 857; x_wconf 90' lang='lat' dir='ltr'>quos</span> <span class='ocrx_word' id='word_1_26' title='bbox 1027 785 1376 842; x_wconf 80' lang='lat' dir='ltr'>exterminat</span> <span class='ocrx_word' id='word_1_27' title='bbox 1397 803 1536 859; x_wconf 91' lang='lat' dir='ltr'>aper</span> <span class='ocrx_word' id='word_1_28' title='bbox 1556 786 1626 841; x_wconf 90' lang='lat' dir='ltr'>de</span> <span class='ocrx_word' id='word_1_29' title='bbox 1643 783 1814 852; x_wconf 86' lang='lat' dir='ltr'>silva,</span> <span class='ocrx_word' id='word_1_30' title='bbox 1842 783 2003 856; x_wconf 89' lang='lat' dir='ltr'>quis-</span> 
     </span>
    </p>
   </div>
   <div class='ocr_carea' id='block_1_6' title="bbox 361 872 2005 948">
    <p class='ocr_par' dir='ltr' id='par_1_6' title="bbox 361 872 2005 948">
     <span class='ocr_line' id='line_1_6' title="bbox 361 872 2005 948; baseline -0.003 -17"><span class='ocrx_word' id='word_1_31' title='bbox 361 892 475 948; x_wconf 93' lang='lat' dir='ltr'>que</span> <span class='ocrx_word' id='word_1_32' title='bbox 505 874 772 930; x_wconf 80' lang='lat' dir='ltr'>videlicet</span> <span class='ocrx_word' id='word_1_33' title='bbox 800 875 1164 943; x_wconf 87' lang='lat' dir='ltr'>immundus,</span> <span class='ocrx_word' id='word_1_34' title='bbox 1195 878 1252 930; x_wconf 91' lang='lat' dir='ltr'>et</span> <span class='ocrx_word' id='word_1_35' title='bbox 1297 890 1528 930; x_wconf 86' lang='lat' dir='ltr'>vomere</span> <span class='ocrx_word' id='word_1_36' title='bbox 1576 872 2005 945; x_wconf 64' lang='lat' dir='ltr'>praedicationis</span> 
     </span>
    </p>
   </div>
   <div class='ocr_carea' id='block_1_7' title="bbox 360 961 2005 1035">
    <p class='ocr_par' dir='ltr' id='par_1_7' title="bbox 360 961 2005 1035">
     <span class='ocr_line' id='line_1_7' title="bbox 360 961 2005 1035; baseline -0.003 -16"><span class='ocrx_word' id='word_1_37' title='bbox 360 963 638 1034; x_wconf 90' lang='lat' dir='ltr'>incultus,</span> <span class='ocrx_word' id='word_1_38' title='bbox 659 969 715 1019; x_wconf 92' lang='lat' dir='ltr'>et</span> <span class='ocrx_word' id='word_1_39' title='bbox 737 969 873 1018; x_wconf 90' lang='lat' dir='ltr'>nota</span> <span class='ocrx_word' id='word_1_40' title='bbox 910 963 1020 1018; x_wconf 88' lang='lat' dir='ltr'>hoc</span> <span class='ocrx_word' id='word_1_41' title='bbox 1045 980 1146 1034; x_wconf 91' lang='lat' dir='ltr'>per</span> <span class='ocrx_word' id='word_1_42' title='bbox 1183 979 1314 1035; x_wconf 86' lang='lat' dir='ltr'>aper</span> <span class='ocrx_word' id='word_1_43' title='bbox 1342 962 1404 1019; x_wconf 88' lang='lat' dir='ltr'>de</span> <span class='ocrx_word' id='word_1_44' title='bbox 1433 964 1592 1028; x_wconf 89' lang='lat' dir='ltr'>silva,</span> <span class='ocrx_word' id='word_1_45' title='bbox 1625 961 1763 1033; x_wconf 87' lang='lat' dir='ltr'>quia</span> <span class='ocrx_word' id='word_1_46' title='bbox 1794 977 2005 1032; x_wconf 87' lang='lat' dir='ltr'>porcus</span> 
     </span>
    </p>
   </div>
   <div class='ocr_carea' id='block_1_8' title="bbox 359 1049 2004 1118">
    <p class='ocr_par' dir='ltr' id='par_1_8' title="bbox 359 1049 2004 1118">
     <span class='ocr_line' id='line_1_8' title="bbox 359 1049 2004 1118; baseline -0.003 -10"><span class='ocrx_word' id='word_1_47' title='bbox 359 1057 447 1108; x_wconf 88' lang='lat' dir='ltr'>est</span> <span class='ocrx_word' id='word_1_48' title='bbox 469 1051 684 1108; x_wconf 90' lang='lat' dir='ltr'>animal</span> <span class='ocrx_word' id='word_1_49' title='bbox 705 1051 1101 1118; x_wconf 89' lang='lat' dir='ltr'>immundum,</span> <span class='ocrx_word' id='word_1_50' title='bbox 1135 1056 1192 1106; x_wconf 94' lang='lat' dir='ltr'>et</span> <span class='ocrx_word' id='word_1_51' title='bbox 1213 1053 1355 1106; x_wconf 84' lang='lat' dir='ltr'>silva</span> <span class='ocrx_word' id='word_1_52' title='bbox 1385 1055 1540 1106; x_wconf 89' lang='lat' dir='ltr'>terra</span> <span class='ocrx_word' id='word_1_53' title='bbox 1585 1049 1822 1104; x_wconf 76' lang='lat' dir='ltr'>inculta.</span> <span class='ocrx_word' id='word_1_54' title='bbox 1864 1050 2004 1104; x_wconf 87' lang='lat' dir='ltr'>Deus</span> 
     </span>
    </p>
   </div>
   <div class='ocr_carea' id='block_1_9' title="bbox 359 1139 2006 1207">
    <p class='ocr_par' dir='ltr' id='par_1_9' title="bbox 359 1139 2006 1207">
     <span class='ocr_line' id='line_1_9' title="bbox 359 1139 2006 1207; baseline -0.003 -11"><span class='ocrx_word' id='word_1_55' title='bbox 359 1142 647 1207; x_wconf 87' lang='lat' dir='ltr'>virtutum,</span> <span class='ocrx_word' id='word_1_56' title='bbox 681 1149 1007 1196; x_wconf 79' lang='lat' dir='ltr'>convertere.</span> <span class='ocrx_word' id='word_1_57' title='bbox 1044 1140 1218 1204; x_wconf 81' lang='lat' dir='ltr'>Quasi</span> <span class='ocrx_word' id='word_1_58' title='bbox 1249 1139 1406 1195; x_wconf 86' lang='lat' dir='ltr'>dicat</span> <span class='ocrx_word' id='word_1_59' title='bbox 1433 1155 1445 1193; x_wconf 92' lang='lat'>:</span> <span class='ocrx_word' id='word_1_60' title='bbox 1476 1139 1570 1194; x_wconf 89' lang='lat' dir='ltr'>Sic</span> <span class='ocrx_word' id='word_1_61' title='bbox 1601 1140 1896 1194; x_wconf 86' lang='lat' dir='ltr'>destructa</span> <span class='ocrx_word' id='word_1_62' title='bbox 1918 1142 2006 1192; x_wconf 90' lang='lat' dir='ltr'>est</span> 
     </span>
    </p>
   </div>
   <div class='ocr_carea' id='block_1_10' title="bbox 361 1227 2001 1297">
    <p class='ocr_par' dir='ltr' id='par_1_10' title="bbox 361 1227 2001 1297">
     <span class='ocr_line' id='line_1_10' title="bbox 361 1227 2001 1297; baseline -0.004 -11"><span class='ocrx_word' id='word_1_63' title='bbox 361 1229 614 1286; x_wconf 78' lang='lat' dir='ltr'>maceria</span> <span class='ocrx_word' id='word_1_64' title='bbox 637 1229 837 1293; x_wconf 84' lang='lat' dir='ltr'>vineae,</span> <span class='ocrx_word' id='word_1_65' title='bbox 861 1229 962 1283; x_wconf 91' lang='lat' dir='ltr'>sed</span> <span class='ocrx_word' id='word_1_66' title='bbox 989 1227 1118 1297; x_wconf 87' lang='lat' dir='ltr'>ipsa</span> <span class='ocrx_word' id='word_1_67' title='bbox 1137 1228 1305 1283; x_wconf 88' lang='lat' dir='ltr'>vinea</span> <span class='ocrx_word' id='word_1_68' title='bbox 1349 1227 1730 1283; x_wconf 84' lang='lat' dir='ltr'>exterminata</span> <span class='ocrx_word' id='word_1_69' title='bbox 1755 1243 1767 1282; x_wconf 90' lang='lat'>:</span> <span class='ocrx_word' id='word_1_70' title='bbox 1793 1227 1894 1282; x_wconf 90' lang='lat' dir='ltr'>sed</span> <span class='ocrx_word' id='word_1_71' title='bbox 1916 1231 2001 1289; x_wconf 90' lang='lat' dir='ltr'>tu,</span> 
     </span>
    </p>
   </div>
   <div class='ocr_carea' id='block_1_11' title="bbox 359 1315 2005 1386">
    <p class='ocr_par' dir='ltr' id='par_1_11' title="bbox 359 1315 2005 1386">
     <span class='ocr_line' id='line_1_11' title="bbox 359 1315 2005 1386; baseline -0.002 -14"><span class='ocrx_word' id='word_1_72' title='bbox 359 1319 499 1372; x_wconf 88' lang='lat' dir='ltr'>Deus</span> <span class='ocrx_word' id='word_1_73' title='bbox 530 1318 817 1383; x_wconf 87' lang='lat' dir='ltr'>virtutum,</span> <span class='ocrx_word' id='word_1_74' title='bbox 852 1315 1175 1372; x_wconf 76' lang='lat' dir='ltr'>omlestium</span> <span class='ocrx_word' id='word_1_75' title='bbox 1207 1315 1512 1386; x_wconf 81' lang='lat' dir='ltr'>subaudis,</span> <span class='ocrx_word' id='word_1_76' title='bbox 1545 1322 1792 1371; x_wconf 82' lang='lat' dir='ltr'>converte</span> <span class='ocrx_word' id='word_1_77' title='bbox 1821 1316 1893 1369; x_wconf 92' lang='lat' dir='ltr'>ab</span> <span class='ocrx_word' id='word_1_78' title='bbox 1919 1316 2005 1368; x_wconf 87' lang='lat' dir='ltr'>ira</span> 
     </span>
    </p>
   </div>
   <div class='ocr_carea' id='block_1_12' title="bbox 359 1402 2004 1476">
    <p class='ocr_par' dir='ltr' id='par_1_12' title="bbox 359 1402 2004 1476">
     <span class='ocr_line' id='line_1_12' title="bbox 359 1402 2004 1476; baseline -0.004 -14"><span class='ocrx_word' id='word_1_79' title='bbox 359 1406 430 1462; x_wconf 85' lang='lat' dir='ltr'>ad</span> <span class='ocrx_word' id='word_1_80' title='bbox 460 1405 944 1470; x_wconf 89' lang='lat' dir='ltr'>misericordiam,</span> <span class='ocrx_word' id='word_1_81' title='bbox 978 1407 1184 1476; x_wconf 83' lang='lat' dir='ltr'>respice</span> <span class='ocrx_word' id='word_1_82' title='bbox 1215 1405 1280 1460; x_wconf 84' lang='lat' dir='ltr'>de</span> <span class='ocrx_word' id='word_1_83' title='bbox 1305 1405 1457 1471; x_wconf 67' lang='lat' dir='ltr'>caelo,</span> <span class='ocrx_word' id='word_1_84' title='bbox 1507 1405 1563 1458; x_wconf 90' lang='lat' dir='ltr'>id</span> <span class='ocrx_word' id='word_1_85' title='bbox 1589 1407 1722 1469; x_wconf 83' lang='lat' dir='ltr'>est,</span> <span class='ocrx_word' id='word_1_86' title='bbox 1757 1405 1828 1457; x_wconf 92' lang='lat' dir='ltr'>de</span> <span class='ocrx_word' id='word_1_87' title='bbox 1862 1402 2004 1460; x_wconf 87' lang='lat' dir='ltr'>Filio</span> 
     </span>
    </p>
   </div>
   <div class='ocr_carea' id='block_1_13' title="bbox 357 1491 2003 1563">
    <p class='ocr_par' dir='ltr' id='par_1_13' title="bbox 357 1491 2003 1563">
     <span class='ocr_line' id='line_1_13' title="bbox 357 1491 2003 1563; baseline -0.004 -13"><span class='ocrx_word' id='word_1_88' title='bbox 357 1499 480 1559; x_wconf 85' lang='lat' dir='ltr'>tuo,</span> <span class='ocrx_word' id='word_1_89' title='bbox 511 1502 566 1550; x_wconf 87' lang='lat' dir='ltr'>et</span> <span class='ocrx_word' id='word_1_90' title='bbox 593 1495 754 1550; x_wconf 83' lang='lat' dir='ltr'>visita</span> <span class='ocrx_word' id='word_1_91' title='bbox 784 1495 1002 1548; x_wconf 89' lang='lat' dir='ltr'>vineam</span> <span class='ocrx_word' id='word_1_92' title='bbox 1035 1496 1216 1563; x_wconf 88' lang='lat' dir='ltr'>istam,</span> <span class='ocrx_word' id='word_1_93' title='bbox 1250 1495 1434 1556; x_wconf 87' lang='lat' dir='ltr'>visita,</span> <span class='ocrx_word' id='word_1_94' title='bbox 1488 1492 1639 1558; x_wconf 90' lang='lat' dir='ltr'>dico,</span> <span class='ocrx_word' id='word_1_95' title='bbox 1670 1509 1798 1548; x_wconf 93' lang='lat' dir='ltr'>eam</span> <span class='ocrx_word' id='word_1_96' title='bbox 1832 1491 2003 1563; x_wconf 80' lang='lat' dir='ltr'>perti-</span> 
     </span>
    </p>
   </div>
   <div class='ocr_carea' id='block_1_14' title="bbox 358 1579 2006 1652">
    <p class='ocr_par' dir='ltr' id='par_1_14' title="bbox 358 1579 2006 1652">
     <span class='ocr_line' id='line_1_14' title="bbox 358 1579 2006 1652; baseline -0.005 -12"><span class='ocrx_word' id='word_1_97' title='bbox 358 1583 584 1648; x_wconf 88' lang='lat' dir='ltr'>ciendo,</span> <span class='ocrx_word' id='word_1_98' title='bbox 609 1600 722 1638; x_wconf 89' lang='lat' dir='ltr'>non</span> <span class='ocrx_word' id='word_1_99' title='bbox 745 1583 1099 1638; x_wconf 88' lang='lat' dir='ltr'>assumendo</span> <span class='ocrx_word' id='word_1_100' title='bbox 1124 1581 1322 1648; x_wconf 86' lang='lat' dir='ltr'>aliam,</span> <span class='ocrx_word' id='word_1_101' title='bbox 1343 1583 1498 1652; x_wconf 92' lang='lat' dir='ltr'>quod</span> <span class='ocrx_word' id='word_1_102' title='bbox 1533 1581 1699 1647; x_wconf 90' lang='lat' dir='ltr'>dicit,</span> <span class='ocrx_word' id='word_1_103' title='bbox 1727 1589 1782 1635; x_wconf 88' lang='lat' dir='ltr'>et</span> <span class='ocrx_word' id='word_1_104' title='bbox 1803 1579 2006 1651; x_wconf 87' lang='lat' dir='ltr'>perﬁce</span> 
     </span>
    </p>
   </div>
   <div class='ocr_carea' id='block_1_15' title="bbox 358 1669 2000 1744">
    <p class='ocr_par' dir='ltr' id='par_1_15' title="bbox 358 1669 2000 1744">
     <span class='ocr_line' id='line_1_15' title="bbox 358 1669 2000 1744; baseline -0.004 -15"><span class='ocrx_word' id='word_1_105' title='bbox 358 1690 479 1730; x_wconf 86' lang='lat' dir='ltr'>eam</span> <span class='ocrx_word' id='word_1_106' title='bbox 507 1688 671 1744; x_wconf 85' lang='lat' dir='ltr'>quam</span> <span class='ocrx_word' id='word_1_107' title='bbox 697 1672 974 1742; x_wconf 82' lang='lat' dir='ltr'>plantavit</span> <span class='ocrx_word' id='word_1_108' title='bbox 1004 1671 1225 1726; x_wconf 73' lang='lat' dir='ltr'>dextera</span> <span class='ocrx_word' id='word_1_109' title='bbox 1255 1679 1368 1735; x_wconf 89' lang='lat' dir='ltr'>tua,</span> <span class='ocrx_word' id='word_1_110' title='bbox 1393 1669 1450 1724; x_wconf 91' lang='lat' dir='ltr'>id</span> <span class='ocrx_word' id='word_1_111' title='bbox 1479 1673 1567 1724; x_wconf 90' lang='lat' dir='ltr'>est</span> <span class='ocrx_word' id='word_1_112' title='bbox 1586 1669 1844 1740; x_wconf 88' lang='lat' dir='ltr'>potentia</span> <span class='ocrx_word' id='word_1_113' title='bbox 1863 1672 1963 1722; x_wconf 90' lang='lat' dir='ltr'>tua</span> <span class='ocrx_word' id='word_1_114' title='bbox 1987 1688 2000 1722; x_wconf 92' lang='lat'><strong>:</strong></span> 
     </span>
    </p>
   </div>
   <div class='ocr_carea' id='block_1_16' title="bbox 358 1755 2004 1831">
    <p class='ocr_par' dir='ltr' id='par_1_16' title="bbox 358 1755 2004 1831">
     <span class='ocr_line' id='line_1_16' title="bbox 358 1755 2004 1831; baseline -0.004 -15"><span class='ocrx_word' id='word_1_115' title='bbox 358 1767 412 1816; x_wconf 90' lang='lat' dir='ltr'>et</span> <span class='ocrx_word' id='word_1_116' title='bbox 431 1761 631 1831; x_wconf 88' lang='lat' dir='ltr'>perﬁce</span> <span class='ocrx_word' id='word_1_117' title='bbox 659 1775 787 1814; x_wconf 89' lang='lat' dir='ltr'>eam</span> <span class='ocrx_word' id='word_1_118' title='bbox 810 1758 1115 1816; x_wconf 81' lang='lat' dir='ltr'>fundatam</span> <span class='ocrx_word' id='word_1_119' title='bbox 1136 1773 1302 1826; x_wconf 89' lang='lat' dir='ltr'>super</span> <span class='ocrx_word' id='word_1_120' title='bbox 1329 1758 1541 1812; x_wconf 87' lang='lat' dir='ltr'>Filium</span> <span class='ocrx_word' id='word_1_121' title='bbox 1562 1757 1820 1822; x_wconf 78' lang='lat' dir='ltr'>hominis,</span> <span class='ocrx_word' id='word_1_122' title='bbox 1843 1755 2004 1810; x_wconf 86' lang='lat' dir='ltr'>Chri-</span> 
     </span>
    </p>
   </div>
   <div class='ocr_carea' id='block_1_17' title="bbox 361 1837 2004 1918">
    <p class='ocr_par' dir='ltr' id='par_1_17' title="bbox 361 1837 2004 1918">
     <span class='ocr_line' id='line_1_17' title="bbox 361 1837 2004 1918; baseline -0.004 -14"><span class='ocrx_word' id='word_1_123' title='bbox 361 1852 518 1904; x_wconf 91' lang='lat' dir='ltr'>stum</span> <span class='ocrx_word' id='word_1_124' title='bbox 548 1846 834 1912; x_wconf 86' lang='lat' dir='ltr'>videlicet,</span> <span class='ocrx_word' id='word_1_125' title='bbox 876 1845 975 1918; x_wconf 90' lang='lat' dir='ltr'>qui</span> <span class='ocrx_word' id='word_1_126' title='bbox 1037 1863 1164 1902; x_wconf 87' lang='lat' dir='ltr'>vere</span> <span class='ocrx_word' id='word_1_127' title='bbox 1222 1837 1670 1901; x_wconf 81' lang='lat' dir='ltr'>fundamentum</span> <span class='ocrx_word' id='word_1_128' title='bbox 1703 1849 1809 1900; x_wconf 91' lang='lat' dir='ltr'>est.</span> <span class='ocrx_word' id='word_1_129' title='bbox 1842 1844 2004 1900; x_wconf 91' lang='lat' dir='ltr'>Unde</span> 
     </span>
    </p>
   </div>
   <div class='ocr_carea' id='block_1_18' title="bbox 356 1931 2004 2007">
    <p class='ocr_par' dir='ltr' id='par_1_18' title="bbox 356 1931 2004 2007">
     <span class='ocr_line' id='line_1_18' title="bbox 356 1931 2004 2007; baseline -0.002 -16"><span class='ocrx_word' id='word_1_130' title='bbox 356 1935 537 1992; x_wconf 88' lang='lat' dir='ltr'>illud:</span> <span class='ocrx_word' id='word_1_131' title='bbox 570 1938 737 1992; x_wconf 86' lang='lat' dir='ltr'>Nemo</span> <span class='ocrx_word' id='word_1_132' title='bbox 793 1939 958 2007; x_wconf 88' lang='lat' dir='ltr'>potest</span> <span class='ocrx_word' id='word_1_133' title='bbox 1013 1935 1450 2006; x_wconf 74' lang='lat' dir='ltr'>fundamentum</span> <span class='ocrx_word' id='word_1_134' title='bbox 1483 1950 1689 2005; x_wconf 84' lang='lat' dir='ltr'>ponere</span> <span class='ocrx_word' id='word_1_135' title='bbox 1716 1937 1921 2004; x_wconf 73' lang='lat' dir='ltr'>praeter</span> <span class='ocrx_word' id='word_1_136' title='bbox 1949 1931 2004 1987; x_wconf 87' lang='lat' dir='ltr'>id</span> 
     </span>
    </p>
   </div>
   <div class='ocr_carea' id='block_1_19' title="bbox 357 2021 2002 2097">
    <p class='ocr_par' dir='ltr' id='par_1_19' title="bbox 357 2021 2002 2097">
     <span class='ocr_line' id='line_1_19' title="bbox 357 2021 2002 2097; baseline -0.004 -17"><span class='ocrx_word' id='word_1_137' title='bbox 357 2025 499 2097; x_wconf 74' lang='lat' dir='ltr'>quod</span> <span class='ocrx_word' id='word_1_138' title='bbox 524 2026 759 2097; x_wconf 87' lang='lat' dir='ltr'>positum</span> <span class='ocrx_word' id='word_1_139' title='bbox 789 2028 888 2093; x_wconf 92' lang='lat' dir='ltr'>est,</span> <span class='ocrx_word' id='word_1_140' title='bbox 919 2023 1060 2096; x_wconf 90' lang='lat' dir='ltr'>quod</span> <span class='ocrx_word' id='word_1_141' title='bbox 1090 2037 1166 2080; x_wconf 83' lang='lat' dir='ltr'>est</span> <span class='ocrx_word' id='word_1_142' title='bbox 1198 2023 1444 2079; x_wconf 83' lang='lat' dir='ltr'>Christus</span> <span class='ocrx_word' id='word_1_143' title='bbox 1473 2024 1627 2078; x_wconf 79' lang='lat' dir='ltr'>Iesus</span> <span class='ocrx_word' id='word_1_144' title='bbox 1659 2024 1704 2092; x_wconf 89' lang='lat' dir='ltr'>(l</span> <span class='ocrx_word' id='word_1_145' title='bbox 1735 2021 1854 2078; x_wconf 85' lang='lat' dir='ltr'>Cor.</span> <span class='ocrx_word' id='word_1_146' title='bbox 1896 2021 2002 2091; x_wconf 79' lang='lat' dir='ltr'>III),</span> 
     </span>
    </p>
   </div>
   <div class='ocr_carea' id='block_1_20' title="bbox 358 2111 2003 2187">
    <p class='ocr_par' dir='ltr' id='par_1_20' title="bbox 358 2111 2003 2187">
     <span class='ocr_line' id='line_1_20' title="bbox 358 2111 2003 2187; baseline -0.003 -19"><span class='ocrx_word' id='word_1_147' title='bbox 358 2130 519 2187; x_wconf 85' lang='lat' dir='ltr'>quem</span> <span class='ocrx_word' id='word_1_148' title='bbox 546 2113 890 2183; x_wconf 86' lang='lat' dir='ltr'>conﬁrmasti</span> <span class='ocrx_word' id='word_1_149' title='bbox 920 2113 1041 2177; x_wconf 88' lang='lat' dir='ltr'>tibi,</span> <span class='ocrx_word' id='word_1_150' title='bbox 1074 2111 1132 2166; x_wconf 93' lang='lat' dir='ltr'>id</span> <span class='ocrx_word' id='word_1_151' title='bbox 1184 2117 1292 2178; x_wconf 90' lang='lat' dir='ltr'>est,</span> <span class='ocrx_word' id='word_1_152' title='bbox 1347 2111 1674 2166; x_wconf 89' lang='lat' dir='ltr'>immunem</span> <span class='ocrx_word' id='word_1_153' title='bbox 1707 2127 1740 2164; x_wconf 90' lang='lat' dir='ltr'>a</span> <span class='ocrx_word' id='word_1_154' title='bbox 1771 2112 2003 2180; x_wconf 90' lang='lat' dir='ltr'>peccato</span> 
     </span>
    </p>
   </div>
   <div class='ocr_carea' id='block_1_21' title="bbox 360 2198 2006 2272">
    <p class='ocr_par' dir='ltr' id='par_1_21' title="bbox 360 2198 2006 2272">
     <span class='ocr_line' id='line_1_21' title="bbox 360 2198 2006 2272; baseline -0.004 -13"><span class='ocrx_word' id='word_1_155' title='bbox 360 2201 568 2260; x_wconf 83' lang='lat' dir='ltr'>fecisti.</span> <span class='ocrx_word' id='word_1_156' title='bbox 594 2204 820 2258; x_wconf 78' lang='lat' dir='ltr'>Incensa</span> <span class='ocrx_word' id='word_1_157' title='bbox 851 2201 974 2270; x_wconf 83' lang='lat' dir='ltr'>igni</span> <span class='ocrx_word' id='word_1_158' title='bbox 1003 2205 1052 2256; x_wconf 87' lang='lat' dir='ltr'>et</span> <span class='ocrx_word' id='word_1_159' title='bbox 1072 2200 1399 2272; x_wconf 83' lang='lat' dir='ltr'>suﬂossa,ab</span> <span class='ocrx_word' id='word_1_160' title='bbox 1430 2200 1804 2272; x_wconf 87' lang='lat' dir='ltr'>increpatione</span> <span class='ocrx_word' id='word_1_161' title='bbox 1824 2198 2006 2252; x_wconf 84' lang='lat' dir='ltr'>vultus</span> 
     </span>
    </p>
   </div>
   <div class='ocr_carea' id='block_1_22' title="bbox 359 2286 2000 2364">
    <p class='ocr_par' dir='ltr' id='par_1_22' title="bbox 359 2286 2000 2364">
     <span class='ocr_line' id='line_1_22' title="bbox 359 2286 2000 2364; baseline -0.005 -15"><span class='ocrx_word' id='word_1_162' title='bbox 359 2294 444 2349; x_wconf 89' lang='lat' dir='ltr'>tui</span> <span class='ocrx_word' id='word_1_163' title='bbox 467 2291 749 2364; x_wconf 89' lang='lat' dir='ltr'>peribunt.</span> <span class='ocrx_word' id='word_1_164' title='bbox 775 2290 951 2356; x_wconf 86' lang='lat' dir='ltr'>Quasi</span> <span class='ocrx_word' id='word_1_165' title='bbox 975 2289 1128 2345; x_wconf 85' lang='lat' dir='ltr'>dicat</span> <span class='ocrx_word' id='word_1_166' title='bbox 1152 2308 1164 2346; x_wconf 90' lang='lat'>:</span> <span class='ocrx_word' id='word_1_167' title='bbox 1189 2289 1314 2344; x_wconf 86' lang='lat' dir='ltr'>Dixi</span> <span class='ocrx_word' id='word_1_168' title='bbox 1339 2292 1405 2344; x_wconf 90' lang='lat' dir='ltr'>ut</span> <span class='ocrx_word' id='word_1_169' title='bbox 1423 2289 1732 2362; x_wconf 83' lang='lat' dir='ltr'>perﬁceres</span> <span class='ocrx_word' id='word_1_170' title='bbox 1752 2286 2000 2352; x_wconf 88' lang='lat' dir='ltr'>vineam,</span> 
     </span>
    </p>
   </div>
   <div class='ocr_carea' id='block_1_23' title="bbox 357 2374 2005 2453">
    <p class='ocr_par' dir='ltr' id='par_1_23' title="bbox 357 2374 2005 2453">
     <span class='ocr_line' id='line_1_23' title="bbox 357 2374 2005 2453; baseline -0.006 -15"><span class='ocrx_word' id='word_1_171' title='bbox 357 2385 417 2438; x_wconf 87' lang='lat' dir='ltr'>et</span> <span class='ocrx_word' id='word_1_172' title='bbox 446 2385 512 2436; x_wconf 91' lang='lat' dir='ltr'>ut</span> <span class='ocrx_word' id='word_1_173' title='bbox 541 2380 827 2453; x_wconf 83' lang='lat' dir='ltr'>perﬁcies,</span> <span class='ocrx_word' id='word_1_174' title='bbox 861 2380 943 2433; x_wconf 89' lang='lat' dir='ltr'>ita</span> <span class='ocrx_word' id='word_1_175' title='bbox 973 2382 1038 2433; x_wconf 93' lang='lat' dir='ltr'>ut</span> <span class='ocrx_word' id='word_1_176' title='bbox 1059 2395 1247 2450; x_wconf 89' lang='lat' dir='ltr'>neque</span> <span class='ocrx_word' id='word_1_177' title='bbox 1270 2376 1537 2443; x_wconf 86' lang='lat' dir='ltr'>altitudo,</span> <span class='ocrx_word' id='word_1_178' title='bbox 1562 2393 1751 2449; x_wconf 88' lang='lat' dir='ltr'>neque</span> <span class='ocrx_word' id='word_1_179' title='bbox 1773 2374 2005 2447; x_wconf 88' lang='lat' dir='ltr'>profun-</span> 
     </span>
    </p>
   </div>
   <div class='ocr_carea' id='block_1_24' title="bbox 358 2465 2006 2540">
    <p class='ocr_par' dir='ltr' id='par_1_24' title="bbox 358 2465 2006 2540">
     <span class='ocr_line' id='line_1_24' title="bbox 358 2465 2006 2540; baseline -0.005 -14"><span class='ocrx_word' id='word_1_180' title='bbox 358 2471 500 2526; x_wconf 92' lang='lat' dir='ltr'>dum</span> <span class='ocrx_word' id='word_1_181' title='bbox 531 2472 800 2540; x_wconf 85' lang='lat' dir='ltr'>separent</span> <span class='ocrx_word' id='word_1_182' title='bbox 829 2468 1019 2538; x_wconf 89' lang='lat' dir='ltr'>ipsam</span> <span class='ocrx_word' id='word_1_183' title='bbox 1049 2467 1279 2523; x_wconf 89' lang='lat' dir='ltr'>vineam</span> <span class='ocrx_word' id='word_1_184' title='bbox 1311 2483 1346 2521; x_wconf 88' lang='lat' dir='ltr'>a</span> <span class='ocrx_word' id='word_1_185' title='bbox 1374 2471 1448 2521; x_wconf 94' lang='lat' dir='ltr'>te.</span> <span class='ocrx_word' id='word_1_186' title='bbox 1482 2470 1629 2520; x_wconf 90' lang='lat' dir='ltr'>Nam</span> <span class='ocrx_word' id='word_1_187' title='bbox 1659 2465 1728 2519; x_wconf 92' lang='lat' dir='ltr'>ab</span> <span class='ocrx_word' id='word_1_188' title='bbox 1756 2466 2006 2534; x_wconf 84' lang='lat' dir='ltr'>increpa-</span> 
     </span>
    </p>
   </div>
   <div class='ocr_carea' id='block_1_25' title="bbox 357 2553 2004 2626">
    <p class='ocr_par' dir='ltr' id='par_1_25' title="bbox 357 2553 2004 2626">
     <span class='ocr_line' id='line_1_25' title="bbox 357 2553 2004 2626; baseline -0.004 -15"><span class='ocrx_word' id='word_1_189' title='bbox 357 2559 507 2612; x_wconf 85' lang='lat' dir='ltr'>tione</span> <span class='ocrx_word' id='word_1_190' title='bbox 535 2557 716 2611; x_wconf 82' lang='lat' dir='ltr'>vultus</span> <span class='ocrx_word' id='word_1_191' title='bbox 737 2557 822 2611; x_wconf 86' lang='lat' dir='ltr'>tui</span> <span class='ocrx_word' id='word_1_192' title='bbox 843 2555 1108 2626; x_wconf 85' lang='lat' dir='ltr'>peribunt</span> <span class='ocrx_word' id='word_1_193' title='bbox 1136 2555 1356 2609; x_wconf 81' lang='lat' dir='ltr'>incensa</span> <span class='ocrx_word' id='word_1_194' title='bbox 1386 2555 1530 2622; x_wconf 84' lang='lat' dir='ltr'>igni,</span> <span class='ocrx_word' id='word_1_195' title='bbox 1554 2553 1611 2607; x_wconf 89' lang='lat' dir='ltr'>id</span> <span class='ocrx_word' id='word_1_196' title='bbox 1635 2557 1744 2616; x_wconf 89' lang='lat' dir='ltr'>est,</span> <span class='ocrx_word' id='word_1_197' title='bbox 1769 2555 2004 2623; x_wconf 89' lang='lat' dir='ltr'>peccata</span> 
     </span>
    </p>
   </div>
   <div class='ocr_carea' id='block_1_26' title="bbox 359 2639 2005 2713">
    <p class='ocr_par' dir='ltr' id='par_1_26' title="bbox 359 2639 2005 2713">
     <span class='ocr_line' id='line_1_26' title="bbox 359 2639 2005 2713; baseline -0.005 -13"><span class='ocrx_word' id='word_1_198' title='bbox 359 2643 511 2700; x_wconf 89' lang='lat' dir='ltr'>malo</span> <span class='ocrx_word' id='word_1_199' title='bbox 529 2659 727 2698; x_wconf 90' lang='lat' dir='ltr'>amore</span> <span class='ocrx_word' id='word_1_200' title='bbox 748 2643 1082 2712; x_wconf 87' lang='lat' dir='ltr'>commissa,</span> <span class='ocrx_word' id='word_1_201' title='bbox 1110 2643 1246 2713; x_wconf 84' lang='lat' dir='ltr'>quia</span> <span class='ocrx_word' id='word_1_202' title='bbox 1263 2659 1431 2696; x_wconf 91' lang='lat' dir='ltr'>amor</span> <span class='ocrx_word' id='word_1_203' title='bbox 1452 2640 1644 2696; x_wconf 90' lang='lat' dir='ltr'>malus</span> <span class='ocrx_word' id='word_1_204' title='bbox 1674 2639 2005 2694; x_wconf 85' lang='lat' dir='ltr'>inﬂammat</span> 
     </span>
    </p>
   </div>
   <div class='ocr_carea' id='block_1_27' title="bbox 372 2727 1997 2806">
    <p class='ocr_par' dir='ltr' id='par_1_27' title="bbox 372 2727 1997 2806">
     <span class='ocr_line' id='line_1_27' title="bbox 372 2727 1997 2806; baseline -0.006 -16"><span class='ocrx_word' id='word_1_205' title='bbox 372 2749 550 2806; x_wconf 88' lang='lat' dir='ltr'>opera</span> <span class='ocrx_word' id='word_1_206' title='bbox 570 2731 802 2799; x_wconf 91' lang='lat' dir='ltr'>mala,et</span> <span class='ocrx_word' id='word_1_207' title='bbox 821 2730 1137 2804; x_wconf 57' lang='lat' dir='ltr'>suﬂ‘ossaﬁd</span> <span class='ocrx_word' id='word_1_208' title='bbox 1157 2730 1484 2793; x_wconf 88' lang='lat' dir='ltr'>est,timore</span> <span class='ocrx_word' id='word_1_209' title='bbox 1497 2728 1650 2783; x_wconf 89' lang='lat' dir='ltr'>malo</span> <span class='ocrx_word' id='word_1_210' title='bbox 1663 2727 1997 2783; x_wconf 89' lang='lat' dir='ltr'>commissa.</span> 
     </span>
    </p>
   </div>
   <div class='ocr_carea' id='block_1_28' title="bbox 359 2815 2003 2894">
    <p class='ocr_par' dir='ltr' id='par_1_28' title="bbox 359 2815 2003 2894">
     <span class='ocr_line' id='line_1_28' title="bbox 359 2815 2003 2894; baseline -0.004 -18"><span class='ocrx_word' id='word_1_211' title='bbox 359 2821 499 2894; x_wconf 85' lang='lat' dir='ltr'>quia</span> <span class='ocrx_word' id='word_1_212' title='bbox 528 2819 706 2876; x_wconf 90' lang='lat' dir='ltr'>timor</span> <span class='ocrx_word' id='word_1_213' title='bbox 736 2819 947 2892; x_wconf 87' lang='lat' dir='ltr'>[timet]</span> <span class='ocrx_word' id='word_1_214' title='bbox 978 2817 1171 2873; x_wconf 89' lang='lat' dir='ltr'>malus</span> <span class='ocrx_word' id='word_1_215' title='bbox 1203 2817 1550 2874; x_wconf 87' lang='lat' dir='ltr'>bumiliatur</span> <span class='ocrx_word' id='word_1_216' title='bbox 1569 2834 1602 2871; x_wconf 94' lang='lat' dir='ltr'>a</span> <span class='ocrx_word' id='word_1_217' title='bbox 1623 2815 1813 2883; x_wconf 86' lang='lat' dir='ltr'>bonis,</span> <span class='ocrx_word' id='word_1_218' title='bbox 1837 2820 1895 2871; x_wconf 93' lang='lat' dir='ltr'>et</span> <span class='ocrx_word' id='word_1_219' title='bbox 1913 2819 2003 2870; x_wconf 90' lang='lat' dir='ltr'>est</span> 
     </span>
    </p>
   </div>
   <div class='ocr_carea' id='block_1_29' title="bbox 357 2904 2000 2979">
    <p class='ocr_par' dir='ltr' id='par_1_29' title="bbox 357 2904 2000 2979">
     <span class='ocr_line' id='line_1_29' title="bbox 357 2904 2000 2979; baseline -0.005 -12"><span class='ocrx_word' id='word_1_220' title='bbox 357 2912 580 2967; x_wconf 89' lang='lat' dir='ltr'>dictum</span> <span class='ocrx_word' id='word_1_221' title='bbox 610 2909 681 2965; x_wconf 91' lang='lat' dir='ltr'>ad</span> <span class='ocrx_word' id='word_1_222' title='bbox 715 2906 1187 2975; x_wconf 88' lang='lat' dir='ltr'>similitudinem,</span> <span class='ocrx_word' id='word_1_223' title='bbox 1236 2907 1375 2979; x_wconf 87' lang='lat' dir='ltr'>quia</span> <span class='ocrx_word' id='word_1_224' title='bbox 1425 2904 1598 2961; x_wconf 90' lang='lat' dir='ltr'>sicuti</span> <span class='ocrx_word' id='word_1_225' title='bbox 1628 2921 1836 2960; x_wconf 89' lang='lat' dir='ltr'>murus</span> <span class='ocrx_word' id='word_1_226' title='bbox 1865 2920 2000 2960; x_wconf 90' lang='lat' dir='ltr'>cum</span> 
     </span>
    </p>
   </div>
   <div class='ocr_carea' id='block_1_30' title="bbox 359 2993 2001 3067">
    <p class='ocr_par' dir='ltr' id='par_1_30' title="bbox 359 2993 2001 3067">
     <span class='ocr_line' id='line_1_30' title="bbox 359 2993 2001 3067; baseline -0.005 -11"><span class='ocrx_word' id='word_1_227' title='bbox 359 2998 674 3056; x_wconf 75' lang='lat' dir='ltr'>suffoditur</span> <span class='ocrx_word' id='word_1_228' title='bbox 693 3013 896 3053; x_wconf 89' lang='lat' dir='ltr'>casum</span> <span class='ocrx_word' id='word_1_229' title='bbox 930 2996 1208 3064; x_wconf 88' lang='lat' dir='ltr'>minatur,</span> <span class='ocrx_word' id='word_1_230' title='bbox 1243 2996 1323 3052; x_wconf 90' lang='lat' dir='ltr'>ita</span> <span class='ocrx_word' id='word_1_231' title='bbox 1348 2996 1600 3067; x_wconf 91' lang='lat' dir='ltr'>quisque</span> <span class='ocrx_word' id='word_1_232' title='bbox 1617 2994 1827 3050; x_wconf 89' lang='lat' dir='ltr'>timore</span> <span class='ocrx_word' id='word_1_233' title='bbox 1849 2993 2001 3048; x_wconf 91' lang='lat' dir='ltr'>malo</span> 
     </span>
    </p>
   </div>
   <div class='ocr_carea' id='block_1_31' title="bbox 359 3083 2002 3161">
    <p class='ocr_par' dir='ltr' id='par_1_31' title="bbox 359 3083 2002 3161">
     <span class='ocr_line' id='line_1_31' title="bbox 359 3083 2002 3161; baseline -0.004 -18"><span class='ocrx_word' id='word_1_234' title='bbox 359 3103 676 3161; x_wconf 87' lang='lat' dir='ltr'>percussus</span> <span class='ocrx_word' id='word_1_235' title='bbox 705 3091 796 3142; x_wconf 92' lang='lat' dir='ltr'>est</span> <span class='ocrx_word' id='word_1_236' title='bbox 827 3101 1047 3158; x_wconf 90' lang='lat' dir='ltr'>pronus</span> <span class='ocrx_word' id='word_1_237' title='bbox 1078 3085 1151 3140; x_wconf 89' lang='lat' dir='ltr'>ad</span> <span class='ocrx_word' id='word_1_238' title='bbox 1198 3085 1453 3156; x_wconf 91' lang='lat' dir='ltr'>lopsum,</span> <span class='ocrx_word' id='word_1_239' title='bbox 1507 3084 1643 3156; x_wconf 89' lang='lat' dir='ltr'>quia</span> <span class='ocrx_word' id='word_1_240' title='bbox 1693 3083 1845 3137; x_wconf 90' lang='lat' dir='ltr'>sicut</span> <span class='ocrx_word' id='word_1_241' title='bbox 1873 3097 2002 3137; x_wconf 89' lang='lat' dir='ltr'>esse</span> 
     </span>
    </p>
   </div>
   <div class='ocr_carea' id='block_1_32' title="bbox 358 3171 2001 3248">
    <p class='ocr_par' dir='ltr' id='par_1_32' title="bbox 358 3171 2001 3248">
     <span class='ocr_line' id='line_1_32' title="bbox 358 3171 2001 3248; baseline -0.004 -16"><span class='ocrx_word' id='word_1_242' title='bbox 358 3177 580 3232; x_wconf 88' lang='lat' dir='ltr'>bonum</span> <span class='ocrx_word' id='word_1_243' title='bbox 613 3174 873 3248; x_wconf 90' lang='lat' dir='ltr'>procedit</span> <span class='ocrx_word' id='word_1_244' title='bbox 901 3191 935 3230; x_wconf 90' lang='lat' dir='ltr'>a</span> <span class='ocrx_word' id='word_1_245' title='bbox 962 3173 1174 3230; x_wconf 91' lang='lat' dir='ltr'>timore</span> <span class='ocrx_word' id='word_1_246' title='bbox 1209 3174 1361 3229; x_wconf 91' lang='lat' dir='ltr'>bono</span> <span class='ocrx_word' id='word_1_247' title='bbox 1392 3177 1449 3228; x_wconf 90' lang='lat' dir='ltr'>et</span> <span class='ocrx_word' id='word_1_248' title='bbox 1469 3189 1686 3238; x_wconf 90' lang='lat' dir='ltr'>amore,</span> <span class='ocrx_word' id='word_1_249' title='bbox 1709 3171 1790 3226; x_wconf 90' lang='lat' dir='ltr'>ita</span> <span class='ocrx_word' id='word_1_250' title='bbox 1830 3187 2001 3226; x_wconf 90' lang='lat' dir='ltr'>omne</span> 
     </span>
    </p>
   </div>
   <div class='ocr_carea' id='block_1_33' title="bbox 931 370 3204 452">
    <p class='ocr_par' dir='ltr' id='par_1_33' title="bbox 931 370 3204 452">
     <span class='ocr_line' id='line_1_33' title="bbox 931 370 3204 452; baseline -0.007 0"><span class='ocrx_word' id='word_1_251' title='bbox 931 378 1234 452; x_wconf 77' lang='lat' dir='ltr'>REMIGII</span> <span class='ocrx_word' id='word_1_252' title='bbox 1281 380 2030 451; x_wconf 81' lang='lat' dir='ltr'>ANTISSIODORENSIS</span> <span class='ocrx_word' id='word_1_253' title='bbox 2073 377 2249 445; x_wconf 86' lang='lat' dir='ltr'>OPP.</span> <span class='ocrx_word' id='word_1_254' title='bbox 2295 377 2496 443; x_wconf 78' lang='lat' dir='ltr'><strong>PARS</strong></span> <span class='ocrx_word' id='word_1_255' title='bbox 2539 377 2588 442; x_wconf 87' lang='lat' dir='ltr'>I.</span> <span class='ocrx_word' id='word_1_256' title='bbox 2622 408 2702 426; x_wconf 93' lang='lat'>—</span> <span class='ocrx_word' id='word_1_257' title='bbox 2730 370 3204 441; x_wconf 79' lang='lat' dir='ltr'>EXEGETIGA.</span> 
     </span>
    </p>
   </div>
   <div class='ocr_carea' id='block_1_34' title="bbox 3647 367 3774 433">
    <p class='ocr_par' dir='ltr' id='par_1_34' title="bbox 3647 367 3774 433">
     <span class='ocr_line' id='line_1_34' title="bbox 3647 367 3774 433; baseline -0.016 -1"><span class='ocrx_word' id='word_1_258' title='bbox 3647 367 3774 433; x_wconf 68' lang='lat'>612</span> 
     </span>
    </p>
   </div>
   <div class='ocr_carea' id='block_1_35' title="bbox 2695 507 3199 568">
    <p class='ocr_par' dir='ltr' id='par_1_35' title="bbox 2695 507 3199 568">
     <span class='ocr_line' id='line_1_35' title="bbox 2695 507 3199 568; baseline -0.004 -2"><span class='ocrx_word' id='word_1_259' title='bbox 2695 510 3018 568; x_wconf 86' lang='lat' dir='ltr'>PSALMUS</span> <span class='ocrx_word' id='word_1_260' title='bbox 3059 507 3199 565; x_wconf 87' lang='lat' dir='ltr'>LXX</span> 
     </span>
    </p>
   </div>
   <div class='ocr_carea' id='block_1_36' title="bbox 2118 608 3774 660">
    <p class='ocr_par' dir='ltr' id='par_1_36' title="bbox 2118 608 3774 660">
     <span class='ocr_line' id='line_1_36' title="bbox 2118 608 3774 660; baseline -0.005 -2"><span class='ocrx_word' id='word_1_261' title='bbox 2118 620 2178 658; x_wconf 85' lang='lat' dir='ltr'>IN</span> <span class='ocrx_word' id='word_1_262' title='bbox 2228 619 2399 658; x_wconf 79' lang='lat' dir='ltr'><strong>FINEM</strong></span> <span class='ocrx_word' id='word_1_263' title='bbox 2448 618 2557 657; x_wconf 75' lang='lat' dir='ltr'>PRO</span> <span class='ocrx_word' id='word_1_264' title='bbox 2621 615 3048 657; x_wconf 72' lang='lat' dir='ltr'>TORCULARIBUS</span> <span class='ocrx_word' id='word_1_265' title='bbox 3113 611 3358 654; x_wconf 66' lang='lat' dir='ltr'>PSALMUS</span> <span class='ocrx_word' id='word_1_266' title='bbox 3407 610 3517 651; x_wconf 65' lang='lat' dir='ltr'>IP51</span> <span class='ocrx_word' id='word_1_267' title='bbox 3565 608 3774 660; x_wconf 74' lang='lat' dir='ltr'>ASAPH,</span> 
     </span>
    </p>
   </div>
   <div class='ocr_carea' id='block_1_37' title="bbox 2690 687 3198 736">
    <p class='ocr_par' dir='ltr' id='par_1_37' title="bbox 2690 687 3198 736">
     <span class='ocr_line' id='line_1_37' title="bbox 2690 687 3198 736; baseline -0.012 -8"><span class='ocrx_word' id='word_1_268' title='bbox 2690 688 2908 736; x_wconf 76' lang='lat' dir='ltr'>QUINTA</span> <span class='ocrx_word' id='word_1_269' title='bbox 2945 687 3198 726; x_wconf 79' lang='lat' dir='ltr'>SABBATI.</span> 
     </span>
    </p>
   </div>
   <div class='ocr_carea' id='block_1_38' title="bbox 2189 762 3776 840">
    <p class='ocr_par' dir='ltr' id='par_1_38' title="bbox 2189 762 3776 840">
     <span class='ocr_line' id='line_1_38' title="bbox 2189 762 3776 840; baseline -0.006 -14"><span class='ocrx_word' id='word_1_270' title='bbox 2189 795 2218 822; x_wconf 83' lang='lat'><strong>«</strong></span> <span class='ocrx_word' id='word_1_271' title='bbox 2251 769 2552 828; x_wconf 85' lang='lat' dir='ltr'>Exsultate</span> <span class='ocrx_word' id='word_1_272' title='bbox 2581 769 2696 826; x_wconf 91' lang='lat' dir='ltr'>Deo</span> <span class='ocrx_word' id='word_1_273' title='bbox 2727 767 2984 840; x_wconf 90' lang='lat' dir='ltr'>adjutori</span> <span class='ocrx_word' id='word_1_274' title='bbox 3018 771 3239 833; x_wconf 89' lang='lat' dir='ltr'>nostro,</span> <span class='ocrx_word' id='word_1_275' title='bbox 3269 764 3517 838; x_wconf 85' lang='lat' dir='ltr'>jubilate</span> <span class='ocrx_word' id='word_1_276' title='bbox 3538 763 3656 819; x_wconf 91' lang='lat' dir='ltr'>Deo</span> <span class='ocrx_word' id='word_1_277' title='bbox 3675 762 3776 818; x_wconf 84' lang='lat' dir='ltr'>Ja-</span> 
     </span>
    </p>
   </div>
   <div class='ocr_carea' id='block_1_39' title="bbox 2116 849 3774 930">
    <p class='ocr_par' dir='ltr' id='par_1_39' title="bbox 2116 849 3774 930">
     <span class='ocr_line' id='line_1_39' title="bbox 2116 849 3774 930; baseline -0.001 -21"><span class='ocrx_word' id='word_1_278' title='bbox 2116 881 2144 909; x_wconf 82' lang='lat'><strong>«</strong></span> <span class='ocrx_word' id='word_1_279' title='bbox 2179 860 2308 926; x_wconf 91' lang='lat' dir='ltr'>cob,</span> <span class='ocrx_word' id='word_1_280' title='bbox 2331 859 2546 914; x_wconf 88' lang='lat' dir='ltr'>sumite</span> <span class='ocrx_word' id='word_1_281' title='bbox 2567 856 2887 930; x_wconf 88' lang='lat' dir='ltr'>psalmum,</span> <span class='ocrx_word' id='word_1_282' title='bbox 2909 860 2966 912; x_wconf 91' lang='lat' dir='ltr'>et</span> <span class='ocrx_word' id='word_1_283' title='bbox 2988 857 3121 911; x_wconf 90' lang='lat' dir='ltr'>date</span> <span class='ocrx_word' id='word_1_284' title='bbox 3144 860 3489 927; x_wconf 83' lang='lat' dir='ltr'>tympanum</span> <span class='ocrx_word' id='word_1_285' title='bbox 3515 869 3528 908; x_wconf 91' lang='lat'>:</span> <span class='ocrx_word' id='word_1_286' title='bbox 3555 849 3774 924; x_wconf 62' lang='lat' dir='ltr'>psalteo</span> 
     </span>
    </p>
   </div>
   <div class='ocr_carea' id='block_1_40' title="bbox 2115 941 3770 1020">
    <p class='ocr_par' dir='ltr' id='par_1_40' title="bbox 2115 941 3770 1020">
     <span class='ocr_line' id='line_1_40' title="bbox 2115 941 3770 1020; baseline -0.005 -18"><span class='ocrx_word' id='word_1_287' title='bbox 2115 970 2142 996; x_wconf 85' lang='lat'>«</span> <span class='ocrx_word' id='word_1_288' title='bbox 2172 947 2679 1020; x_wconf 90' lang='lat' dir='ltr'>riumjucundum</span> <span class='ocrx_word' id='word_1_289' title='bbox 2712 962 2843 1001; x_wconf 92' lang='lat' dir='ltr'>cum</span> <span class='ocrx_word' id='word_1_290' title='bbox 2883 944 3130 1000; x_wconf 87' lang='lat' dir='ltr'>cithara.</span> <span class='ocrx_word' id='word_1_291' title='bbox 3182 942 3492 999; x_wconf 87' lang='lat' dir='ltr'>Buccinate</span> <span class='ocrx_word' id='word_1_292' title='bbox 3532 941 3593 995; x_wconf 91' lang='lat' dir='ltr'>in</span> <span class='ocrx_word' id='word_1_293' title='bbox 3631 956 3770 994; x_wconf 85' lang='lat' dir='ltr'>neo-</span> 
     </span>
    </p>
   </div>
   <div class='ocr_carea' id='block_1_41' title="bbox 2114 1030 3776 1106">
    <p class='ocr_par' dir='ltr' id='par_1_41' title="bbox 2114 1030 3776 1106">
     <span class='ocr_line' id='line_1_41' title="bbox 2114 1030 3776 1106; baseline -0.005 -15"><span class='ocrx_word' id='word_1_294' title='bbox 2114 1058 2142 1086; x_wconf 88' lang='grc'>‹‹</span> <span class='ocrx_word' id='word_1_295' title='bbox 2175 1037 2370 1092; x_wconf 90' lang='lat' dir='ltr'>menia</span> <span class='ocrx_word' id='word_1_296' title='bbox 2417 1036 2578 1100; x_wconf 85' lang='lat' dir='ltr'>tuba,</span> <span class='ocrx_word' id='word_1_297' title='bbox 2611 1035 2668 1089; x_wconf 90' lang='lat' dir='ltr'>in</span> <span class='ocrx_word' id='word_1_298' title='bbox 2725 1033 2941 1106; x_wconf 84' lang='lat' dir='ltr'>insigni</span> <span class='ocrx_word' id='word_1_299' title='bbox 2973 1033 3065 1088; x_wconf 92' lang='lat' dir='ltr'>die</span> <span class='ocrx_word' id='word_1_300' title='bbox 3121 1030 3512 1088; x_wconf 88' lang='lat' dir='ltr'>solemnitatis</span> <span class='ocrx_word' id='word_1_301' title='bbox 3543 1033 3776 1084; x_wconf 78' lang='lat' dir='ltr'>vestrae.</span> 
     </span>
    </p>
   </div>
   <div class='ocr_carea' id='block_1_42' title="bbox 2119 1118 3772 1197">
    <p class='ocr_par' dir='ltr' id='par_1_42' title="bbox 2119 1118 3772 1197">
     <span class='ocr_line' id='line_1_42' title="bbox 2119 1118 3772 1197; baseline -0.005 -17"><span class='ocrx_word' id='word_1_302' title='bbox 2119 1147 2140 1174; x_wconf 81' lang='grc' dir='ltr'>ι</span> <span class='ocrx_word' id='word_1_303' title='bbox 2175 1125 2322 1191; x_wconf 85' lang='lat' dir='ltr'>Quia</span> <span class='ocrx_word' id='word_1_304' title='bbox 2351 1131 2708 1197; x_wconf 73' lang='lat' dir='ltr'>praeceptum</span> <span class='ocrx_word' id='word_1_305' title='bbox 2744 1123 2802 1178; x_wconf 88' lang='lat' dir='ltr'>in</span> <span class='ocrx_word' id='word_1_306' title='bbox 2835 1122 3012 1178; x_wconf 90' lang='lat' dir='ltr'>Israel</span> <span class='ocrx_word' id='word_1_307' title='bbox 3065 1126 3172 1191; x_wconf 90' lang='lat' dir='ltr'>est,</span> <span class='ocrx_word' id='word_1_308' title='bbox 3208 1124 3264 1175; x_wconf 92' lang='lat' dir='ltr'>et</span> <span class='ocrx_word' id='word_1_309' title='bbox 3307 1119 3605 1192; x_wconf 87' lang='lat' dir='ltr'>judicium</span> <span class='ocrx_word' id='word_1_310' title='bbox 3651 1118 3772 1172; x_wconf 88' lang='lat' dir='ltr'>Deo</span> 
     </span>
    </p>
   </div>
   <div class='ocr_carea' id='block_1_43' title="bbox 2113 1207 3776 1281">
    <p class='ocr_par' dir='ltr' id='par_1_43' title="bbox 2113 1207 3776 1281">
     <span class='ocr_line' id='line_1_43' title="bbox 2113 1207 3776 1281; baseline -0.005 -12"><span class='ocrx_word' id='word_1_311' title='bbox 2113 1235 2141 1263; x_wconf 86' lang='lat'><strong>«</strong></span> <span class='ocrx_word' id='word_1_312' title='bbox 2173 1214 2370 1269; x_wconf 85' lang='lat' dir='ltr'>Jacob.</span> <span class='ocrx_word' id='word_1_313' title='bbox 2403 1212 2830 1268; x_wconf 90' lang='lat' dir='ltr'>Testimonium</span> <span class='ocrx_word' id='word_1_314' title='bbox 2867 1211 2924 1265; x_wconf 91' lang='lat' dir='ltr'>in</span> <span class='ocrx_word' id='word_1_315' title='bbox 2955 1209 3173 1280; x_wconf 88' lang='lat' dir='ltr'>Joseph</span> <span class='ocrx_word' id='word_1_316' title='bbox 3207 1208 3406 1281; x_wconf 89' lang='lat' dir='ltr'>posuit</span> <span class='ocrx_word' id='word_1_317' title='bbox 3430 1207 3601 1271; x_wconf 91' lang='lat' dir='ltr'>illud,</span> <span class='ocrx_word' id='word_1_318' title='bbox 3636 1222 3776 1261; x_wconf 87' lang='lat' dir='ltr'>eum</span> 
     </span>
    </p>
   </div>
   <div class='ocr_carea' id='block_1_44' title="bbox 2116 1298 3776 1372">
    <p class='ocr_par' dir='ltr' id='par_1_44' title="bbox 2116 1298 3776 1372">
     <span class='ocr_line' id='line_1_44' title="bbox 2116 1298 3776 1372; baseline -0.001 -20"><span class='ocrx_word' id='word_1_319' title='bbox 2116 1323 2146 1352; x_wconf 73' lang='grc' dir='ltr'><strong>α</strong></span> <span class='ocrx_word' id='word_1_320' title='bbox 2176 1302 2357 1357; x_wconf 81' lang='lat' dir='ltr'>exiret</span> <span class='ocrx_word' id='word_1_321' title='bbox 2379 1302 2448 1356; x_wconf 92' lang='lat' dir='ltr'>de</span> <span class='ocrx_word' id='word_1_322' title='bbox 2467 1306 2622 1357; x_wconf 90' lang='lat' dir='ltr'>terra</span> <span class='ocrx_word' id='word_1_323' title='bbox 2659 1299 2886 1372; x_wconf 68' lang='lat' dir='ltr'>[Egypti</span> <span class='ocrx_word' id='word_1_324' title='bbox 2907 1319 2925 1354; x_wconf 88' lang='lat'><strong><em>:</em></strong></span> <span class='ocrx_word' id='word_1_325' title='bbox 2968 1298 3230 1369; x_wconf 86' lang='lat' dir='ltr'>linguam</span> <span class='ocrx_word' id='word_1_326' title='bbox 3253 1313 3429 1369; x_wconf 90' lang='lat' dir='ltr'>quam</span> <span class='ocrx_word' id='word_1_327' title='bbox 3458 1313 3574 1351; x_wconf 90' lang='lat' dir='ltr'>non</span> <span class='ocrx_word' id='word_1_328' title='bbox 3601 1311 3776 1350; x_wconf 88' lang='lat' dir='ltr'>nove-</span> 
     </span>
    </p>
   </div>
   <div class='ocr_carea' id='block_1_45' title="bbox 2118 1385 3776 1457">
    <p class='ocr_par' dir='ltr' id='par_1_45' title="bbox 2118 1385 3776 1457">
     <span class='ocr_line' id='line_1_45' title="bbox 2118 1385 3776 1457; baseline -0.004 -12"><span class='ocrx_word' id='word_1_329' title='bbox 2118 1409 2145 1439; x_wconf 75' lang='grc' dir='ltr'>(ι</span> <span class='ocrx_word' id='word_1_330' title='bbox 2176 1393 2285 1457; x_wconf 89' lang='lat' dir='ltr'>rat,</span> <span class='ocrx_word' id='word_1_331' title='bbox 2307 1389 2548 1445; x_wconf 87' lang='lat' dir='ltr'>audivit.</span> <span class='ocrx_word' id='word_1_332' title='bbox 2575 1389 2818 1444; x_wconf 90' lang='lat' dir='ltr'>Divertit</span> <span class='ocrx_word' id='word_1_333' title='bbox 2839 1389 2910 1444; x_wconf 86' lang='lat' dir='ltr'>ab</span> <span class='ocrx_word' id='word_1_334' title='bbox 2931 1387 3207 1442; x_wconf 89' lang='lat' dir='ltr'>oneribus</span> <span class='ocrx_word' id='word_1_335' title='bbox 3222 1387 3464 1441; x_wconf 88' lang='lat' dir='ltr'>dorsum</span> <span class='ocrx_word' id='word_1_336' title='bbox 3479 1385 3632 1456; x_wconf 84' lang='lat' dir='ltr'>ejus,</span> <span class='ocrx_word' id='word_1_337' title='bbox 3650 1385 3776 1439; x_wconf 58' lang='lat' dir='ltr'>ma-</span> 
     </span>
    </p>
   </div>
   <div class='ocr_carea' id='block_1_46' title="bbox 2115 1471 3779 1550">
    <p class='ocr_par' dir='ltr' id='par_1_46' title="bbox 2115 1471 3779 1550">
     <span class='ocr_line' id='line_1_46' title="bbox 2115 1471 3779 1550; baseline -0.004 -17"><span class='ocrx_word' id='word_1_338' title='bbox 2115 1501 2141 1526; x_wconf 84' lang='lat'><strong><em>«</em></strong></span> <span class='ocrx_word' id='word_1_339' title='bbox 2179 1495 2290 1533; x_wconf 88' lang='lat' dir='ltr'>nus</span> <span class='ocrx_word' id='word_1_340' title='bbox 2313 1480 2441 1550; x_wconf 91' lang='lat' dir='ltr'>ejus</span> <span class='ocrx_word' id='word_1_341' title='bbox 2477 1477 2726 1548; x_wconf 88' lang='lat' dir='ltr'>cophino</span> <span class='ocrx_word' id='word_1_342' title='bbox 2774 1475 3117 1532; x_wconf 90' lang='lat' dir='ltr'>servierunt.</span> <span class='ocrx_word' id='word_1_343' title='bbox 3171 1475 3233 1529; x_wconf 93' lang='lat' dir='ltr'>In</span> <span class='ocrx_word' id='word_1_344' title='bbox 3283 1471 3667 1529; x_wconf 88' lang='lat' dir='ltr'>tribulatione</span> <span class='ocrx_word' id='word_1_345' title='bbox 3690 1473 3779 1527; x_wconf 84' lang='lat' dir='ltr'>in-</span> 
     </span>
    </p>
   </div>
   <div class='ocr_carea' id='block_1_47' title="bbox 2115 1561 3777 1630">
    <p class='ocr_par' dir='ltr' id='par_1_47' title="bbox 2115 1561 3777 1630">
     <span class='ocr_line' id='line_1_47' title="bbox 2115 1561 3777 1630; baseline 0 -15"><span class='ocrx_word' id='word_1_346' title='bbox 2115 1588 2144 1616; x_wconf 83' lang='grc'>‹‹</span> <span class='ocrx_word' id='word_1_347' title='bbox 2179 1566 2395 1621; x_wconf 88' lang='lat' dir='ltr'>vocasti</span> <span class='ocrx_word' id='word_1_348' title='bbox 2426 1582 2542 1630; x_wconf 88' lang='lat' dir='ltr'>me,</span> <span class='ocrx_word' id='word_1_349' title='bbox 2570 1569 2628 1620; x_wconf 92' lang='lat' dir='ltr'>et</span> <span class='ocrx_word' id='word_1_350' title='bbox 2658 1565 2893 1620; x_wconf 85' lang='lat' dir='ltr'>liberavi</span> <span class='ocrx_word' id='word_1_351' title='bbox 2925 1569 3018 1618; x_wconf 90' lang='lat' dir='ltr'>te:</span> <span class='ocrx_word' id='word_1_352' title='bbox 3072 1562 3282 1618; x_wconf 83' lang='lat' dir='ltr'>exaudi</span> <span class='ocrx_word' id='word_1_353' title='bbox 3333 1567 3388 1616; x_wconf 87' lang='lat' dir='ltr'>te</span> <span class='ocrx_word' id='word_1_354' title='bbox 3431 1561 3493 1616; x_wconf 90' lang='lat' dir='ltr'>in</span> <span class='ocrx_word' id='word_1_355' title='bbox 3525 1561 3777 1616; x_wconf 86' lang='lat' dir='ltr'>abscon-</span> 
     </span>
    </p>
   </div>
   <div class='ocr_carea' id='block_1_48' title="bbox 2117 1651 3775 1726">
    <p class='ocr_par' dir='ltr' id='par_1_48' title="bbox 2117 1651 3775 1726">
     <span class='ocr_line' id='line_1_48' title="bbox 2117 1651 3775 1726; baseline -0.001 -21"><span class='ocrx_word' id='word_1_356' title='bbox 2117 1676 2144 1704; x_wconf 75' lang='grc' dir='ltr'><strong>ι(</strong></span> <span class='ocrx_word' id='word_1_357' title='bbox 2177 1654 2296 1708; x_wconf 91' lang='lat' dir='ltr'>dito</span> <span class='ocrx_word' id='word_1_358' title='bbox 2323 1653 2710 1726; x_wconf 86' lang='lat' dir='ltr'>tempestatis,</span> <span class='ocrx_word' id='word_1_359' title='bbox 2745 1651 2980 1725; x_wconf 88' lang='lat' dir='ltr'>probavi</span> <span class='ocrx_word' id='word_1_360' title='bbox 3011 1655 3066 1706; x_wconf 88' lang='lat' dir='ltr'>te</span> <span class='ocrx_word' id='word_1_361' title='bbox 3099 1651 3255 1722; x_wconf 86' lang='lat' dir='ltr'>apud</span> <span class='ocrx_word' id='word_1_362' title='bbox 3288 1665 3503 1721; x_wconf 87' lang='lat' dir='ltr'>aquam</span> <span class='ocrx_word' id='word_1_363' title='bbox 3536 1654 3775 1704; x_wconf 84' lang='lat' dir='ltr'>contra-</span> 
     </span>
    </p>
   </div>
   <div class='ocr_carea' id='block_1_49' title="bbox 2115 1737 3772 1812">
    <p class='ocr_par' dir='ltr' id='par_1_49' title="bbox 2115 1737 3772 1812">
     <span class='ocr_line' id='line_1_49' title="bbox 2115 1737 3772 1812; baseline 0.001 -21"><span class='ocrx_word' id='word_1_364' title='bbox 2115 1763 2143 1791; x_wconf 82' lang='lat'><strong><em>«</em></strong></span> <span class='ocrx_word' id='word_1_365' title='bbox 2178 1741 2469 1797; x_wconf 89' lang='lat' dir='ltr'>dictionis.</span> <span class='ocrx_word' id='word_1_366' title='bbox 2505 1741 2675 1806; x_wconf 86' lang='lat' dir='ltr'>Audi,</span> <span class='ocrx_word' id='word_1_367' title='bbox 2712 1740 2964 1812; x_wconf 88' lang='lat' dir='ltr'>populus</span> <span class='ocrx_word' id='word_1_368' title='bbox 2987 1755 3175 1804; x_wconf 89' lang='lat' dir='ltr'>meus,</span> <span class='ocrx_word' id='word_1_369' title='bbox 3201 1742 3260 1793; x_wconf 90' lang='lat' dir='ltr'>et</span> <span class='ocrx_word' id='word_1_370' title='bbox 3280 1737 3660 1793; x_wconf 86' lang='lat' dir='ltr'>contestabor</span> <span class='ocrx_word' id='word_1_371' title='bbox 3682 1743 3772 1792; x_wconf 86' lang='lat' dir='ltr'>te:</span> 
     </span>
    </p>
   </div>
   <div class='ocr_carea' id='block_1_50' title="bbox 2115 1826 3772 1895">
    <p class='ocr_par' dir='ltr' id='par_1_50' title="bbox 2115 1826 3772 1895">
     <span class='ocr_line' id='line_1_50' title="bbox 2115 1826 3772 1895; baseline -0.002 -11"><span class='ocrx_word' id='word_1_372' title='bbox 2115 1851 2143 1878; x_wconf 87' lang='lat'>«</span> <span class='ocrx_word' id='word_1_373' title='bbox 2179 1829 2374 1895; x_wconf 88' lang='lat' dir='ltr'>Israel,</span> <span class='ocrx_word' id='word_1_374' title='bbox 2407 1830 2456 1885; x_wconf 89' lang='lat' dir='ltr'>si</span> <span class='ocrx_word' id='word_1_375' title='bbox 2488 1828 2744 1884; x_wconf 91' lang='lat' dir='ltr'>audieris</span> <span class='ocrx_word' id='word_1_376' title='bbox 2776 1844 2889 1894; x_wconf 87' lang='lat' dir='ltr'>me.</span> <span class='ocrx_word' id='word_1_377' title='bbox 2927 1843 3041 1883; x_wconf 90' lang='lat' dir='ltr'>non</span> <span class='ocrx_word' id='word_1_378' title='bbox 3073 1826 3260 1882; x_wconf 90' lang='lat' dir='ltr'>eritin</span> <span class='ocrx_word' id='word_1_379' title='bbox 3285 1830 3340 1881; x_wconf 90' lang='lat' dir='ltr'>te</span> <span class='ocrx_word' id='word_1_380' title='bbox 3363 1827 3520 1882; x_wconf 90' lang='lat' dir='ltr'>Deus</span> <span class='ocrx_word' id='word_1_381' title='bbox 3542 1842 3772 1887; x_wconf 84' lang='lat' dir='ltr'>recens,</span> 
     </span>
    </p>
   </div>
   <div class='ocr_carea' id='block_1_51' title="bbox 2037 1881 3771 1988">
    <p class='ocr_par' dir='ltr' id='par_1_51' title="bbox 2037 1881 3771 1988">
     <span class='ocr_line' id='line_1_51' title="bbox 2037 1881 3771 1988; baseline -0.001 -17"><span class='ocrx_word' id='word_1_382' title='bbox 2037 1881 2083 1946; x_wconf 82' lang='grc' dir='ltr'>Β</span> <span class='ocrx_word' id='word_1_383' title='bbox 2115 1939 2142 1966; x_wconf 88' lang='grc'>‹‹</span> <span class='ocrx_word' id='word_1_384' title='bbox 2177 1933 2366 1988; x_wconf 78' lang='lat' dir='ltr'>neque</span> <span class='ocrx_word' id='word_1_385' title='bbox 2394 1915 2666 1972; x_wconf 88' lang='lat' dir='ltr'>adorabis</span> <span class='ocrx_word' id='word_1_386' title='bbox 2723 1916 2896 1971; x_wconf 92' lang='lat' dir='ltr'>deum</span> <span class='ocrx_word' id='word_1_387' title='bbox 2957 1914 3238 1971; x_wconf 84' lang='lat' dir='ltr'>alienum.</span> <span class='ocrx_word' id='word_1_388' title='bbox 3298 1915 3416 1986; x_wconf 88' lang='lat' dir='ltr'>Ego</span> <span class='ocrx_word' id='word_1_389' title='bbox 3445 1914 3605 1970; x_wconf 88' lang='lat' dir='ltr'>enim</span> <span class='ocrx_word' id='word_1_390' title='bbox 3638 1931 3771 1969; x_wconf 89' lang='lat' dir='ltr'>sum</span> 
     </span>
    </p>
   </div>
   <div class='ocr_carea' id='block_1_52' title="bbox 2115 2001 3770 2075">
    <p class='ocr_par' dir='ltr' id='par_1_52' title="bbox 2115 2001 3770 2075">
     <span class='ocr_line' id='line_1_52' title="bbox 2115 2001 3770 2075; baseline -0.001 -15"><span class='ocrx_word' id='word_1_391' title='bbox 2115 2028 2142 2054; x_wconf 87' lang='lat'><strong>«</strong></span> <span class='ocrx_word' id='word_1_392' title='bbox 2178 2005 2462 2060; x_wconf 90' lang='lat' dir='ltr'>Dominus</span> <span class='ocrx_word' id='word_1_393' title='bbox 2485 2004 2636 2075; x_wconf 84' lang='lat' dir='ltr'>Deus</span> <span class='ocrx_word' id='word_1_394' title='bbox 2652 2010 2813 2072; x_wconf 90' lang='lat' dir='ltr'>tuus,</span> <span class='ocrx_word' id='word_1_395' title='bbox 2839 2002 2941 2075; x_wconf 90' lang='lat' dir='ltr'>qui</span> <span class='ocrx_word' id='word_1_396' title='bbox 2962 2003 3137 2059; x_wconf 82' lang='lat' dir='ltr'>eduxi</span> <span class='ocrx_word' id='word_1_397' title='bbox 3159 2008 3214 2059; x_wconf 91' lang='lat' dir='ltr'>te</span> <span class='ocrx_word' id='word_1_398' title='bbox 3236 2003 3308 2059; x_wconf 92' lang='lat' dir='ltr'>de</span> <span class='ocrx_word' id='word_1_399' title='bbox 3322 2006 3480 2059; x_wconf 87' lang='lat' dir='ltr'>terra</span> <span class='ocrx_word' id='word_1_400' title='bbox 3499 2001 3732 2075; x_wconf 60' lang='lat' dir='ltr'>(Egypti</span> <span class='ocrx_word' id='word_1_401' title='bbox 3757 2021 3770 2058; x_wconf 95' lang='lat'>:</span> 
     </span>
    </p>
   </div>
   <div class='ocr_carea' id='block_1_53' title="bbox 2115 2092 3774 2165">
    <p class='ocr_par' dir='ltr' id='par_1_53' title="bbox 2115 2092 3774 2165">
     <span class='ocr_line' id='line_1_53' title="bbox 2115 2092 3774 2165; baseline 0.002 -20"><span class='ocrx_word' id='word_1_402' title='bbox 2115 2116 2143 2144; x_wconf 84' lang='lat'><strong>«</strong></span> <span class='ocrx_word' id='word_1_403' title='bbox 2175 2093 2356 2149; x_wconf 90' lang='lat' dir='ltr'>dilata</span> <span class='ocrx_word' id='word_1_404' title='bbox 2387 2111 2452 2149; x_wconf 91' lang='lat' dir='ltr'>os</span> <span class='ocrx_word' id='word_1_405' title='bbox 2484 2099 2674 2161; x_wconf 89' lang='lat' dir='ltr'>tuum,</span> <span class='ocrx_word' id='word_1_406' title='bbox 2706 2099 2765 2150; x_wconf 90' lang='lat' dir='ltr'>et</span> <span class='ocrx_word' id='word_1_407' title='bbox 2793 2092 3049 2165; x_wconf 91' lang='lat' dir='ltr'>implebo</span> <span class='ocrx_word' id='word_1_408' title='bbox 3083 2092 3246 2148; x_wconf 90' lang='lat' dir='ltr'>illud.</span> <span class='ocrx_word' id='word_1_409' title='bbox 3297 2093 3366 2148; x_wconf 87' lang='lat' dir='ltr'>Et</span> <span class='ocrx_word' id='word_1_410' title='bbox 3396 2109 3512 2147; x_wconf 89' lang='lat' dir='ltr'>non</span> <span class='ocrx_word' id='word_1_411' title='bbox 3546 2093 3774 2148; x_wconf 87' lang='lat' dir='ltr'>audivit</span> 
     </span>
    </p>
   </div>
   <div class='ocr_carea' id='block_1_54' title="bbox 2114 2179 3774 2255">
    <p class='ocr_par' dir='ltr' id='par_1_54' title="bbox 2114 2179 3774 2255">
     <span class='ocr_line' id='line_1_54' title="bbox 2114 2179 3774 2255; baseline 0.002 -23"><span class='ocrx_word' id='word_1_412' title='bbox 2114 2206 2141 2232; x_wconf 83' lang='lat'>«</span> <span class='ocrx_word' id='word_1_413' title='bbox 2178 2181 2429 2255; x_wconf 89' lang='lat' dir='ltr'>populus</span> <span class='ocrx_word' id='word_1_414' title='bbox 2455 2187 2621 2238; x_wconf 88' lang='lat' dir='ltr'>meus</span> <span class='ocrx_word' id='word_1_415' title='bbox 2643 2197 2842 2237; x_wconf 89' lang='lat' dir='ltr'>vocem</span> <span class='ocrx_word' id='word_1_416' title='bbox 2865 2197 3080 2249; x_wconf 88' lang='lat' dir='ltr'>meam,</span> <span class='ocrx_word' id='word_1_417' title='bbox 3101 2186 3160 2237; x_wconf 91' lang='lat' dir='ltr'>et</span> <span class='ocrx_word' id='word_1_418' title='bbox 3181 2179 3358 2237; x_wconf 86' lang='lat' dir='ltr'>Israel</span> <span class='ocrx_word' id='word_1_419' title='bbox 3381 2197 3497 2236; x_wconf 90' lang='lat' dir='ltr'>non</span> <span class='ocrx_word' id='word_1_420' title='bbox 3518 2179 3774 2236; x_wconf 86' lang='lat' dir='ltr'>intendit</span> 
     </span>
    </p>
   </div>
   <div class='ocr_carea' id='block_1_55' title="bbox 2114 2268 3772 2326">
    <p class='ocr_par' dir='ltr' id='par_1_55' title="bbox 2114 2268 3772 2326">
     <span class='ocr_line' id='line_1_55' title="bbox 2114 2268 3772 2326; baseline 0.002 -4"><span class='ocrx_word' id='word_1_421' title='bbox 2114 2294 2141 2322; x_wconf 85' lang='lat'><strong>«</strong></span> <span class='ocrx_word' id='word_1_422' title='bbox 2177 2271 2346 2326; x_wconf 92' lang='lat' dir='ltr'>mihi.</span> <span class='ocrx_word' id='word_1_423' title='bbox 2381 2271 2450 2326; x_wconf 88' lang='lat' dir='ltr'>Et</span> <span class='ocrx_word' id='word_1_424' title='bbox 2480 2270 2708 2326; x_wconf 90' lang='lat' dir='ltr'>dimisit</span> <span class='ocrx_word' id='word_1_425' title='bbox 2733 2287 2833 2326; x_wconf 89' lang='lat' dir='ltr'>eos</span> <span class='ocrx_word' id='word_1_426' title='bbox 2873 2271 3200 2325; x_wconf 87' lang='lat' dir='ltr'>secundum</span> <span class='ocrx_word' id='word_1_427' title='bbox 3251 2268 3542 2325; x_wconf 85' lang='lat' dir='ltr'>desideria</span> <span class='ocrx_word' id='word_1_428' title='bbox 3576 2270 3772 2325; x_wconf 88' lang='lat' dir='ltr'>cordis</span> 
     </span>
    </p>
   </div>
   <div class='ocr_carea' id='block_1_56' title="bbox 2115 2357 3769 2431">
    <p class='ocr_par' dir='ltr' id='par_1_56' title="bbox 2115 2357 3769 2431">
     <span class='ocr_line' id='line_1_56' title="bbox 2115 2357 3769 2431; baseline -0.002 -15"><span class='ocrx_word' id='word_1_429' title='bbox 2115 2383 2143 2410; x_wconf 83' lang='lat'><strong><em>«</em></strong></span> <span class='ocrx_word' id='word_1_430' title='bbox 2175 2377 2400 2425; x_wconf 90' lang='lat' dir='ltr'>eorum,</span> <span class='ocrx_word' id='word_1_431' title='bbox 2434 2359 2605 2415; x_wconf 90' lang='lat' dir='ltr'>ibunt</span> <span class='ocrx_word' id='word_1_432' title='bbox 2634 2359 2693 2413; x_wconf 90' lang='lat' dir='ltr'>in</span> <span class='ocrx_word' id='word_1_433' title='bbox 2726 2358 3237 2414; x_wconf 87' lang='lat' dir='ltr'>adinventionibus</span> <span class='ocrx_word' id='word_1_434' title='bbox 3259 2358 3406 2414; x_wconf 91' lang='lat' dir='ltr'>suis.</span> <span class='ocrx_word' id='word_1_435' title='bbox 3429 2357 3489 2414; x_wconf 92' lang='lat' dir='ltr'>Si</span> <span class='ocrx_word' id='word_1_436' title='bbox 3511 2357 3769 2431; x_wconf 88' lang='lat' dir='ltr'>p0pulus</span> 
     </span>
    </p>
   </div>
   <div class='ocr_carea' id='block_1_57' title="bbox 2114 2445 3761 2513">
    <p class='ocr_par' dir='ltr' id='par_1_57' title="bbox 2114 2445 3761 2513">
     <span class='ocr_line' id='line_1_57' title="bbox 2114 2445 3761 2513; baseline -0.002 -9"><span class='ocrx_word' id='word_1_437' title='bbox 2114 2470 2139 2497; x_wconf 78' lang='grc' dir='ltr'>ιι</span> <span class='ocrx_word' id='word_1_438' title='bbox 2175 2465 2342 2504; x_wconf 90' lang='lat' dir='ltr'>meus</span> <span class='ocrx_word' id='word_1_439' title='bbox 2365 2449 2626 2504; x_wconf 87' lang='lat' dir='ltr'>audisset</span> <span class='ocrx_word' id='word_1_440' title='bbox 2646 2463 2760 2513; x_wconf 90' lang='lat' dir='ltr'>me,</span> <span class='ocrx_word' id='word_1_441' title='bbox 2786 2445 2962 2502; x_wconf 87' lang='lat' dir='ltr'>Israel</span> <span class='ocrx_word' id='word_1_442' title='bbox 2985 2447 3030 2502; x_wconf 93' lang='lat' dir='ltr'>si</span> <span class='ocrx_word' id='word_1_443' title='bbox 3055 2447 3114 2500; x_wconf 92' lang='lat' dir='ltr'>in</span> <span class='ocrx_word' id='word_1_444' title='bbox 3137 2446 3246 2501; x_wconf 88' lang='lat' dir='ltr'>viis</span> <span class='ocrx_word' id='word_1_445' title='bbox 3287 2446 3434 2501; x_wconf 88' lang='lat' dir='ltr'>meis</span> <span class='ocrx_word' id='word_1_446' title='bbox 3459 2447 3761 2502; x_wconf 85' lang='lat' dir='ltr'>ambulas-</span> 
     </span>
    </p>
   </div>
   <div class='ocr_carea' id='block_1_58' title="bbox 2119 2534 3757 2609">
    <p class='ocr_par' dir='ltr' id='par_1_58' title="bbox 2119 2534 3757 2609">
     <span class='ocr_line' id='line_1_58' title="bbox 2119 2534 3757 2609; baseline -0.003 -16"><span class='ocrx_word' id='word_1_447' title='bbox 2119 2559 2138 2585; x_wconf 75' lang='grc' dir='ltr'>α</span> <span class='ocrx_word' id='word_1_448' title='bbox 2175 2542 2410 2609; x_wconf 91' lang='lat' dir='ltr'>set:pro</span> <span class='ocrx_word' id='word_1_449' title='bbox 2436 2536 2620 2592; x_wconf 89' lang='lat' dir='ltr'>nihilo</span> <span class='ocrx_word' id='word_1_450' title='bbox 2653 2535 2893 2591; x_wconf 85' lang='lat' dir='ltr'>forsitan</span> <span class='ocrx_word' id='word_1_451' title='bbox 2925 2534 3196 2590; x_wconf 89' lang='lat' dir='ltr'>inimicos</span> <span class='ocrx_word' id='word_1_452' title='bbox 3225 2551 3429 2590; x_wconf 91' lang='lat' dir='ltr'>eorum</span> <span class='ocrx_word' id='word_1_453' title='bbox 3446 2534 3757 2590; x_wconf 75' lang='lat' dir='ltr'>humilius-</span> 
     </span>
    </p>
   </div>
   <div class='ocr_carea' id='block_1_59' title="bbox 2119 2623 3760 2697">
    <p class='ocr_par' dir='ltr' id='par_1_59' title="bbox 2119 2623 3760 2697">
     <span class='ocr_line' id='line_1_59' title="bbox 2119 2623 3760 2697; baseline -0.002 -15"><span class='ocrx_word' id='word_1_454' title='bbox 2119 2646 2140 2674; x_wconf 77' lang='grc' dir='ltr'><strong><em>α</em></strong></span> <span class='ocrx_word' id='word_1_455' title='bbox 2174 2642 2322 2691; x_wconf 87' lang='lat' dir='ltr'>sem,</span> <span class='ocrx_word' id='word_1_456' title='bbox 2355 2632 2412 2681; x_wconf 88' lang='lat' dir='ltr'>et</span> <span class='ocrx_word' id='word_1_457' title='bbox 2441 2642 2620 2697; x_wconf 89' lang='lat' dir='ltr'>super</span> <span class='ocrx_word' id='word_1_458' title='bbox 2647 2623 2998 2680; x_wconf 87' lang='lat' dir='ltr'>tribulantes</span> <span class='ocrx_word' id='word_1_459' title='bbox 3041 2640 3142 2679; x_wconf 91' lang='lat' dir='ltr'>eos</span> <span class='ocrx_word' id='word_1_460' title='bbox 3190 2623 3483 2680; x_wconf 85' lang='lat' dir='ltr'>misissem</span> <span class='ocrx_word' id='word_1_461' title='bbox 3517 2641 3760 2680; x_wconf 84' lang='lat' dir='ltr'>manum</span> 
     </span>
    </p>
   </div>
   <div class='ocr_carea' id='block_1_60' title="bbox 2117 2711 3762 2784">
    <p class='ocr_par' dir='ltr' id='par_1_60' title="bbox 2117 2711 3762 2784">
     <span class='ocr_line' id='line_1_60' title="bbox 2117 2711 3762 2784; baseline -0.002 -14"><span class='ocrx_word' id='word_1_462' title='bbox 2117 2735 2145 2764; x_wconf 85' lang='lat'><strong>«</strong></span> <span class='ocrx_word' id='word_1_463' title='bbox 2174 2731 2387 2770; x_wconf 89' lang='lat' dir='ltr'>meam.</span> <span class='ocrx_word' id='word_1_464' title='bbox 2423 2713 2651 2769; x_wconf 91' lang='lat' dir='ltr'>Inimici</span> <span class='ocrx_word' id='word_1_465' title='bbox 2702 2712 2936 2769; x_wconf 90' lang='lat' dir='ltr'>Domini</span> <span class='ocrx_word' id='word_1_466' title='bbox 2998 2711 3226 2768; x_wconf 88' lang='lat' dir='ltr'>mentiti</span> <span class='ocrx_word' id='word_1_467' title='bbox 3267 2718 3407 2768; x_wconf 91' lang='lat' dir='ltr'>sunt</span> <span class='ocrx_word' id='word_1_468' title='bbox 3466 2712 3539 2784; x_wconf 78' lang='lat' dir='ltr'>ei,</span> <span class='ocrx_word' id='word_1_469' title='bbox 3575 2718 3632 2768; x_wconf 88' lang='lat' dir='ltr'>et</span> <span class='ocrx_word' id='word_1_470' title='bbox 3659 2712 3762 2768; x_wconf 86' lang='lat' dir='ltr'>erit</span> 
     </span>
    </p>
   </div>
   <div class='ocr_carea' id='block_1_61' title="bbox 2112 2800 3760 2874">
    <p class='ocr_par' dir='ltr' id='par_1_61' title="bbox 2112 2800 3760 2874">
     <span class='ocr_line' id='line_1_61' title="bbox 2112 2800 3760 2874; baseline 0.003 -23"><span class='ocrx_word' id='word_1_471' title='bbox 2112 2825 2139 2851; x_wconf 90' lang='grc'>‹‹</span> <span class='ocrx_word' id='word_1_472' title='bbox 2174 2807 2407 2874; x_wconf 88' lang='lat' dir='ltr'>tempus</span> <span class='ocrx_word' id='word_1_473' title='bbox 2438 2817 2640 2856; x_wconf 88' lang='lat' dir='ltr'>eorum</span> <span class='ocrx_word' id='word_1_474' title='bbox 2670 2801 2731 2856; x_wconf 91' lang='lat' dir='ltr'>in</span> <span class='ocrx_word' id='word_1_475' title='bbox 2760 2800 2993 2857; x_wconf 60' lang='lat' dir='ltr'>saecula.</span> <span class='ocrx_word' id='word_1_476' title='bbox 3028 2802 3098 2858; x_wconf 87' lang='lat' dir='ltr'>Et</span> <span class='ocrx_word' id='word_1_477' title='bbox 3117 2801 3334 2856; x_wconf 89' lang='lat' dir='ltr'>cibavit</span> <span class='ocrx_word' id='word_1_478' title='bbox 3353 2800 3483 2857; x_wconf 90' lang='lat' dir='ltr'>illos</span> <span class='ocrx_word' id='word_1_479' title='bbox 3501 2817 3572 2857; x_wconf 88' lang='lat' dir='ltr'>ex</span> <span class='ocrx_word' id='word_1_480' title='bbox 3593 2801 3760 2874; x_wconf 85' lang='lat' dir='ltr'>adipe</span> 
     </span>
    </p>
   </div>
   <div class='ocr_carea' id='block_1_62' title="bbox 2115 2889 3600 2962">
    <p class='ocr_par' dir='ltr' id='par_1_62' title="bbox 2115 2889 3600 2962">
     <span class='ocr_line' id='line_1_62' title="bbox 2115 2889 3600 2962; baseline 0 -18"><span class='ocrx_word' id='word_1_481' title='bbox 2115 2911 2142 2940; x_wconf 85' lang='lat'><strong>«</strong></span> <span class='ocrx_word' id='word_1_482' title='bbox 2173 2889 2473 2954; x_wconf 90' lang='lat' dir='ltr'>frumenti,</span> <span class='ocrx_word' id='word_1_483' title='bbox 2516 2893 2574 2945; x_wconf 90' lang='lat' dir='ltr'>et</span> <span class='ocrx_word' id='word_1_484' title='bbox 2603 2889 2674 2944; x_wconf 90' lang='lat' dir='ltr'>de</span> <span class='ocrx_word' id='word_1_485' title='bbox 2707 2894 2874 2962; x_wconf 85' lang='lat' dir='ltr'>petra</span> <span class='ocrx_word' id='word_1_486' title='bbox 2903 2890 3080 2948; x_wconf 77' lang='lat' dir='ltr'>melle.</span> <span class='ocrx_word' id='word_1_487' title='bbox 3102 2889 3386 2958; x_wconf 84' lang='lat' dir='ltr'>saturavit</span> <span class='ocrx_word' id='word_1_488' title='bbox 3414 2906 3534 2946; x_wconf 92' lang='lat' dir='ltr'>eos.</span> <span class='ocrx_word' id='word_1_489' title='bbox 3573 2913 3600 2938; x_wconf 86' lang='grc'>››</span> 
     </span>
    </p>
   </div>
   <div class='ocr_carea' id='block_1_63' title="bbox 2738 2995 3136 3055">
    <p class='ocr_par' dir='ltr' id='par_1_63' title="bbox 2738 2995 3136 3055">
     <span class='ocr_line' id='line_1_63' title="bbox 2738 2995 3136 3055; baseline -0.003 -5"><span class='ocrx_word' id='word_1_490' title='bbox 2738 2995 3136 3055; x_wconf 77' lang='lat' dir='ltr'>ENARRATIO.</span> 
     </span>
    </p>
   </div>
   <div class='ocr_carea' id='block_1_64' title="bbox 2184 3082 3750 3157">
    <p class='ocr_par' dir='ltr' id='par_1_64' title="bbox 2184 3082 3750 3157">
     <span class='ocr_line' id='line_1_64' title="bbox 2184 3082 3750 3157; baseline -0.003 -17"><span class='ocrx_word' id='word_1_491' title='bbox 2184 3084 2484 3141; x_wconf 91' lang='lat' dir='ltr'>Psalmum</span> <span class='ocrx_word' id='word_1_492' title='bbox 2511 3085 2690 3140; x_wconf 90' lang='lat' dir='ltr'>istum</span> <span class='ocrx_word' id='word_1_493' title='bbox 2710 3088 2907 3140; x_wconf 88' lang='lat' dir='ltr'>cantat</span> <span class='ocrx_word' id='word_1_494' title='bbox 2923 3085 3102 3157; x_wconf 83' lang='lat' dir='ltr'>Asaph</span> <span class='ocrx_word' id='word_1_495' title='bbox 3125 3082 3248 3140; x_wconf 89' lang='lat' dir='ltr'>aliis</span> <span class='ocrx_word' id='word_1_496' title='bbox 3263 3082 3356 3154; x_wconf 89' lang='lat' dir='ltr'>qui</span> <span class='ocrx_word' id='word_1_497' title='bbox 3379 3086 3519 3136; x_wconf 87' lang='lat' dir='ltr'>sunt</span> <span class='ocrx_word' id='word_1_498' title='bbox 3542 3083 3750 3154; x_wconf 80' lang='lat' dir='ltr'>Asaph,</span> 
     </span>
    </p>
   </div>
   <div class='ocr_carea' id='block_1_65' title="bbox 2109 3169 3748 3248">
    <p class='ocr_par' dir='ltr' id='par_1_65' title="bbox 2109 3169 3748 3248">
     <span class='ocr_line' id='line_1_65' title="bbox 2109 3169 3748 3248; baseline -0.004 -18"><span class='ocrx_word' id='word_1_499' title='bbox 2109 3178 2167 3230; x_wconf 90' lang='lat' dir='ltr'>et</span> <span class='ocrx_word' id='word_1_500' title='bbox 2187 3174 2307 3248; x_wconf 84' lang='lat' dir='ltr'>agit</span> <span class='ocrx_word' id='word_1_501' title='bbox 2327 3174 2398 3229; x_wconf 89' lang='lat' dir='ltr'>de</span> <span class='ocrx_word' id='word_1_502' title='bbox 2423 3173 2599 3230; x_wconf 89' lang='lat' dir='ltr'>rebus</span> <span class='ocrx_word' id='word_1_503' title='bbox 2622 3172 2967 3247; x_wconf 82' lang='lat' dir='ltr'>significatis</span> <span class='ocrx_word' id='word_1_504' title='bbox 2989 3189 3092 3246; x_wconf 91' lang='lat' dir='ltr'>per</span> <span class='ocrx_word' id='word_1_505' title='bbox 3113 3188 3204 3229; x_wconf 91' lang='lat' dir='ltr'>res</span> <span class='ocrx_word' id='word_1_506' title='bbox 3229 3172 3396 3228; x_wconf 83' lang='lat' dir='ltr'>factas</span> <span class='ocrx_word' id='word_1_507' title='bbox 3407 3172 3595 3242; x_wconf 86' lang='lat' dir='ltr'>quinta</span> <span class='ocrx_word' id='word_1_508' title='bbox 3616 3169 3748 3226; x_wconf 87' lang='lat' dir='ltr'>sab-</span> 
     </span>
    </p>
   </div>
   <div class='ocr_carea' id='block_1_66' title="bbox 359 3243 3748 3336">
    <p class='ocr_par' dir='ltr' id='par_1_66' title="bbox 359 3243 3748 3336">
     <span class='ocr_line' id='line_1_66' title="bbox 359 3243 3748 3336; baseline -0.004 -16"><span class='ocrx_word' id='word_1_509' title='bbox 359 3263 582 3320; x_wconf 87' lang='lat' dir='ltr'>malum</span> <span class='ocrx_word' id='word_1_510' title='bbox 613 3243 876 3336; x_wconf 78' lang='lat' dir='ltr'>procedit</span> <span class='ocrx_word' id='word_1_511' title='bbox 903 3279 970 3318; x_wconf 90' lang='lat' dir='ltr'>ex</span> <span class='ocrx_word' id='word_1_512' title='bbox 1002 3261 1156 3317; x_wconf 90' lang='lat' dir='ltr'>malo</span> <span class='ocrx_word' id='word_1_513' title='bbox 1204 3262 1413 3318; x_wconf 90' lang='lat' dir='ltr'>timore</span> <span class='ocrx_word' id='word_1_514' title='bbox 1459 3266 1515 3316; x_wconf 89' lang='lat' dir='ltr'>et</span> <span class='ocrx_word' id='word_1_515' title='bbox 1561 3276 1778 3316; x_wconf 88' lang='lat' dir='ltr'>amore.</span> <span class='ocrx_word' id='word_1_516' title='bbox 1809 3258 2008 3315; x_wconf 89' lang='lat' dir='ltr'>Solent</span> <span class='ocrx_word' id='word_1_517' title='bbox 2037 3243 2079 3308; x_wconf 89' lang='lat' dir='ltr'>C</span> <span class='ocrx_word' id='word_1_518' title='bbox 2118 3243 2262 3320; x_wconf 51' lang='lat' dir='ltr'>bati&#39;,</span> <span class='ocrx_word' id='word_1_519' title='bbox 2286 3263 2434 3318; x_wconf 67' lang='lat' dir='ltr'>Nam</span> <span class='ocrx_word' id='word_1_520' title='bbox 2456 3243 2858 3335; x_wconf 50' lang='lat' dir='ltr'>legitup&#39;quod</span> <span class='ocrx_word' id='word_1_521' title='bbox 2906 3262 2967 3318; x_wconf 77' lang='lat' dir='ltr'>in</span> <span class='ocrx_word' id='word_1_522' title='bbox 2990 3243 3211 3335; x_wconf 64' lang='grc' dir='ltr'>’ρυίηια</span> <span class='ocrx_word' id='word_1_523' title='bbox 3239 3261 3441 3317; x_wconf 62' lang='lat' dir='ltr'>sabbati</span> <span class='ocrx_word' id='word_1_524' title='bbox 3467 3259 3748 3315; x_wconf 71' lang='lat' dir='ltr'>Dominus</span> 
     </span>
    </p>
   </div>
   <div class='ocr_carea' id='block_1_67' title="bbox 360 3347 2008 3425">
    <p class='ocr_par' dir='ltr' id='par_1_67' title="bbox 360 3347 2008 3425">
     <span class='ocr_line' id='line_1_67' title="bbox 360 3347 2008 3425; baseline -0.004 -17"><span class='ocrx_word' id='word_1_525' title='bbox 360 3353 518 3408; x_wconf 87' lang='lat' dir='ltr'>enim</span> <span class='ocrx_word' id='word_1_526' title='bbox 569 3351 806 3425; x_wconf 88' lang='lat' dir='ltr'>aggredi</span> <span class='ocrx_word' id='word_1_527' title='bbox 863 3352 1239 3407; x_wconf 88' lang='lat' dir='ltr'>devocatores</span> <span class='ocrx_word' id='word_1_528' title='bbox 1295 3367 1444 3423; x_wconf 90' lang='lat' dir='ltr'>quos</span> <span class='ocrx_word' id='word_1_529' title='bbox 1499 3351 1777 3406; x_wconf 89' lang='lat' dir='ltr'>devocare</span> <span class='ocrx_word' id='word_1_530' title='bbox 1804 3347 2008 3404; x_wconf 90' lang='lat' dir='ltr'>volunt</span> 
     </span>
    </p>
   </div>
   <div class='ocr_carea' id='block_1_68' title="bbox 359 3434 2068 3516">
    <p class='ocr_par' dir='ltr' id='par_1_68' title="bbox 359 3434 2068 3516">
     <span class='ocr_line' id='line_1_68' title="bbox 359 3434 2068 3516; baseline -0.003 -19"><span class='ocrx_word' id='word_1_531' title='bbox 359 3441 683 3508; x_wconf 87' lang='lat' dir='ltr'>blanditiis,</span> <span class='ocrx_word' id='word_1_532' title='bbox 735 3438 1254 3512; x_wconf 86' lang='lat' dir='ltr'>promissionibus,</span> <span class='ocrx_word' id='word_1_533' title='bbox 1302 3443 1360 3494; x_wconf 91' lang='lat' dir='ltr'>et</span> <span class='ocrx_word' id='word_1_534' title='bbox 1409 3438 1580 3494; x_wconf 92' lang='lat' dir='ltr'>multi</span> <span class='ocrx_word' id='word_1_535' title='bbox 1625 3453 1822 3493; x_wconf 88' lang='lat' dir='ltr'>amore</span> <span class='ocrx_word' id='word_1_536' title='bbox 1854 3434 2007 3493; x_wconf 91' lang='lat' dir='ltr'>malo</span> <span class='ocrx_word' id='word_1_537' title='bbox 2056 3505 2068 3516; x_wconf 31' lang='lat'>‘</span> 
     </span>
    </p>
   </div>
   <div class='ocr_carea' id='block_1_69' title="bbox 361 3525 2009 3599">
    <p class='ocr_par' dir='ltr' id='par_1_69' title="bbox 361 3525 2009 3599">
     <span class='ocr_line' id='line_1_69' title="bbox 361 3525 2009 3599; baseline -0.002 -15"><span class='ocrx_word' id='word_1_538' title='bbox 361 3527 625 3585; x_wconf 82' lang='lat' dir='ltr'>excaecati</span> <span class='ocrx_word' id='word_1_539' title='bbox 647 3531 1128 3599; x_wconf 86' lang='lat' dir='ltr'>corrumpuntur,</span> <span class='ocrx_word' id='word_1_540' title='bbox 1151 3527 1251 3582; x_wconf 91' lang='lat' dir='ltr'>sed</span> <span class='ocrx_word' id='word_1_541' title='bbox 1277 3525 1414 3582; x_wconf 84' lang='lat' dir='ltr'>felix</span> <span class='ocrx_word' id='word_1_542' title='bbox 1434 3527 1631 3583; x_wconf 86' lang='lat' dir='ltr'>anima</span> <span class='ocrx_word' id='word_1_543' title='bbox 1652 3543 1780 3598; x_wconf 69' lang='lat' dir='ltr'>quae</span> <span class='ocrx_word' id='word_1_544' title='bbox 1803 3531 2009 3581; x_wconf 88' lang='lat' dir='ltr'>contra</span> 
     </span>
    </p>
   </div>
   <div class='ocr_carea' id='block_1_70' title="bbox 361 3614 2006 3689">
    <p class='ocr_par' dir='ltr' id='par_1_70' title="bbox 361 3614 2006 3689">
     <span class='ocr_line' id='line_1_70' title="bbox 361 3614 2006 3689; baseline -0.002 -16"><span class='ocrx_word' id='word_1_545' title='bbox 361 3615 932 3689; x_wconf 87' lang='lat' dir='ltr'>promissionesillas</span> <span class='ocrx_word' id='word_1_546' title='bbox 954 3615 1225 3689; x_wconf 90' lang='lat' dir='ltr'>proponit</span> <span class='ocrx_word' id='word_1_547' title='bbox 1255 3615 1364 3672; x_wconf 84' lang='lat' dir='ltr'>sibi</span> <span class='ocrx_word' id='word_1_548' title='bbox 1393 3616 1746 3672; x_wconf 90' lang='lat' dir='ltr'>medicinam</span> <span class='ocrx_word' id='word_1_549' title='bbox 1776 3614 2006 3671; x_wconf 89' lang='lat' dir='ltr'>salutis.</span> 
     </span>
    </p>
   </div>
   <div class='ocr_carea' id='block_1_71' title="bbox 433 3704 2009 3775">
    <p class='ocr_par' dir='ltr' id='par_1_71' title="bbox 433 3704 2009 3775">
     <span class='ocr_line' id='line_1_71' title="bbox 433 3704 2009 3775; baseline -0.003 -14"><span class='ocrx_word' id='word_1_550' title='bbox 433 3705 576 3775; x_wconf 85' lang='lat' dir='ltr'>Quid</span> <span class='ocrx_word' id='word_1_551' title='bbox 601 3707 755 3761; x_wconf 87' lang='lat' dir='ltr'>enim</span> <span class='ocrx_word' id='word_1_552' title='bbox 792 3705 1019 3774; x_wconf 84' lang='lat' dir='ltr'>prodest</span> <span class='ocrx_word' id='word_1_553' title='bbox 1057 3705 1271 3760; x_wconf 81' lang='lat' dir='ltr'>homini</span> <span class='ocrx_word' id='word_1_554' title='bbox 1311 3706 1362 3759; x_wconf 88' lang='lat' dir='ltr'>si</span> <span class='ocrx_word' id='word_1_555' title='bbox 1388 3706 1713 3760; x_wconf 87' lang='lat' dir='ltr'>universum</span> <span class='ocrx_word' id='word_1_556' title='bbox 1743 3704 2009 3759; x_wconf 88' lang='lat' dir='ltr'>mundum</span> 
     </span>
    </p>
   </div>
   <div class='ocr_carea' id='block_1_72' title="bbox 362 3792 2009 3862">
    <p class='ocr_par' dir='ltr' id='par_1_72' title="bbox 362 3792 2009 3862">
     <span class='ocr_line' id='line_1_72' title="bbox 362 3792 2009 3862; baseline -0.002 -12"><span class='ocrx_word' id='word_1_557' title='bbox 362 3796 625 3862; x_wconf 84' lang='lat' dir='ltr'>lucretur,</span> <span class='ocrx_word' id='word_1_558' title='bbox 682 3795 891 3851; x_wconf 71' lang='lat' dir='ltr'>animae</span> <span class='ocrx_word' id='word_1_559' title='bbox 943 3809 1069 3848; x_wconf 87' lang='lat' dir='ltr'>vero</span> <span class='ocrx_word' id='word_1_560' title='bbox 1123 3809 1240 3850; x_wconf 70' lang='lat' dir='ltr'>suae</span> <span class='ocrx_word' id='word_1_561' title='bbox 1297 3792 1687 3848; x_wconf 84' lang='lat' dir='ltr'>detrimentum</span> <span class='ocrx_word' id='word_1_562' title='bbox 1718 3793 2009 3862; x_wconf 85' lang='lat' dir='ltr'>patiatur?</span> 
     </span>
    </p>
   </div>
   <div class='ocr_carea' id='block_1_73' title="bbox 359 3879 2008 3953">
    <p class='ocr_par' dir='ltr' id='par_1_73' title="bbox 359 3879 2008 3953">
     <span class='ocr_line' id='line_1_73' title="bbox 359 3879 2008 3953; baseline -0.004 -13"><span class='ocrx_word' id='word_1_563' title='bbox 359 3883 573 3953; x_wconf 74' lang='lat' dir='ltr'>(Matth.</span> <span class='ocrx_word' id='word_1_564' title='bbox 605 3882 747 3953; x_wconf 75' lang='lat' dir='ltr'>xw.)</span> <span class='ocrx_word' id='word_1_565' title='bbox 779 3880 938 3938; x_wconf 87' lang='lat' dir='ltr'>Felix</span> <span class='ocrx_word' id='word_1_566' title='bbox 992 3885 1086 3937; x_wconf 89' lang='lat' dir='ltr'>est</span> <span class='ocrx_word' id='word_1_567' title='bbox 1141 3879 1316 3936; x_wconf 89' lang='lat' dir='ltr'>etiam</span> <span class='ocrx_word' id='word_1_568' title='bbox 1375 3881 1475 3936; x_wconf 92' lang='lat' dir='ltr'>illa</span> <span class='ocrx_word' id='word_1_569' title='bbox 1520 3880 1720 3935; x_wconf 89' lang='lat' dir='ltr'>anima</span> <span class='ocrx_word' id='word_1_570' title='bbox 1748 3896 1874 3952; x_wconf 68' lang='lat' dir='ltr'>quas</span> <span class='ocrx_word' id='word_1_571' title='bbox 1902 3896 2008 3936; x_wconf 89' lang='lat' dir='ltr'>nec</span> 
     </span>
    </p>
   </div>
   <div class='ocr_carea' id='block_1_74' title="bbox 361 3968 2006 4043">
    <p class='ocr_par' dir='ltr' id='par_1_74' title="bbox 361 3968 2006 4043">
     <span class='ocr_line' id='line_1_74' title="bbox 361 3968 2006 4043; baseline -0.002 -17"><span class='ocrx_word' id='word_1_572' title='bbox 361 3971 541 4026; x_wconf 84' lang='lat' dir='ltr'>minis</span> <span class='ocrx_word' id='word_1_573' title='bbox 571 3969 987 4041; x_wconf 87' lang='lat' dir='ltr'>corrumpitur,</span> <span class='ocrx_word' id='word_1_574' title='bbox 1020 3970 1398 4043; x_wconf 89' lang='lat' dir='ltr'>proponendo</span> <span class='ocrx_word' id='word_1_575' title='bbox 1452 3968 1563 4026; x_wconf 89' lang='lat' dir='ltr'>sibi</span> <span class='ocrx_word' id='word_1_576' title='bbox 1605 3969 1714 4025; x_wconf 88' lang='lat' dir='ltr'>hoc</span> <span class='ocrx_word' id='word_1_577' title='bbox 1743 3969 2006 4025; x_wconf 89' lang='lat' dir='ltr'>divinum</span> 
     </span>
    </p>
   </div>
   <div class='ocr_carea' id='block_1_75' title="bbox 363 4059 2004 4132">
    <p class='ocr_par' dir='ltr' id='par_1_75' title="bbox 363 4059 2004 4132">
     <span class='ocr_line' id='line_1_75' title="bbox 363 4059 2004 4132; baseline 0.001 -19"><span class='ocrx_word' id='word_1_578' title='bbox 363 4061 755 4130; x_wconf 67' lang='lat' dir='ltr'>preceptum:</span> <span class='ocrx_word' id='word_1_579' title='bbox 791 4059 970 4114; x_wconf 80' lang='lat' dir='ltr'>Nolite</span> <span class='ocrx_word' id='word_1_580' title='bbox 999 4061 1187 4116; x_wconf 82' lang='lat' dir='ltr'>timere</span> <span class='ocrx_word' id='word_1_581' title='bbox 1213 4075 1302 4116; x_wconf 88' lang='lat' dir='ltr'>eos</span> <span class='ocrx_word' id='word_1_582' title='bbox 1350 4061 1450 4132; x_wconf 89' lang='lat' dir='ltr'>qui</span> <span class='ocrx_word' id='word_1_583' title='bbox 1493 4059 1742 4115; x_wconf 80' lang='lat' dir='ltr'>occulunt</span> <span class='ocrx_word' id='word_1_584' title='bbox 1791 4074 2004 4131; x_wconf 89' lang='lat' dir='ltr'>corpus,</span> 
     </span>
    </p>
   </div>
   <div class='ocr_carea' id='block_1_76' title="bbox 358 4146 2006 4218">
    <p class='ocr_par' dir='ltr' id='par_1_76' title="bbox 358 4146 2006 4218">
     <span class='ocr_line' id='line_1_76' title="bbox 358 4146 2006 4218; baseline 0 -17"><span class='ocrx_word' id='word_1_585' title='bbox 358 4146 612 4201; x_wconf 84' lang='lat' dir='ltr'>animam</span> <span class='ocrx_word' id='word_1_586' title='bbox 639 4152 822 4200; x_wconf 88' lang='lat' dir='ltr'>autem</span> <span class='ocrx_word' id='word_1_587' title='bbox 849 4161 961 4201; x_wconf 88' lang='lat' dir='ltr'>non</span> <span class='ocrx_word' id='word_1_588' title='bbox 986 4158 1218 4217; x_wconf 87' lang='lat' dir='ltr'>possunt</span> <span class='ocrx_word' id='word_1_589' title='bbox 1268 4147 1516 4203; x_wconf 88' lang='lat' dir='ltr'>occidere</span> <span class='ocrx_word' id='word_1_590' title='bbox 1553 4149 1776 4218; x_wconf 78' lang='lat' dir='ltr'>(Matth.</span> <span class='ocrx_word' id='word_1_591' title='bbox 1808 4147 1887 4218; x_wconf 86' lang='lat' dir='ltr'>x),</span> <span class='ocrx_word' id='word_1_592' title='bbox 1922 4151 2006 4202; x_wconf 88' lang='lat' dir='ltr'>at-</span> 
     </span>
    </p>
   </div>
   <div class='ocr_carea' id='block_1_77' title="bbox 360 4233 2007 4307">
    <p class='ocr_par' dir='ltr' id='par_1_77' title="bbox 360 4233 2007 4307">
     <span class='ocr_line' id='line_1_77' title="bbox 360 4233 2007 4307; baseline 0 -16"><span class='ocrx_word' id='word_1_593' title='bbox 360 4234 610 4292; x_wconf 88' lang='lat' dir='ltr'>tendens</span> <span class='ocrx_word' id='word_1_594' title='bbox 630 4233 808 4290; x_wconf 91' lang='lat' dir='ltr'>etiam</span> <span class='ocrx_word' id='word_1_595' title='bbox 830 4233 1159 4307; x_wconf 86' lang='lat' dir='ltr'>diligenter,</span> <span class='ocrx_word' id='word_1_596' title='bbox 1180 4236 1319 4307; x_wconf 90' lang='lat' dir='ltr'>quia</span> <span class='ocrx_word' id='word_1_597' title='bbox 1341 4237 1600 4291; x_wconf 89' lang='lat' dir='ltr'>mundus</span> <span class='ocrx_word' id='word_1_598' title='bbox 1619 4235 1762 4291; x_wconf 88' lang='lat' dir='ltr'>nulli</span> <span class='ocrx_word' id='word_1_599' title='bbox 1787 4237 1868 4307; x_wconf 91' lang='lat' dir='ltr'>inj</span> <span class='ocrx_word' id='word_1_600' title='bbox 1879 4239 2007 4292; x_wconf 90' lang='lat' dir='ltr'>usto</span> 
     </span>
    </p>
   </div>
   <div class='ocr_carea' id='block_1_78' title="bbox 363 4322 2007 4397">
    <p class='ocr_par' dir='ltr' id='par_1_78' title="bbox 363 4322 2007 4397">
     <span class='ocr_line' id='line_1_78' title="bbox 363 4322 2007 4397; baseline 0.001 -19"><span class='ocrx_word' id='word_1_601' title='bbox 363 4323 496 4397; x_wconf 84' lang='lat' dir='ltr'>plus</span> <span class='ocrx_word' id='word_1_602' title='bbox 526 4322 819 4396; x_wconf 90' lang='lat' dir='ltr'>promittit</span> <span class='ocrx_word' id='word_1_603' title='bbox 849 4339 1026 4397; x_wconf 91' lang='lat' dir='ltr'>quam</span> <span class='ocrx_word' id='word_1_604' title='bbox 1059 4323 1212 4379; x_wconf 90' lang='lat' dir='ltr'>Deus</span> <span class='ocrx_word' id='word_1_605' title='bbox 1244 4324 1431 4394; x_wconf 91' lang='lat' dir='ltr'>justo.</span> <span class='ocrx_word' id='word_1_606' title='bbox 1462 4324 1606 4379; x_wconf 89' lang='lat' dir='ltr'>Nam</span> <span class='ocrx_word' id='word_1_607' title='bbox 1639 4325 1780 4397; x_wconf 91' lang='lat' dir='ltr'>quid</span> <span class='ocrx_word' id='word_1_608' title='bbox 1811 4325 2007 4396; x_wconf 87' lang='lat' dir='ltr'>majus</span> 
     </span>
    </p>
   </div>
   <div class='ocr_carea' id='block_1_79' title="bbox 359 4411 2010 4485">
    <p class='ocr_par' dir='ltr' id='par_1_79' title="bbox 359 4411 2010 4485">
     <span class='ocr_line' id='line_1_79' title="bbox 359 4411 2010 4485; baseline -0.002 -16"><span class='ocrx_word' id='word_1_609' title='bbox 359 4413 470 4470; x_wconf 87' lang='lat' dir='ltr'>hac</span> <span class='ocrx_word' id='word_1_610' title='bbox 523 4411 950 4485; x_wconf 85' lang='lat' dir='ltr'>promissione:</span> <span class='ocrx_word' id='word_1_611' title='bbox 1018 4413 1218 4484; x_wconf 86' lang='lat' dir='ltr'>Venite,</span> <span class='ocrx_word' id='word_1_612' title='bbox 1280 4412 1550 4469; x_wconf 83' lang='lat' dir='ltr'>benedicti</span> <span class='ocrx_word' id='word_1_613' title='bbox 1605 4416 1793 4469; x_wconf 86' lang='lat' dir='ltr'>Patris</span> <span class='ocrx_word' id='word_1_614' title='bbox 1848 4415 2010 4468; x_wconf 86' lang='lat' dir='ltr'>mei?</span> 
     </span>
    </p>
   </div>
   <div class='ocr_carea' id='block_1_80' title="bbox 359 4501 2006 4574">
    <p class='ocr_par' dir='ltr' id='par_1_80' title="bbox 359 4501 2006 4574">
     <span class='ocr_line' id='line_1_80' title="bbox 359 4501 2006 4574; baseline -0.002 -16"><span class='ocrx_word' id='word_1_615' title='bbox 359 4503 590 4574; x_wconf 79' lang='lat' dir='ltr'>(Matth.</span> <span class='ocrx_word' id='word_1_616' title='bbox 621 4502 776 4572; x_wconf 81' lang='lat' dir='ltr'>xxv.)</span> <span class='ocrx_word' id='word_1_617' title='bbox 808 4506 923 4557; x_wconf 90' lang='lat' dir='ltr'>Nec</span> <span class='ocrx_word' id='word_1_618' title='bbox 954 4505 1146 4574; x_wconf 89' lang='lat' dir='ltr'>potest</span> <span class='ocrx_word' id='word_1_619' title='bbox 1194 4501 1452 4557; x_wconf 89' lang='lat' dir='ltr'>mundus</span> <span class='ocrx_word' id='word_1_620' title='bbox 1494 4502 1676 4574; x_wconf 88' lang='lat' dir='ltr'>justis</span> <span class='ocrx_word' id='word_1_621' title='bbox 1705 4506 1869 4558; x_wconf 89' lang='lat' dir='ltr'>tanta</span> <span class='ocrx_word' id='word_1_622' title='bbox 1896 4501 2006 4556; x_wconf 85' lang='lat' dir='ltr'>mi-</span> 
     </span>
    </p>
   </div>
   <div class='ocr_carea' id='block_1_81' title="bbox 361 4589 2006 4663">
    <p class='ocr_par' dir='ltr' id='par_1_81' title="bbox 361 4589 2006 4663">
     <span class='ocr_line' id='line_1_81' title="bbox 361 4589 2006 4663; baseline -0.001 -16"><span class='ocrx_word' id='word_1_623' title='bbox 361 4590 489 4647; x_wconf 85' lang='lat' dir='ltr'>nari</span> <span class='ocrx_word' id='word_1_624' title='bbox 510 4594 733 4662; x_wconf 88' lang='lat' dir='ltr'>quanta</span> <span class='ocrx_word' id='word_1_625' title='bbox 755 4589 1016 4646; x_wconf 85' lang='lat' dir='ltr'>minatur</span> <span class='ocrx_word' id='word_1_626' title='bbox 1035 4590 1188 4647; x_wconf 92' lang='lat' dir='ltr'>Deus</span> <span class='ocrx_word' id='word_1_627' title='bbox 1215 4590 1475 4663; x_wconf 86' lang='lat' dir='ltr'>injustis,</span> <span class='ocrx_word' id='word_1_628' title='bbox 1501 4590 1719 4663; x_wconf 88' lang='lat' dir='ltr'>quibus</span> <span class='ocrx_word' id='word_1_629' title='bbox 1740 4591 2006 4646; x_wconf 87' lang='lat' dir='ltr'>dicturus</span> 
     </span>
    </p>
   </div>
   <div class='ocr_carea' id='block_1_82' title="bbox 362 4677 2011 4750">
    <p class='ocr_par' dir='ltr' id='par_1_82' title="bbox 362 4677 2011 4750">
     <span class='ocr_line' id='line_1_82' title="bbox 362 4677 2011 4750; baseline 0 -15"><span class='ocrx_word' id='word_1_630' title='bbox 362 4682 452 4735; x_wconf 90' lang='lat' dir='ltr'>est</span> <span class='ocrx_word' id='word_1_631' title='bbox 478 4679 618 4745; x_wconf 82' lang='lat' dir='ltr'>:-Ite,</span> <span class='ocrx_word' id='word_1_632' title='bbox 648 4677 946 4745; x_wconf 82' lang='lat' dir='ltr'>maledicti,</span> <span class='ocrx_word' id='word_1_633' title='bbox 981 4681 1040 4735; x_wconf 87' lang='lat' dir='ltr'>in</span> <span class='ocrx_word' id='word_1_634' title='bbox 1087 4681 1274 4750; x_wconf 80' lang='lat' dir='ltr'>ignem</span> <span class='ocrx_word' id='word_1_635' title='bbox 1318 4688 1589 4737; x_wconf 67' lang='lat' dir='ltr'>aeternum</span> <span class='ocrx_word' id='word_1_636' title='bbox 1643 4679 1850 4749; x_wconf 85' lang='lat' dir='ltr'>(Ibid.).</span> <span class='ocrx_word' id='word_1_637' title='bbox 1885 4680 2011 4735; x_wconf 81' lang='lat' dir='ltr'>Fiat</span> 
     </span>
    </p>
   </div>
   <div class='ocr_carea' id='block_1_83' title="bbox 361 4768 2012 4837">
    <p class='ocr_par' dir='ltr' id='par_1_83' title="bbox 361 4768 2012 4837">
     <span class='ocr_line' id='line_1_83' title="bbox 361 4768 2012 4837; baseline 0.001 -15"><span class='ocrx_word' id='word_1_638' title='bbox 361 4783 564 4823; x_wconf 82' lang='lat' dir='ltr'>manus</span> <span class='ocrx_word' id='word_1_639' title='bbox 591 4775 684 4823; x_wconf 91' lang='lat' dir='ltr'>tua</span> <span class='ocrx_word' id='word_1_640' title='bbox 711 4783 880 4836; x_wconf 82' lang='lat' dir='ltr'>super</span> <span class='ocrx_word' id='word_1_641' title='bbox 905 4769 1086 4824; x_wconf 88' lang='lat' dir='ltr'>virum</span> <span class='ocrx_word' id='word_1_642' title='bbox 1115 4768 1356 4826; x_wconf 50' lang='lat' dir='ltr'>dextera</span> <span class='ocrx_word' id='word_1_643' title='bbox 1379 4776 1485 4826; x_wconf 70' lang='lat' dir='ltr'>tua:</span> <span class='ocrx_word' id='word_1_644' title='bbox 1531 4773 1583 4824; x_wconf 90' lang='lat' dir='ltr'>et</span> <span class='ocrx_word' id='word_1_645' title='bbox 1608 4783 1777 4837; x_wconf 83' lang='lat' dir='ltr'>super</span> <span class='ocrx_word' id='word_1_646' title='bbox 1803 4769 2012 4825; x_wconf 83' lang='lat' dir='ltr'>Filium</span> 
     </span>
    </p>
   </div>
   <div class='ocr_carea' id='block_1_84' title="bbox 362 4855 2010 4934">
    <p class='ocr_par' dir='ltr' id='par_1_84' title="bbox 362 4855 2010 4934">
     <span class='ocr_line' id='line_1_84' title="bbox 362 4855 2010 4934; baseline -0.002 -20"><span class='ocrx_word' id='word_1_647' title='bbox 362 4857 607 4914; x_wconf 83' lang='lat' dir='ltr'>hominis</span> <span class='ocrx_word' id='word_1_648' title='bbox 636 4871 796 4928; x_wconf 88' lang='lat' dir='ltr'>quem</span> <span class='ocrx_word' id='word_1_649' title='bbox 847 4859 1189 4927; x_wconf 82' lang='lat' dir='ltr'>conﬁrmasti</span> <span class='ocrx_word' id='word_1_650' title='bbox 1242 4859 1364 4914; x_wconf 87' lang='lat' dir='ltr'>tibi.</span> <span class='ocrx_word' id='word_1_651' title='bbox 1415 4857 1590 4923; x_wconf 85' lang='lat' dir='ltr'>Quasi</span> <span class='ocrx_word' id='word_1_652' title='bbox 1619 4856 1929 4934; x_wconf 86' lang='lat' dir='ltr'>dicat:_Da</span> <span class='ocrx_word' id='word_1_653' title='bbox 1959 4855 2010 4912; x_wconf 90' lang='lat' dir='ltr'>ei</span> 
     </span>
    </p>
   </div>
   <div class='ocr_carea' id='block_1_85' title="bbox 360 4945 2015 5019">
    <p class='ocr_par' dir='ltr' id='par_1_85' title="bbox 360 4945 2015 5019">
     <span class='ocr_line' id='line_1_85' title="bbox 360 4945 2015 5019; baseline -0.002 -17"><span class='ocrx_word' id='word_1_654' title='bbox 360 4949 680 5019; x_wconf 83' lang='lat' dir='ltr'>potestates</span> <span class='ocrx_word' id='word_1_655' title='bbox 702 4945 897 5002; x_wconf 88' lang='lat' dir='ltr'>omnis</span> <span class='ocrx_word' id='word_1_656' title='bbox 923 4947 1136 5017; x_wconf 88' lang='lat' dir='ltr'>carnis,</span> <span class='ocrx_word' id='word_1_657' title='bbox 1158 4947 1297 5018; x_wconf 90' lang='lat' dir='ltr'>quia</span> <span class='ocrx_word' id='word_1_658' title='bbox 1317 4945 1499 5002; x_wconf 88' lang='lat' dir='ltr'>Filius</span> <span class='ocrx_word' id='word_1_659' title='bbox 1531 4945 1790 5002; x_wconf 88' lang='lat' dir='ltr'>hominis</span> <span class='ocrx_word' id='word_1_660' title='bbox 1813 4949 1923 5017; x_wconf 91' lang='lat' dir='ltr'>est,</span> <span class='ocrx_word' id='word_1_661' title='bbox 1957 4949 2015 4999; x_wconf 91' lang='lat' dir='ltr'>et</span> 
     </span>
    </p>
   </div>
   <div class='ocr_carea' id='block_1_86' title="bbox 359 5032 2010 5106">
    <p class='ocr_par' dir='ltr' id='par_1_86' title="bbox 359 5032 2010 5106">
     <span class='ocr_line' id='line_1_86' title="bbox 359 5032 2010 5106; baseline -0.001 -15"><span class='ocrx_word' id='word_1_662' title='bbox 359 5034 700 5106; x_wconf 81' lang='lat' dir='ltr'>conﬁrmasti</span> <span class='ocrx_word' id='word_1_663' title='bbox 740 5033 845 5089; x_wconf 91' lang='lat' dir='ltr'>tibi</span> <span class='ocrx_word' id='word_1_664' title='bbox 877 5035 1111 5106; x_wconf 90' lang='lat' dir='ltr'>quando</span> <span class='ocrx_word' id='word_1_665' title='bbox 1140 5051 1247 5088; x_wconf 87' lang='lat' dir='ltr'>vox</span> <span class='ocrx_word' id='word_1_666' title='bbox 1277 5039 1380 5090; x_wconf 88' lang='lat' dir='ltr'>tua</span> <span class='ocrx_word' id='word_1_667' title='bbox 1420 5038 1661 5105; x_wconf 89' lang='lat' dir='ltr'>paterna</span> <span class='ocrx_word' id='word_1_668' title='bbox 1681 5032 1878 5089; x_wconf 88' lang='lat' dir='ltr'>audita</span> <span class='ocrx_word' id='word_1_669' title='bbox 1902 5040 2010 5103; x_wconf 89' lang='lat' dir='ltr'>est,</span> 
     </span>
    </p>
   </div>
   <div class='ocr_carea' id='block_1_87' title="bbox 362 5121 2011 5195">
    <p class='ocr_par' dir='ltr' id='par_1_87' title="bbox 362 5121 2011 5195">
     <span class='ocr_line' id='line_1_87' title="bbox 362 5121 2011 5195; baseline 0 -17"><span class='ocrx_word' id='word_1_670' title='bbox 362 5125 424 5178; x_wconf 88' lang='lat' dir='ltr'>in</span> <span class='ocrx_word' id='word_1_671' title='bbox 443 5139 545 5195; x_wconf 89' lang='lat' dir='ltr'>quo</span> <span class='ocrx_word' id='word_1_672' title='bbox 570 5123 704 5179; x_wconf 89' lang='lat' dir='ltr'>bene</span> <span class='ocrx_word' id='word_1_673' title='bbox 731 5122 1045 5194; x_wconf 85' lang='lat' dir='ltr'>complacui</span> <span class='ocrx_word' id='word_1_674' title='bbox 1066 5122 1278 5191; x_wconf 83' lang='lat' dir='ltr'>(Matth.</span> <span class='ocrx_word' id='word_1_675' title='bbox 1305 5123 1408 5194; x_wconf 79' lang='lat' dir='ltr'>In).</span> <span class='ocrx_word' id='word_1_676' title='bbox 1432 5125 1496 5178; x_wconf 82' lang='lat' dir='ltr'>Et</span> <span class='ocrx_word' id='word_1_677' title='bbox 1509 5138 1618 5178; x_wconf 90' lang='lat' dir='ltr'>non</span> <span class='ocrx_word' id='word_1_678' title='bbox 1641 5121 2011 5179; x_wconf 84' lang='lat' dir='ltr'>discedemus</span> 
     </span>
    </p>
   </div>
   <div class='ocr_carea' id='block_1_88' title="bbox 361 5211 2012 5284">
    <p class='ocr_par' dir='ltr' id='par_1_88' title="bbox 361 5211 2012 5284">
     <span class='ocr_line' id='line_1_88' title="bbox 361 5211 2012 5284; baseline -0.002 -15"><span class='ocrx_word' id='word_1_679' title='bbox 361 5229 399 5269; x_wconf 81' lang='grc' dir='ltr'><em>α</em></span> <span class='ocrx_word' id='word_1_680' title='bbox 423 5215 495 5282; x_wconf 83' lang='lat' dir='ltr'>te,</span> <span class='ocrx_word' id='word_1_681' title='bbox 527 5211 666 5283; x_wconf 90' lang='lat' dir='ltr'>quia</span> <span class='ocrx_word' id='word_1_682' title='bbox 695 5214 760 5266; x_wconf 91' lang='lat' dir='ltr'>tu</span> <span class='ocrx_word' id='word_1_683' title='bbox 792 5212 1094 5283; x_wconf 80' lang='lat' dir='ltr'>viviﬁcabis</span> <span class='ocrx_word' id='word_1_684' title='bbox 1122 5229 1244 5280; x_wconf 88' lang='lat' dir='ltr'>nos,</span> <span class='ocrx_word' id='word_1_685' title='bbox 1278 5211 1386 5267; x_wconf 89' lang='lat' dir='ltr'>hoc</span> <span class='ocrx_word' id='word_1_686' title='bbox 1418 5211 1707 5281; x_wconf 86' lang='lat' dir='ltr'>faciendo,</span> <span class='ocrx_word' id='word_1_687' title='bbox 1747 5216 1808 5267; x_wconf 89' lang='lat' dir='ltr'>ut</span> <span class='ocrx_word' id='word_1_688' title='bbox 1829 5212 2012 5284; x_wconf 85' lang='lat' dir='ltr'>gratis</span> 
     </span>
    </p>
   </div>
   <div class='ocr_carea' id='block_1_89' title="bbox 359 5299 2010 5374">
    <p class='ocr_par' dir='ltr' id='par_1_89' title="bbox 359 5299 2010 5374">
     <span class='ocr_line' id='line_1_89' title="bbox 359 5299 2010 5374; baseline -0.001 -16"><span class='ocrx_word' id='word_1_689' title='bbox 359 5306 417 5358; x_wconf 91' lang='lat' dir='ltr'>te</span> <span class='ocrx_word' id='word_1_690' title='bbox 437 5299 702 5359; x_wconf 86' lang='lat' dir='ltr'>colamus</span> <span class='ocrx_word' id='word_1_691' title='bbox 719 5317 733 5354; x_wconf 85' lang='lat'><strong>:</strong></span> <span class='ocrx_word' id='word_1_692' title='bbox 751 5300 968 5356; x_wconf 89' lang='lat' dir='ltr'>mortui</span> <span class='ocrx_word' id='word_1_693' title='bbox 986 5301 1142 5356; x_wconf 89' lang='lat' dir='ltr'>enim</span> <span class='ocrx_word' id='word_1_694' title='bbox 1161 5317 1416 5366; x_wconf 88' lang='lat' dir='ltr'>eramus,</span> <span class='ocrx_word' id='word_1_695' title='bbox 1441 5301 1677 5373; x_wconf 86' lang='lat' dir='ltr'>quando</span> <span class='ocrx_word' id='word_1_696' title='bbox 1693 5300 2010 5374; x_wconf 89' lang='lat' dir='ltr'>imaginem</span> 
     </span>
    </p>
   </div>
   <div class='ocr_carea' id='block_1_90' title="bbox 364 5387 2014 5463">
    <p class='ocr_par' dir='ltr' id='par_1_90' title="bbox 364 5387 2014 5463">
     <span class='ocr_line' id='line_1_90' title="bbox 364 5387 2014 5463; baseline 0.001 -18"><span class='ocrx_word' id='word_1_697' title='bbox 364 5387 539 5463; x_wconf 86' lang='lat' dir='ltr'>primi</span> <span class='ocrx_word' id='word_1_698' title='bbox 585 5387 844 5444; x_wconf 89' lang='lat' dir='ltr'>hominis</span> <span class='ocrx_word' id='word_1_699' title='bbox 865 5389 1269 5460; x_wconf 84' lang='lat' dir='ltr'>portabamus,</span> <span class='ocrx_word' id='word_1_700' title='bbox 1293 5395 1350 5445; x_wconf 92' lang='lat' dir='ltr'>et</span> <span class='ocrx_word' id='word_1_701' title='bbox 1371 5391 1554 5445; x_wconf 87' lang='lat' dir='ltr'>Deum</span> <span class='ocrx_word' id='word_1_702' title='bbox 1572 5389 1867 5446; x_wconf 87' lang='lat' dir='ltr'>coluimus</span> <span class='ocrx_word' id='word_1_703' title='bbox 1887 5405 2014 5462; x_wconf 85' lang='lat' dir='ltr'>pro-</span> 
     </span>
    </p>
   </div>
   <div class='ocr_carea' id='block_1_91' title="bbox 362 5478 2010 5551">
    <p class='ocr_par' dir='ltr' id='par_1_91' title="bbox 362 5478 2010 5551">
     <span class='ocr_line' id='line_1_91' title="bbox 362 5478 2010 5551; baseline 0.001 -19"><span class='ocrx_word' id='word_1_704' title='bbox 362 5483 491 5551; x_wconf 89' lang='lat' dir='ltr'>pter</span> <span class='ocrx_word' id='word_1_705' title='bbox 518 5481 771 5545; x_wconf 86' lang='lat' dir='ltr'>terrena,</span> <span class='ocrx_word' id='word_1_706' title='bbox 802 5485 852 5531; x_wconf 87' lang='lat' dir='ltr'>et</span> <span class='ocrx_word' id='word_1_707' title='bbox 880 5493 1080 5532; x_wconf 87' lang='lat' dir='ltr'>nomen</span> <span class='ocrx_word' id='word_1_708' title='bbox 1107 5484 1267 5533; x_wconf 88' lang='lat' dir='ltr'>tuum</span> <span class='ocrx_word' id='word_1_709' title='bbox 1299 5478 1690 5534; x_wconf 86' lang='lat' dir='ltr'>invocabimus.</span> <span class='ocrx_word' id='word_1_710' title='bbox 1724 5479 1792 5534; x_wconf 87' lang='lat' dir='ltr'>Et</span> <span class='ocrx_word' id='word_1_711' title='bbox 1820 5483 1887 5534; x_wconf 90' lang='lat' dir='ltr'>ut</span> <span class='ocrx_word' id='word_1_712' title='bbox 1917 5479 2010 5534; x_wconf 89' lang='lat' dir='ltr'>in-</span> 
     </span>
    </p>
   </div>
   <div class='ocr_carea' id='block_1_92' title="bbox 361 5564 2013 5634">
    <p class='ocr_par' dir='ltr' id='par_1_92' title="bbox 361 5564 2013 5634">
     <span class='ocr_line' id='line_1_92' title="bbox 361 5564 2013 5634; baseline 0.002 -13"><span class='ocrx_word' id='word_1_713' title='bbox 361 5579 657 5634; x_wconf 81' lang='lat' dir='ltr'>vocemus,</span> <span class='ocrx_word' id='word_1_714' title='bbox 692 5564 922 5621; x_wconf 81' lang='lat' dir='ltr'>Domine</span> <span class='ocrx_word' id='word_1_715' title='bbox 975 5567 1117 5625; x_wconf 87' lang='lat' dir='ltr'>Deus</span> <span class='ocrx_word' id='word_1_716' title='bbox 1169 5569 1460 5634; x_wconf 80' lang='lat' dir='ltr'>virtutum,</span> <span class='ocrx_word' id='word_1_717' title='bbox 1520 5575 1770 5623; x_wconf 89' lang='lat' dir='ltr'>converte</span> <span class='ocrx_word' id='word_1_718' title='bbox 1813 5584 1928 5634; x_wconf 90' lang='lat' dir='ltr'>nos,</span> <span class='ocrx_word' id='word_1_719' title='bbox 1962 5574 2013 5624; x_wconf 91' lang='lat' dir='ltr'>et</span> 
     </span>
    </p>
   </div>
   <div class='ocr_carea' id='block_1_93' title="bbox 363 5652 1520 5723">
    <p class='ocr_par' dir='ltr' id='par_1_93' title="bbox 363 5652 1520 5723">
     <span class='ocr_line' id='line_1_93' title="bbox 363 5652 1520 5723; baseline 0 -15"><span class='ocrx_word' id='word_1_720' title='bbox 363 5652 581 5713; x_wconf 74' lang='lat' dir='ltr'>ostende</span> <span class='ocrx_word' id='word_1_721' title='bbox 608 5653 806 5723; x_wconf 82' lang='lat' dir='ltr'>faciem</span> <span class='ocrx_word' id='word_1_722' title='bbox 834 5657 1011 5722; x_wconf 82' lang='lat' dir='ltr'>tuam,</span> <span class='ocrx_word' id='word_1_723' title='bbox 1042 5660 1092 5712; x_wconf 91' lang='lat' dir='ltr'>et</span> <span class='ocrx_word' id='word_1_724' title='bbox 1123 5657 1265 5710; x_wconf 84' lang='lat' dir='ltr'>salvi</span> <span class='ocrx_word' id='word_1_725' title='bbox 1292 5656 1520 5710; x_wconf 87' lang='lat' dir='ltr'>erimus.</span> 
     </span>
    </p>
   </div>
   <div class='ocr_carea' id='block_1_94' title="bbox 2117 3349 3755 3424">
    <p class='ocr_par' dir='ltr' id='par_1_94' title="bbox 2117 3349 3755 3424">
     <span class='ocr_line' id='line_1_94' title="bbox 2117 3349 3755 3424; baseline -0.004 -16"><span class='ocrx_word' id='word_1_726' title='bbox 2117 3353 2362 3408; x_wconf 86' lang='lat' dir='ltr'>dixisset</span> <span class='ocrx_word' id='word_1_727' title='bbox 2386 3370 2398 3408; x_wconf 91' lang='lat'><strong>:</strong></span> <span class='ocrx_word' id='word_1_728' title='bbox 2433 3353 2743 3408; x_wconf 89' lang='lat' dir='ltr'>Producant</span> <span class='ocrx_word' id='word_1_729' title='bbox 2763 3367 2924 3424; x_wconf 58' lang='lat' dir='ltr'>aqua</span> <span class='ocrx_word' id='word_1_730' title='bbox 2955 3367 3126 3408; x_wconf 90' lang='lat' dir='ltr'>omne</span> <span class='ocrx_word' id='word_1_731' title='bbox 3157 3349 3356 3423; x_wconf 83' lang='lat' dir='ltr'>reptile</span> <span class='ocrx_word' id='word_1_732' title='bbox 3383 3349 3540 3422; x_wconf 85' lang='lat' dir='ltr'>(Gen.</span> <span class='ocrx_word' id='word_1_733' title='bbox 3567 3349 3632 3419; x_wconf 85' lang='grc' dir='ltr'>ι).</span> <span class='ocrx_word' id='word_1_734' title='bbox 3655 3349 3755 3403; x_wconf 90' lang='lat' dir='ltr'>ubi</span> 
     </span>
    </p>
   </div>
   <div class='ocr_carea' id='block_1_95' title="bbox 2117 3439 3762 3516">
    <p class='ocr_par' dir='ltr' id='par_1_95' title="bbox 2117 3439 3762 3516">
     <span class='ocr_line' id='line_1_95' title="bbox 2117 3439 3762 3516; baseline -0.002 -19"><span class='ocrx_word' id='word_1_735' title='bbox 2117 3441 2529 3516; x_wconf 84' lang='lat' dir='ltr'>signiﬁcantur</span> <span class='ocrx_word' id='word_1_736' title='bbox 2556 3439 2641 3496; x_wconf 91' lang='lat' dir='ltr'>illi</span> <span class='ocrx_word' id='word_1_737' title='bbox 2672 3440 2772 3512; x_wconf 92' lang='lat' dir='ltr'>qui</span> <span class='ocrx_word' id='word_1_738' title='bbox 2805 3456 2908 3512; x_wconf 87' lang='lat' dir='ltr'>per</span> <span class='ocrx_word' id='word_1_739' title='bbox 2947 3440 3169 3496; x_wconf 86' lang='lat' dir='ltr'>fontem</span> <span class='ocrx_word' id='word_1_740' title='bbox 3215 3439 3593 3511; x_wconf 85' lang='lat' dir='ltr'>baptismatis</span> <span class='ocrx_word' id='word_1_741' title='bbox 3624 3443 3762 3495; x_wconf 84' lang='lat' dir='ltr'>sunt</span> 
     </span>
    </p>
   </div>
   <div class='ocr_carea' id='block_1_96' title="bbox 2118 3527 3763 3604">
    <p class='ocr_par' dir='ltr' id='par_1_96' title="bbox 2118 3527 3763 3604">
     <span class='ocr_line' id='line_1_96' title="bbox 2118 3527 3763 3604; baseline -0.003 -18"><span class='ocrx_word' id='word_1_742' title='bbox 2118 3529 2462 3604; x_wconf 87' lang='lat' dir='ltr'>regenerati,</span> <span class='ocrx_word' id='word_1_743' title='bbox 2495 3533 2553 3586; x_wconf 89' lang='lat' dir='ltr'>et</span> <span class='ocrx_word' id='word_1_744' title='bbox 2581 3533 2670 3586; x_wconf 88' lang='lat' dir='ltr'>est</span> <span class='ocrx_word' id='word_1_745' title='bbox 2696 3545 2800 3601; x_wconf 87' lang='lat' dir='ltr'>pro</span> <span class='ocrx_word' id='word_1_746' title='bbox 2831 3530 3245 3585; x_wconf 87' lang='lat' dir='ltr'>torcularibus:</span> <span class='ocrx_word' id='word_1_747' title='bbox 3281 3529 3340 3584; x_wconf 89' lang='lat' dir='ltr'>in</span> <span class='ocrx_word' id='word_1_748' title='bbox 3390 3527 3672 3585; x_wconf 87' lang='lat' dir='ltr'>torculari</span> <span class='ocrx_word' id='word_1_749' title='bbox 3704 3528 3763 3583; x_wconf 83' lang='lat' dir='ltr'>lit</span> 
     </span>
    </p>
   </div>
   <div class='ocr_carea' id='block_1_97' title="bbox 2117 3617 3762 3692">
    <p class='ocr_par' dir='ltr' id='par_1_97' title="bbox 2117 3617 3762 3692">
     <span class='ocr_line' id='line_1_97' title="bbox 2117 3617 3762 3692; baseline -0.004 -15"><span class='ocrx_word' id='word_1_750' title='bbox 2117 3637 2396 3692; x_wconf 84' lang='lat' dir='ltr'>pressura</span> <span class='ocrx_word' id='word_1_751' title='bbox 2425 3623 2482 3675; x_wconf 92' lang='lat' dir='ltr'>et</span> <span class='ocrx_word' id='word_1_752' title='bbox 2510 3617 2959 3685; x_wconf 85' lang='lat' dir='ltr'>conculcatio,et</span> <span class='ocrx_word' id='word_1_753' title='bbox 2987 3618 3405 3674; x_wconf 90' lang='lat' dir='ltr'>discernuntur</span> <span class='ocrx_word' id='word_1_754' title='bbox 3433 3617 3514 3674; x_wconf 89' lang='lat' dir='ltr'>ibi</span> <span class='ocrx_word' id='word_1_755' title='bbox 3539 3618 3762 3684; x_wconf 87' lang='lat' dir='ltr'>duo,vi-</span> 
     </span>
    </p>
   </div>
   <div class='ocr_carea' id='block_1_98' title="bbox 2119 3706 3762 3782">
    <p class='ocr_par' dir='ltr' id='par_1_98' title="bbox 2119 3706 3762 3782">
     <span class='ocr_line' id='line_1_98' title="bbox 2119 3706 3762 3782; baseline -0.003 -16"><span class='ocrx_word' id='word_1_756' title='bbox 2119 3726 2260 3766; x_wconf 88' lang='lat' dir='ltr'>num</span> <span class='ocrx_word' id='word_1_757' title='bbox 2289 3709 2444 3782; x_wconf 92' lang='lat' dir='ltr'>quod</span> <span class='ocrx_word' id='word_1_758' title='bbox 2475 3707 2770 3780; x_wconf 85' lang='lat' dir='ltr'>eliquatur</span> <span class='ocrx_word' id='word_1_759' title='bbox 2812 3706 2871 3762; x_wconf 93' lang='lat' dir='ltr'>in</span> <span class='ocrx_word' id='word_1_760' title='bbox 2921 3706 3249 3773; x_wconf 90' lang='lat' dir='ltr'>cellarium,</span> <span class='ocrx_word' id='word_1_761' title='bbox 3281 3711 3339 3762; x_wconf 91' lang='lat' dir='ltr'>et</span> <span class='ocrx_word' id='word_1_762' title='bbox 3368 3706 3610 3762; x_wconf 87' lang='lat' dir='ltr'>vinacea</span> <span class='ocrx_word' id='word_1_763' title='bbox 3641 3723 3762 3778; x_wconf 65' lang='lat' dir='ltr'>qua</span> 
     </span>
    </p>
   </div>
   <div class='ocr_carea' id='block_1_99' title="bbox 2117 3793 3767 3870">
    <p class='ocr_par' dir='ltr' id='par_1_99' title="bbox 2117 3793 3767 3870">
     <span class='ocr_line' id='line_1_99' title="bbox 2117 3793 3767 3870; baseline -0.003 -16"><span class='ocrx_word' id='word_1_764' title='bbox 2117 3796 2569 3870; x_wconf 89' lang='lat' dir='ltr'>contemplanda</span> <span class='ocrx_word' id='word_1_765' title='bbox 2597 3796 2987 3869; x_wconf 89' lang='lat' dir='ltr'>prajiciunlur</span> <span class='ocrx_word' id='word_1_766' title='bbox 3015 3795 3073 3851; x_wconf 92' lang='lat' dir='ltr'>in</span> <span class='ocrx_word' id='word_1_767' title='bbox 3113 3795 3373 3851; x_wconf 89' lang='lat' dir='ltr'>trivium.</span> <span class='ocrx_word' id='word_1_768' title='bbox 3401 3793 3767 3850; x_wconf 85' lang='lat' dir='ltr'>Discernitur</span> 
     </span>
    </p>
   </div>
   <div class='ocr_carea' id='block_1_100' title="bbox 2118 3882 3764 3957">
    <p class='ocr_par' dir='ltr' id='par_1_100' title="bbox 2118 3882 3764 3957">
     <span class='ocr_line' id='line_1_100' title="bbox 2118 3882 3764 3957; baseline -0.002 -16"><span class='ocrx_word' id='word_1_769' title='bbox 2118 3887 2292 3941; x_wconf 89' lang='lat' dir='ltr'>etiam</span> <span class='ocrx_word' id='word_1_770' title='bbox 2317 3884 2510 3941; x_wconf 91' lang='lat' dir='ltr'>oleum</span> <span class='ocrx_word' id='word_1_771' title='bbox 2534 3884 2606 3940; x_wconf 89' lang='lat' dir='ltr'>ab</span> <span class='ocrx_word' id='word_1_772' title='bbox 2629 3901 2868 3941; x_wconf 89' lang='lat' dir='ltr'>amurca</span> <span class='ocrx_word' id='word_1_773' title='bbox 2893 3901 2906 3940; x_wconf 90' lang='lat'><strong>:</strong></span> <span class='ocrx_word' id='word_1_774' title='bbox 2941 3883 3133 3940; x_wconf 91' lang='lat' dir='ltr'>oleum</span> <span class='ocrx_word' id='word_1_775' title='bbox 3157 3884 3214 3939; x_wconf 91' lang='lat' dir='ltr'>in</span> <span class='ocrx_word' id='word_1_776' title='bbox 3238 3882 3542 3957; x_wconf 90' lang='lat' dir='ltr'>apothecis</span> <span class='ocrx_word' id='word_1_777' title='bbox 3563 3899 3764 3938; x_wconf 88' lang='lat' dir='ltr'>recon-</span> 
     </span>
    </p>
   </div>
   <div class='ocr_carea' id='block_1_101' title="bbox 2118 3971 3771 4040">
    <p class='ocr_par' dir='ltr' id='par_1_101' title="bbox 2118 3971 3771 4040">
     <span class='ocr_line' id='line_1_101' title="bbox 2118 3971 3771 4040; baseline -0.003 -9"><span class='ocrx_word' id='word_1_778' title='bbox 2118 3975 2399 4040; x_wconf 91' lang='lat' dir='ltr'>dendum,</span> <span class='ocrx_word' id='word_1_779' title='bbox 2424 3978 2480 4030; x_wconf 91' lang='lat' dir='ltr'>et</span> <span class='ocrx_word' id='word_1_780' title='bbox 2497 3973 2810 4030; x_wconf 90' lang='lat' dir='ltr'>amurcain</span> <span class='ocrx_word' id='word_1_781' title='bbox 2835 3973 3074 4029; x_wconf 89' lang='lat' dir='ltr'>trivium</span> <span class='ocrx_word' id='word_1_782' title='bbox 3096 3973 3167 4028; x_wconf 92' lang='lat' dir='ltr'>ad</span> <span class='ocrx_word' id='word_1_783' title='bbox 3192 3971 3662 4028; x_wconf 90' lang='lat' dir='ltr'>conculcandum</span> <span class='ocrx_word' id='word_1_784' title='bbox 3687 3977 3771 4039; x_wconf 89' lang='lat' dir='ltr'>;et</span> 
     </span>
    </p>
   </div>
   <div class='ocr_carea' id='block_1_102' title="bbox 2115 4060 3771 4136">
    <p class='ocr_par' dir='ltr' id='par_1_102' title="bbox 2115 4060 3771 4136">
     <span class='ocr_line' id='line_1_102' title="bbox 2115 4060 3771 4136; baseline -0.003 -16"><span class='ocrx_word' id='word_1_785' title='bbox 2115 4067 2205 4120; x_wconf 92' lang='lat' dir='ltr'>est</span> <span class='ocrx_word' id='word_1_786' title='bbox 2233 4063 2516 4136; x_wconf 83' lang='lat' dir='ltr'>expositio</span> <span class='ocrx_word' id='word_1_787' title='bbox 2547 4062 2701 4118; x_wconf 86' lang='lat' dir='ltr'>tituli</span> <span class='ocrx_word' id='word_1_788' title='bbox 2735 4062 2909 4118; x_wconf 89' lang='lat' dir='ltr'>talis:</span> <span class='ocrx_word' id='word_1_789' title='bbox 2943 4065 3005 4117; x_wconf 89' lang='lat' dir='ltr'>in</span> <span class='ocrx_word' id='word_1_790' title='bbox 3051 4062 3218 4133; x_wconf 88' lang='lat' dir='ltr'>ﬁnem</span> <span class='ocrx_word' id='word_1_791' title='bbox 3280 4061 3622 4117; x_wconf 87' lang='lat' dir='ltr'>referuntur</span> <span class='ocrx_word' id='word_1_792' title='bbox 3652 4060 3771 4116; x_wconf 69' lang='lat' dir='ltr'>hac</span> 
     </span>
    </p>
   </div>
   <div class='ocr_carea' id='block_1_103' title="bbox 2114 4149 3770 4223">
    <p class='ocr_par' dir='ltr' id='par_1_103' title="bbox 2114 4149 3770 4223">
     <span class='ocr_line' id='line_1_103' title="bbox 2114 4149 3770 4223; baseline -0.003 -14"><span class='ocrx_word' id='word_1_793' title='bbox 2114 4153 2329 4209; x_wconf 86' lang='lat' dir='ltr'>verba:</span> <span class='ocrx_word' id='word_1_794' title='bbox 2360 4151 2515 4208; x_wconf 90' lang='lat' dir='ltr'>dicta</span> <span class='ocrx_word' id='word_1_795' title='bbox 2541 4168 2642 4223; x_wconf 89' lang='lat' dir='ltr'>pro</span> <span class='ocrx_word' id='word_1_796' title='bbox 2672 4151 3070 4216; x_wconf 90' lang='lat' dir='ltr'>torcularibus,</span> <span class='ocrx_word' id='word_1_797' title='bbox 3102 4149 3162 4205; x_wconf 91' lang='lat' dir='ltr'>id</span> <span class='ocrx_word' id='word_1_798' title='bbox 3193 4153 3305 4217; x_wconf 90' lang='lat' dir='ltr'>est,</span> <span class='ocrx_word' id='word_1_799' title='bbox 3337 4166 3441 4221; x_wconf 91' lang='lat' dir='ltr'>pro</span> <span class='ocrx_word' id='word_1_800' title='bbox 3466 4165 3770 4222; x_wconf 85' lang='lat' dir='ltr'>pressura,</span> 
     </span>
    </p>
   </div>
   <div class='ocr_carea' id='block_1_104' title="bbox 2117 4239 3774 4314">
    <p class='ocr_par' dir='ltr' id='par_1_104' title="bbox 2117 4239 3774 4314">
     <span class='ocr_line' id='line_1_104' title="bbox 2117 4239 3774 4314; baseline -0.002 -17"><span class='ocrx_word' id='word_1_801' title='bbox 2117 4257 2393 4314; x_wconf 88' lang='lat' dir='ltr'>pressura</span> <span class='ocrx_word' id='word_1_802' title='bbox 2422 4241 2572 4308; x_wconf 91' lang='lat' dir='ltr'>dico,</span> <span class='ocrx_word' id='word_1_803' title='bbox 2599 4240 2967 4297; x_wconf 88' lang='lat' dir='ltr'>discernente</span> <span class='ocrx_word' id='word_1_804' title='bbox 3011 4255 3105 4296; x_wconf 88' lang='lat' dir='ltr'>res</span> <span class='ocrx_word' id='word_1_805' title='bbox 3147 4239 3512 4312; x_wconf 84' lang='lat' dir='ltr'>signiﬁcatas</span> <span class='ocrx_word' id='word_1_806' title='bbox 3545 4254 3651 4310; x_wconf 86' lang='lat' dir='ltr'>per</span> <span class='ocrx_word' id='word_1_807' title='bbox 3678 4254 3774 4294; x_wconf 83' lang='lat' dir='ltr'>res</span> 
     </span>
    </p>
   </div>
   <div class='ocr_carea' id='block_1_105' title="bbox 2115 4326 3774 4400">
    <p class='ocr_par' dir='ltr' id='par_1_105' title="bbox 2115 4326 3774 4400">
     <span class='ocr_line' id='line_1_105' title="bbox 2115 4326 3774 4400; baseline -0.002 -15"><span class='ocrx_word' id='word_1_808' title='bbox 2115 4334 2338 4385; x_wconf 90' lang='lat' dir='ltr'>creatas</span> <span class='ocrx_word' id='word_1_809' title='bbox 2368 4329 2576 4400; x_wconf 90' lang='lat' dir='ltr'>quinta</span> <span class='ocrx_word' id='word_1_810' title='bbox 2605 4327 2859 4393; x_wconf 90' lang='lat' dir='ltr'>sabbati,</span> <span class='ocrx_word' id='word_1_811' title='bbox 2914 4331 2972 4384; x_wconf 91' lang='lat' dir='ltr'>et</span> <span class='ocrx_word' id='word_1_812' title='bbox 3031 4331 3120 4384; x_wconf 89' lang='lat' dir='ltr'>est</span> <span class='ocrx_word' id='word_1_813' title='bbox 3153 4326 3412 4384; x_wconf 83' lang='lat' dir='ltr'>Psalmus</span> <span class='ocrx_word' id='word_1_814' title='bbox 3442 4327 3660 4397; x_wconf 76' lang='lat' dir='ltr'>Asaph,</span> <span class='ocrx_word' id='word_1_815' title='bbox 3687 4327 3774 4383; x_wconf 89' lang='lat' dir='ltr'>sic</span> 
     </span>
    </p>
   </div>
   <div class='ocr_carea' id='block_1_106' title="bbox 2115 4415 3778 4490">
    <p class='ocr_par' dir='ltr' id='par_1_106' title="bbox 2115 4415 3778 4490">
     <span class='ocr_line' id='line_1_106' title="bbox 2115 4415 3778 4490; baseline 0 -18"><span class='ocrx_word' id='word_1_816' title='bbox 2115 4417 2388 4474; x_wconf 79' lang='lat' dir='ltr'>dicentis:</span> <span class='ocrx_word' id='word_1_817' title='bbox 2410 4417 2727 4483; x_wconf 89' lang='lat' dir='ltr'>Intremus,</span> <span class='ocrx_word' id='word_1_818' title='bbox 2742 4415 3150 4488; x_wconf 81' lang='lat' dir='ltr'>inspiciamus,</span> <span class='ocrx_word' id='word_1_819' title='bbox 3166 4417 3510 4483; x_wconf 89' lang='lat' dir='ltr'>timeamus,</span> <span class='ocrx_word' id='word_1_820' title='bbox 3521 4415 3778 4490; x_wconf 86' lang='lat' dir='ltr'>gaudea-</span> 
     </span>
    </p>
   </div>
   <div class='ocr_carea' id='block_1_107' title="bbox 2117 4504 3776 4578">
    <p class='ocr_par' dir='ltr' id='par_1_107' title="bbox 2117 4504 3776 4578">
     <span class='ocr_line' id='line_1_107' title="bbox 2117 4504 3776 4578; baseline -0.001 -18"><span class='ocrx_word' id='word_1_821' title='bbox 2117 4523 2270 4574; x_wconf 90' lang='lat' dir='ltr'>mus,</span> <span class='ocrx_word' id='word_1_822' title='bbox 2305 4509 2672 4578; x_wconf 88' lang='lat' dir='ltr'>appetamus,</span> <span class='ocrx_word' id='word_1_823' title='bbox 2734 4505 3053 4577; x_wconf 88' lang='lat' dir='ltr'>fugiamus,</span> <span class='ocrx_word' id='word_1_824' title='bbox 3111 4505 3250 4577; x_wconf 92' lang='lat' dir='ltr'>quia</span> <span class='ocrx_word' id='word_1_825' title='bbox 3304 4504 3428 4561; x_wconf 69' lang='lat' dir='ltr'>haec</span> <span class='ocrx_word' id='word_1_826' title='bbox 3481 4504 3685 4560; x_wconf 90' lang='lat' dir='ltr'>omnia</span> <span class='ocrx_word' id='word_1_827' title='bbox 3717 4505 3776 4560; x_wconf 92' lang='lat' dir='ltr'>in</span> 
     </span>
    </p>
   </div>
   <div class='ocr_carea' id='block_1_108' title="bbox 2039 4593 3005 4678">
    <p class='ocr_par' dir='ltr' id='par_1_108' title="bbox 2039 4593 3005 4678">
     <span class='ocr_line' id='line_1_108' title="bbox 2039 4593 3005 4678; baseline -0.002 -28"><span class='ocrx_word' id='word_1_828' title='bbox 2039 4613 2086 4678; x_wconf 72' lang='grc' dir='ltr'>Ι)</span> <span class='ocrx_word' id='word_1_829' title='bbox 2116 4593 2344 4666; x_wconf 88' lang='lat' dir='ltr'>psalmo</span> <span class='ocrx_word' id='word_1_830' title='bbox 2374 4593 2631 4676; x_wconf 85' lang='lat' dir='ltr'>invenire</span> <span class='ocrx_word' id='word_1_831' title='bbox 2664 4594 3005 4666; x_wconf 89' lang='lat' dir='ltr'>poterimus.</span> 
     </span>
    </p>
   </div>
   <div class='ocr_carea' id='block_1_109' title="bbox 2191 4671 3781 4754">
    <p class='ocr_par' dir='ltr' id='par_1_109' title="bbox 2191 4671 3781 4754">
     <span class='ocr_line' id='line_1_109' title="bbox 2191 4671 3781 4754; baseline -0.002 -14"><span class='ocrx_word' id='word_1_832' title='bbox 2191 4671 2475 4740; x_wconf 71' lang='lat' dir='ltr'>Exsultite</span> <span class='ocrx_word' id='word_1_833' title='bbox 2530 4684 2634 4738; x_wconf 90' lang='lat' dir='ltr'>Deo</span> <span class='ocrx_word' id='word_1_834' title='bbox 2693 4681 2938 4754; x_wconf 82' lang='lat' dir='ltr'>adjutori</span> <span class='ocrx_word' id='word_1_835' title='bbox 2990 4671 3412 4750; x_wconf 75' lang='lat' dir='ltr'>nostro..uasi</span> <span class='ocrx_word' id='word_1_836' title='bbox 3441 4680 3628 4737; x_wconf 84' lang='lat' dir='ltr'>dicat.</span> <span class='ocrx_word' id='word_1_837' title='bbox 3660 4680 3781 4737; x_wconf 89' lang='lat' dir='ltr'>Vos</span> 
     </span>
    </p>
   </div>
   <div class='ocr_carea' id='block_1_110' title="bbox 2121 4769 3783 4844">
    <p class='ocr_par' dir='ltr' id='par_1_110' title="bbox 2121 4769 3783 4844">
     <span class='ocr_line' id='line_1_110' title="bbox 2121 4769 3783 4844; baseline 0 -18"><span class='ocrx_word' id='word_1_838' title='bbox 2121 4771 2222 4844; x_wconf 92' lang='lat' dir='ltr'>qui</span> <span class='ocrx_word' id='word_1_839' title='bbox 2255 4787 2441 4842; x_wconf 91' lang='lat' dir='ltr'>usque</span> <span class='ocrx_word' id='word_1_840' title='bbox 2473 4772 2644 4827; x_wconf 91' lang='lat' dir='ltr'>modo</span> <span class='ocrx_word' id='word_1_841' title='bbox 2676 4769 3072 4827; x_wconf 81' lang='lat' dir='ltr'>exsultavistis</span> <span class='ocrx_word' id='word_1_842' title='bbox 3103 4769 3162 4826; x_wconf 90' lang='lat' dir='ltr'>in</span> <span class='ocrx_word' id='word_1_843' title='bbox 3211 4770 3434 4826; x_wconf 91' lang='lat' dir='ltr'>mundo</span> <span class='ocrx_word' id='word_1_844' title='bbox 3463 4770 3783 4843; x_wconf 84' lang='lat' dir='ltr'>deceptors</span> 
     </span>
    </p>
   </div>
   <div class='ocr_carea' id='block_1_111' title="bbox 2120 4859 3782 4923">
    <p class='ocr_par' dir='ltr' id='par_1_111' title="bbox 2120 4859 3782 4923">
     <span class='ocr_line' id='line_1_111' title="bbox 2120 4859 3782 4923; baseline 0.001 -9"><span class='ocrx_word' id='word_1_845' title='bbox 2120 4864 2333 4923; x_wconf 85' lang='lat' dir='ltr'>vestro.</span> <span class='ocrx_word' id='word_1_846' title='bbox 2357 4865 2414 4916; x_wconf 93' lang='lat' dir='ltr'>et</span> <span class='ocrx_word' id='word_1_847' title='bbox 2441 4860 2673 4916; x_wconf 91' lang='lat' dir='ltr'>diabolo</span> <span class='ocrx_word' id='word_1_848' title='bbox 2695 4860 2988 4916; x_wconf 88' lang='lat' dir='ltr'>desertore</span> <span class='ocrx_word' id='word_1_849' title='bbox 3028 4863 3244 4923; x_wconf 87' lang='lat' dir='ltr'>vestro,</span> <span class='ocrx_word' id='word_1_850' title='bbox 3292 4864 3350 4915; x_wconf 89' lang='lat' dir='ltr'>et</span> <span class='ocrx_word' id='word_1_851' title='bbox 3376 4863 3580 4916; x_wconf 87' lang='lat' dir='ltr'>ventre</span> <span class='ocrx_word' id='word_1_852' title='bbox 3603 4859 3782 4916; x_wconf 85' lang='lat' dir='ltr'>sedu-</span> 
     </span>
    </p>
   </div>
   <div class='ocr_carea' id='block_1_112' title="bbox 2121 4948 3782 5022">
    <p class='ocr_par' dir='ltr' id='par_1_112' title="bbox 2121 4948 3782 5022">
     <span class='ocr_line' id='line_1_112' title="bbox 2121 4948 3782 5022; baseline -0.002 -16"><span class='ocrx_word' id='word_1_853' title='bbox 2121 4956 2276 5006; x_wconf 87' lang='lat' dir='ltr'>ctore</span> <span class='ocrx_word' id='word_1_854' title='bbox 2302 4954 2512 5017; x_wconf 86' lang='lat' dir='ltr'>vestro,</span> <span class='ocrx_word' id='word_1_855' title='bbox 2538 4948 2810 5022; x_wconf 87' lang='lat' dir='ltr'>deinceps</span> <span class='ocrx_word' id='word_1_856' title='bbox 2852 4951 3126 5005; x_wconf 73' lang='lat' dir='ltr'>exsultate</span> <span class='ocrx_word' id='word_1_857' title='bbox 3147 4954 3262 5007; x_wconf 88' lang='lat' dir='ltr'>Deo</span> <span class='ocrx_word' id='word_1_858' title='bbox 3282 4949 3534 5022; x_wconf 63' lang='lat' dir='ltr'>adfuturi</span> <span class='ocrx_word' id='word_1_859' title='bbox 3561 4958 3782 5005; x_wconf 84' lang='lat' dir='ltr'>nostra.</span> 
     </span>
    </p>
   </div>
   <div class='ocr_carea' id='block_1_113' title="bbox 2122 5037 3788 5107">
    <p class='ocr_par' dir='ltr' id='par_1_113' title="bbox 2122 5037 3788 5107">
     <span class='ocr_line' id='line_1_113' title="bbox 2122 5037 3788 5107; baseline -0.002 -11"><span class='ocrx_word' id='word_1_860' title='bbox 2122 5039 2190 5096; x_wconf 87' lang='lat' dir='ltr'>Et</span> <span class='ocrx_word' id='word_1_861' title='bbox 2219 5039 2268 5096; x_wconf 90' lang='lat' dir='ltr'>si</span> <span class='ocrx_word' id='word_1_862' title='bbox 2302 5056 2417 5095; x_wconf 92' lang='lat' dir='ltr'>non</span> <span class='ocrx_word' id='word_1_863' title='bbox 2451 5037 2749 5094; x_wconf 80' lang='lat' dir='ltr'>sufﬁciant</span> <span class='ocrx_word' id='word_1_864' title='bbox 2776 5037 2940 5095; x_wconf 89' lang='lat' dir='ltr'>vobis</span> <span class='ocrx_word' id='word_1_865' title='bbox 2971 5053 3161 5107; x_wconf 90' lang='lat' dir='ltr'>voces,</span> <span class='ocrx_word' id='word_1_866' title='bbox 3177 5043 3302 5095; x_wconf 81' lang='lat' dir='ltr'>&#39;non</span> <span class='ocrx_word' id='word_1_867' title='bbox 3324 5043 3523 5095; x_wconf 86' lang='lat' dir='ltr'>tamen</span> <span class='ocrx_word' id='word_1_868' title='bbox 3549 5038 3788 5095; x_wconf 83' lang='lat' dir='ltr'>desinat</span> 
     </span>
    </p>
   </div>
   <div class='ocr_carea' id='block_1_114' title="bbox 2121 5125 3783 5199">
    <p class='ocr_par' dir='ltr' id='par_1_114' title="bbox 2121 5125 3783 5199">
     <span class='ocr_line' id='line_1_114' title="bbox 2121 5125 3783 5199; baseline -0.002 -13"><span class='ocrx_word' id='word_1_869' title='bbox 2121 5126 2452 5194; x_wconf 85' lang='lat' dir='ltr'>exsultatio,</span> <span class='ocrx_word' id='word_1_870' title='bbox 2476 5127 2576 5182; x_wconf 90' lang='lat' dir='ltr'>sed</span> <span class='ocrx_word' id='word_1_871' title='bbox 2589 5126 2828 5199; x_wconf 88' lang='lat' dir='ltr'>jubilate</span> <span class='ocrx_word' id='word_1_872' title='bbox 2849 5128 2954 5183; x_wconf 83' lang='lat' dir='ltr'>Deo</span> <span class='ocrx_word' id='word_1_873' title='bbox 2983 5128 3173 5184; x_wconf 75' lang='lat' dir='ltr'>Iacob.</span> <span class='ocrx_word' id='word_1_874' title='bbox 3199 5127 3377 5193; x_wconf 86' lang='lat' dir='ltr'>Quasi</span> <span class='ocrx_word' id='word_1_875' title='bbox 3395 5127 3553 5186; x_wconf 85' lang='lat' dir='ltr'>dicat</span> <span class='ocrx_word' id='word_1_876' title='bbox 3577 5143 3592 5183; x_wconf 88' lang='lat'><strong>:</strong></span> <span class='ocrx_word' id='word_1_877' title='bbox 3617 5125 3783 5196; x_wconf 89' lang='lat' dir='ltr'>Quod</span> 
     </span>
    </p>
   </div>
   <div class='ocr_carea' id='block_1_115' title="bbox 2121 5214 3785 5291">
    <p class='ocr_par' dir='ltr' id='par_1_115' title="bbox 2121 5214 3785 5291">
     <span class='ocr_line' id='line_1_115' title="bbox 2121 5214 3785 5291; baseline -0.002 -18"><span class='ocrx_word' id='word_1_878' title='bbox 2121 5216 2366 5290; x_wconf 88' lang='lat' dir='ltr'>potestis</span> <span class='ocrx_word' id='word_1_879' title='bbox 2383 5215 2664 5289; x_wconf 84' lang='lat' dir='ltr'>proferre,</span> <span class='ocrx_word' id='word_1_880' title='bbox 2686 5216 2976 5286; x_wconf 73' lang='lat' dir='ltr'>exsultate,</span> <span class='ocrx_word' id='word_1_881' title='bbox 3007 5218 3169 5289; x_wconf 90' lang='lat' dir='ltr'>quod</span> <span class='ocrx_word' id='word_1_882' title='bbox 3194 5234 3310 5274; x_wconf 91' lang='lat' dir='ltr'>non</span> <span class='ocrx_word' id='word_1_883' title='bbox 3334 5214 3604 5291; x_wconf 87' lang='lat' dir='ltr'>potestis,</span> <span class='ocrx_word' id='word_1_884' title='bbox 3629 5215 3785 5289; x_wconf 85' lang='lat' dir='ltr'>jubi-</span> 
     </span>
    </p>
   </div>
   <div class='ocr_carea' id='block_1_116' title="bbox 2122 5304 3788 5378">
    <p class='ocr_par' dir='ltr' id='par_1_116' title="bbox 2122 5304 3788 5378">
     <span class='ocr_line' id='line_1_116' title="bbox 2122 5304 3788 5378; baseline -0.002 -15"><span class='ocrx_word' id='word_1_885' title='bbox 2122 5307 2250 5363; x_wconf 84' lang='lat' dir='ltr'>late.</span> <span class='ocrx_word' id='word_1_886' title='bbox 2281 5305 2519 5362; x_wconf 90' lang='lat' dir='ltr'>Jubilus</span> <span class='ocrx_word' id='word_1_887' title='bbox 2559 5305 2716 5360; x_wconf 88' lang='lat' dir='ltr'>enim</span> <span class='ocrx_word' id='word_1_888' title='bbox 2749 5309 2836 5361; x_wconf 90' lang='lat' dir='ltr'>est</span> <span class='ocrx_word' id='word_1_889' title='bbox 2862 5309 3029 5362; x_wconf 89' lang='lat' dir='ltr'>tanta</span> <span class='ocrx_word' id='word_1_890' title='bbox 3057 5305 3265 5362; x_wconf 64' lang='lat' dir='ltr'>laetitia</span> <span class='ocrx_word' id='word_1_891' title='bbox 3308 5304 3526 5362; x_wconf 89' lang='lat' dir='ltr'>mentis</span> <span class='ocrx_word' id='word_1_892' title='bbox 3559 5308 3788 5378; x_wconf 83' lang='lat' dir='ltr'>quanta</span> 
     </span>
    </p>
   </div>
   <div class='ocr_carea' id='block_1_117' title="bbox 2121 5392 3791 5467">
    <p class='ocr_par' dir='ltr' id='par_1_117' title="bbox 2121 5392 3791 5467">
     <span class='ocr_line' id='line_1_117' title="bbox 2121 5392 3791 5467; baseline -0.003 -16"><span class='ocrx_word' id='word_1_893' title='bbox 2121 5412 2237 5451; x_wconf 89' lang='lat' dir='ltr'>non</span> <span class='ocrx_word' id='word_1_894' title='bbox 2271 5399 2462 5467; x_wconf 90' lang='lat' dir='ltr'>potest</span> <span class='ocrx_word' id='word_1_895' title='bbox 2491 5392 2738 5466; x_wconf 86' lang='lat' dir='ltr'>exprimi</span> <span class='ocrx_word' id='word_1_896' title='bbox 2771 5410 2914 5451; x_wconf 92' lang='lat' dir='ltr'>sono</span> <span class='ocrx_word' id='word_1_897' title='bbox 2949 5393 3128 5450; x_wconf 90' lang='lat' dir='ltr'>vocis.</span> <span class='ocrx_word' id='word_1_898' title='bbox 3179 5396 3398 5452; x_wconf 86' lang='lat' dir='ltr'>Sumite</span> <span class='ocrx_word' id='word_1_899' title='bbox 3421 5395 3706 5467; x_wconf 86' lang='lat' dir='ltr'>psalmum</span> <span class='ocrx_word' id='word_1_900' title='bbox 3737 5397 3791 5449; x_wconf 84' lang='lat' dir='ltr'>et</span> 
     </span>
    </p>
   </div>
   <div class='ocr_carea' id='block_1_118' title="bbox 2121 5482 3782 5556">
    <p class='ocr_par' dir='ltr' id='par_1_118' title="bbox 2121 5482 3782 5556">
     <span class='ocr_line' id='line_1_118' title="bbox 2121 5482 3782 5556; baseline -0.002 -17"><span class='ocrx_word' id='word_1_901' title='bbox 2121 5484 2244 5539; x_wconf 88' lang='lat' dir='ltr'>date</span> <span class='ocrx_word' id='word_1_902' title='bbox 2272 5489 2617 5555; x_wconf 83' lang='lat' dir='ltr'>tympanum.</span> <span class='ocrx_word' id='word_1_903' title='bbox 2648 5482 2902 5538; x_wconf 85' lang='lat' dir='ltr'>Psalmus</span> <span class='ocrx_word' id='word_1_904' title='bbox 2930 5483 3171 5554; x_wconf 89' lang='lat' dir='ltr'>ponitur</span> <span class='ocrx_word' id='word_1_905' title='bbox 3200 5483 3295 5539; x_wconf 88' lang='lat' dir='ltr'>hic</span> <span class='ocrx_word' id='word_1_906' title='bbox 3342 5500 3447 5556; x_wconf 87' lang='lat' dir='ltr'>pro</span> <span class='ocrx_word' id='word_1_907' title='bbox 3480 5482 3782 5556; x_wconf 87' lang='lat' dir='ltr'>psalterio,</span> 
     </span>
    </p>
   </div>
   <div class='ocr_carea' id='block_1_119' title="bbox 2120 5567 3783 5644">
    <p class='ocr_par' dir='ltr' id='par_1_119' title="bbox 2120 5567 3783 5644">
     <span class='ocr_line' id='line_1_119' title="bbox 2120 5567 3783 5644; baseline -0.004 -16"><span class='ocrx_word' id='word_1_908' title='bbox 2120 5571 2361 5628; x_wconf 68' lang='lat' dir='ltr'>effectus</span> <span class='ocrx_word' id='word_1_909' title='bbox 2391 5571 2663 5628; x_wconf 90' lang='lat' dir='ltr'>videlicet</span> <span class='ocrx_word' id='word_1_910' title='bbox 2693 5587 2796 5643; x_wconf 88' lang='lat' dir='ltr'>pro</span> <span class='ocrx_word' id='word_1_911' title='bbox 2829 5587 3034 5628; x_wconf 89' lang='lat' dir='ltr'>causa.</span> <span class='ocrx_word' id='word_1_912' title='bbox 3067 5572 3411 5629; x_wconf 87' lang='lat' dir='ltr'>Psalterium</span> <span class='ocrx_word' id='word_1_913' title='bbox 3441 5587 3600 5643; x_wconf 87' lang='lat' dir='ltr'>vero,</span> <span class='ocrx_word' id='word_1_914' title='bbox 3635 5567 3783 5644; x_wconf 90' lang='lat' dir='ltr'>quod</span> 
     </span>
    </p>
   </div>
   <div class='ocr_carea' id='block_1_120' title="bbox 2121 5659 3797 5734">
    <p class='ocr_par' dir='ltr' id='par_1_120' title="bbox 2121 5659 3797 5734">
     <span class='ocr_line' id='line_1_120' title="bbox 2121 5659 3797 5734; baseline -0.002 -18"><span class='ocrx_word' id='word_1_915' title='bbox 2121 5659 2404 5732; x_wconf 89' lang='lat' dir='ltr'>superius</span> <span class='ocrx_word' id='word_1_916' title='bbox 2418 5667 2626 5731; x_wconf 86' lang='lat' dir='ltr'>sonat,</span> <span class='ocrx_word' id='word_1_917' title='bbox 2653 5659 3296 5734; x_wconf 86' lang='lat' dir='ltr'>spiritualiadesignat;</span> <span class='ocrx_word' id='word_1_918' title='bbox 3316 5667 3652 5734; x_wconf 84' lang='lat' dir='ltr'>tympanum</span> <span class='ocrx_word' id='word_1_919' title='bbox 3665 5671 3797 5715; x_wconf 80' lang='lat' dir='ltr'>vero</span> 
     </span>
    </p>
   </div>
  </div>
