4014 6194
237 354 354 423 57⁸1

1360 355 1972 438 ENABRA'I‘IONES
2017 355 2095 418 IN
2143 357 2521 422 PSALMOS.

3527 368 3646 432 5³78

238 495 605 550 affectionem
639 495 830 550 cordis
861 510 1085 549 eorum.
1145 494 1291 549 Ecce
1347 493 1624 563 torcular,
1687 496 1888 565 aperta
1917 493 1970 558 Α
2002 491 2288 546 hsaredem
2323 496 2573 549 missum
2606 494 2675 548 ad
2693 493 2921 548 vineam
2949 490 3327 550 interﬁcietis.
3356 496 3509 552 Deus
3540 515 3645 553 au-

239 589 379 640 sunt
412 583 718 650 foramina,
755 588 810 638 et
839 583 953 637 exit
987 584 1163 637 etiam
1210 599 1470 638 amurca.
1528 582 1689 637 Unde
1744 582 1889 636 illud

237 672 459 726 dictum
494 676 613 726 est:
648 674 808 726 ibunt
837 675 894 726 in
932 672 1420 726 adinventionibus
1443 673 1582 726 suis.
1617 671 1682 725 Et
1712 686 1892 742 quare

237 761 324 816 sic
355 761 571 815 ibunt?
599 761 743 826 Quia
775 778 868 816 me
899 761 1102 815 audire
1125 761 1698 825 noluerunt.Nam,si
1721 776 1893 829 popu-

237 851 322 904 lus
351 865 505 903 meus
536 849 780 904 audisset
809 865 912 910 me,
946 850 1118 904 Israel
1147 852 1196 904 si
1226 851 1283 903 in
1315 851 1420 904 viis
1441 851 1577 902 meis
1603 849 1891 903 ambulas-

234 943 336 1006 set,
360 937 418 991 id
451 941 560 999 est,
592 938 644 990 in
673 938 976 1009 przeceptis
999 939 1144 992 meis
1172 955 1286 992 non
1309 937 1618 1001 deviasset,
1649 953 1753 1008 ego
1784 937 1890 990 hu-

234 1028 539 1080 mitiassem
568 1027 829 1080 inimicos
856 1043 1047 1081 eorum
1071 1027 1317 1100 forsitan
1335 1042 1434 1096 pro
1453 1025 1655 1088 nihilo,
1680 1025 1893 1078 subau-

235 1115 350 1182 dis,
386 1114 705 1169 habendos.
741 1117 994 1170 Forsitan
1016 1114 1108 1170 hic
1127 1116 1381 1186 positum
1407 1119 1495 1170 est
1509 1114 1890 1186 objurgative,

247 1221 363 1258 non
397 1203 736 1259 dubitative.
773 1206 834 1259 Et
854 1221 1017 1275 super
1043 1205 1370 1259 tribulantes
1391 1221 1480 1259 eos
1500 1205 1892 1257 misissemma-

250 1309 385 1347 num
418 1309 612 1359 meam,
648 1293 702 1346 id
737 1299 844 1359 est,
887 1294 1206 1364 potentiam
1249 1293 1633 1347 exercuissem
1693 1296 1895 1346 contra

236 1380 651 1437 tribulationes
681 1398 905 1437 eorum.
945 1381 1109 1444 Nota,
1145 1380 1277 1436 licet
1308 1380 1592 1436 Dominus
1620 1381 1776 1435 dicat
1796 1397 1892 1434 su-

235 1487 336 1542 per
362 1471 691 1525 tribulantes
722 1473 992 1526 misissem
1017 1487 1243 1524 manum
1276 1487 1476 1538 meam,
1501 1475 1695 1524 tamen
1746 1468 1891 1523 nihil

241 1559 367 1614 ﬁeri
401 1562 610 1630 potest,
636 1557 749 1613 nisi
775 1560 929 1629 quod
953 1560 1024 1613 ab
1059 1575 1124 1613 eo
1155 1559 1513 1629 permittitur
1545 1563 1664 1612 tam
1698 1556 1756 1610 in
1791 1558 1892 1612 bo-

244 1649 335 1704 nis
366 1664 538 1718 quam
571 1647 629 1702 in
663 1647 855 1702 malis.
893 1647 1000 1701 Sed
1023 1646 1242 1718 quiain
1274 1646 1410 1701 ﬁliis
1432 1645 1770 1700 difﬁdentia
1791 1645 1897 1699 ini-

242 1737 431 1791 micus
462 1735 728 1791 diabolus
757 1735 1032 1790 licentius
1059 1740 1333 1806 operatur
1363 1751 1536 1806 quam
1592 1733 1651 1788 in
1701 1731 1890 1801 bonis,

243 1825 388 1896 quia
416 1827 476 1878 in
508 1823 626 1879 illis
658 1824 826 1896 quasi
858 1825 922 1878 in-
951 1823 1183 1896 proprio
1215 1825 1358 1879 bove
1415 1827 1560 1891 arat,
1620 1822 1679 1876 in
1716 1821 1894 1876 nullis

242 1918 441 1968 tamen
465 1913 576 1967 nisi
611 1911 955 1983 permissus,
991 1913 1120 1967 ideo
1151 1912 1232 1967 sic
1263 1913 1520 1967 dicitur:
1556 1913 1616 1967 Si
1662 1911 1896 1982 populus

242 2018 402 2056 meus
431 2002 674 2058 audisset
701 2018 806 2065 me,
838 2007 892 2056 et
923 2004 972 2056 si
1001 2004 1060 2055 in
1090 2003 1194 2056 viis
1223 2003 1361 2056 meis
1391 2002 1748 2069 ambulasset,
1795 2016 1896 2070 pro

238 2091 421 2145 nihilo
450 2093 683 2160 forsitan
704 2091 964 2146 inimicos
986 2107 1182 2145 eorum
1216 2090 1617 2156 humiliassem,
1652 2093 1702 2144 et
1733 2105 1900 2159 super

251 2181 588 2234 tribulantes
618 2196 706 2235 eos
735 2181 1007 2235 misissem
1035 2196 1263 2233 manum
1285 2197 1462 2234 meam
1489 2197 1500 2234 :
1535 2183 1584 2234 et
1613 2196 1724 2233 non
1746 2178 1900 2232 audi-

248 2270 329 2321 vit
359 2267 596 2337 populus
616 2285 786 2324 meus.
839 2268 986 2332 Quia
1043 2267 1153 2338 ipsi
1200 2268 1330 2321 facti
1386 2269 1604 2322 inimici
1659 2267 1897 2332 Domini,

237 2357 459 2409 mentiti
476 2359 602 2410 sunt
641 2359 712 2421 ei,
745 2355 803 2409 id
836 2357 999 2410 estad
1045 2356 1322 2411 honorem
1355 2357 1504 2426 ejus,
1527 2359 1575 2410 et
1625 2358 1733 2410 erit
1775 2357 1904 2408 tem-

252 2458 359 2514 pus
387 2458 597 2508 eorum,
626 2443 682 2498 id
719 2449 827 2508 est,
862 2444 985 2499 dies
1017 2444 1435 2500 dominationis
1466 2461 1667 2499 eorum
1700 2444 1809 2497 erit
1843 2443 1899 2496 in

257 2531 470 2587 saeculo
504 2531 612 2586 hoc
644 2533 938 2603 praesenti,
966 2550 1082 2586 non
1109 2534 1166 2586 in
1192 2533 1386 2588 futuro
1414 2550 1425 2587 :
1451 2533 1587 2604 quia
1609 2532 1703 2586 hic
1721 2530 1904 2586 domi-

259 2625 494 2686 nantur,
521 2620 600 2674 ibi
631 2621 1100 2691 torquebuntur;
1133 2621 1244 2690 vel,
1279 2625 1511 2692 tempus
1542 2621 1904 2674 animadver-

257 2707 463 2775 sionis,
492 2725 672 2780 pinnae
703 2708 1100 2775 corvidelicet,
1133 2709 1241 2763 erit
1271 2711 1326 2763 in
1359 2710 1578 2773 swcula,
1614 2709 1751 2779 quia
1808 2707 1902 2761 hic

255 2797 519 2869 incipiet,
546 2797 623 2851 ibi
658 2814 961 2868 nunquam
981 2797 1259 2856 ﬁniet.hic
1281 2796 1902 2851 excmcanturinterius

256 2892 326 2940 ut
352 2887 588 2941 tandem
623 2886 702 2940 ibi
735 2885 1071 2940 crucientur
1099 2886 1374 2952 exterius,
1406 2887 1554 2956 quod
1582 2885 1756 2940 dicit:
1782 2886 1899 2939 Ini-

256 2975 392 3030 mici
420 2977 642 3029 Dom-ini
671 2977 888 3029 mentiti
915 2976 1143 3029 suntei:
1175 2979 1225 3028 et
1261 2981 1480 3038 tamen,
1531 2973 1665 3029 licet
1707 2978 1905 3029 essent

256 3063 507 3129 inimici,
540 3064 741 3118 cibavit
769 3080 858 3119 eos
886 3064 1136 3134 emadipe
1160 3065 1446 3135 frumenti,
1482 3064 1534 3118 id
1570 3067 1677 3129 est,
1710 3080 1777 3117 ex
1809 3080 1900 3116 sa-

258 3152 577 3207 cramentis
608 3152 764 3218 ﬁdei,
798 3156 849 3206 et
875 3152 941 3206 de
967 3157 1121 3222 petra
1151 3153 1310 3208 melle
1338 3154 1606 3206 saturavit
1636 3167 1743 3206 eos.
1792 3151 1903 3205 Mel

2001 584 2139 635 tem.
2168 581 2424 634 Verbum
2455 581 2719 638 videlicet
2750 598 2882 637 caro
2914 581 3152 646 factum,
3187 583 3366 637 stabit
3394 584 3452 638 in
3507 602 3643 657 syn-

2004 685 2189 740 agoga
2215 669 2602 734 deorum,non
2623 670 3058 738 idolorum,non
3074 671 3351 726 falsorum
3376 673 3642 740 deorum,

2003 759 2102 812 sed
2127 757 2360 812 illorum
2376 758 2446 811 de
2463 757 2754 828 quibusin
2782 761 3166 830 sequentibus
3193 762 3350 816 dicit:
3377 762 3644 831 Egodixi:

2003 849 2100 902 Dii
2126 848 2274 902 estis.
2311 846 2456 900 Nam
2486 845 2569 900 sic
2587 845 2664 899 dii
2691 853 2828 900 sunt
2849 865 3052 903 omnes
3075 850 3174 920 qui
3195 850 3479 905 imitando
3504 867 3640 906 eum

2004 935 2315 1007 participes
2348 935 2482 988 i'acti
2516 942 2654 990 sunt
2676 938 2803 1003 ejus
2834 937 3178 1004 divinitatis,
3222 939 3375 994 sicut
3404 945 3461 994 et
3518 940 3644 1012 ipse

2002 1025 2292 1095 particeps
2325 1025 2510 1078 factus
2540 1028 2629 1077 est
2660 1031 2872 1079 nostrae
2887 1025 3290 1082 humanitatis.
3319 1029 3465 1083 Nota
3489 1029 3643 1100 quod

2003 1115 2162 1180 dicit,
2189 1115 2328 1168 Deus
2357 1115 2523 1180 stetit,
2559 1129 2672 1167 non
2707 1113 2844 1183 quia
2871 1119 2961 1168 est
2995 1116 3089 1168 Dei
3131 1122 3305 1179 stare,
3349 1118 3434 1173 vel
3480 1135 3647 1174 accu-

2003 1203 2160 1268 bare,
2195 1201 2280 1256 vel
2310 1200 2492 1256 locale
2513 1217 2661 1262 csso.
2696 1202 2795 1256 sed
2820 1202 3071 1273 quiaqui
3096 1208 3232 1268 stat,
3258 1212 3485 1261 erectus
3520 1223 3648 1263 esse

2003 1291 2229 1345 videtur
2253 1307 2265 1343 :
2286 1280 2412 1344 ideo
2437 1307 2667 1361 semper
2686 1296 2774 1345 est
2805 1291 3302 1346 incommutabilis
3339 1295 3644 1366 rectitudo,

2003 1385 2060 1434 et
2089 1380 2216 1433 ideo
2249 1380 2415 1450 quasi
2447 1384 2601 1434 stare
2635 1386 2784 1434 Deus
2815 1380 3444 1438 describiturJnmedio
3461 1394 3648 1440 autem

2001 1469 2120 1524 deos
2149 1467 2440 1540 dijui‘iicat,
2476 1468 2620 1522 alios
2653 1469 2871 1522 faciens
2903 1468 3215 1539 apostolos,
3241 1470 3386 1525 alios
3433 1472 3649 1530 faciens

2008 1556 2357 1628 prophetas;
2391 1556 2500 1622 vel,
2533 1557 2798 1623 diiudicat
2849 1557 2988 1624 deos,
3041 1562 3171 1612 ante
3202 1558 3340 1613 deos
3384 1560 3648 1617 faciendo

2003 1645 2117 1699 alia
2170 1662 2310 1699 vasa
2339 1645 2396 1697 in
2458 1645 2757 1711 honorem,
2793 1645 2907 1699 alia
2935 1649 2993 1699 in
3025 1646 3467 1704 contumeliam.
3503 1649 3650 1706 Nota

2005 1735 2158 1804 quod
2190 1732 2349 1800 dicit,
2386 1749 2522 1787 nam
2558 1734 2657 1804 qui
2689 1739 2775 1788 est
2806 1735 2865 1788 in
2900 1734 3088 1789 medio
3137 1735 3439 1806 aequaliter
3469 1755 3503 1792 a
3533 1738 3645 1792 cir-

2004 1821 2436 1876 cumstantibus
2495 1821 2742 1889 videtur,
2803 1827 2857 1876 et
2915 1822 3051 1894 quia
3107 1829 3258 1878 Deus
3319 1827 3651 1882 communis

2007 1915 2094 1965 est
2124 1911 2422 1973 omnibus,
2455 1914 2604 1965 recte
2633 1913 2688 1965 in
2719 1911 2896 1966 medio
2932 1911 3157 1982 positus
3200 1912 3436 1968 dicitur.
3489 1915 3652 1971 Unde

2007 1998 2146 2053 illud
2173 2016 2184 2052 :
2208 1999 2410 2054 Medius
2430 2009 2667 2054 vestrum
2684 2002 2835 2054 stetit
2856 2017 3013 2069 quem
3036 2017 3124 2056 vos
3143 2003 3362 2057 nescitis
3385 2005 3561 2069 (Joan.
3589 2007 3650 2077 ι).

2010 2090 2286 2158 Usquequo
2310 2088 2575 2160 judicatis
2605 2090 2993 2158 iniquitatem?
3024 2089 3198 2152 Quasi
3222 2090 3411 2145 dicat:
3447 2093 3507 2146 Si
3553 2095 3652 2163 ju-

2009 2177 2215 2231 dicatis
2239 2177 2607 2248 iniquitatem
2636 2178 2691 2231 in
2717 2177 2898 2232 servis
2921 2177 3254 2233 occidendis
3270 2179 3467 2234 missis
3483 2182 3554 2235 ad
3579 2181 3657 2236 vi-

2010 2282 2178 2319 neam
2191 2270 2403 2329 ,tamen
2422 2282 2490 2318 ne
2507 2265 2752 2335 injustej
2765 2265 3007 2319 udicetis
3023 2266 3238 2320 missos
3253 2265 3655 2324 haerede.Pra:-

2011 2353 2178 2408 missi
2208 2353 2363 2408 enim
2399 2355 2634 2408 fuerunt
2664 2353 2954 2424 prophetis
2987 2358 3052 2408 ut
3092 2355 3319 2409 vineam
3379 2355 3656 2428 colerent,

2013 2459 2159 2513 quos
2179 2441 2264 2496 vel
2288 2441 2660 2496 contumeliis
2682 2441 3068 2510 aﬁ‘ecistis,vel
3085 2443 3325 2497 omnino
3340 2444 3654 2502 occidistis.

2015 2531 2194 2586 Misso
2229 2535 2423 2584 autem
2439 2529 2685 2592 hmrede,
2711 2530 2946 2584 tandem
2963 2534 3155 2584 cavete
3169 2530 3658 2601 injustejudicare

2011 2636 2111 2674 vos
2143 2636 2175 2673 o
2208 2620 2478 2688 majores.
2505 2618 2617 2672 Vos
2647 2624 2841 2672 autem
2867 2619 3142 2684 minores,
3166 2635 3472 2692 usquequo
3487 2625 3656 2692 [acies

2007 2716 2348 2780 peccatorum
2372 2709 2606 2769 sumitis,
2628 2706 2683 2760 id
2704 2713 2813 2770 est,
2840 2723 3146 2779 usquequo
3169 2708 3432 2778 patribus
3445 2713 3654 2767 vestris

2011 2795 2479 2859 conformamini,
2515 2795 2713 2866 inique
2743 2795 2825 2850 eis
2879 2797 3344 2852 consentiendo?
3398 2799 3648 2856 Judicate

2010 2901 2174 2954 egeno
2203 2884 2498 2954 etpupillo.
2532 2883 2799 2952 Pupillus
2829 2889 2920 2938 est
2950 2884 3051 2955 qui
3084 2889 3244 2956 patre
3275 2893 3451 2955 caret,
3513 2887 3650 2944 licet

2013 2978 2255 3029 matrem
2287 2973 2516 3028 habeat.
2549 2974 2709 3038 Quod
2743 2974 3009 3028 convenit
3039 2974 3307 3042 Domino,
3333 2977 3472 3047 quia
3503 2977 3658 3033 sicut

2011 3061 2359 3117 aeternaliter
2387 3061 2568 3115 voluit
2597 3078 2724 3116 esse
2755 3062 2880 3116 sine
2911 3066 3117 3128 matre,
3148 3063 3229 3118 ita
3257 3065 3658 3135 temporaliter

2011 3150 2194 3206 voluit
2223 3167 2349 3206 esse
2381 3151 2507 3204 sine
2539 3155 2700 3220 patre
2725 3166 2738 3202 :
2761 3151 2914 3220 quod
2938 3151 3099 3217 dicit,
3135 3153 3370 3212 iudicate
3407 3171 3574 3224 egeno
3603 3160 3657 3212 et

257 3243 417 3295 unde
449 3241 691 3296 saturati
727 3245 863 3296 sunt
894 3241 1182 3313 sapientia
1239 3240 1450 3295 Christi
1520 3241 1631 3294 fuit
1677 3241 1733 3293 in
1788 3256 1905 3309 qua
1933 3222 1975 3287 Ε
2011 3241 2243 3310 pupillo,
2277 3238 2332 3292 id
2358 3243 2466 3304 est,
2494 3238 2564 3291 ad
2587 3237 2867 3293 honorem
2890 3239 3054 3309 egeni
3080 3245 3135 3293 et
3162 3222 3449 3311 pupilli,et
3467 3243 3654 3298 humi-

259 3330 432 3384 multi
452 3329 898 3399 delectantur,in
924 3329 1270 3399 cogitatione
1290 3327 1559 3382 videlicet
1579 3343 1907 3382 sacramen-

259 3423 479 3488 torum,
505 3423 560 3473 et
584 3417 642 3472 in
658 3417 948 3473 solutione
973 3415 1376 3487 parabolarum
1401 3417 1529 3486 ejus
1552 3421 1607 3470 et
1629 3414 1903 3470 clamant.

261 3507 421 3563 Nihil
453 3507 682 3577 melius,
717 3506 859 3561 nihil
893 3505 1130 3560 dulcius
1158 3503 1402 3576 intelligi
1431 3503 1519 3559 vel
1551 3505 1663 3559 dici
1696 3504 1903 3574 potuit.

258 3601 383 3651 Hoc
415 3596 528 3651 mel
561 3614 674 3651 non
707 3597 776 3650 de
809 3593 1074 3666 quolibet
1103 3594 1360 3661 homine,
1383 3594 1481 3648 sed
1502 3594 1572 3648 de
1595 3598 1755 3665 petra
1779 3610 1907 3648 con-

262 3685 452 3750 ﬂuxit,
487 3694 646 3756 petra
668 3694 848 3739 autem
879 3687 993 3738 erat
1029 3683 1271 3738 Christus
1301 3683 1345 3753 (I
1380 3683 1498 3738 Cor.
1534 3684 1610 3753 Χ).

783 3790 1111 3844 PSALMUS
1151 3789 1378 3844 LXXXI.

831 3879 1097 3917 PSALMUS
1135 3878 1336 3915 ASAPH.

335 3976 362 4002 ‹‹
399 3953 551 4007 Deus
579 3951 804 4006 stetitin
831 3967 1126 4023 synagoga
1151 3951 1476 4018 deorum,in
1503 3950 1694 4005 medio
1712 3954 1904 4004 autem

263 4065 292 4091 ‹‹
329 4042 466 4095 deos
489 4039 791 4110 dijudicat.
818 4038 1433 4110 Usquequojudicatis
1455 4037 1909 4108 iniquitatem,et

261 4153 290 4178 ‹‹
323 4129 499 4184 facies
532 4134 902 4200 peccatorum
926 4127 1160 4181 sumitis
1183 4127 1210 4179 ?
1231 4126 1499 4181 Judicate
1520 4142 1700 4197 egeno
1723 4131 1779 4180 et
1800 4143 1908 4196 pu-

263 4217 512 4290 «jpillo.h
525 4217 760 4271 umilem
777 4222 833 4271 et
859 4233 967 4287 pau
980 4232 1167 4287 perem
1181 4215 1744 4286 justiﬁcate.Eripite
1764 4231 1906 4285 pau-

262 4329 291 4357 ‹‹
327 4323 547 4377 perem,
581 4311 635 4360 et
668 4321 914 4376 egenum
958 4305 1029 4358 de
1063 4320 1241 4358 manu
1274 4304 1593 4374 peccatoris
1645 4303 1904 4358 liberate.

263 4417 292 4445 ‹‹
323 4391 1397 4463 Nescicrunt,nequeintellexerunt,in
1419 4390 1676 4446 tenebris
1701 4391 1906 4446 ambu-

260 4505 289 4532 α
326 4483 476 4537 lant:
514 4482 902 4536 movebuntur
932 4479 1128 4534 omnia
1160 4479 1541 4534 fundamenta
1571 4486 1756 4534 terrae.
1791 4480 1908 4552 Ego

2017 3328 2122 3380 lem
2152 3326 2210 3379 in
2238 3325 2346 3378 hoc
2368 3324 2591 3394 judicio
2624 3326 2862 3388 factum,
2894 3331 3282 3396 etpauperem,
3317 3345 3450 3382 cum
3492 3331 3655 3386 dives

2017 3417 2188 3478 esset,
2221 3428 2324 3482 pro
2355 3411 2523 3465 nobis
2556 3412 3135 3482 factum,justiﬁcate,
3169 3414 3225 3467 id
3259 3418 3367 3478 est,
3424 3417 3652 3483 justum
3701 3433 3706 3436 ·

2016 3500 2148 3556 aliis
2180 3499 2504 3571 praedicata.
2524 3500 2743 3567 Eripite
2755 3504 3127 3570 pauperem,et
3147 3518 3379 3571 egenum
3401 3503 3465 3558 de
3486 3521 3656 3559 manu

2010 3591 2311 3661 peccatoris
2342 3589 2584 3642 liberate.
2619 3588 2736 3642 Hoc
2758 3588 2978 3643 dictum
3007 3595 3096 3646 est
3123 3594 3193 3645 ad
3219 3593 3494 3659 minores,
3519 3595 3658 3666 quia

2017 3695 2149 3734 cum
2176 3682 2261 3733 tot
2289 3682 2483 3732 essent
2515 3677 2584 3732 de
2616 3676 2944 3753 minoribus
2977 3684 3040 3732 ut
3062 3679 3355 3751 principes
3375 3697 3475 3736 eos
3493 3683 3656 3739 time-

2017 3773 2144 3822 rent
2178 3784 2291 3822 non
2309 3765 2649 3822 debuissent
2670 3765 2996 3821 consentire
3020 3773 3084 3822 ut
3127 3767 3419 3840 principes
3439 3769 3658 3841 injuste

2017 3857 2313 3913 Christum
2346 3856 2730 3910 occidendum
2754 3855 3118 3922 tradiderint,
3144 3857 3281 3928 quia
3303 3857 3530 3929 quoties
3553 3858 3659 3914 ali-

2018 3947 2149 4017 quis
2180 3946 2395 4015 injuste
2413 3944 2740 3998 vindicatur
2760 3961 2792 3997 a
2807 3944 3190 4016 principibus,
3216 3946 3385 4002 debet
3403 3948 3658 4020 apopulo

2022 4035 2275 4098 liberari,
2309 4033 2357 4087 si
2390 4032 2498 4086 hoc
2538 4031 2691 4086 videt
2722 4031 2974 4103 populus
3005 4035 3159 4104 quod
3184 4036 3309 4090 sine
3331 4037 3453 4091 rixa
3477 4037 3662 4109 possit

2018 4123 2160 4177 ﬁeri.
2195 4122 2520 4175 Nescieru-nt
2544 4135 2724 4190 neque
2762 4122 3179 4178 intellexerunt.
3242 4125 3413 4190 Quasi
3464 4126 3654 4182 dicat:

2020 4213 2134 4282 Ego
2166 4209 2508 4264 sicadorsus
2533 4225 2664 4263 sum
2683 4210 3033 4279 majores,ne
3055 4213 3656 4283 injustejudicarent;

2017 4304 2074 4355 et
2103 4297 2374 4357 minores,
2411 4314 2482 4351 ne
2512 4297 3136 4367 injusteconsentirent
3165 4301 3305 4372 :ipsi
3327 4305 3520 4356 tamen
3538 4318 3679 4356 ma-~

2012 4390 2172 4455 jores
2202 4387 2527 4450 nescierunt,
2561 4403 2745 4457 neque
2777 4388 3034 4442 minores
3066 4387 3488 4453 intellexerunt,
3523 4389 3663 4458 quia

2018 4478 2066 4530 si
2087 4477 2336 4545 majores
2365 4476 2751 4542 cognovissent,
2783 4493 3070 4545 nunquam
3117 4477 3409 4530 Dominum
3465 4477 3663 4548 gloria:

263 4595 286 4624 ι
319 4571 478 4625 dixi:
513 4571 598 4624 Dii
630 4571 793 4633 estis,
828 4575 883 4623 et
915 4568 1016 4622 ﬁlii
1050 4567 1268 4622 Excelsi
1302 4583 1524 4622 omnes.
1557 4567 1672 4622 Vos
1711 4573 1908 4622 autem
1943 4586 1987 4649 D
2019 4565 2419 4634 cruciﬁxissent
2476 4563 2619 4633 (Cor.
2660 4564 2721 4632 ii)
2746 4582 2766 4626 ;
2813 4563 2922 4633 vel,
2973 4564 3021 4617 si
3070 4562 3494 4619 intellexissent
3551 4565 3664 4619 mi-

267 4685 286 4708 -
327 4659 764 4715 sicutbomines
789 4656 1138 4723 moriemini,
1173 4660 1227 4711 et
1248 4656 1400 4711 sicut
1430 4673 1584 4711 unus
1605 4657 1674 4712 de
1696 4656 1909 4728 princi-

266 4773 292 4797 «ι
327 4749 502 4819 pibus
535 4747 773 4802 cadetis.
809 4748 1013 4817 Surge,
1049 4746 1222 4811 Deus,
1249 4746 1453 4815 judica
1491 4751 1726 4816 terram,
1768 4761 1911 4816 quo-

261 4861 289 4882 ‹‹
327 4837 487 4892 niam
518 4841 582 4892 tu
602 4835 977 4892 haereditabis
1009 4835 1066 4889 in
1091 4835 1365 4889 omnibus
1387 4833 1677 4904 gentibus.
1706 4857 1732 4881 »

889 4926 1018 4979 ENA
1029 4924 1288 4980 RRATIO.

341 5016 712 5088 Prophetain
743 5015 853 5070 hoc
893 5013 1120 5085 psalmo
1179 5017 1379 5067 contra
1431 5011 1666 5067 Judaeos
1723 5011 1912 5082 loqui-

261 5109 382 5168 tur,
417 5103 672 5159 minores
703 5108 758 5159 ct
789 5104 1077 5172 majores:
1112 5100 1468 5155 exhortando
1518 5101 1788 5170 majores,
1849 5105 1914 5155 ut

265 5194 313 5248 si
353 5193 568 5262 injuste
590 5193 1002 5263 judicaverunt
1032 5191 1090 5244 in
1125 5189 1306 5244 servis
1338 5189 1408 5243 ad
1442 5188 1670 5243 vineam
1715 5189 1914 5245 missis

261 5281 678 5348 occidendis,et
706 5281 958 5336 minores
981 5280 1198 5348 injuste
1219 5283 1673 5343 consenserunt;
1704 5277 1910 5332 saltem

261 5370 450 5425 misso
474 5369 720 5428 herede.
746 5370 998 5438 majores
1019 5384 1130 5421 non
1155 5366 1372 5436 injuste
1387 5365 1677 5435 judicent,
1700 5366 1788 5420 vel
1812 5365 1915 5420 mi-

267 5475 442 5514 nores
473 5457 695 5529 injuste
724 5461 808 5512 eis
840 5456 1224 5512 consentiant.
1259 5456 1327 5509 Et
1351 5453 1491 5508 dicit
1520 5454 1604 5508 sic
1635 5453 1832 5524 Asaph
1863 5472 1875 5508 :

335 5549 478 5602 Deus
506 5550 652 5603 stetit
696 5550 753 5602 in
783 5562 1059 5617 synagoga
1114 5544 1346 5599 deorum
1398 5545 1459 5596 in
1512 5541 1688 5597 medio
1735 5546 1915 5598 autem

258 5639 390 5699 deos
417 5635 703 5710 dijudicat.
737 5634 914 5706 Quasi
944 5635 1138 5692 dicat:
1170 5632 1284 5691 Vos
1311 5630 1589 5690 laboratis
1611 5631 1684 5692 ad
1719 5630 1829 5692 hoc
1850 5636 1916 5693 ut

2022 4671 2224 4719 nores,
2248 4667 2552 4724 nunquam
2611 4651 2924 4705 Barrabam
2978 4650 3282 4722 petiissent
3337 4652 3574 4723 dimitti,
3608 4659 3667 4710 et

2021 4743 2221 4798 Jesum
2254 4740 2539 4813 cruciﬁgi,
2572 4739 2726 4811 quod
2760 4739 2916 4807 dicit,
2952 4741 3277 4796 nescierumt
3301 4758 3477 4814 neque
3506 4745 3666 4800 intel-

2027 4831 2303 4886 lexerunt.
2331 4831 2396 4884 Et
2415 4829 2522 4884 hoc
2546 4845 2723 4899 quare
2745 4827 2772 4881 ?
2803 4828 2948 4892 Quia
2976 4829 3036 4882 in
3065 4830 3303 4886 tenebris
3355 4833 3662 4904 ambulant,

2023 4921 2367 4990 repellentes
2398 4935 2431 4972 a
2461 4935 2521 4972 se
2554 4933 2746 4971 veram
2783 4917 2990 4983 lucem,
3023 4934 3150 4989 quae
3183 4919 3478 4975 illuminat
3535 4937 3662 4976 om-

2023 5025 2154 5062 nem
2187 5008 2503 5062 hominem.
2541 5005 2700 5060 Unde
2726 5005 2909 5060 illud:
2945 5008 3064 5061 Lua:
3115 5010 3175 5061 in
3227 5010 3464 5063 tenebris
3523 5009 3666 5063 lucet

2020 5101 2072 5151 et
2121 5097 2351 5151 tenebrae
2418 5111 2538 5149 eam
2592 5110 2702 5148 non
2784 5095 3305 5165 comprehenderunt
3359 5095 3540 5165 (Joan.
3600 5097 3662 5165 ι).

2023 5186 2372 5241 Movebuntur
2425 5183 2617 5238 omnia
2669 5181 3028 5252 fundamenta
3076 5186 3262 5238 terrae.
3317 5182 3532 5238 Omnes
3605 5183 3664 5237 in

2024 5274 2183 5330 omni
2215 5271 2432 5344 praelati
2468 5276 2621 5325 terra
2661 5269 2802 5324 moti
2833 5273 2972 5323 sunt
3001 5269 3084 5323 vel
3116 5270 3188 5324 ad
3248 5270 3424 5326 ﬁdem
3471 5270 3560 5325 vel
3591 5271 3666 5327 ad

2023 5361 2541 5433 perturbationem.
2574 5357 2675 5412 Vel
2706 5357 3064 5412 movebuntur
3089 5358 3452 5429 fundamenta
3482 5367 3664 5431 terra,

2024 5468 2158 5524 spes
2190 5448 2456 5503 videlicet
2487 5452 2873 5511 terrenorum,
2908 5445 2966 5500 in
3018 5447 3235 5517 quibus
3293 5449 3668 5504 conﬁdebant

2022 5539 2236 5595 terreni
2271 5536 2585 5609 principes.
2638 5535 2799 5590 Unde
2835 5533 3018 5589 illud:
3057 5536 3273 5591 Transit
3330 5537 3569 5592 mundus
3614 5541 3668 5594 et

2020 5627 2461 5710 concupiscentia
2481 5625 2601 5702 ejus
2621 5625 2666 5700 (Ι
2700 5629 2868 5683 Joan.
2904 5624 2990 5697 ιι).
3057 5623 3161 5683 Vel
3194 5625 3264 5684 ad
3296 5623 3554 5690 litteram
3583 5625 3666 5690 di.
3703 5624 3718 5634 '
