4014 6194
342 340 465 410 579

908 339 1211 403 REMIGII
1255 336 2009 402 ANTISSIODORENSIS
2055 337 2227 400 OPP.
2279 340 2478 401 PARS
2523 339 2571 399 Ι.
2605 355 2680 384 -‘-—
2710 335 3178 398 EXEGETIGA.

3632 325 3759 393 580

342 488 572 540 camus,
605 471 972 528 movebuntur
999 475 1188 528 omnia
1215 474 1577 544 fundamenta
1606 478 1808 538 terrae,
1852 471 1992 543 quia
2020 472 2074 539 Α
2106 470 2967 544 ultimistemporibus,quando
2981 467 3380 524 Antichristus
3401 464 3760 522 saevietcon-

339 560 589 617 Domino
620 561 908 632 pendente
933 561 990 616 in
1023 577 1211 628 cruce,
1246 565 1613 618 terraemotus
1657 561 1845 616 factus
1901 562 1992 615 est

341 665 613 722 magnus.
645 650 754 719 Ego
782 648 901 704 dixi
920 667 941 704 :
977 651 1076 706 Dii
1103 651 1236 706 estis
1263 657 1315 706 et
1363 650 1471 719 ﬁlii
1519 651 1732 705 Excelsi
1785 664 1984 704 omnes.

338 737 620 810 Superius
641 738 1022 793 continuatur
1052 739 1137 794 sic
1161 755 1174 794 :
1214 743 1360 794 Deus
1388 739 1556 805 stetit,
1585 737 1788 793 dicens
1812 753 1825 792 :
1870 741 1986 810 Ego

333 828 456 883 dixi
473 843 486 882 :
519 827 612 881 Dii
635 827 765 882 estis
798 834 849 882 et
867 827 981 896 ﬁlii
1009 828 1227 883 Επειδί
1245 843 1447 884 omnes.
1469 825 1646 890 Quasi
1669 826 1826 881 dicat
1849 826 1986 885 :Vos

335 931 561 983 omnes,
594 915 644 971 si
675 914 886 970 imitati
920 931 1014 971 me
1043 914 1272 981 essetis,
1304 916 1446 971 deos
1474 915 1659 970 facere
1684 915 1986 986 proposui,

332 1004 688 1060 assumendo
716 1020 819 1060 vos
852 1020 1106 1071 mecum,
1131 1009 1196 1058 ut
1226 1003 1372 1058 mihi
1402 1004 1611 1059 essetis
1634 1002 1981 1069 cohaeredes.

332 1094 442 1150 Vos
473 1109 678 1149 omnes
697 1093 894 1149 vocavi
919 1093 1072 1149 filios
1095 1093 1336 1159 Excelsi,
1353 1092 1504 1149 ﬁlios
1527 1111 1641 1149 non
1659 1093 1982 1149 asubstan-

336 1182 419 1237 tia
445 1184 574 1254 ejus
597 1181 848 1254 genitos,
873 1183 974 1238 sed
997 1199 1100 1254 per
1145 1182 1393 1254 gratiam
1443 1188 1781 1254 assumptos
1810 1199 1823 1236 :
1890 1183 1983 1238 Vos

335 1280 520 1327 autem
544 1273 688 1326 sicut
716 1270 967 1326 homines
994 1270 1398 1338 moriemini,id
1417 1271 1592 1336 est,in
1615 1270 1869 1343 peccatis
1889 1288 1982 1326 ve-

330 1361 469 1415 stris
484 1359 1206 1431 permanentes,imitando
1222 1359 1440 1430 primos
1456 1365 1725 1431 parentes
1736 1363 1979 1427 vestros,

328 1448 428 1518 qui
472 1463 574 1520 per
622 1447 1080 1502 inobedientiam
1113 1465 1146 1503 a
1193 1449 1310 1504 Deo
1353 1452 1855 1519 apostataverunt.
1917 1453 1986 1503 Et

323 1538 467 1590 sicut
495 1551 642 1591 unus
670 1535 735 1590 de
755 1536 1326 1606 principibuscadetis.
1352 1535 1514 1590 Unus
1533 1535 1638 1590 fuit
1657 1537 1726 1590 de
1752 1553 1784 1607 p
1800 1536 1976 1590 rinci-

323 1623 500 1694 pibus
531 1623 630 1694 qui
663 1623 1072 1680 d1xit:Ponam
1093 1624 1290 1680 sedem
1316 1640 1506 1680 meam
1539 1625 1610 1678 ad
1638 1623 1977 1695 aquilonem

319 1716 376 1766 et
396 1728 486 1768 ero
515 1712 730 1768 similis
751 1713 1024 1768 Altissimo
1057 1714 1180 1784 (lsa.
1234 1719 1348 1781 xw)
1377 1732 1388 1780 ;
1451 1713 1549 1768 sed
1603 1713 1740 1784 quia
1798 1712 1976 1768 nimis

320 1815 382 1854 se
413 1799 686 1856 extollere
715 1800 917 1870 voluit,
944 1801 1072 1856 ideo
1095 1802 1299 1857 cadere
1322 1800 1748 1872 meruitzcujus
1779 1817 1970 1857 exem-

320 1886 413 1958 plo
443 1904 647 1945 omnes
677 1889 896 1944 cadunt
925 1889 1023 1961 qui
1054 1906 1158 1961 per
1185 1889 1493 1945 elationem
1555 1906 1615 1943 se
1662 1888 1965 1944 extollunt.

316 1975 512 2047 Surge,
545 1977 706 2044 Deus,
731 1978 928 2049 judice
959 1987 1187 2043 terram,
1221 1981 1482 2050 quoniam
1511 1981 1571 2033 tu
1609 1979 1968 2034 haereditabis

316 2065 374 2118 in
387 2068 638 2121 omnibus
657 2067 932 2136 gentibus.
959 2067 1094 2138 Ipsi,
1121 2067 1405 2122 imitando
1427 2067 1650 2137 primos
1674 2072 1965 2138 parentes,

315 2152 682 2209 moriuntur:
716 2159 780 2210 tu
811 2158 1010 2210 autem
1041 2171 1239 2226 surge,
1275 2160 1337 2210 ut
1363 2156 1595 2226 judices
1626 2160 1864 2220 terram,
1910 2155 1966 2209 id

312 2245 420 2312 est,
446 2245 646 2314 patere
679 2248 731 2300 te
756 2244 1011 2314 judicari
1043 2244 1368 2298 secundum
1400 2243 1854 2310 humanitatem,
1885 2261 1970 2298 re-

314 2344 489 2401 surge
522 2333 847 2387 secundum
878 2332 1244 2388 divinitatem
1272 2350 1284 2400 ;
1318 2338 1375 2388 et
1397 2333 1481 2388 sic
1503 2333 1710 2404 judica
1728 2338 1965 2398 terram,

317 2416 374 2472 id
389 2423 498 2488 est,
520 2425 756 2491 gentem
779 2419 1246 2494 Judaicam,quae
1269 2421 1474 2477 statuit
1489 2420 1687 2476 oculos
1703 2438 1841 2477 suos
1865 2423 1965 2476 de-

315 2505 530 2560 clinare
556 2508 612 2560 in
634 2515 847 2562 terram
874 2525 888 2574 ;
923 2509 1078 2579 quod
1098 2510 1363 2564 facturus
1382 2526 1467 2575 es,
1487 2509 1628 2580 quia
1653 2524 1964 2580 resurgens

313 2591 667 2648 haereditabis
689 2595 747 2647 in
775 2595 1595 2666 omnibusgentibus,quoniam
1620 2596 1775 2652 Deus
1796 2602 1966 2652 Pater

314 2678 476 2734 dabit
504 2679 607 2734 tibi
640 2687 845 2752 gentes
866 2681 1260 2738 hereditatem
1278 2688 1440 2738 tuam
1458 2688 1514 2740 et
1532 2684 1961 2755 possessionem

314 2771 478 2823 tuam
509 2768 794 2825 terminos
814 2774 999 2824 terras.

814 2875 1140 2931 PSALMUS
1199 2875 1460 2932 LXXXII.

744 2962 1034 3002 CANTICUM
1084 2963 1288 3003 PSALMI
1329 2964 1508 3004 ASAPH
1519 2991 1531 3004 .

232 3101 237 3106 η
387 3053 415 3083 ‹‹
448 3033 622 3101 Deus,
657 3035 792 3106 quis
822 3034 1031 3090 similis
1061 3036 1172 3091 erit
1201 3035 1358 3092 tibi?
1390 3053 1460 3092 ne
1509 3042 1724 3107 taceas,
1770 3055 1957 3110 neque

319 3142 345 3170 α
377 3122 786 3193 compescaris,
823 3128 1012 3179 Deus:
1045 3125 1322 3195 quoniam
1339 3141 1468 3180 ecce
1489 3125 1711 3180 inimici
1741 3127 1826 3182 tui
1859 3144 1956 3183 so-

319 3232 347 3258 ‹‹
378 3215 631 3266 nuerunt
658 3228 670 3266 :
705 3217 763 3267 et
794 3212 891 3283 qui
924 3213 1173 3269 oderunt
1201 3218 1278 3279 te,
1302 3213 1636 3270 extulerunt
1657 3216 1964 3288 caput.Su-
1994 3195 2036 3261 (ἶ

313 3320 340 3346 ‹‹
376 3313 480 3370 per
524 3300 806 3372 populum
870 3305 1043 3357 tuum
1104 3302 1572 3374 malignaverunt
1627 3304 1961 3373 consilium,

318 3389 772 3462 «cogitaverunt
800 3391 1081 3447 adversus
1137 3397 1374 3447 sanctos
1430 3398 1582 3448 tuos.
1647 3393 1958 3452 Dixerunt:

321 3498 349 3524 ‹‹
376 3475 580 3532 Venite
610 3483 666 3535 et
693 3479 1215 3550 disperdamuseos
1245 3481 1316 3536 de
1352 3488 1544 3553 gente,
1577 3487 1635 3536 et
1683 3499 1798 3539 non
1839 3499 1960 3539 me-

315 3587 342 3613 a
381 3569 640 3622 moretur
669 3583 881 3623 nomen
914 3567 1090 3625 Israel
1124 3567 1298 3625 ultra.
1333 3569 1619 3635 Quoniam
1680 3571 1962 3644 cogitave-

319 3675 347 3702 ‹‹
382 3658 520 3715 runt
551 3655 1114 3725 unanimiter,simul
1145 3658 1523 3714 adversumte
1539 3665 1960 3716 testamentum

308 3764 336 3792 ‹‹
367 3742 804 3816 disposuerunt,
838 3745 1218 3802 tabernacula
1242 3747 1631 3802 Idumaeorum
1651 3753 1708 3803 et
1739 3751 1958 3805 lsmae—

306 3853 335 3881 α
363 3830 478 3887 lite
503 3849 517 3889 :
549 3833 716 3890 Moab
745 3839 801 3890 et
829 3833 1102 3907 Agareni,
1124 3833 1387 3902 Gebal,et
1405 3838 1676 3902 Ammon,
1701 3842 1759 3891 et
1783 3843 1957 3892 Ama-

2099 564 2190 616 tra
2220 560 2441 631 fideles,
2476 558 2737 632 praedicit
2766 575 2886 625 eas,
2918 575 2992 614 ne
3048 556 3250 613 fideles
3306 571 3438 612 cum
3493 553 3758 609 viderint

2100 650 2408 706 imminere
2461 647 2892 713 tribulationes,
2927 645 3272 702 admirando
3315 646 3748 708 deterreantur,

2099 756 2232 794 cum
2264 744 2426 795 tanto
2458 743 2721 810 tempore
2751 737 3091 809 praedictum
3125 734 3204 791 sit
3223 734 3307 790 eis
3337 734 3492 806 quod
3515 749 3619 789 eos
3649 732 3755 787 tri-

2098 827 2288 884 bulari
2313 831 2558 899 oportet,
2593 826 2734 897 quia
2753 825 2957 897 jacula
2985 824 3229 898 praevisa
3257 823 3456 878 minus
3490 826 3708 878 nocent
3735 839 3750 889 ;

2098 923 2152 971 et
2182 916 2268 972 sic
2299 915 2476 972 dicit:

2165 1004 2327 1072 Deus,
2361 1006 2482 1076 quis
2505 1002 2840 1073 similis'jerit
2861 1002 2964 1056 tibi
2983 1003 3010 1056 ?
3037 1017 3108 1057 ne
3135 1009 3338 1067 taceas,
3369 1014 3542 1072 neque
3599 1014 3749 1054 com-

2090 1095 2352 1164 pescaris,
2385 1095 2544 1148 Deus.
2574 1093 2752 1156 Quasi
2784 1092 2973 1146 dicat:
3009 1090 3186 1157 Deus,
3219 1089 3318 1163 qui
3341 1089 3494 1145 inter
3523 1088 3752 1160 impios

2091 1181 2416 1252 computari
2436 1179 2844 1245 voluisti,cum
2866 1178 3192 1234 latronibus
3213 1177 3475 1249 crucifigi
3497 1195 3511 1245 ;
3533 1177 3641 1233 sed
3665 1182 3752 1232 ta-

2093 1285 2226 1324 men
2259 1269 2393 1341 quis
2416 1269 2675 1340 priorum
2709 1268 2820 1324 erit
2848 1267 2952 1322 tibi
2984 1266 3222 1333 similis,
3254 1283 3388 1322 cum
3433 1265 3493 1322 in
3556 1265 3752 1340 gloria

2091 1355 2696 1428 apparueris?Nullus
2716 1356 2939 1428 utique.
2976 1356 3077 1410 Vel
3097 1354 3293 1411 aliter:
3323 1355 3612 1410 Miserum
3632 1353 3750 1410 hn-

2091 1460 2333 1501 manum
2369 1462 2554 1518 genus
2586 1445 2690 1499 tibi
2721 1443 3038 1501 assimilari
3058 1444 3426 1509 studet,dum
3450 1443 3621 1516 eligit
3647 1444 3748 1517 agi

2090 1550 2158 1587 ex
2188 1535 2421 1606 pr0pria
2451 1532 2852 1605 dispositione,
2885 1533 3040 1603 quod
3089 1531 3154 1588 fit
3213 1537 3317 1586 tua
3357 1531 3748 1604 praedestina-

2090 1621 2247 1677 tione
2277 1627 2333 1678 et
2355 1622 2648 1678 voluntate
2673 1623 2802 1688 ;sed
2827 1626 3019 1676 tamen
3046 1621 3180 1692 quis
3195 1620 3300 1676 tibi
3319 1619 3573 1676 similis?
3596 1619 3746 1676 Nul-

2089 1709 2181 1765 lus
2214 1711 2454 1782 utique;
2489 1717 2545 1766 et
2574 1716 2768 1766 tamen
2793 1709 3010 1782 pateris
3039 1709 3287 1765 similari
3341 1710 3446 1765 tibi
3497 1709 3743 1781 impios,

2090 1815 2204 1854 non
2238 1800 2448 1870 subjici
2481 1799 2604 1854 tibi.
2638 1797 2738 1854 Vel
2771 1803 2961 1871 potest
2983 1797 3246 1870 psalmus
3272 1798 3379 1854 iste
3403 1799 3743 1856 continuari

2087 1887 2199 1943 sic:
2229 1889 2302 1943 Tu
2331 1887 2684 1945 haereditabis
2716 1890 2775 1943 in
2807 1888 3059 1944 omnibus
3090 1888 3362 1958 gentibus,
3413 1888 3516 1942 sed
3574 1887 3742 1960 prius

2086 1977 2143 2030 in
2162 1975 2503 2033 infirmitate
2534 1975 2883 2048 cumimpiis
2907 1975 3738 2048 deputaberis,interlatrones

2080 2065 2390 2120 cruciﬁxus
2410 2065 2544 2121 eris.
2569 2069 2712 2120 Cum
2733 2069 2928 2120 autem
2947 2065 3290 2136 apparueris
3307 2064 3366 2119 in
3381 2063 3737 2137 gloria,quis

2080 2152 2341 2223 priorum
2375 2153 2486 2208 erit
2518 2153 2618 2209 tibi
2652 2153 2868 2209 similis
2887 2154 2915 2207 ‘I
2943 2157 3026 2208 Ne
3054 2159 3264 2217 taceas,
3291 2169 3467 2224 neque
3513 2169 3732 2225 compe-

2077 2243 2266 2307 scaris,
2299 2244 2456 2298 Deus.
2484 2243 2688 2298 Tacuit
2721 2241 2905 2314 prius,
2936 2243 3183 2313 quando_
3202 2242 3354 2297 sicut
3372 2242 3497 2297 ovis
3513 2243 3735 2298 ductus

2078 2333 2133 2383 et
2161 2330 2234 2384 ad
2257 2330 2626 2394 occisionem,
2662 2337 2720 2386 et
2746 2347 2858 2386 non
2891 2331 3122 2402 aperuit
3137 2347 3202 2386 os
3223 2347 3400 2386 suum
3419 2332 3550 2401 (lsa.
3579 2332 3733 2402 un):

2077 2418 2260 2472 tacuit
2291 2437 2324 2474 a
2346 2416 2591 2490 judicio,
2625 2419 2759 2480 licet
2779 2437 2893 2475 non
2927 2436 2960 2474 a
2991 2424 3295 2492 praecepto.
3320 2420 3591 2477 Secundo
3622 2437 3728 2476 au-

2075 2508 2192 2560 tem
2225 2507 2486 2573 veniens,
2517 2525 2586 2563 ne
2608 2517 2778 2564 taceas
2808 2526 2842 2564 a
2863 2508 3106 2579 judicio,
3142 2508 3279 2564 licet
3307 2514 3552 2567 taceasa
3584 2527 3728 2582 prae-

2076 2597 2264 2665 cepto,
2307 2611 2482 2666 neque
2536 2598 2908 2668 compescaris,
2971 2599 3130 2652 Deus.
3165 2599 3593 2670 Compescuisti
3646 2604 3721 2668 te,

2074 2683 2306 2752 quando
2339 2685 2536 2740 dixisti
2552 2690 2607 2740 te
2619 2702 2792 2758 posse
2815 2685 3030 2742 habere
3052 2703 3086 2741 a
3116 2686 3282 2743 Patre
3311 2686 3623 2744 duodecim
3644 2686 3726 2744 le-

2070 2770 2278 2841 giones
2309 2774 2676 2844 angelorum,
2711 2774 2810 2847 qui
2845 2780 2900 2830 te
2955 2775 3362 2831 defenderent:
3424 2782 3481 2832 et
3529 2782 3726 2833 tamen

2070 2859 2223 2929 capi,
2253 2862 2528 2933 conspui,
2559 2863 2862 2935 ﬂagellari,
2879 2863 3143 2936 cruciﬁgi
3159 2870 3216 2920 te
3233 2865 3721 2937 permisisti.Quo-

2066 2949 2218 3003 niam
2247 2965 2366 3005 ecce
2399 2952 2622 3006 inimici
2651 2955 2736 3008 tui
2762 2957 3083 3009 sonuerunt.
3118 2958 3258 3010 Ecce
3283 2970 3388 3010 cur
3443 2955 3599 3021 dico,
3653 2970 3723 3012 ne

2068 3045 2266 3108 taceas,
2290 3042 2556 3110 quoniam
2581 3043 2805 3097 inimici
2825 3044 2930 3110 lui,
2963 3059 3289 3114 compresso
3315 3043 3473 3096 omni
3522 3048 3714 3108 metu,

2067 3137 2371 3183 sonuerunt
2406 3129 2688 3185 adversus
2746 3135 2918 3198 tuos;
2977 3134 3036 3186 et
3095 3131 3217 3186 ideo
3261 3130 3383 3185 dico
3435 3146 3503 3185 ne
3557 3146 3708 3185 com-

2071 3218 2337 3285 pescaris,
2370 3217 2649 3288 quoniam
2681 3220 2777 3291 qui
2807 3227 2858 3274 te
2904 3219 3130 3276 oderunt
3173 3219 3483 3275 extulerunt
3518 3227 3702 3290 caput,

2071 3303 2126 3357 id
2160 3308 2270 3370 est,
2304 3307 2621 3377 potentiam
2665 3325 2834 3363 suam
2857 3313 3242 3365 exercuerunt
3261 3313 3462 3364 contra
3484 3309 3715 3363 tuos.Et

2071 3394 2350 3463 quoniam
2379 3395 2722 3462 extulerunt,
2753 3397 3138 3469 subjungitur
3168 3415 3182 3452 :
3224 3398 3401 3468 Super
3453 3397 3718 3468 populum

2069 3489 2230 3535 tuum
2256 3483 3024 3551 malignaveruntconsilium,
3045 3485 3100 3540 id
3116 3485 3554 3553 est,deliberato
3578 3501 3719 3540 con-

2069 3567 2199 3624 silio
2217 3569 2526 3626 voluerunt
2539 3587 2600 3626 se
2616 3571 2888 3627 extollere
2903 3589 3082 3644 super
3103 3572 3388 3646 populum
3408 3575 3717 3640 tuum,mi-

2070 3674 2239 3712 nores
2270 3658 2554 3730 videlicet,
2581 3665 2639 3716 et
2668 3678 2781 3716 non
2805 3666 3028 3719 tantum
3056 3665 3257 3718 contra
3279 3662 3567 3735 populum
3591 3679 3717 3718 ma-

2069 3745 2437 3817 lignaverunt
2467 3747 2800 3816 consilium,
2835 3751 2934 3804 sed
2967 3750 3143 3806 etiam
3180 3753 3562 3823 cogitaverunt
3615 3751 3715 3806 ad-

2067 3849 2255 3888 versus
2274 3843 2487 3890 sanctos
2518 3840 2655 3904 tuos,
2688 3837 2952 3894 dicentes
2972 3839 3382 3912 unusquisque
3415 3839 3514 3894 alii
3539 3857 3551 3894 :
3618 3841 3717 3895 Ve-

191 4386 197 4393 -
306 4381 333 4408 «
367 4375 497 4419 rum
531 4360 684 4417 sicut
712 4361 882 4433 Oreb,
916 4365 974 4416 et
1000 4363 1132 4433 Zeb,
1177 4367 1236 4418 et
1278 4364 1480 4430 Zebee,
1532 4370 1588 4421 et
1638 4366 1951 4436 Salmana;

2067 3925 2184 3978 nite
2208 3925 2262 3978 et
2289 3921 2670 3994 disperdamus
2684 3941 2772 3981 eos
2793 3925 2856 3982 de
2883 3935 3062 3995 gente,
3105 3937 3158 3983 et
3212 3945 3328 3983 non
3383 3937 3718 3984 memoretur

2069 4028 2268 4066 nomen
2292 4012 2467 4068 Israel
2494 4012 2662 4068 ultra.
2700 4013 2767 4069 Et
2796 4031 2976 4086 quare
3014 4015 3123 4072 hoc
3143 4017 3170 4072 ‘l
3201 4018 3472 4086 Quoniam
3516 4019 3721 4087 cogita-

311 3940 338 3967 ‹‹
371 3919 478 3986 lec,
512 3921 854 3994 alienigenae
883 3940 1018 3978 cum
1050 3923 1702 3996 habitantibusTyrum.
1729 3925 1956 3981 Etenim

311 4027 339 4054 α
363 4012 550 4062 Assur
577 4009 730 4063 venit
763 4026 895 4064 cum
929 4011 1067 4083 illis,
1090 4012 1222 4068 facti
1254 4017 1394 4069 sunt
1421 4013 1481 4068 in
1498 4013 1857 4084 adjutorium
1891 4015 1956 4069 fi-

309 4114 337 4142 κ
369 4091 466 4148 liis
491 4098 608 4149 Lot.
634 4095 742 4150 Fac
771 4096 889 4153 illis
917 4098 1065 4154 sicat
1123 4101 1357 4157 Madian
1413 4106 1471 4157 et
1527 4102 1759 4172 Sisaraa,
1807 4103 1960 4158 sicut
2071 4104 2260 4156 verunt
2280 4103 2814 4171 unanimiter,simul
2837 4105 3181 4161 adversuste
3201 4111 3587 4163 testamentum
3606 4106 3724 4163 dis.

308 4201 335 4229 ‹‹
366 4179 540 4236 Jabin
572 4181 630 4237 in
659 4188 917 4263 torrente
946 4185 1172 4242 Cisson.
1207 4187 1610 4260 Disperierunt
1639 4190 1698 4245 in
1744 4191 1955 4262 Endor,
2061 4194 2382 4261 posuerunt,
2409 4189 2468 4245 id
2498 4195 2587 4246 est
2616 4195 2853 4262 pactum
2875 4192 3132 4249 inierunt
3162 4197 3364 4250 contra
3405 4199 3571 4251 tuos:
3623 4200 3720 4250 ta-

311 4288 333 4317 ι
367 4269 502 4338 facti
532 4275 672 4327 sunt
689 4275 754 4327 ut
797 4276 1024 4331 stercus
1081 4279 1268 4330 terrae.
1329 4276 1482 4332 Pone
1525 4278 1819 4350 principes
1867 4296 1958 4336 eo-
2066 4279 2363 4334 bernacula
2389 4279 2855 4348 Idumzeorumﬁd
2881 4286 3380 4351 estterrenorum;
3407 4289 3459 4339 et
3505 4283 3719 4340 Ismae-

2065 4369 2201 4434 litaz,
2233 4367 2290 4422 id
2325 4371 2413 4424 est
2441 4367 2552 4424 sibi
2585 4372 2641 4424 et
2689 4384 2808 4424 non
2871 4375 2983 4426 Deo
3043 4371 3398 4429 obedientes.
3457 4372 3610 4428 Moab
3660 4383 3724 4430 et

306 4464 572 4507 «omnes
603 4450 895 4523 principes
924 4467 1149 4521 eorum,
1193 4452 1294 4525 qui
1342 4452 1648 4510 dixerunt:
1708 4455 1955 4513 stredi-
2061 4456 2527 4527 Agareni,Gebal,
2575 4461 2628 4512 et
2672 4458 2921 4529 Ammon,
2979 4463 3028 4515 et
3085 4461 3323 4528 Amalec,
3376 4461 3721 4530 alienigena!

306 4560 333 4586 «
368 4541 487 4599 tate
517 4539 924 4610 possideamus
955 4542 1354 4597 sanctuarium
1404 4541 1525 4598 Dei.
1577 4548 1728 4600 Deus
1765 4561 1950 4616 meus,
1986 4554 2031 4618 ι)
2060 4562 2185 4601 cum
2215 4545 2593 4600 habitantibus
2638 4546 2854 4611 Tyrum.
2907 4549 3125 4604 Etenim
3174 4551 3344 4605 Assur
3383 4557 3532 4606 venit
3585 4566 3724 4607 cum

307 4648 334 4675 «
363 4642 511 4696 pone
541 4627 672 4684 illos
703 4633 768 4684 ut
797 4635 1075 4700 rotam,et
1103 4631 1546 4703 sicutstipulam
1579 4637 1713 4689 ante
1738 4634 1944 4689 faciem
2080 4633 2199 4704 llis,
2220 4636 2504 4704 factisunt
2536 4636 2596 4689 in
2630 4634 2973 4706 adjutorium
3001 4638 3138 4708 filiis
3187 4640 3304 4694 Lot.
3341 4640 3444 4695 Per
3474 4639 3724 4696 Hebraea

309 4735 337 4763 (ί
367 4715 544 4769 venti.
576 4716 740 4772 Sicut
768 4718 922 4790 ignis
947 4719 1047 4790 qui
1079 4721 1375 4776 comburit
1423 4720 1654 4786 silvam,
1686 4727 1743 4776 et
1800 4721 1952 4778 sicut
2063 4722 2940 4796 nominaintelligunturomuee
2961 4725 3182 4782 inimici
3200 4727 3475 4795 Christi,a
3492 4729 3723 4800 quibus

308 4823 337 4852 «
367 4802 609 4860 ﬂamma
627 4806 980 4863 comburens
1005 4814 1257 4880 montes,
1291 4810 1375 4865 ita
1404 4811 1772 4881 persequeris
1818 4811 1950 4868 illos
2063 4813 2154 4868 sui
2184 4810 2580 4880 tribulantur;
2615 4817 2671 4868 et
2704 4818 2768 4868 ut
2788 4814 2889 4884 qui
2921 4815 3040 4870 sint
3068 4816 3392 4884 videamus,
3423 4816 3722 4890 interpre-

305 4914 333 4941 ‹‹
365 4891 425 4946 in
455 4896 803 4965 tempestate
831 4899 954 4966 tua,
985 4900 1042 4951 et
1073 4897 1130 4952 in
1164 4897 1252 4953 ira
1272 4903 1374 4954 tua
1389 4898 1658 4954 turbabis
1687 4916 1808 4956 eos.
1843 4900 1953 4957 Im-
2059 4901 2308 4957 tationes
2338 4900 2550 4956 horum
2587 4903 2893 4958 nominum
2921 4903 3313 4975 inquiramus.
3347 4906 3513 4961 Moab
3528 4905 3720 4962 inter-

307 4979 448 5053 «ple
471 4980 648 5038 facies
687 4999 890 5038 eorum
947 4984 1291 5055 ignominia,
1341 4991 1398 5042 et
1428 4993 1690 5059 quaerent
1737 5005 1950 5046 nomen
2059 4995 2341 5063 pretatur,
2377 4989 2493 5059 lege
2522 4989 2785 5059 abutens;
2821 4994 3093 5064 Agareni,
3119 4994 3448 5066 alienigena
3471 4995 3718 5066 ;Gebal,

306 5091 334 5119 «
366 5073 558 5139 tuum,
588 5071 852 5152 Domine.
886 5073 1247 5130 Erubescant
1303 5079 1361 5130 et
1417 5079 1846 5133 conturbentur
1890 5079 1948 5133 in
2058 5079 2219 5135 vallis
2250 5095 2410 5146 vana,
2445 5078 2503 5132 id
2525 5083 2615 5134 est
2646 5078 2928 5136 fallaciter
2956 5080 3716 5156 humiliszubiintelliguno

304 5181 332 5208 ‹‹
363 5158 643 5217 saeculum
675 5161 873 5217 saeculi
899 5181 913 5231 ;
945 5167 1002 5218 et
1035 5163 1491 5233 confundantur,
1515 5170 1570 5221 et
1594 5171 1853 5238 pereant.
1883 5167 1952 5222 Et
2058 5173 2155 5223 tur
2185 5166 2521 5240 hypocrita,
2547 5168 2647 5240 qui
2680 5185 2742 5224 se
2772 5169 3025 5226 humiles
3075 5173 3396 5228 ostendunt
3451 5173 3717 5230 exterius

306 5267 336 5298 α
368 5254 720 5322 cognoscant
748 5250 888 5322 quia
905 5268 1118 5309 nomen
1149 5252 1276 5323 tibi,
1310 5251 1616 5322 Dominus,
1663 5259 1725 5310 tu
1789 5254 1950 5312 solus
2058 5273 2192 5312 cum
2223 5261 2420 5312 tamen
2453 5256 2622 5313 elatio
2654 5258 3120 5316 mentisextollat
3141 5260 3538 5330 eosinterius;
3569 5265 3713 5318 Am—

303 5357 332 5387 «
368 5335 704 5395 Altissimus
724 5339 784 5395 in
815 5341 974 5397 omni
999 5346 1174 5399 terra.
1208 5367 1230 5394 ι
2059 5361 2217 5412 mon,
2267 5345 2502 5417 populus
2550 5345 2834 5402 turbidus:
2891 5348 3129 5420 Amalec,
3191 5350 3408 5420 lingens
3461 5359 3712 5408 terram:

2060 5432 2398 5506 alienigenae
2413 5433 2876 5491 suntPhilisthaai
2889 5438 3120 5507 ,potione
3141 5437 3411 5496 videlicet
3425 5439 3709 5508 cadentes,

2062 5523 2534 5593 quosinebrinvit
2554 5523 2798 5579 felicitas
2821 5523 3148 5592 saecularis;
3175 5531 3234 5582 et
3254 5527 3312 5583 hi
3345 5544 3550 5584 omnes
3606 5545 3706 5586 ve-

2059 5613 2221 5670 nient
2251 5627 2384 5669 cum
2414 5611 2816 5671 habitantibus
2839 5615 3700 5694 'l‘yrum.Tyrusinterpretatur
3767 5613 3774 5634 έ

934 5430 1202 5487 ENARRA
1213 5431 1315 5488 T10

379 5515 1012 5587 Propheta,praevidens
1040 5521 1599 5590 tl‘ibulutiniwsquas
1643 5519 1712 5574 ab
1753 5521 1949 5592 impiis

305 5618 588 5680 passurus
604 5611 727 5662 erat
746 5606 1009 5664 Christus
1037 5609 1096 5670 in
1123 5625 1362 5680 corpore
1375 5626 1503 5681 suo,
1518 5610 1845 5667 etmaxime
1887 5613 1944 5668 in
