4014 6194
232 344 345 409 581

1352 338 1958 405 ENARRA’I‘IONES
2004 338 2079 400 IN
2128 338 2507 404 PSALMOS.

3510 345 3632 409 58!

235 480 510 551 angustia,
535 479 632 535 ubi
663 482 940 535 notantur
961 478 1195 545 terreni,
1211 476 1447 550 angusti
1467 477 1555 533 vel
1568 493 1766 533 amore
1786 492 1876 531 ac-
1910 486 1962 552 Α
1989 473 2122 529 illos
2144 476 2200 528 in
2222 478 2533 545 tempestate
2552 480 2672 543 tua,
2700 475 2755 530 in
2779 472 3081 531 tremendo
3104 478 3203 530 tuo
3213 473 3459 548 judicio,
3492 483 3549 533 et
3567 479 3627 535 in

236 568 506 640 quirendi
537 567 626 623 vel
649 568 859 624 timore
882 567 1182 639 perdendi.
1210 569 1398 631 Quare
1430 582 1634 621 omnes
1662 564 1756 620 isti
1790 565 1874 620 sic

236 660 470 730 pactum
491 656 794 711 inierunt?
831 658 1051 711 Etenim
1074 657 1243 711 Assur
1264 656 1407 711 venit
1426 672 1551 709 cum
1571 655 1687 709 illis
1711 654 1879 723 ;/acti

233 749 361 800 sunt
380 746 442 799 in
462 745 797 817 adjutorium
831 745 963 813 ﬁliis
989 746 1098 801 Lot.
1131 746 1317 799 Assur
1339 744 1754 814 interpretatur
1774 742 1879 796 ela-

235 839 347 889 tus.
374 834 516 898 Quis
542 834 652 889 iste
674 833 882 899 elatus,
914 833 1028 889 nisi
1058 832 1347 897 diabolus,
1381 832 1483 903 qui
1512 836 1787 903 operatur
1820 830 1877 884 in

235 923 393 978 vasis
414 922 561 990 suis,
588 927 653 978 ut
669 927 1009 995 oppugnent
1029 920 1308 993 populum
1331 920 1427 975 Dei
1458 923 1481 975 ?
1504 924 1569 974 Et
1598 920 1653 974 hi
1670 921 1881 991 juvant

235 1011 394 1067 ﬁlios
422 1011 544 1066 Lot.
576 1011 683 1066 Lot
712 1011 1129 1083 interpretatur
1170 1010 1492 1065 declinans:
1550 1024 1653 1080 per
1703 1024 1877 1079 quem

236 1099 654 1172 intelliguntur
682 1098 872 1172 angeli
904 1102 1205 1171 apostatae,
1239 1098 1337 1169 qui
1378 1094 1817 1152 declinaverunt
1848 1112 1881 1150 a

235 1205 355 1244 non
379 1204 508 1244 esse
535 1189 653 1255 (sic)
682 1187 743 1243 in
774 1187 1071 1243 inﬁrmam
1098 1186 1417 1242 miseriam.
1450 1184 1578 1239 Filii
1598 1184 1701 1239 Lot
1720 1201 1785 1239 su
1798 1188 1880 1254 nt,

237 1276 360 1348 qui,
394 1275 754 1332 declinantes
784 1293 818 1332 a
845 1292 981 1331 vera
1009 1275 1376 1336 discretione,
1418 1274 1479 1328 in
1538 1272 1881 1328 satellitium

236 1364 383 1420 illud
406 1364 596 1437 angeli
620 1370 896 1436 apostataa
928 1380 991 1420 se
1023 1362 1411 1419 contulerunt.
1442 1362 1578 1417 Mali
1610 1362 1767 1416 enim
1790 1361 1878 1417 in-

237 1457 567 1508 strumenta
597 1458 731 1508 sunt
760 1452 975 1508 diaboli
1008 1452 1221 1523 quibus
1269 1451 1575 1523 impugnat
1623 1454 1878 1505 sanctos.

234 1547 348 1598 Fac
364 1542 480 1596 illis
507 1543 646 1597 sicut
676 1543 894 1597 Madian
925 1546 979 1597 et
1010 1541 1239 1610 Sisarse,
1267 1543 1411 1596 sicut
1437 1540 1608 1598 Jabin
1656 1542 1715 1594 in
1768 1543 1878 1593 tor-

240 1639 395 1686 rente
422 1630 629 1685 Cisson.
661 1632 1041 1701 Disperierunt
1080 1632 1137 1684 in
1193 1630 1391 1696 Endor,
1452 1629 1589 1700 facti
1643 1632 1767 1683 sunt
1824 1637 1883 1683 ut

235 1728 444 1776 stercus
476 1724 653 1775 terrae.
679 1725 823 1775 Pone
838 1721 1123 1791 principes
1139 1735 1326 1775 eorum
1353 1721 1495 1774 sicut
1545 1718 1701 1784 Oreb,
1758 1718 1880 1783 Zeb,

1990 563 2077 617 ira
2104 566 2207 617 tua
2235 562 2491 629 turbare,
2525 564 2764 619 dicens:
2821 564 2916 627 Ite,
2966 563 3276 630 maledicti,
3323 566 3382 619 in
3444 568 3629 637 ignem

1988 659 2252 707 aeternum
2276 650 2485 721 (Matth.
2518 652 2667 721 xxv).
2698 650 2886 708 Facile
2916 651 3037 723 igni
3059 652 3400 709 comburere
3421 653 3629 711 silvam

1988 744 2222 810 propter
2250 737 2637 804 sterilitatem,
2660 746 2718 795 et
2738 743 2892 798 sicut
2915 744 3079 799 facile
3103 752 3193 801 est
3213 747 3461 802 flamma
3476 765 3629 805 com-

1988 827 2197 882 burere
2228 830 2508 896 montem,
2532 827 2589 881 id
2622 834 2711 885 est
2740 830 2979 888 herbam
3004 834 3218 891 siccam
3250 836 3309 891 in
3331 837 3630 894 montibus

1990 915 2259 986 positam.
2285 915 2351 970 Et
2372 915 2663 986 quomodo
2686 917 2795 973 hoc
2813 920 2841 973 ?
2868 920 3014 984 Quia
3060 924 3330 995 implebis
3353 930 3521 997 facies
3548 944 3633 986 eo-

1991 1021 2114 1059 rum
2126 1004 2556 1076 ignominia,qui
2569 1004 2661 1059 hic
2680 1008 3270 1078 neglexeruntfaciem
3287 1020 3444 1071 tuam
3463 1018 3630 1074 deco-

1989 1109 2116 1148 ram
2138 1098 2194 1148 et
2213 1093 2525 1165 gloriosam
2552 1109 2565 1146 :
2588 1098 2639 1148 et
2666 1100 2805 1151 tunc
2831 1105 3070 1168 quaerent
3090 1118 3286 1157 nomen
3304 1109 3477 1175 tuum,
3534 1110 3635 1164 Do-

1988 1183 2156 1246 mine,
2187 1183 2286 1237 sed
2313 1182 2497 1247 tarde,
2524 1183 2662 1254 quia
2683 1182 2912 1241 inutilis
2934 1190 3042 1242 erit
3066 1189 3150 1245 eis
3172 1191 3248 1246 ibi
3271 1196 3629 1264 poenitentia.

1989 1270 2320 1326 Erubescant
2363 1270 2433 1325 de
2494 1272 2849 1327 conscientia
2906 1276 3080 1343 mala,
3140 1283 3193 1334 et
3246 1287 3634 1343 c-onturbentur

1990 1374 2052 1414 se
2072 1357 2367 1430 segregari
2391 1376 2423 1413 a
2448 1361 2739 1414 consortio
2759 1361 3069 1433 bonorum,
3093 1369 3247 1436 quod
3273 1372 3383 1425 erit
3411 1375 3467 1427 in
3523 1390 3630 1433 sae-

1990 1447 2175 1501 culum
2197 1446 2376 1516 hujus
2395 1448 2585 1501 szeculi
2605 1466 2671 1502 su
2682 1449 3041 1506 bsecutivum
3061 1471 3072 1508 :
3091 1457 3569 1530 etconfundantur
3584 1470 3636 1521 et

1987 1539 2236 1607 pereant,
2267 1537 2315 1589 et
2337 1535 2421 1591 sic
2451 1537 2687 1591 tandem
2717 1550 3044 1607 cognoscant
3068 1542 3270 1600 datum
3292 1564 3487 1606 nomen
3534 1554 3637 1609 tibi

1994 1626 2272 1688 Dominus,
2299 1640 2433 1679 cum
2457 1624 2685 1680 dicent:
2718 1626 2831 1682 Nos
2854 1628 3136 1686 insensati
3168 1635 3634 1698 existimavimus

1992 1714 2170 1768 vitam
2197 1712 2428 1769 illorum
2461 1730 2589 1770 esse
2620 1715 2933 1786 insaniam,
2967 1724 3023 1773 et
3054 1720 3278 1793 reliqua
3317 1725 3464 1798 (Sep.
3504 1732 3591 1803 In)

3618 1751 3631 1799 ἓ

235 1817 293 1863 et
319 1810 505 1913 Zebee,
536 1816 596 1907 et.
617 1809 905 1864 Salmana.
938 1807 1247 1913 Istudno‘n
1269 1812 1356 1908 est
1393 1806 1745 1907 maledictio,
1778 1807 1881 1913 sed
1919 1849 1963 1913 Β
1992 1806 2049 1855 et
2067 1808 2417 1913 cognoscant
2675 1805 2821 1913 solus
2843 1806 3151 1905 Altissimus
3174 1814 3232 1864 in
3258 1818 3410 1869 omni
3463 1826 3635 1889 terra,

237 1902 332 1952 est
349 1896 636 1952 confessio
660 1902 716 1951 et
737 1895 1163 1969 congratulatio
1189 1896 1395 1952 divinas
1407 1894 1650 1968 justitiae
1676 1912 1688 1949 :
1723 1900 1780 1950 et
1826 1894 1883 1949 hi

202 2019 207 2022 ν
237 2001 445 2041 omnes
470 2002 721 2056 quorum
745 1986 985 2041 nomina
1005 1984 1099 2040 hic
1121 1986 1471 2050 audivimus,
1495 1986 1567 2041 ab
1602 1983 1887 2040 Israelitio

238 2073 457 2146 populo
480 2078 619 2128 sunt
639 2073 885 2144 dispersi
913 2078 970 2129 et
986 2074 1142 2129 victi.
1158 2075 1350 2130 Potest
1372 2074 1548 2129 etiam
1572 2074 1741 2129 hodie
1762 2073 1887 2128 ﬁeri

242 2161 369 2216 haec
399 2162 705 2232 dispersio,
732 2163 782 2218 si
810 2163 883 2217 ad
905 2162 1443 2234 interpretationem
1478 2162 1783 2218 nominum
1807 2177 1891 2216 re-

246 2265 577 2305 curremus.
605 2250 1025 2321 Interpretatur
1043 2250 1199 2305 enim
1224 2250 1455 2306 Madian
1486 2250 1771 2305 declinans
1791 2250 1890 2319 ju-

242 2337 479 2406 dicium,
507 2338 607 2393 ubi
626 2338 1033 2411 intelliguntur
1051 2338 1247 2411 illiqui
1264 2339 1561 2410 justitiam
1580 2349 1749 2395 suam
1776 2344 1892 2394 sta-

243 2430 415 2481 tuere
435 2426 659 2495 volunt,
684 2432 747 2482 ut
765 2428 1004 2498 justitia:
1022 2428 1122 2483 Dei
1149 2416 1264 2484 non
1286 2429 1405 2485 sint
1425 2427 1897 2499 subjecti.Sisara

239 2519 335 2571 est
350 2516 594 2571 exclusio
613 2516 823 2588 gaudii,
850 2517 1127 2588 quoniam
1154 2518 1225 2572 ab
1248 2516 1446 2589 impiis
1462 2518 1699 2572 tandem
1722 2533 1895 2573 omne

239 2601 589 2657 excludetur
604 2603 907 2675 gaudium.
930 2603 962 2658 J
968 2605 1099 2659 abin
1123 2608 1211 2660 est
1231 2607 1450 2675 sapiens
1467 2607 1527 2658 in
1545 2604 1895 2671 generatione

236 2706 349 2745 sua
372 2715 388 2759 ;
411 2690 514 2745 ubi
535 2690 1019 2763 designanturilli
1038 2692 1136 2762 qui
1160 2692 1219 2746 in
1248 2692 1566 2746 mundanis
1588 2689 1892 2763 sapientiis

238 2780 507 2846 student,
532 2783 883 2835 cumtamen
909 2780 1195 2851 sapientia
1212 2779 1620 2850 hujusmundi
1643 2777 1894 2835 stultitia

236 2859 319 2915 sit
341 2860 499 2931 apud
522 2865 725 2915 Deum.
749 2858 955 2914 Cisson
989 2858 1403 2931 interpretatur
1441 2859 1659 2914 duritia
1676 2874 1889 2927 eorum,

237 2950 349 3006 ubi
370 2953 649 3005 notantur
668 2948 751 3004 illi
773 2948 873 3021 qui
893 2949 952 3004 in
976 2949 1189 3005 mentis
1210 2949 1478 3005 ariditate
1523 2952 1888 3020 permanent.

238 3037 414 3095 Unde
440 3037 582 3093 illud
611 3054 624 3092 :
656 3039 1018 3093 Tentaverunt
1060 3039 1229 3093 Deum
1284 3039 1343 3092 in
1402 3039 1664 3109 inaquoso
1719 3039 1889 3109 (Psal.

239 3126 655 3197 Lxxvn,)quod
680 3126 837 3193 dicit,
856 3132 944 3196 fac
965 3124 1086 3180 illis
1106 3128 1249 3181 sicut
1289 3125 1514 3181 Madian
1560 3135 1613 3181 et
1664 3126 1889 3194 Sisara,

1996 1889 2134 1960 quia
2155 1890 2288 1944 boni
2313 1895 2369 1945 et
2395 1890 2531 1946 mali
2547 1890 2652 1946 tibi
2676 1894 2921 1964 subjecti
2947 1902 3105 1964 sunt,
3132 1904 3300 1955 utens
3319 1904 3498 1960 etiam
3518 1923 3637 1964 ma-

1994 1977 2068 2032 lis
2095 1978 2166 2032 ad
2199 1977 2447 2034 salutem
2479 1984 2737 2051 tuorum,
2762 1990 2824 2037 ut
2851 1981 2994 2039 illud
3021 2001 3034 2038 :
3075 1987 3237 2058 Virga
3278 1992 3488 2059 furoris
3530 2000 3641 2053 mei

2002 2073 2199 2132 Assur,
2235 2067 2358 2138 ipse
2388 2085 2521 2125 vero
2555 2086 2669 2124 non
2699 2072 2966 2142 cognovit
2996 2074 3123 2144 (Isa.
3155 2078 3232 2148 x).
3285 2078 3385 2135 Vel
3447 2083 3634 2156 aliter,

1997 2156 2161 2225 imple
2175 2158 2342 2226 facies
2366 2173 2555 2213 eorum
2578 2161 2886 2227 ignominia
2896 2178 2917 2220 ;
2937 2166 2995 2217 et
3013 2169 3209 2220 tamen
3231 2167 3413 2239 aliqui
3435 2187 3503 2227 ex
3522 2172 3640 2229 illis

1999 2250 2246 2315 quaerent
2266 2262 2461 2301 nomen
2484 2255 2660 2315 tuum,
2678 2249 2816 2319 quia
2834 2250 3179 2308 erubescant
3194 2255 3265 2310 de
3285 2260 3642 2317 conscientia

2001 2332 2175 2403 mala,
2209 2338 2266 2388 et
2294 2336 2802 2391 conturbabuntur
2829 2338 2900 2392 ad
2940 2341 3365 2416 pmnitentiam,
3397 2351 3453 2402 et
3507 2365 3643 2421 per-

2001 2422 2170 2476 ibunt
2200 2423 2256 2476 in
2288 2422 2396 2477 hoc
2418 2424 2573 2494 quod
2600 2430 2785 2496 erant,
2821 2427 2958 2497 quia
2978 2444 3045 2482 ex
3069 2430 3267 2502 impiis
3288 2433 3367 2505 pii
3391 2438 3642 2498 efficien-

2000 2517 2133 2577 tur;
2165 2513 2215 2565 et
2230 2513 2312 2566 sic
2341 2518 2690 2583 cognoscent
2706 2517 2837 2584 quia
2866 2531 3060 2571 nomen
3094 2524 3182 2573 est
3209 2522 3315 2576 tibi
3335 2524 3597 2584 Dominus
3616 2550 3637 2587 .-

2002 2600 2155 2671 quod
2180 2603 2407 2654 tantum
2428 2599 2509 2655 illi
2532 2608 2910 2672 cognoscunt,
2937 2605 3075 2676 quia
3096 2624 3158 2661 se
3187 2609 3511 2672 voluntarie
3554 2618 3637 2675 fa-

2001 2687 2153 2744 cient
2179 2704 2374 2743 servos
2398 2706 2411 2745 :
2432 2694 2489 2743 et
2516 2698 2871 2760 cognoscent
2889 2693 3028 2763 quia
3054 2703 3119 2750 tu
3148 2699 3295 2754 solus
3323 2702 3640 2765 Altissimus

2006 2780 2064 2832 in
2094 2778 2247 2831 omni
2268 2779 2435 2842 terra,
2466 2782 2586 2833 tam
2617 2779 2978 2837 infructifera
3007 2800 3183 2855 quam
3218 2805 3333 2844 non
3366 2790 3640 2855 infructi-

2002 2864 2139 2919 rem
2499 2938 2829 2995 PSALMUS
2862 2940 3149 3000 LXXXIII.

2001 3040 2058 3078 ΙΝ
2098 3041 2277 3079 FINEM
2318 3042 2427 3081 PRO
2463 3042 2893 3085 TORCULARIBUS
2933 3047 3099 3089 FILIIS
3146 3052 3291 3092 CORE
3346 3056 3631 3102 PSALMUS.

2072 3153 2099 3179 ‹‹
2132 3130 2316 3193 Quam
2349 3131 2557 3187 dilecta
2583 3134 2959 3192 tabernacula
3005 3143 3126 3206 tua,
3166 3145 3404 3202 Domine
3461 3150 3641 3206 virtu-

232 3218 395 3272 sicut
422 3214 584 3271 [abin
605 3216 666 3269 in
686 3219 923 3271 torrente
953 3214 1159 3270 Cisson.
1190 3214 1259 3268 Et
1290 3215 1567 3285 quoniam
1616 3220 1782 3286 rogat
1836 3219 1892 3270 et
1923 3209 1967 3275 C
2005 3240 2031 3266 «
2063 3219 2224 3272 tum!
2258 3220 2618 3291 concupiscit
2675 3226 2731 3276 et
2787 3223 2982 3279 deficit
3011 3226 3208 3284 anima
3239 3248 3367 3287 mea
3396 3235 3455 3289 in
3485 3239 3633 3295 atria

243 3303 568 3377 prophetat
588 3304 754 3360 Moab
784 3308 841 3359 et
870 3304 1091 3359 caeteris
1121 3303 1222 3374 qui
1258 3303 1711 3373 malignaverunt
1766 3319 1891 3359 con-

235 3394 449 3450 silium
471 3393 719 3460 Domini,
746 3393 805 3447 id
834 3392 957 3447 fieri
989 3392 1141 3463 quod
1169 3391 1385 3446 factum
1417 3395 1507 3446 est
1553 3392 1782 3447 Madian
1839 3397 1897 3446 et

246 3481 506 3547 ceteris,
535 3481 841 3553 subjungit
869 3480 1009 3551 quid
1034 3480 1191 3551 passi
1215 3479 1507 3551 sint,quia
1528 3480 1897 3551 disperierunt

239 3573 299 3625 in
344 3569 551 3639 Endor,
577 3571 869 3639 [actisunt
888 3573 948 3623 ut
998 3577 1203 3623 stercus
1251 3572 1435 3625 terrae.
1497 3566 1655 3623 Unde
1713 3567 1891 3625 illud:

239 3659 718 3730 Computruerunt
728 3659 989 3728 jumenta
1000 3660 1055 3712 in
1070 3666 1408 3713 stercoresuo
1429 3657 1582 3727 (Joel.
1608 3658 1646 3728 ι)
1704 3657 1899 3714 Endor

237 3747 670 3819 interpretatur
680 3754 802 3818 fons
818 3747 1061 3801 carnalis
1072 3748 1468 3815 generationis.
1485 3778 1552 3785 —
1574 3747 1721 3802 Pone
1738 3749 1894 3818 prin-

234 3840 393 3909 cipes
405 3852 593 3893 eorum
604 3838 743 3891 sicut
757 3836 912 3900 Oreb,
930 3836 1053 3903 Zeb,
1082 3836 1250 3891 Zebee
1260 3844 1311 3890 et
1332 3834 1617 3891 Salmana.
1634 3835 1782 3891 Oreb
1801 3836 1895 3891 in-

236 3924 1012 3997 terpretatursiccitas;Zeb,
1038 3924 1240 3994 lupus;
1269 3924 1466 3993 Zebee,
1500 3926 1727 3980 victima
1749 3926 1893 3997 lupi;

238 4013 553 4080 Salmana,
572 4014 773 4067 umbra
799 4014 1193 4067 commotionis.
1220 4012 1648 4068 Hiomnesvicti
1700 4022 1838 4068 sunt
1866 4031 1901 4069 a

237 4101 396 4157 filiis
431 4100 627 4157 Israel.
647 4102 727 4157 Ad
758 4118 1006 4171 quorum
1024 4100 1899 4173 similitudinemprophetathic

238 4190 545 4263 Propheta
558 4189 725 4245 interi
736 4194 897 4246 turos
910 4194 1313 4262 persecutores
1328 4188 1587 4244 ﬁdelium
1598 4190 1685 4244 .Et
1696 4195 1761 4245 ut
1772 4191 1902 4247 bre-

237 4280 502 4336 vitereos
515 4278 1302 4351 compreh‘endat,subjungit
1329 4276 1521 4333 Omnes
1530 4281 1807 4352 principes
1820 4297 1904 4338 eo-

241 4387 380 4425 rum
401 4366 1507 4441 quidixerunt:Hareditutepossideamus
1525 4370 1902 4426 sanctuarium

240 4458 374 4526 Dei,
397 4462 485 4523 tu,
504 4457 644 4512 Deus
662 4457 1117 4527 meus,poneitlos
1128 4460 1188 4511 ut
1201 4456 1538 4525 rotam,utin
1553 4456 1797 4513 circuitu
1817 4459 1902 4514 vi-

241 4546 470 4601 delicet
491 4543 813 4600 ambulent.
850 4545 995 4601 Rota
1016 4544 1074 4599 in
1106 4542 1497 4600 anterioribus
1518 4544 1833 4616 deponitur
1848 4553 1904 4603 et

244 4634 308 4689 in
346 4634 773 4705 posterioribus
805 4634 1029 4706 surgit:
1063 4633 1164 4689 ubi
1195 4631 1605 4704 intelliguntur
1634 4634 1717 4689 illi
1780 4636 1903 4707 qui,

242 4722 574 4777 obliviscen
586 4728 667 4779 tes
690 4740 756 4778 ea
771 4739 899 4795 quae
922 4722 1216 4778 anteriora
1228 4725 1386 4789 sunt,
1411 4720 1470 4775 in
1486 4723 1905 4793 posterioribus

244 4826 315 4866 se
351 4810 680 4867 extollunt:
712 4812 801 4867 vel
820 4827 961 4882 pone
983 4811 1111 4866 illos
1130 4814 1193 4865 ut
1221 4813 1415 4876 rotam,
1448 4809 1505 4864 id
1528 4815 1636 4877 est,
1663 4812 1903 4868 instabi-

245 4897 341 4955 les
374 4899 553 4955 redde
574 4915 694 4965 eos,
710 4901 1034 4971 dejiciendo
1056 4915 1153 4955 eos
1176 4899 1236 4952 in
1260 4898 1368 4953 hoc
1390 4899 1543 4969 quod
1568 4903 1777 4970 putant
1796 4901 1908 4957 ele-

244 4987 414 5055 vari;
440 4991 647 5044 etsicut
664 4989 921 5060 stipulam
943 4992 1069 5043 ante
1095 4989 1293 5058 faciem
1322 4989 1491 5055 venti,
1526 4986 1580 5041 id
1607 4992 1715 5053 est,
1748 5005 1903 5044 com-

246 5077 557 5149 parabiles
586 5078 731 5134 fiant
759 5077 988 5150 stipulae
1019 5094 1146 5148 qua:
1179 5074 1346 5131 facile
1371 5080 1540 5130 vento
1572 5077 1908 5148 cedit,velut

245 5164 343 5221 illi
383 5165 548 5222 facile
577 5166 884 5223 tentationi
911 5165 1143 5222 cedunt.
1168 5163 1329 5220 Unde
1350 5162 1493 5217 illud
1522 5181 1534 5219 :
1563 5166 1627 5219 Et
1645 5168 1909 5236 tanquam

240 5254 444 5326 pulvis
461 5255 713 5326 projiciet
736 5262 925 5311 ventus
955 5272 989 5308 a
1034 5256 1177 5323 [acie
1228 5256 1392 5309 terra?
1438 5253 1609 5322 (Psal.
1644 5254 1703 5324 1).
1758 5254 1912 5311 Sicut

246 5343 411 5414 ignis
438 5346 534 5414 qui
560 5344 835 5399 comburit
852 5344 1071 5409 silvam,
1093 5350 1146 5399 et
1173 5343 1315 5398 sicut
1342 5343 1567 5411 ﬂamma
1585 5343 1908 5399 comburens

244 5434 496 5502 montes,
529 5434 607 5487 ita
629 5435 973 5503 persequeris
1002 5432 1127 5489 illos
1150 5433 1209 5485 in
1239 5433 1543 5500 tempestate
1571 5438 1685 5497 tua,
1741 5439 1793 5487 et
1844 5434 1907 5488 in

244 5523 347 5575 ira
383 5523 479 5576 tua
505 5520 754 5577 turbabis
782 5539 891 5578 eos.
922 5521 1101 5587 Quasi
1132 5520 1319 5575 dicat:
1357 5517 1491 5572 Dico
1522 5522 1586 5572 ut
1602 5534 1786 5589 ponas
1806 5536 1905 5577 eos

242 5608 421 5670 sicut
435 5611 622 5669 rotam
647 5625 660 5668 :
683 5608 863 5669 ethoc
884 5612 985 5671 ﬂet
1001 5609 1141 5685 quia
1162 5605 1333 5673 facile
1349 5604 1459 5668 erit
1492 5604 1600 5665 tibi
1633 5608 1907 5689 persequi

2005 3328 2031 3353 ‹‹
2066 3304 2316 3360 Domini.
2349 3306 2459 3361 Cor
2488 3323 2682 3362 meum
2706 3314 2764 3363 et
2793 3327 2925 3365 caro
2952 3329 3083 3367 mea
3112 3318 3547 3376 exsultaverunt
3578 3326 3636 3380 in

2008 3414 2034 3442 ‹‹
2071 3394 2247 3447 Deum
2276 3394 2492 3449 vivum.
2524 3395 2747 3450 Etenim
2779 3399 3220 3467 passerinvenit
3241 3405 3351 3460 sibi
3373 3407 3640 3482 domum,

2009 3502 2035 3528 ‹‹
2068 3485 2123 3535 et
2153 3483 2343 3535 turtur
2372 3482 2575 3535 nidum
2602 3482 2733 3549 sibi,
2770 3488 2834 3538 ut
2863 3492 3041 3555 ponat
3070 3488 3261 3559 pullos
3292 3510 3449 3553 suos.
3483 3498 3640 3555 Alta-

2006 3591 2033 3618 ‹‹
2066 3568 2152 3623 ria
2172 3572 2291 3633 tua,
2320 3568 2563 3624 Domine
2584 3570 2991 3639 virtutum,rex
3013 3592 3180 3633 meus
3202 3585 3259 3635 et
3282 3585 3433 3640 Deus
3450 3602 3638 3645 meus.

2007 3681 2035 3708 «
2068 3657 2225 3713 Beati
2248 3658 2349 3729 qui
2366 3657 2635 3714 habitant
2660 3659 2717 3714 in
2736 3661 2908 3717 domo
2924 3669 3044 3733 tua,
3071 3668 3331 3738 Domine,
3359 3672 3416 3727 in
3432 3676 3643 3731 saecula

2006 3771 2033 3796 «
2066 3746 2412 3802 saeculorum
2441 3747 2767 3805 laudabunt
2794 3754 2870 3806 te.
2928 3752 3138 3809 Beatus
3194 3757 3282 3811 vir
3336 3761 3507 3830 cujus
3558 3769 3648 3820 est

2007 3859 2035 3886 ‹‹
2070 3835 2353 3891 auxilium
2385 3838 2490 3892 abs
2522 3842 2609 3892 te:
2667 3841 3040 3897 assensiones
3098 3843 3156 3898 in
3184 3847 3357 3903 corde
3387 3866 3494 3905 suo
3530 3851 3647 3908 dis-

2015 3946 2041 3977 α
2071 3926 2285 3996 posuit,
2309 3925 2368 3979 in
2386 3924 2535 3981 valle
2564 3925 2976 3997 lacrymarum,
3002 3930 3061 3985 in
3082 3930 3206 3988 loco
3229 3951 3403 4006 quem
3426 3941 3643 4010 posuit.

2009 4036 2037 4063 ‹‹
2070 4013 2295 4068 Etenim
2322 4013 2783 4069 benedictionem
2823 4016 2983 4072 dabit
3012 4014 3327 4092 legislator,
3360 4025 3530 4083 ibunt
3576 4029 3647 4087 de

2009 4126 2036 4152 α
2068 4102 2281 4157 virtute
2311 4101 2370 4154 in
2400 4102 2695 4166 virtutem,
2740 4103 3032 4161 videbitur
3084 4110 3232 4167 Deus
3290 4113 3531 4172 deorum
3587 4117 3647 4173 in

2017 4211 2037 4239 ι
2071 4189 2227 4246 Sion.
2261 4188 2504 4244 Domine
2536 4193 2685 4245 Deus
2731 4191 3033 4263 virtutum,
3089 4200 3295 4255 exaudi
3326 4205 3647 4262 orationem

2012 4304 2038 4330 ‹‹
2073 4294 2303 4334 meam:
2334 4278 2573 4333 auribus
2606 4281 2856 4353 percipe,
2890 4288 3040 4340 Deus
3093 4288 3291 4343 Jacob.
3355 4291 3651 4347 Protector

2018 4390 2038 4417 ι
2075 4372 2293 4434 noster,
2322 4367 2537 4439 aspice,
2567 4370 2735 4435 Deus,
2761 4376 2817 4425 et
2834 4373 3057 4443 respice
3079 4374 3137 4428 in
3187 4376 3392 4432 faciem
3432 4379 3649 4435 Christi

2015 4481 2042 4507 ‹‹
2074 4456 2181 4521 tui,
2217 4455 2354 4527 quia
2384 4456 2588 4511 melior
2615 4463 2705 4511 est
2733 4458 2856 4514 dies
2878 4477 2995 4515 una
3016 4461 3076 4516 in
3099 4463 3263 4518 atriis
3308 4464 3429 4521 tuis
3474 4482 3653 4540 super

1936 4568 1980 4632 ι)
2016 4569 2045 4597 ‹‹
2073 4543 2437 4615 millia.Elegi
2470 4544 2732 4614 abjectus
2753 4562 2880 4601 esse
2901 4546 2961 4601 in
2986 4549 3158 4604 domo
3179 4551 3278 4605 Dei
3300 4553 3435 4625 mei,
3463 4556 3652 4629 magis

2019 4657 2039 4686 ι
2077 4651 2254 4707 quam
2285 4632 2552 4688 habitare
2574 4633 2632 4687 in
2655 4633 3047 4691 tabernaculis
3080 4643 3473 4709 peccatorum.
3508 4646 3655 4711 Quia

2018 4747 2046 4775 «
2077 4721 2536 4779 misericordiam
2566 4726 2623 4775 et
2650 4722 2952 4777 veritatem
2983 4723 3175 4798 diligit
3200 4727 3371 4797 Deus,
3404 4735 3654 4805 gratiam

2018 4836 2047 4865 ‹‹
2078 4817 2135 4867 et
2163 4810 2409 4884 gloriam
2439 4810 2601 4865 dabit
2634 4810 2934 4866 Dominus.
2965 4812 3089 4869 Non
3120 4817 3371 4888 privabit
3409 4837 3508 4878 eos
3556 4823 3655 4893 qui

2016 4924 2043 4950 ‹‹
2072 4900 2378 4955 ambulant
2405 4900 2465 4953 in
2497 4898 2828 4954 innocentia
2853 4917 2864 4954 :
2894 4900 3136 4960 Domine
3162 4906 3470 4977 virtutum,
3517 4910 3652 4966 bea-

2016 5014 2043 5040 ‹‹
2078 4994 2171 5043 tus
2201 4988 2375 5042 homo
2407 4986 2507 5058 qui
2539 4992 2735 5058 sperat
2761 4987 2819 5042 in
2850 4994 2923 5045 te.
2962 5014 2989 5040 ››

2625 5076 2757 5133 ENA
2768 5077 3028 5135 RRATIO.

2088 5164 2353 5220 Psalmus
2380 5164 2507 5231 iste,
2532 5165 2703 5234 cujus
2727 5165 2933 5222 titulus
2954 5167 3130 5224 habet
3149 5171 3209 5225 in
3238 5172 3403 5242 ﬁnem
3415 5188 3524 5245 pro
3546 5180 3656 5231 tor-

2015 5253 2314 5318 cularibus,
2348 5250 2493 5306 nihil
2526 5251 2758 5307 videtur
2788 5270 2957 5325 agere
2988 5256 3059 5311 de
3089 5258 3272 5330 prelo,
3304 5259 3392 5316 vel
3425 5263 3496 5317 de
3528 5262 3657 5318 fixi-

2017 5343 2109 5398 nis
2136 5340 2424 5412 [ﬁscinis],
2455 5338 2540 5394 vel
2572 5340 2642 5394 de
2672 5339 2823 5407 lacu,
2846 5340 2933 5397 vel
2960 5342 3031 5398 de
3060 5347 3652 5405 caeterisinstrumen-

2016 5432 2091 5486 tis
2117 5446 2244 5501 qum
2277 5429 2569 5501 pertinent
2589 5429 2657 5483 ad
2685 5428 2938 5485 visibilis
2954 5434 3298 5504 torcularia;
3331 5438 3431 5493 sed
3452 5438 3653 5494 admo-

2017 5525 2113 5576 net
2125 5518 2379 5591 Spiritus
2401 5522 2639 5574 sanctus
2659 5521 2949 5588 quatenus
2961 5520 3442 5597 eaintelligamus
3462 5526 3522 5581 in
3544 5526 3654 5582 hoc

2015 5607 2242 5687 psalmo
2264 5621 2392 5682 qua
2416 5604 2661 5684 mystice
2685 5603 3096 5682 intelliguntur
3123 5626 3226 5688 per
3251 5612 3374 5675 huc
3399 5612 3656 5677 visibilis
